2024 3106
1757 181 1775 210 Ι

811 293 1150 391 MONITUM

956 476 996 496 DE

471 578 553 608 HAG
575 576 854 608 BENEDICTINJE
878 575 1081 608 EDITIONIS
1103 575 1213 605 NOVA
1237 573 1495 605 RECENSIONE.

194 834 346 865 Pretiosa
359 832 496 872 quadam
515 835 637 861 exstant
655 831 792 866 nomina,
813 837 878 869 qua-
894 830 1120 867 pronuntiasse
1137 834 1184 859 sat
1199 834 1255 866 est,
1269 834 1303 859 ut
1320 828 1472 867 extemplo
1491 828 1564 858 idem
1579 827 1689 866 gloriae
1703 826 1785 857 mul-

163 884 302 924 tiplicis,
319 883 438 922 ingenii
459 881 578 912 scilicet
602 886 693 920 atque
713 880 905 917 sanctitatis,
928 879 962 909 in
978 879 1137 910 audientis
1153 880 1256 910 animo
1273 881 1481 914 suscitentur:
1507 879 1540 910 id
1569 888 1641 909 vero
1659 878 1695 909 de
1714 877 1791 909 illu-

157 936 318 966 strissimo
334 933 568 971 archiepiscopo
585 929 938 969 Constantinopolitano
950 931 1111 969 pra’cipue
1126 930 1300 966 dicendum,
1315 931 1370 970 qui
1387 929 1474 960 solus
1491 930 1563 960 Oris
1579 930 1669 960 (ιυνεὶ
1682 932 1794 959 nomen

162 986 303 1016 sortitus
320 989 374 1014 est.
398 996 412 1011 «
431 984 540 1018 Nemo,
559 983 661 1022 inquit
680 982 808 1016 Suidas,
828 981 923 1012 lamis
938 980 1132 1020 eloquentia:
1149 985 1180 1011 et
1210 981 1365 1012 ubertatis
1381 980 1504 1011 diviliis
1520 983 1693 1011 exomntus
1718 979 1791 1011 fuit.

156 1037 242 1067 Audi
270 1035 364 1065 etiam
386 1026 688 1074 Monte/alconium‘:
706 1044 721 1061 α
742 1034 909 1071 Lact-ymas
926 1030 1026 1062 movit
1044 1035 1079 1062 ut
1092 1023 1206 1069 voluit,
1224 1032 1300 1062 visio
1316 1031 1508 1066 emendavit,
1525 1030 1739 1062 Christianam
1757 1030 1792 1060 li-

160 1087 232 1118 dem
256 1085 360 1122 auxit,
376 1085 504 1115 Judeaos
517 1088 548 1115 et
561 1084 728 1115 haereticos
745 1082 936 1122 proﬂigavit.
958 1082 1026 1112 Non
1044 1081 1200 1113 minorem
1217 1083 1302 1112 enim
1326 1082 1358 1112 in
1375 1081 1538 1112 dialectica
1557 1089 1651 1120 quam
1673 1080 1707 1111 in
1724 1088 1794 1111 ors-

158 1138 237 1168 loria
257 1139 326 1166 arte
340 1137 497 1166 Joannem
511 1138 655 1166 nostrum
670 1134 899 1173 comperimus.
920 1144 934 1161 π
953 1133 1037 1171 Quid
1050 1133 1166 1172 plura?
1183 1134 1235 1164 Ex
1249 1133 1335 1164 brevi
1351 1133 1405 1164 illo
1422 1133 1474 1164 sed
1489 1133 1714 1174 perfectissimo
1734 1141 1787 1161 en-

156 1188 260 1218 comio
275 1196 380 1217 nonne
393 1191 478 1226 patet
492 1191 609 1227 quanta
623 1185 798 1225 diligentia,
817 1191 935 1227 quanta
945 1186 1054 1224 potius
1070 1185 1221 1224 religione
1239 1187 1321 1217 tanti
1340 1186 1480 1217 doctoris
1500 1195 1595 1225 opera
1619 1187 1796 1217 recudenda

158 1240 219 1270 sint
233 1250 245 1269 .'
261 1247 317 1268 nec
337 1239 450 1268 mirum
465 1237 634 1273 videbitur,
651 1236 942 1278 Montefalconium,
960 1246 1028 1266 cum
1041 1238 1177 1276 quinque
1192 1246 1230 1266 ex
1244 1237 1405 1268 sodalibus
1420 1237 1498 1274 suis,
1512 1237 1662 1276 parandce
1679 1237 1795 1267 editio-

157 1293 191 1322 ni
205 1291 369 1322 sexdecim
381 1299 480 1320 annos
496 1290 669 1321 insudasse.
687 1291 778 1327 Nam,
794 1294 945 1328 prwterea
959 1289 1043 1329 quod
1058 1289 1244 1320 bibliotheca
1258 1294 1343 1326 sunt,
1356 1298 1417 1319 non
1435 1289 1524 1325 liber,
1541 1289 1677 1319 Joannis
1691 1290 1794 1328 Clin/’-

158 1342 292 1372 iostomi
314 1350 421 1381 opera,
444 1341 544 1371 multa
560 1342 594 1372 in
617 1341 657 1372 iis
676 1340 849 1376 abundant,
866 1349 934 1380 quo:
951 1340 987 1370 ob
1013 1345 1205 1378 temporum,
1222 1339 1362 1370 locorum
1376 1349 1556 1380 morumque
1569 1340 1792 1375 diversitatem;

159 1394 249 1424 notis
263 1402 300 1422 ac
315 1392 593 1422 dissertationibus
616 1397 702 1422 erant
728 1390 928 1422 illustranda.
951 1390 1084 1420 Pensum
1098 1391 1156 1420 hoc
1178 1391 1298 1430 egregie
1318 1390 1517 1421 obsolrerunt
1539 1391 1650 1421 Patres
1666 1391 1798 1421 Benedu-

159 1443 251 1478 ctini,
266 1451 413 1482 omneque
428 1441 567 1472 tulerunt
579 1445 746 1481 punctum,
764 1440 836 1470 licet
850 1440 1192 1478 ciriprcestantissimi,
1208 1441 1291 1470 inter
1303 1450 1380 1480 quos
1395 1441 1548 1480 imprimis
1563 1442 1720 1472 Henricus
1734 1442 1793 1472 Sa-

159 1492 256 1523 ‘cilius
272 1499 299 1523 et
315 1494 438 1523 Fronto
460 1485 604 1529 Duca’us,
619 1492 739 1531 magnis
754 1490 924 1522 sudoribus
942 1490 1021 1520 idem
1036 1491 1173 1522 stadium
1187 1490 1396 1522 decurrerint.

231 1577 360 1607 simiam
385 1577 463 1608 hanc
484 1576 650 1608 editionem
667 1586 724 1608 nos
742 1577 854 1607 iterum
873 1577 961 1617 typis
991 1574 1194 1611 mandamus;
1215 1579 1318 1608 omnia
1338 1577 1445 1608 sedulo
1462 1578 1653 1623 servavimus
1682 1577 1796 1618 quibus

161 1626 273 1655 crescit
289 1627 358 1666 ejus
373 1625 509 1662 utilitas,
524 1630 632 1665 nempe
656 1634 798 1665 magnam
810 1625 1079 1662 dissertationum,
1095 1630 1242 1656 notarum
1253 1626 1471 1666 variarumque
1484 1625 1650 1657 lectionum
1661 1627 1794 1666 copiam,

163 1678 208 1708 Ea
226 1680 318 1709 etiam
335 1678 513 1709 addidimus
528 1688 595 1719 qua:
610 1683 684 1718 post
698 1678 872 1709 absolutam
888 1678 1020 1709 eamdem
1037 1678 1202 1710 editionem
1217 1679 1257 1710 ad
1273 1679 1352 1710 hanc
1368 1688 1464 1718 usque
1482 1679 1562 1710 diem
1572 1679 1698 1718 publici
1707 1680 1796 1720 juris

163 1729 247 1760 facta
262 1729 480 1767 comperimus.
501 1729 555 1758 Ita
575 1722 675 1759 tamen
699 1728 877 1758 addidimus
895 1731 930 1758 ut
955 1728 1032 1758 ordo
1055 1738 1074 1758 a
1087 1726 1334 1769 Monte/idemiio
1359 1731 1526 1761 institutus
1540 1735 1733 1767 seruaretur,
1755 1729 1796 1761 ad

164 1780 309 1812 ultimum
329 1789 438 1820 nempe
458 1785 574 1811 tomum
596 1780 774 1811 additiones
795 1786 922 1810 nostras
949 1780 1133 1820 rejicient'o.
1154 1774 1290 1820 Paginas
1312 1783 1460 1813 editionis
1481 1782 1691 1814 Benedictinoe
1714 1783 1796 1813 inter

165 1840 261 1861 uncos
277 1832 311 1862 in
328 1835 421 1862 textu
437 1831 545 1862 Graeco
562 1832 738 1871 posuimus,
754 1831 892 1862 numeris
910 1831 1054 1862 Arabicis
1077 1841 1252 1871 expressas.
1272 1833 1408 1864 Iudicem
1430 1834 1471 1875 ad
1491 1833 1649 1864 columnas
1671 1839 1797 1864 nostras

166 1883 478 1914 tit-commodauimus.

208 1955 286 1985 Ante
308 1955 363 1986 hos
379 1954 613 1995 quatuordeeim
628 1963 727 1984 aniios
742 1954 996 1994 Chrysostomum
1008 1956 1075 1995 jam
1091 1955 1243 1992 dedimus,
1261 1956 1315 1986 sed
1330 1955 1440 1986 Latine
1456 1961 1588 1986 tantum.
1609 1956 1713 1995 Hujus
1729 1956 1795 1986 edi-

168 2007 266 2037 tionis
286 2008 434 2047 paginas,
458 2007 674 2046 stereotypice,
700 2012 735 2038 ut
751 2007 854 2044 aiunt,
870 2012 1021 2044 serratos,
1038 2008 1201 2047 posuimus
1226 2017 1240 2038 e
1268 2008 1396 2047 regione
1408 2008 1599 2047 paginarum
1617 2007 1796 2038 Grecorum

168 2065 237 2095 qua:
250 2057 433 2088 Latinarum
447 2059 681 2098 paginationem
705 2059 851 2089 retinent.
869 2059 944 2089 Inde
971 2060 1006 2098 fit
1029 2063 1065 2089 ut
1088 2058 1206 2090 notula:
1226 2059 1365 2099 quadam
1386 2059 1491 2089 erce
1517 2057 1610 2089 simul
1631 2063 1656 2088 et
1686 2058 1796 2088 Latine

172 2115 321 2145 erresuz
332 2117 555 2149 nonnunquam
574 2114 755 2141 occurrant.
769 2110 813 2140 De
825 2118 884 2149 quo
899 2109 1070 2139 monendus
1090 2115 1155 2140 erat
1175 2109 1294 2141 Lector.
1321 2110 1486 2146 Utriusque
1501 2115 1605 2140 textus
1618 2108 1796 2147 diligentem

172 2159 367 2190 collationem
385 2160 592 2193 instituimus.
613 2160 733 2193 Multas
754 2161 857 2198 etiam,
877 2161 1001 2202 quando
1020 2171 1099 2200 opus
1120 2162 1196 2202 fuit,
1214 2167 1307 2192 notas
1333 2167 1361 2192 et
1388 2161 1617 2192 observationes
1636 2163 1671 2193 de
1685 2166 1796 2191 nostra

166 2205 462 2248 Monte/alconianis
483 2204 684 2243 inseruimus.
700 2218 784 2240 nunc
799 2211 926 2239 omnino
944 2214 1085 2244 latentes.
1103 2212 1283 2242 charactere
1297 2216 1419 2243 tantum
1436 2213 1546 2244 italico
1568 2212 1660 2243 verba
1687 2216 1798 2243 nostra

167 2257 402 2301 disting‘uentes,
422 2260 502 2292 alios
521 2271 631 2292 nomen
648 2266 792 2292 nostrum
808 2260 1036 2292 subscribentes
1056 2262 1114 2300 (sic
1135 2267 1279 2294 notatum
1296 2275 1303 2295 :
1323 2265 1428 2302 Eum,
1450 2263 1499 2295 uel
1517 2265 1608 2296 Ευιτ.
1634 2263 1798 2303 ΡΔτιιοι.),

168 2311 282 2346 quoties
310 2312 486 2351 picem-tim
504 2311 626 2352 aliquid
648 2311 866 2351 ambiguitatis
885 2320 924 2341 ex
943 2311 1041 2343 tacito
1056 2313 1182 2344 nomine
1198 2314 1369 2346 timendum
1384 2319 1462 2346 erat.

217 2390 312 2424 Editio
337 2394 543 2424 Benedictma
563 2394 640 2425 duas
657 2395 719 2435 fert
734 2396 870 2426 Joannis
885 2397 1103 2436 Chrysostomi
1124 2397 1220 2434 Vitas,
1236 2398 1332 2428 aliam
1352 2403 1480 2428 auctore
1493 2395 1637 2428 Palladio
1656 2397 1711 2435 qui
1725 2405 1794 2426 cum

176 2440 285 2480 inclyta
301 2444 432 2475 doctore
446 2445 530 2476 vixit
543 2444 757 2486 familiariter,
773 2445 870 2477 aliam
886 2456 924 2477 ex
940 2448 1043 2487 ipsius
1065 2447 1196 2487 scriptis
1211 2452 1398 2478 contextam.
1415 2441 1504 2479 Nihil
1517 2457 1590 2478 sane
1602 2446 1710 2478 melius
1722 2457 1794 2477 suc-

178 2493 324 2531 currebat,
338 2499 374 2524 ut
387 2495 492 2525 Patris
505 2496 599 2535 hujus
612 2496 781 2535 ingenium,
798 2503 898 2527 mores
912 2507 948 2528 ac
963 2498 1058 2528 carice
1074 2499 1107 2528 in
1118 2498 1230 2538 quibus
1243 2499 1373 2537 scripsit
1388 2498 1436 2529 cel
1450 2498 1573 2529 locutus
1597 2503 1639 2528 est
1663 2498 1794 2528 circum-

179 2545 292 2575 stantiae
304 2555 443 2585 apprime
457 2552 670 2578 noscerentur.
688 2549 740 2580 Sic
756 2549 847 2579 etiam
861 2554 965 2580 aetum
980 2554 1022 2581 est
1035 2550 1068 2581 in
1078 2550 1151 2580 Divi
1165 2550 1339 2590 Augustini
1354 2551 1489 2581 editione
1502 2551 1714 2582 Benedictina.
1736 2549 1791 2579 Ve-

183 2599 249 2622 rum
262 2597 417 2636 utriusque
430 2598 535 2628 Patris
555 2598 628 2628 Vita
645 2599 685 2629 ad
693 2599 804 2630 calcem
816 2608 945 2639 operum
959 2600 1174 2639 inopportuno
1187 2601 1304 2641 rejectw
1315 2605 1399 2631 sunt.
1416 2601 1478 2631 Eas
1492 2601 1607 2630 rectius
1624 2600 1715 2630 initio
1730 2608 1787 2637 po;

184 2642 306 2673 suimuc.
320 2646 389 2676 Non
402 2657 487 2678 secus
501 2649 694 2679 sentiendum
711 2654 755 2680 est
777 2651 814 2680 de
827 2650 975 2690 Epistola
994 2651 1189 2682 dedicatoria
1208 2657 1234 2682 et
1251 2652 1287 2682 de
1304 2650 1493 2692 I’rafutione
1506 2650 1644 2690 generali
1660 2655 1735 2690 quas
1754 2659 1789 2679 et

189 2694 267 2720 εοπιο
285 2695 390 2725 dectmo
404 2699 495 2728 tertio
514 2700 546 2729 in
559 2700 694 2738 primum
710 2701 943 2733 transtulimus.
982 2734 986 2738 ,

235 2771 321 2804 Forte
333 2776 436 2816 aliquis
446 2784 589 2819 genuinis
603 2783 816 2824 Chrysostomi
827 2785 974 2825 operibus
989 2791 1034 2817 tot

989 2791 1034 2817 tot
1050 2787 1160 2826 spuria
1176 2787 1342 2818 inunisreri
1354 2797 1433 2826 crgrc
1441 2789 1534 2827 feret;
1553 2794 1607 2816 nec
1623 2786 1788 2816 immerita;

351 2840 467 2873 ιἈΤΒυιρ
486 2832 548 2875 ἶῖιῑ.
575 2847 684 2877 XLVII

1607 2850 1621 2880 ι

973 2974 1224 3036 48514
