2024 3106
1848 111 1878 133 ιν

254 170 377 209 Duplex
394 179 464 200 vero
482 177 525 201 est
541 172 728 210 Spuriormn
753 180 848 209 genus
869 179 935 210 quis
959 170 1113 200 communi
1129 170 1252 208 afficere
1268 169 1490 209 reprobatione
1507 169 1630 198 minime
1651 175 1770 206 (equum
1783 167 1879 206 foret.

251 224 324 254 Alia
343 229 426 257 sunt,
444 233 575 263 quorum
592 229 736 254 auctores
752 225 900 263 temporis
918 223 1038 253 invidia
1053 222 1160 253 obruti
1176 223 1284 259 latent,
1301 227 1329 252 et
1352 231 1429 261 quae,
1448 221 1484 251 ob
1501 221 1665 261 quamdam
1680 219 1802 259 ingenii
1818 224 1883 248 tra-

253 275 366 306 ctatioe
395 271 858 314 argumentisimilitudinem,
886 273 1097 305 celeberrimis
1124 273 1295 313 aliquando
1321 272 1535 311 scriptoribus
1563 271 1762 302 tribuuntur.
1796 271 1884 301 Licet

251 326 397 365 gravibus
414 327 504 365 fraus
516 325 703 365 plerumque
721 325 932 356 demonstrari
950 328 1042 364 queat
1067 324 1266 360 testimoniis,
1288 324 1408 363 spuriis
1435 321 1617 362 hujusmodi
1632 331 1690 351 nos
1717 320 1803 351 ultro
1831 330 1882 351 ve-

251 379 336 407 niam
362 377 567 413 concedimus,
586 378 660 416 quia
683 376 882 416 philologiae
905 377 1032 407 critices
1057 377 1213 408 thesauris
1233 377 1265 407 in
1291 376 1358 406 dies
1374 374 1597 411 crescentibus,
1612 375 1696 413 forte
1715 374 1832 403 eveniet
1848 377 1882 401 ut

252 438 322 458 cras
337 428 512 467 probentur
526 429 659 467 genuina
680 438 745 468 qutc
762 428 929 458 hodiedum
945 428 1127 458 adulterina
1150 427 1309 458 videntur.
1325 427 1398 457 Alia
1423 436 1494 456 vero
1512 431 1607 455 scatet
1624 426 1744 465 fetuum
1760 432 1880 462 suppo-

251 480 423 510 sititiorum
442 479 591 519 ignobilis
605 481 780 519 plebecula,
798 481 851 519 qui
866 480 1146 517 reverendissimis,
1168 481 1228 510 imo
1248 479 1455 510 sanctissimis
1478 479 1670 509 adluerentes
1688 476 1880 516 nominibus,

252 542 285 561 ea
304 522 583 571 indignoturpant
606 535 777 570 consortio,
796 539 822 564 et
849 534 893 564 sic
920 533 1065 564 indebita:
1084 534 1162 573 ﬁunt
1179 532 1427 564 immortalitatis
1441 532 1628 571 participes.
1650 531 1783 560 Tantum
1797 528 1881 561 abest

250 589 284 612 ut
309 583 346 613 ab
361 583 417 613 hac
431 589 516 622 peste
531 585 676 616 immunis
697 585 795 625 fuerit
819 584 908 614 divus
925 584 1177 623 Clirgsostomus,
1196 588 1223 612 et
1242 582 1346 611 varios
1365 583 1445 612 inter
1462 582 1527 622 ejus
1547 581 1693 614 editores,
1711 588 1798 608 nemo
1817 587 1880 607 non

251 634 358 669 sensit,
374 643 462 663 nemo
482 643 545 664 non
562 634 646 664 dixit
660 644 751 674 quam
776 634 945 673 optandum
963 638 1039 664 esset
1063 632 1243 673 quisquiliis
1261 633 1331 662 istis
1348 635 1414 672 ejus
1430 641 1525 671 opera
1544 631 1730 670 cxpurgari.
1745 630 1791 661 Ne
1804 629 1880 669 quid

250 688 351 714 autem
371 694 409 714 ex
428 685 491 723 iam
513 685 606 716 editis
623 686 656 715 in
678 685 734 715 hac
753 685 891 716 editione
917 690 1027 715 nostra
1049 680 1258 720 desideretur,
1285 693 1322 712 ne
1341 683 1551 714 insulsissima
1567 682 1686 722 quidem
1709 686 1877 711 commenta

250 736 557 776 omisimus,judicio
585 736 735 766 lectorum
764 736 963 775 conﬁdentes,
989 735 1101 774 quibus
1128 740 1277 774 pralerea
1305 735 1469 774 exquisitae
1498 733 1737 772 Montcfalconii
1760 734 1878 772 pra/"a-

251 787 398 817 tiunculw
414 797 522 818 secura
538 789 670 818 consilia
688 788 947 828 suppeditabunt.
967 789 1011 818 Μ.

249 905 1880 934 W

251 1019 738 1097 BEBNABDI
779 1019 899 1074 DE
936 1017 1576 1075 MONTI‘AUCON
1607 1018 1878 1074 VITA.

938 1157 1177 1167 *μη-σομ-

287 1250 566 1290 Illonte/‘ulconius.
584 1249 695 1287 gallice
712 1246 747 1276 de
767 1247 971 1286 Montfaucon
992 1245 1211 1286 (Bernardus),
1228 1246 1392 1285 provincia
1409 1246 1588 1284 Occitanus,
1608 1249 1639 1278 in
1658 1249 1785 1279 castello
1800 1251 1879 1281 Sou-

247 1299 325 1340 lugii
340 1311 377 1331 ex
393 1301 524 1338 antiqua
539 1298 699 1337 nobilique
713 1297 836 1337 familia
851 1303 944 1327 natus
962 1303 1005 1326 est
1022 1297 1071 1327 die
1079 1298 1229 1337 jonuarii
1242 1297 1360 1328 decima
1371 1299 1515 1337 septima,
1529 1308 1610 1328 anno
1626 1300 1713 1330 1655.
1727 1301 1878 1332 Militiam

243 1354 381 1392 primum
396 1352 570 1390 amplexus,
588 1360 691 1382 rerum
706 1351 912 1380 humanarum
937 1344 1142 1388 fragilitatem
1157 1355 1255 1380 morte
1269 1357 1434 1390 parentum
1451 1352 1579 1383 edoctus
1595 1359 1650 1384 est.
1667 1354 1762 1385 IIaud
1779 1356 1877 1386 multo

243 1411 315 1444 post
332 1405 444 1434 sa'culo
469 1403 624 1434 valedixit
648 1402 864 1440 llIaurinecque
890 1401 955 1431 PP.
981 1401 1257 1432 Benedictinorum
1282 1404 1524 1441 congregationi
1546 1412 1610 1433 sese
1637 1404 1877 1437 adscribendum

245 1457 368 1487 curavit
387 1465 468 1485 anno
485 1454 573 1485 1675.
599 1454 681 1485 Novi
706 1453 822 1483 sodalis
840 1454 924 1492 fama
945 1461 1018 1482 mox
1044 1457 1136 1482 extra
1161 1451 1292 1482 ρωποι)ίί
1321 1453 1434 1483 limites
1450 1452 1511 1484 late
1532 1463 1590 1494 per
1605 1459 1700 1486 totam
1715 1455 1876 1498 Europam

246 1509 369 1547 ﬂoruit.
387 1509 547 1544 Memoriae
572 1506 745 1539 miraculis,
765 1506 913 1536 immensa
937 1505 1096 1542 doctrina,
1112 1504 1236 1546 judicio
1251 1505 1428 1544 pra-sertim
1453 1510 1482 1536 et
1506 1507 1626 1546 ingenii
1649 1509 1791 1540 acumine
1805 1511 1874 1550 jam

246 1561 475 1597 celeberrimus,
491 1560 526 1591 in
542 1559 668 1589 Italiam
686 1559 832 1597 migravit
848 1567 930 1587 anno
949 1557 1040 1592 1698,
1055 1557 1288 1595 manuscriptos
1305 1558 1425 1589 codices
1444 1560 1672 1590 vetustissimos
1686 1562 1803 1599 passim
1818 1571 1875 1600 per

244 1613 444 1644 bibliothecas
471 1612 732 1649 investigaturus.
754 1610 836 1638 Dum
852 1608 956 1637 Romae
979 1608 1114 1646 degeret,
1131 1607 1216 1646 apud
1231 1607 1377 1639 Sanctam
1394 1609 1501 1639 Sedem
1519 1610 1640 1641 ordinis
1655 1613 1707 1641 sui
1718 1620 1874 1649 procura-

243 1669 306 1700 tor,
324 1662 551 1692 be-nedictinam
571 1662 636 1691 dici
660 1659 832 1698 Augustini
849 1658 1016 1690 editionem
1037 1664 1149 1689 contra
1172 1660 1342 1690 acerrimos
1368 1661 1568 1691 inimicorum
1587 1662 1726 1691 assultus
1739 1662 1876 1702 feliciter

242 1713 469 1751 propugnavit.
488 1711 656 1750 Pontifices
674 1710 812 1741 Clemens
828 1709 873 1738 XI
900 1714 934 1750 et
953 1710 1142 1741 Benedictus
1167 1710 1251 1739 XIII
1270 1710 1501 1749 imperatorque
1524 1711 1655 1742 Carolus
1682 1713 1722 1742 VI
1737 1715 1873 1746 maxima

242 1773 310 1793 cuin
335 1771 454 1802 semper
477 1771 624 1801 excepere
650 1761 875 1795 benevolentia.
893 1762 1049 1793 Lutetiam
1071 1771 1215 1792 reversus
1237 1772 1319 1793 anno
1347 1765 1436 1802 1701,
1451 1765 1618 1795 continuos
1638 1768 1711 1797 vitw
1727 1767 1875 1799 studiosa

242 1816 364 1845 labores
378 1819 565 1854 prosecutus
584 1819 638 1844 est.
655 1814 873 1852 Quamobrem,
891 1815 964 1846 licet
981 1815 1053 1846 vita:
1074 1815 1270 1846 curriculum
1289 1826 1386 1856 usque
1406 1817 1446 1847 ad
1468 1827 1523 1848 sea:
1543 1823 1569 1848 et
1588 1821 1750 1859 octoginta
1774 1831 1873 1851 annos

241 1867 454 1908 protraxerit,
474 1867 575 1906 ferreo
590 1875 690 1905 prope
710 1866 856 1904 corporis
871 1866 986 1896 robore
1001 1875 1098 1905 usque
1119 1866 1235 1903 valens,
1255 1867 1312 1897 vix
1327 1872 1428 1897 tamen
1444 1868 1636 1908 intelligitur
1652 1873 1803 1910 quomodo
1828 1878 1873 1903 tot

242 1926 364 1957 tamque
378 1917 527 1957 gravibus
543 1918 690 1957 operibus
707 1917 832 1947 edendis
858 1917 1029 1956 su/I‘ecerit.
1048 1916 1188 1956 Legatur
1206 1918 1297 1948 modo
1324 1927 1452 1957 sequens
1467 1921 1705 1952 nomenclatura
1719 1934 1728 1952 :
1747 1924 1775 1952 1'
1789 1924 1871 1954 Ana-

244 1970 322 2001 lecta
341 1977 453 2009 grecis,
472 1968 483 1998 1
503 1968 564 1998 vol.
582 1968 677 2003 in-li",
694 1966 927 2006 greco-latine,
941 1967 1030 1998 1688.
1049 1967 1081 1996 2°
1097 1967 1239 1998 Diarium
1252 1967 1411 2004 Italicum,
1429 1970 1444 1999 1
1461 1969 1512 1999 vol
1539 1970 1636 2006 in-li‘,
1655 1973 1742 2003 1702.
1757 1973 1787 2002 3"
1804 1974 1874 2004 Col-

242 2021 336 2052 leclio
355 2025 498 2051 veterum
522 2019 716 2058 scriptorum
740 2019 936 2055 Graecorum,
959 2019 979 2048 2
998 2017 1061 2048 vol.
1090 2018 1206 2058 in-fol.,
1224 2020 1451 2058 gmw-latine,
1471 2021 1560 2052 1706.
1577 2021 1609 2051 Ιιο
1624 2023 1744 2054 Gallica
1768 2025 1874 2056 νοτε,ὶο

242 2068 318 2102 libri
334 2071 479 2102 Philonis
496 2072 541 2101 De
564 2071 633 2100 Vilu
658 2069 918 2107 contemplativa,
943 2069 958 2098 1
980 2069 1043 2099 vol.
1069 2069 1172 2099 iri-12.
1188 2070 1218 2100 5°
1234 2070 1472 2109 Palaeographia
1493 2072 1613 2108 Graeco,
1632 2074 1647 2103 1
1667 2075 1727 2104 col.
1751 2075 1871 2115 ενι-[01η

242 2121 330 2156 1708,
351 2130 429 2160 opus
448 2120 595 2151 eximium
612 2120 643 2150 in
661 2127 719 2158 quo
738 2119 828 2149 varia
843 2118 1059 2149 characterum
1075 2118 1256 2150 ercorum
1274 2121 1445 2160 specimina
1462 2121 1660 2155 exhibentur.
1678 2126 1708 2156 6°
1731 2126 1870 2164 Hempla

242 2172 400 2212 Origenis,
417 2172 437 2202 2
455 2170 518 2202 vol.
536 2170 657 2210 in-fol.,
676 2169 764 2200 1713.
778 2170 808 2200 7°
823 2168 1020 2199 Bibliotheca
1036 2168 1244 2207 Coisliniana,
1265 2171 1280 2200 1
1301 2171 1362 2201 vol.
1381 2172 1485 2211 in-fol.
1502 2173 1534 2203 8°
1554 2173 1737 2212 Anliquilas
1758 2177 1869 2215 expla-

241 2231 323 2263 nata,
344 2230 388 2255 etc
406 2248 413 2262 ,
433 2227 468 2256 10
491 2225 552 2255 vat.
580 2223 707 2263 in-fol.,
738 2224 824 2254 1719.
853 2224 885 2254 9°
901 2223 1095 2263 Antiquitati
1126 2223 1304 2262 explanatio
1327 2225 1607 2265 Supplemcnlmn,
1625 2229 1643 2258 5
1666 2231 1726 2261 col.
1746 2231 1870 2272 ἑτι-[αι’

242 2279 336 2313 172k:
364 2285 529 2318 utrumque
555 2276 804 2317 gallica-latine.
835 2277 883 2307 10°
907 2276 1101 2307 Monarchiw
1124 2275 1253 2307 Gallicus
1277 2277 1498 2315 Monumenla,
1525 2281 1545 2311 5
1567 2280 1631 2310 vol.
1656 2281 1775 2322 in-[ol.,
1802 2293 1872 2314 cum

240 2332 365 2372 ﬁguris,
384 2331 507 2371 gallicc,
526 2331 613 2361 1729.
635 2331 682 2360 11°
697 2329 893 2361 Bibliotheca
913 2329 1181 2361 bibliothecarum
1203 2330 1496 2370 manuscriplorum
1525 2340 1618 2368 nova,
1636 2332 1655 2361 2
1670 2333 1732 2364 vol.
1751 2335 1869 2374 ενι-[01η

242 2385 333 2415 1739.
352 2384 401 2414 12“
417 2384 551 2413 Joannis
569 2383 786 2421 Clirgsostomi
808 2391 936 2421 operum
963 2381 1059 2412 editio
1090 2383 1339 2421 exquisitissimo
1354 2391 1444 2422 quam
1460 2384 1560 2414 denuo
1575 2385 1661 2424 typis
1676 2387 1869 2425 mandamus,

241 2436 279 2465 13
303 2434 366 2465 vol.
391 2435 512 2475 in-ful.,
529 2434 567 2465 ab
594 2444 677 2464 anno
706 2435 782 2465 1718
800 2442 895 2472 usque
910 2432 952 2462 ad
977 2442 1093 2462 annum
1110 2434 1199 2464 1738.
1217 2435 1290 2465 IIa’c
1315 2441 1360 2467 est
1380 2439 1613 2477 pracipuorum
1629 2437 1871 2478 Monte/alconii

241 2495 369 2523 operum
386 2485 494 2522 moles,
521 2495 587 2524 quw
610 2486 706 2516 multo
732 2487 831 2524 magis
845 2489 1032 2525 portentosa
1048 2485 1217 2524 videbitur,
1239 2488 1268 2518 si
1285 2488 1469 2519 attendatur
1484 2490 1656 2528 unicuique
1672 2492 1762 2528 operi
1775 2491 1868 2528 vulgo

239 2537 383 2566 m-cedcre
411 2537 595 2573 versionem,
621 2541 725 2574 notas,
752 2537 1000 2574 dissertationes,
1023 2537 1182 2576 epistolas,
1200 2540 1438 2576 commentaria,
1462 2550 1522 2570 uno
1543 2540 1634 2570 verbo
1655 2541 1808 2580 quidquid
1830 2541 1870 2569 nd

242 2587 459 2626 arplunandas
476 2589 574 2618 omnis
590 2589 714 2628 generis
731 2588 933 2627 difﬁcultates
951 2588 1098 2628 prodesse
1113 2593 1226 2627 potest.

281 2641 543 2680 Mu-ntcfalconius
570 2641 707 2671 Parisiis
733 2640 810 2670 obiit
833 2641 882 2671 die
907 2640 1077 2671 decembris
1103 2641 1250 2680 vigesima
1276 2642 1393 2680 prima,
1419 2653 1499 2673 anno
1525 2643 1612 2678 17M,
1638 2647 1664 2672 et
1686 2643 1718 2672 in
1743 2641 1868 2674 ecclesia

241 2692 352 2722 Sancti
372 2694 552 2722 Germania
570 2692 674 2722 I’ratis
696 2691 836 2730 sepultus
857 2699 911 2722 est.
