2024 3106
501 243 556 285 D.
577 243 878 286 BERNABDI
902 245 982 286 DE
1005 243 1411 286 MONTFAUCON

296 342 785 416 EPISTOLA
832 342 1656 416 NUNCUPATORIA.

874 467 1057 494 ηοέλεῦἲὶἷφέο-

576 547 874 578 ILLUSTRISSIMO
895 548 946 577 ΕΤ
969 546 1343 578 EXCELLENTISSIMO

464 639 1026 704 ALEXANDRO
1069 639 1239 702 ALB
1253 637 1465 710 ANO,.

305 755 421 790 EQUITI
438 755 575 784 ORDINIS
595 754 915 787 HIEROSOLYMITANI,
937 753 1054 781 MAGNO
1075 753 1271 781 ΒΗΕΙΛΊἚΞ
1291 753 1457 780 ΑΒΜΕΝΙᾹΞ
1477 752 1602 786 PRIOR],

388 843 583 866 SANCTISSII"
607 843 720 864 DOMINI
743 842 855 863 NOSTRI
879 843 909 862 D.
934 841 1110 862 CLEMENTIS
1133 841 1220 862 ΡΔΡΕ
1244 841 1276 862 XI
1300 840 1433 862 FRATRIS
1458 840 1552 862 FILIO.

199 922 278 950 Sancti
290 922 399 949 Joannis
412 921 592 956 (thrysostmni
607 928 687 954 opera
702 925 729 946 ut
745 919 799 951 libi,
812 919 858 946 Vm
868 918 1111 950 PanSTANTISSIIIE,
1127 925 1316 952 nuncuparent,
1334 926 1384 944 non
1401 926 1452 944 una
1469 926 1510 946 me
1523 925 1603 945 causa
1619 918 1740 952 impulit:
1754 919 1786 946 ad

170 968 300 1004 hujusmodi
319 967 476 1001 obsequium
498 966 544 993 libi
560 965 738 1001 prtestaudum
754 973 796 992 tne
812 965 915 999 publica
932 964 1053 991 movebat
1068 964 1147 995 fama,
1168 971 1220 998 qua
1235 968 1318 990 tottuu
1334 972 1381 998 per
1394 965 1484 991 orbem
1498 964 1694 997 Christianum,
1711 965 1785 999 quasi

170 1017 250 1043 artium
271 1019 296 1041 et
310 1013 513 1048 disciplinarum
529 1013 645 1039 otnnitttu
667 1012 751 1038 culter
765 1011 878 1038 eximius
893 1011 1045 1038 celebraris.
1066 1010 1100 1038 Ut
1123 1011 1194 1038 enim
1216 1019 1308 1038 omnes
1322 1011 1418 1047 ubique
1432 1011 1592 1046 praedicant,
1617 1020 1722 1046 unoque
1741 1019 1789 1038 ore

171 1061 310 1097 profitentur
325 1060 442 1087 universi
455 1080 461 1092 ,
484 1067 496 1085 a
518 1059 603 1094 prium
615 1059 762 1092 juventutis
777 1058 841 1085 ﬂore
853 1058 921 1092 apud
936 1063 960 1085 te
975 1065 1081 1092 semper
1095 1057 1209 1091 virtutis,
1224 1066 1302 1093 quam
1318 1060 1402 1086 a-tatis
1416 1059 1464 1086 fuit
1480 1066 1573 1086 cursus
1592 1059 1714 1085 celerior.
1730 1057 1789 1085 Non

170 1106 228 1133 ludis
240 1110 262 1133 et
275 1105 342 1140 jncis
358 1112 438 1139 puer,
455 1113 506 1130 non
523 1104 677 1130 scurrilibus
693 1103 805 1138 negotiis
819 1102 988 1136 adolescens,
1003 1112 1055 1131 non
1072 1103 1194 1130 inanibus
1209 1104 1267 1130 vite
1282 1104 1488 1132 oblectamentis
1502 1104 1706 1131 adolescentiam
1719 1111 1787 1138 pra!-

168 1158 299 1186 tergrcssus
316 1158 426 1185 operam
440 1149 611 1181 dedisti;sed
632 1157 710 1180 eam.
732 1156 811 1184 quant
833 1149 876 1176 alii
900 1149 979 1184 longo
1001 1157 1132 1176 annorum
1152 1149 1285 1176 curriculo
1307 1150 1490 1184 adipiscuntur
1513 1150 1689 1177 maturitatem
1713 1155 1791 1185 atque

168 1198 321 1233 sapientiam,
342 1201 368 1223 et
384 1204 451 1231 puer
465 1195 617 1225 exbibuisti,
633 1200 659 1222 et
674 1195 829 1222 adulescens
846 1203 912 1221 nova
926 1195 1079 1222 accessione
1094 1196 1235 1228 decorasti,
1254 1201 1279 1222 et
1293 1197 1332 1223 vir
1346 1197 1440 1223 ntirutn
1456 1201 1583 1232 quantum
1597 1197 1702 1224 auxisti.

199 1242 345 1270 Accedebat
360 1246 387 1268 ct
404 1243 490 1276 palmi
506 1241 541 1266 tui
558 1241 606 1267 SS.
620 1240 724 1267 Domini
739 1240 822 1267 nostri
837 1240 981 1268 Clemeulit
995 1240 1072 1274 l’apa-
1090 1241 1134 1274 XI,
1151 1243 1194 1276 qui
1211 1250 1280 1268 nuuc
1292 1242 1418 1269 Ecclesire
1429 1243 1531 1270 clavum
1548 1242 1654 1277 egregie
1669 1242 1794 1270 modera-

166 1295 214 1322 tur,
227 1289 354 1324 jtnlicium
367 1297 373 1314 :
384 1287 430 1314 illo
441 1287 542 1313 scilicet
558 1287 697 1313 consilium
712 1290 831 1312 nostrum
847 1285 1021 1321 approbante,
1040 1286 1190 1321 nostrisque
1205 1287 1271 1314 votis
1285 1292 1428 1320 annuente,
1442 1288 1473 1315 ad
1491 1289 1495 1313 l
1509 1295 1558 1315 uuc
1570 1288 1615 1314 tibi
1630 1288 1794 1315 vicennalem

164 1335 370 1362 consecrandum
385 1334 502 1360 laborem
519 1333 635 1359 animum
650 1333 809 1366 appulimus.
828 1331 872 1359 llle
887 1339 999 1366 namque
1013 1337 1048 1365 te,
1065 1332 1113 1359 Vm
1125 1335 1295 1365 .\|IPL|SSI)H-I,
1312 1342 1363 1361 non
1381 1335 1468 1361 ntintts
1482 1335 1515 1361 ab
1530 1334 1626 1362 indolis
1642 1335 1794 1369 prmstantia

161 1380 241 1415 diligit
253 1401 260 1413 ,
274 1387 354 1414 quam
369 1386 384 1405 a
399 1377 557 1413 cognatione
570 1386 576 1404 :
590 1377 736 1404 institututn
750 1377 832 1412 probe
845 1377 970 1411 juvenem
985 1377 1035 1404 sibi
1049 1378 1198 1412 gratulatur
1212 1400 1219 1411 ,
1235 1379 1398 1406 educationis
1415 1379 1527 1407 fructum
1542 1388 1571 1408 se
1585 1380 1795 1407 Cumulatissimo

160 1426 291 1453 demetere
305 1424 457 1456 existimat;
481 1431 541 1450 cum
557 1427 582 1450 te
605 1422 676 1449 videt
689 1429 720 1449 eo
739 1422 824 1449 studia
840 1423 926 1449 omnia
949 1422 1080 1454 conferre,
1094 1427 1122 1449 ut
1135 1429 1246 1450 cunctas
1259 1430 1328 1451 artes
1341 1429 1367 1451 et
1379 1425 1533 1460 disciplinas
1549 1426 1793 1460 excolas,antiqui-

161 1471 217 1498 tatis
228 1470 341 1504 vestigia
356 1468 478 1499 secteris,
492 1472 725 1498 monumentorum
742 1471 860 1494 veterum
877 1467 997 1494 festivam
1008 1467 1111 1502 eopiam
1127 1468 1286 1502 quotidianis
1301 1470 1372 1496 curis
1387 1471 1590 1505 sumptibusth
1604 1471 1628 1497 in
1645 1471 1798 1505 rcipublieat

163 1515 286 1543 literarize
300 1515 513 1542 emolumentum
534 1514 649 1548 undique
664 1513 782 1548 colligas.
799 1513 899 1540 Gaudet
914 1513 994 1540 etiam
1014 1518 1039 1540 te
1058 1513 1176 1540 moribus
1192 1513 1299 1549 integris
1316 1515 1499 1550 religiosisquc
1513 1521 1635 1542 ornatum
1649 1536 1656 1550 ,
1673 1517 1798 1543 contitate

163 1568 190 1588 et
204 1562 379 1588 beneficentia
395 1559 550 1588 cunctorum
565 1560 669 1587 animus
683 1560 728 1587 tibi
744 1559 896 1587 eo'tciliare.

192 1608 353 1643 Huiusmodi
370 1607 456 1634 virtnn
478 1606 589 1634 decebat
603 1607 628 1634 in
646 1606 732 1634 fronte
747 1614 856 1641 operum
873 1607 1057 1641 Chrysostomi
1082 1607 1206 1635 Collocari
1220 1617 1225 1633 2
1237 1608 1281 1642 qui
1298 1608 1427 1636 lubricutn
1441 1608 1591 1644 juventutis
1605 1617 1712 1637 cursum
1727 1608 1798 1636 inof-

156 1654 232 1682 fenSo
250 1659 279 1682 ut
295 1655 342 1681 ille
359 1653 426 1688 pede
442 1653 599 1686 decurrerit,
612 1655 657 1688 qui
671 1653 869 1688 disciplinarum
881 1653 999 1680 omnium
1015 1653 1110 1680 studiis
1124 1652 1174 1681 hoc
1188 1654 1302 1689 primum
1314 1655 1399 1683 :etatis
1415 1656 1528 1683 stadium
1543 1657 1688 1683 exornat-it.
1704 1655 1799 1683 llacte-

155 1708 205 1727 nus
222 1705 301 1727 tanto
318 1700 382 1727 Viro
395 1699 488 1725 similis
501 1718 508 1731 ,
529 1698 561 1725 ad
576 1699 706 1733 reliquum
725 1699 785 1724 vita:
805 1698 918 1732 spatium
933 1705 964 1725 eo
979 1703 1112 1732 tamquam
1128 1699 1236 1734 speculo
1250 1705 1275 1726 ct
1288 1700 1450 1735 exemplari,
1475 1700 1525 1728 Vm
1544 1701 1779 1728 PIL-ESTANTIESIME
1791 1719 1800 1731 .

154 1747 241 1773 utaris
255 1753 349 1780 operte
367 1745 480 1779 pretium
502 1744 591 1771 fuerit.
605 1743 681 1771 Nulla
698 1743 828 1770 sincerior
843 1743 947 1770 vivendi
963 1751 1070 1776 norma,
1093 1751 1170 1779 quam
1186 1744 1245 1779 ejus
1261 1745 1331 1778 \ita;
1357 1746 1435 1773 nulla:
1455 1746 1649 1781 precceptioucs
1670 1745 1703 1773 ad
1719 1746 1800 1773 vitam

154 1792 354 1820 instituendam
370 1790 499 1823 utiliores,
512 1798 589 1824 quatn
602 1790 661 1824 ejus
675 1789 772 1823 scripta
785 1789 927 1823 cujuslibet
938 1789 1054 1823 generis,
1071 1789 1198 1821 humilius.
1213 1792 1357 1824 orationes,
1372 1791 1501 1826 epistola.
1519 1792 1566 1819 llic
1580 1792 1684 1819 edisees
1697 1792 1801 1826 qualem

155 1843 288 1873 oporteat
299 1844 362 1865 esse
376 1837 402 1864 in
416 1837 481 1870 otio,
494 1837 519 1863 in
534 1837 649 1871 negotio,
664 1835 768 1870 qualem
781 1835 806 1862 in
820 1834 1014 1862 Ecclesiaslicis
1029 1836 1199 1870 dignitatibus
1214 1842 1239 1864 et
1255 1836 1349 1864 ofticiis
1362 1837 1596 1870 administrandis;
1611 1846 1690 1873 quam
1703 1838 1801 1865 fortem

154 1886 182 1912 in
197 1886 328 1913 adversis
340 1906 347 1918 ,
371 1893 450 1920 quam
464 1890 568 1912 cautum
588 1885 613 1912 in
629 1885 774 1920 prosperis,
790 1892 868 1919 quam
884 1884 1093 1917 imperterritum
1109 1884 1134 1910 iu
1147 1893 1236 1912 rerum
1251 1884 1490 1918 vicissitudinibus;
1506 1894 1584 1920 quam
1601 1885 1757 1920 prudentem
1774 1885 1801 1912 in

155 1933 340 1967 mpessendis
350 1932 473 1967 negotiis,
483 1940 540 1967 qua:
551 1932 655 1959 nonnisi
664 1931 864 1966 circumspectis
874 1931 952 1958 rebus
961 1931 1095 1962 omniluts,
1107 1931 1304 1966 rationibusque
1314 1931 1451 1958 subductis
1463 1932 1629 1966 suscipienda
1642 1940 1701 1959 esse
1711 1936 1802 1958 tnonct

155 1979 201 2007 ille
216 1979 391 2014 frequenter.
406 1978 489 2006 Nemo
503 1983 542 2006 est
557 1979 601 2013 qui
616 1978 763 2013 sapientius
776 1977 821 2004 tibi
834 1976 946 2004 suadere
961 1977 1044 2011 possit
1060 1976 1250 2012 Chrysostomo
1263 1987 1268 2003 :
1282 1985 1423 2012 numquam
1440 1977 1540 2009 labere,
1557 1977 1579 2004 si
1596 1979 1680 2012 ipsum
1695 1977 1802 2004 audias.

192 2025 257 2052 Alia
283 2024 349 2051 item
363 2032 406 2051 me
418 2032 462 2052 res
475 2025 611 2059 compulit,
627 2024 676 2050 Vm
690 2023 934 2053 l‘n.es‘r.t.\'1‘tssntr.,
964 2025 991 2048 ut
1018 2026 1043 2048 to
1070 2022 1129 2048 huic
1144 2023 1215 2056 operi
1231 2023 1400 2050 Mmcenatem
1415 2023 1602 2056 inscriberent;
1617 2023 1687 2059 quod
1701 2023 1804 2050 scilicet

156 2079 212 2098 non
226 2071 316 2098 modo
327 2071 480 2105 disciplinas
492 2075 518 2097 et
533 2075 604 2097 artes
625 2076 730 2096 summo
752 2068 840 2095 studio
862 2067 1046 2102 proa-quaris,
1068 2067 1114 2094 sed
1130 2068 1164 2094 eti
1175 2076 1209 2094 un
1225 2068 1294 2103 qttod
1310 2069 1428 2095 lileratos
1453 2068 1599 2103 patrocinio
1615 2072 1659 2095 ttto
1674 2068 1763 2095 foveas
1776 2071 1804 2095 et

157 2124 298 2144 exornes.
323 2116 379 2144 lloc
393 2123 491 2151 genere
504 2115 588 2142 laudis
603 2115 703 2141 nullum
721 2114 815 2147 majus.
831 2114 932 2140 nullum
952 2112 1060 2147 publica:
1074 2114 1112 2141 rei
1128 2114 1227 2140 utilius.
1245 2114 1326 2141 Labat
1339 2119 1412 2141 certe
1423 2114 1601 2142 studiosorum
1615 2115 1728 2147 animus,
1745 2121 1807 2141 cum

155 2169 171 2188 c
187 2161 364 2197 primoribus
378 2169 457 2188 nemo
472 2167 548 2195 opem
562 2160 656 2187 all'crre
671 2165 775 2194 paratus
790 2159 873 2185 adest.
889 2159 1004 2191 Etenim,
1020 2163 1047 2185 ut
1059 2159 1096 2185 ait
1108 2158 1224 2193 quidam,

636 2227 724 2252 idcirco
734 2227 809 2252 virtus
821 2225 901 2250 medio
910 2226 975 2257 jacet
986 2225 1071 2251 obruta
1082 2232 1160 2251 coeno.

158 2281 209 2308 Est
223 2282 326 2316 utique
337 2281 502 2308 lileratorum
514 2287 596 2315 genus
607 2280 684 2314 vulgo
695 2278 827 2310 timidum,
841 2277 920 2304 rebus
931 2277 1053 2312 gerendis
1065 2286 1116 2305 non
1128 2283 1235 2314 aptum:
1250 2279 1288 2306 rei
1301 2278 1422 2307 fatuiliari
1437 2280 1477 2307 vel
1489 2280 1613 2308 curanda:
1624 2280 1665 2308 vel
1680 2281 1808 2314 augenda

159 2327 288 2362 impares
304 2332 334 2354 ut
352 2326 493 2361 plurimutn
505 2331 564 2352 sunt
578 2326 626 2352 viri
636 2325 731 2359 quique
742 2324 838 2350 artium
853 2329 879 2350 et
890 2323 1088 2358 disciplinarum
1100 2324 1194 2358 peritia
1207 2324 1324 2359 insignes
1337 2325 1420 2360 (artes
1430 2332 1488 2352 eum
1499 2325 1556 2352 aliis
1567 2325 1713 2360 disciplinis
1723 2332 1807 2359 copu-

158 2373 272 2406 lainus;
291 2373 340 2400 Est
364 2372 447 2404 enim,
467 2377 492 2398 ut
505 2372 540 2398 ait
554 2371 598 2398 ille
607 2370 671 2406 [Οἱς.
684 2371 710 2398 in
725 2368 828 2406 Bruto],
844 2370 939 2396 artiutu
955 2369 1155 2404 studiorumque
1166 2370 1241 2405 quasi
1262 2368 1372 2398 finitima
1386 2371 1530 2406 vicinitas).
1545 2371 1599 2398 llos
1619 2371 1699 2405 igitur
1719 2370 1810 2397 fovere

160 2425 270 2452 porge:
286 2418 313 2445 id
331 2417 406 2445 enim
421 2416 445 2442 in
463 2425 552 2452 magna
568 2417 643 2443 laude
662 2416 823 2451 ponendum.
834 2415 888 2442 llac
905 2414 931 2441 in
951 2422 979 2442 re
993 2414 1033 2442 fac
1049 2415 1161 2450 palmam
1174 2415 1296 2443 obtineas
1307 2425 1315 2443 :
1326 2416 1390 2444 illud
1404 2425 1467 2444 vero
1481 2422 1510 2444 ut
1525 2424 1741 2452 assequare,non
1758 2417 1808 2444 erit

162 2464 211 2490 tibi
229 2469 311 2490 tanto
323 2466 423 2490 conatu
440 2469 520 2496 opus;
535 2471 586 2489 non
602 2462 700 2489 multos
721 2461 791 2488 enim
805 2461 898 2488 eodetn
915 2460 940 2487 iu
954 2459 1039 2487 stadio
1053 2466 1191 2488 currentes
1202 2461 1331 2489 olTendes.
1341 2462 1382 2489 Ad
1401 2467 1514 2490 caeteras
1528 2467 1585 2490 tuas
1604 2463 1707 2496 laudes,
1722 2463 1810 2490 aiebat

162 2510 286 2543 quidam
301 2509 345 2535 vir
359 2507 484 2542 insignis,
498 2508 564 2535 hanc
575 2509 654 2536 etiam
668 2507 766 2540 addas,
783 2515 834 2542 qua
849 2507 919 2534 nulla
936 2513 995 2533 meo
1011 2507 1117 2542 quidem
1129 2507 1229 2542 judicio
1247 2508 1332 2544 major
1345 2513 1403 2543 est,
1424 2509 1494 2536 nulla
1517 2510 1676 2545 praeclarior,
1694 2515 1722 2536 ut
1735 2518 1810 2536 com-

162 2555 247 2580 muni
272 2554 400 2580 omnium
418 2554 565 2586 populorum
579 2561 710 2581 consensu
731 2553 875 2580 Lilerm‘um
896 2551 973 2578 Pater
987 2552 1141 2580 nomineris.
1154 2552 1192 2581 Te
1207 2557 1346 2588 patronum
1361 2554 1505 2589 suspiciant
1520 2562 1614 2582 omnes
1632 2555 1676 2589 qui
1697 2554 1811 2589 quodvis

167 2604 305 2630 μιΘὴσιως
328 2605 416 2632 genus
431 2603 569 2631 sectantur,
594 2599 638 2634 qui
660 2599 692 2625 ad
713 2598 903 2624 mansuetiores
925 2597 1013 2624 .‘llusas
1036 2605 1065 2624 se
1088 2597 1222 2632 referunt,
1252 2599 1296 2634 qui
1320 2604 1405 2626 mutas
1426 2605 1498 2628 artes
1521 2600 1687 2635 proﬁtentur.
1703 2599 1748 2626 llis
1763 2600 1810 2625 tibi

177 2644 281 2670 ciliciis
301 2643 334 2669 ad
360 2643 576 2672 immortalitatem
590 2646 658 2671 viam
673 2644 776 2679 parabis
789 2653 795 2670 :
807 2651 885 2679 quam
899 2643 944 2670 tibi
954 2663 961 2675 ,
989 2643 1036 2670 Vm
1059 2645 1217 2672 Anrussutz
1227 2665 1235 2678 ,
1250 2646 1321 2672 omni
1336 2654 1367 2672 ex
1382 2651 1457 2680 parte
1471 2666 1479 2679 ,
1494 2652 1520 2673 et
1532 2653 1697 2681 quacutnque
1711 2645 1812 2679 percipi

188 2692 276 2718 pitest
290 2689 396 2714 ratione
409 2692 521 2720 [temptat

779 2724 934 2760 obsequium
951 2723 996 2751 tibi
1011 2732 1142 2752 summum
1158 2725 1293 2760 professus

1174 2771 1222 2799 Fn.
1239 2772 1320 2799 lit-:nn.
1339 2773 1381 2799 DE
1395 2771 1637 2804 MONTFAUCON,

1194 2818 1345 2854 Presbyter.
1365 2818 1508 2845 Monachus
1521 2817 1708 2854 lienetlictinus

1324 2862 1339 2880 c
1352 2853 1559 2888 tiongregatioue
1573 2853 1600 2879 S.
1614 2852 1706 2878 Mauri.
