2024 3106
243 81 277 101 νη
1438 89 1444 93 '
1819 94 1865 116 Vm

1133 198 1756 262 MONTPAUCON

872 286 1209 378 Slﬂmfatio.

784 421 1317 461 Μωθθεθέῢὲὡὲω-

268 497 315 523 Diu
339 498 482 531 expolitam
505 497 533 524 S.
560 497 666 524 Joannis
692 496 878 532 Chrysostomi
902 495 1016 529 Operum

230 542 347 568 onmium
362 542 504 569 editionem
518 550 531 569 a
547 542 636 568 multis
648 539 703 576 1.1m
718 541 794 568 annis
808 548 932 576 paramus
946 548 953 566 :
972 547 1019 567 ne-

230 594 280 621 que
295 587 364 614 enim
379 591 483 621 poterat
497 595 539 614 res
556 593 607 614 tam
629 594 740 621 operosa
751 607 759 620 ,
774 592 826 613 tam
841 586 928 620 ampla
938 606 945 618 ,
960 593 1017 612 mn-

228 633 288 660 dico
301 633 427 668 temporis
441 633 573 660 curriculo
584 633 748 660 coneiunari.
763 632 923 660 Bibliotheca
935 636 995 658 sunt
1007 652 1015 664 ,

229 687 281 706 non
308 679 383 712 liber,
406 679 470 706 tanti
502 679 620 707 doctoris
641 678 789 714 Opuscula,
804 677 1014 708 Commentaria,

228 724 365 758 Epistolm.
389 724 424 751 Ea
444 732 508 751 vero
527 732 580 751 non
599 733 650 751 uno
669 724 694 750 iu
720 724 778 750 loco
800 723 878 750 simul
905 723 1015 750 collecta

227 774 382 804 cotnparent
399 770 423 796 in
439 769 604 796 bibliothecis
630 768 886 802 manuscriptoruut,
902 766 972 802 quod
989 767 1014 793 in

226 816 337 842 aliorum
359 815 518 850 scriptorum
552 815 677 850 operibus
699 822 770 849 stepe
794 814 944 848 contingit;
966 812 1014 839 sed

226 861 340 895 undique
355 861 475 896 dispersa
489 869 599 896 carpere
612 867 638 888 et
648 861 774 895 colligere
795 864 835 886 est
848 866 914 893 opus
927 867 932 883 :
945 859 1014 885 acci-

223 905 314 940 ditque
340 914 392 933 non
418 906 518 940 semel,
534 911 562 933 ut
585 914 646 933 cum
665 913 757 933 omnes
782 905 896 939 Europa:
918 903 1012 931 biblio-

225 951 315 977 thecas
336 951 361 978 in
382 959 487 978 cassum
510 952 682 986 percurreris,
696 951 721 978 in
740 951 837 986 angulo
854 949 960 977 tandem
981 957 1011 976 ea

223 1003 281 1029 qum
300 996 345 1022 ditt
372 997 535 1031 extptisieras
561 996 805 1032 deprehendantur.
834 996 861 1023 Id
880 995 1012 1031 quantivis

223 1041 320 1069 laboris
346 1043 382 1069 sit
406 1043 519 1070 libenter
546 1044 706 1078 suscipitur.
727 1043 832 1078 quando
857 1042 890 1069 de
909 1042 1011 1069 Joanne

221 1087 414 1122 (lhrysmtomo
429 1089 522 1124 agitur,
543 1094 614 1116 tanto
633 1089 741 1116 doctore
752 1109 759 1122 ,
773 1093 880 1116 oratore
894 1094 1009 1119 summo,

221 1135 264 1168 qui
280 1141 335 1160 rem
345 1134 523 1161 Christianam
539 1135 598 1169 plus
610 1142 689 1169 quam
710 1135 752 1161 alii
769 1141 879 1167 omnes,
892 1138 946 1161 tum
965 1133 1010 1168 qui

221 1184 431 1211 IIRCCCSSCI'HIII,
448 1184 502 1206 tum
525 1180 569 1214 qui
594 1185 652 1214 post
673 1179 747 1206 illum
769 1179 932 1211 floruerunt,
954 1179 1009 1206 elo-

220 1223 335 1256 quentia:
349 1224 513 1251 ornamentis
527 1224 672 1251 decoravit.
687 1224 711 1252 ls
725 1231 740 1251 a
755 1232 837 1259 puero
846 1224 943 1251 divinis
959 1223 1007 1250 hu-

219 1268 358 1302 maniSque
379 1269 463 1296 literis
487 1278 594 1304 operam
610 1270 682 1297 dedit
696 1279 703 1297 :
720 1278 734 1297 a
747 1270 913 1306 Libanioqne
932 1271 1008 1296 iuri.-

221 1318 292 1340 tutus
310 1318 410 1340 tantum
427 1315 553 1350 profecit,
569 1321 596 1342 ut
610 1316 636 1343 in
647 1317 773 1343 extremis
787 1324 868 1351 agens
883 1315 1008 1343 Libanms

221 1357 355 1391 professus
369 1359 414 1392 sit,
430 1367 458 1387 se
470 1359 599 1387 Joannem
620 1361 669 1388 sibi
687 1369 866 1389 successorem
888 1361 1007 1388 destina-

220 1407 307 1428 turum
321 1423 328 1436 ,
350 1403 399 1430 nisi
422 1404 444 1431 is
458 1404 509 1432 sibi
533 1412 548 1432 a
568 1404 727 1433 Christianis
750 1406 875 1441 abreptus
900 1406 1005 1433 fuisset.

221 1448 316 1476 l-‘ornnt
342 1450 514 1486 forensesquc
535 1459 629 1479 causas
643 1452 771 1487 tantisper
785 1457 916 1484 sectatus,
935 1452 1007 1479 brevi

218 1502 231 1519 τι
258 1499 345 1530 coepto
364 1496 472 1529 resiliit,
499 1504 530 1524 ac
552 1497 708 1525 Christiana:
730 1506 839 1533 prorsus
860 1498 1006 1532 disciplin-.1:

217 1541 400 1577 severiorique
421 1543 482 1570 vita:
502 1543 623 1571 instituto
643 1551 672 1571 se
695 1548 778 1571 totum
798 1543 917 1576 dedidit;
931 1549 960 1570 ut
981 1545 1005 1570 in

217 1586 274 1618 e,‘ns
294 1586 346 1613 vita
367 1587 400 1614 ad
423 1588 522 1615 calcem
537 1588 651 1623 Operum
670 1593 808 1620 accurate,
824 1594 949 1623 quantum
967 1589 1006 1616 fas

217 1630 282 1662 erit,
300 1631 451 1659 adornanda
467 1633 586 1667 pluribus
610 1634 769 1661 narrabitur.
788 1634 900 1661 Juvenis
919 1634 1006 1662 adhuc

217 1677 312 1704 rxiinia
324 1678 395 1705 dedit
411 1678 507 1713 ingenii
521 1680 663 1713 specimina
675 1689 681 1712 ;
699 1681 852 1707 Parmneses
864 1689 960 1716 nempe
972 1682 1004 1709 ad

217 1718 385 1749 Theodorum
400 1723 511 1758 lapsum,
524 1725 606 1752 libros
625 1725 657 1752 ad
672 1726 850 1760 Demetrium,
865 1727 898 1754 ad
918 1727 1005 1755 Stele-

216 1765 304 1793 ('ltllllll
314 1787 322 1800 ,
334 1767 366 1794 ad
382 1767 524 1802 Stagirium
539 1773 566 1796 et
577 1769 609 1796 ad
623 1769 689 1797 alios
704 1778 711 1797 :
724 1779 782 1805 qua:
797 1771 921 1806 opuscula
937 1779 1006 1807 prte-

216 1811 316 1838 clarum
336 1812 454 1840 referunt
472 1819 604 1841 oratorem
618 1823 625 1841 :
641 1815 788 1843 limatiores
811 1821 871 1844 sunt
894 1817 953 1844 libri
970 1818 1004 1845 de

215 1858 371 1885 Sacerdotio
381 1880 388 1892 ,
405 1860 431 1886 in
447 1859 532 1895 iisque
547 1860 770 1895 deprehendimus
785 1862 1004 1898 Chrysostomum

215 1904 406 1939 (Ihrysostomo
423 1905 642 1940 eloquentiorem.
658 1906 705 1934 llis
719 1908 801 1936 veluti
822 1908 955 1944 prmludiis
970 1909 1004 1936 ad

215 1951 306 1978 orandi
321 1959 416 1979 munus
427 1960 455 1980 se
468 1953 640 1988 comparabat
653 1953 770 1982 Joannes
783 1963 789 1981 ε
801 1955 846 1989 qui
866 1956 1004 1990 presbyter

215 1997 363 2024 Antiochia:
384 1998 461 2025 annis
480 1998 620 2026 duodecim
633 2019 641 2032 ,
663 2000 804 2034 episcopus
818 2000 1005 2028 Constantino-

215 2041 266 2075 poli
281 2043 397 2077 quinque
407 2050 486 2070 sexve
500 2043 579 2070 annis
589 2064 595 2075 ,
608 2051 623 2070 a
637 2045 812 2072 concionandi
826 2046 913 2072 officio
924 2053 1003 2074 num-

215 2095 292 2120 quant
308 2087 426 2121 destitit,
443 2088 523 2123 inque
541 2089 583 2116 sui
599 2089 801 2117 admirationem
819 2094 902 2117 totum
916 2092 1004 2125 rapuit

213 2132 358 2160 Orientem.
375 2133 496 2166 Paratus,
509 2134 654 2169 imparatus
676 2135 825 2168 accederet,
846 2137 934 2164 omnia
953 2137 1003 2172 ipsi

216 2185 298 2213 prona
321 2183 397 2206 erant
408 2199 415 2212 ,
432 2187 464 2207 eo
483 2187 589 2215 semper
608 2181 712 2208 dicendi
725 2189 824 2217 genere
838 2189 918 2214 usus.
933 2183 1002 2218 quod

215 2224 316 2259 majore
336 2224 369 2251 ad
390 2225 603 2260 persuadendum
630 2231 766 2254 momento
785 2227 900 2254 futurum
920 2233 1001 2255 esset.

217 2270 280 2303 l-Ijns
296 2270 390 2297 orandi
401 2271 469 2297 ratio
484 2270 543 2305 plus
556 2271 635 2298 habet
651 2273 745 2299 nativae
758 2272 907 2307 elegantiae,
923 2281 1002 2309 quant

213 2316 363 2342 artificiosa:
387 2315 650 2351 tliligentitc:sicubi
674 2322 732 2345 arte
758 2318 857 2351 utitur,
882 2319 916 2346 ita
946 2327 1001 2346 rem

214 2366 344 2395 tetnpcrat
355 2381 362 2392 ,
379 2367 408 2389 ut
424 2362 504 2390 lateat
516 2370 622 2398 semper
632 2364 772 2391 artificium
794 2369 822 2392 et
841 2365 1003 2400 quadrandae

213 2407 342 2435 orationis
356 2407 494 2436 industria.
509 2409 643 2444 Expedita
657 2415 683 2438 et
699 2411 848 2446 proﬂuente
861 2412 1001 2440 verborum

212 2453 288 2487 copia
311 2453 444 2488 loquitur,
467 2456 655 2484 concinnitatis
678 2457 829 2493 leporisque
851 2458 953 2493 plena:
973 2464 1001 2486 ut

212 2499 322 2526 mirifice
333 2499 383 2533 ipsi
395 2505 528 2534 competat
541 2501 605 2529 illud
618 2501 788 2530 llomericum
802 2512 809 2531 :

283 2549 332 2572 Τοῦ
345 2551 386 2572 καὶ
404 2547 452 2573 ἀπὸ
462 2551 566 2580 γλώττης
579 2553 672 2582 μέλιτος
686 2553 783 2582 γλυκίων
794 2554 842 2586 μιν
857 2552 929 2582 αὖδή.

335 2595 360 2616 r.t
372 2598 403 2616 ex
416 2598 459 2617 ore
471 2593 523 2624 ejus
533 2594 607 2619 melle
618 2597 714 2620 suavior
724 2597 817 2621 ﬂuebat
827 2603 882 2621 vox.

209 2634 404 2668 Perspicuitate
427 2634 525 2662 nemini
548 2637 685 2670 concedit,
703 2639 752 2664 nisi
776 2638 887 2666 fortasse
908 2647 1001 2667 omnes

213 2685 332 2714 superet.
349 2679 521 2713 lnventione,
537 2690 595 2716 qua:
608 2690 640 2709 ex
657 2683 753 2717 ingenii
767 2683 894 2711 felicitate
915 2685 1001 2712 nasci-

208 2732 263 2759 tur,
274 2725 414 2755 universos
427 2732 555 2762 quotquot
567 2728 695 2757 hactenus
709 2730 782 2757 fuere
795 2736 914 2758 oratores
924 2731 1000 2767 longe

204 2776 282 2798 κει-υ
304 2773 439 2808 relinquit.
454 2773 643 2809 lnexspectatis
664 2775 708 2803 ille
724 2776 808 2803 modis
823 2784 878 2803 rem
902 2785 999 2812 propo-

212 2819 289 2843 sitam
305 2819 435 2853 vertit,el
451 2827 501 2855 qua
521 2821 561 2848 via
581 2828 657 2848 nemo
677 2821 820 2849 divinasset
842 2822 873 2849 ad
891 2830 999 2857 scopum

1075 496 1175 528 tendit;
1191 497 1268 532 idque
1283 499 1317 526 ita
1332 500 1414 529 libere
1429 504 1603 540 expediteque
1616 527 1623 538 ,
1638 511 1666 534 ut
1682 515 1710 536 re
1723 513 1861 544 persliecta

1073 546 1150 576 putes
1160 550 1221 570 eum
1235 545 1306 572 nulla
1322 546 1372 573 alia
1388 555 1466 582 posse
1481 549 1520 577 via
1530 570 1537 583 ,
1551 551 1623 578 nullo
1642 559 1720 581 cursu
1744 555 1861 583 feliciora

1072 586 1104 613 ad
1118 587 1276 617 destinatum
1289 599 1398 627 pergere
1411 594 1603 624 linem.\'erum
1618 599 1677 632 quia
1690 599 1754 628 nihil
1767 606 1859 630 natura

1071 633 1154 667 gignit
1177 636 1248 662 omni
1269 645 1302 664 ex
1325 643 1399 673 parte
1417 641 1583 676 perfectum,
1607 644 1672 671 nihil
1694 653 1737 673 ars
1759 648 1860 681 profert

1071 681 1194 708 omnibus
1206 682 1356 711 absolutum
1374 687 1491 720 partibus
1512 693 1539 715 et
1556 691 1690 724 numeris,
1708 700 1788 720 unum
1806 693 1860 722 for-

1071 731 1142 753 tasse
1156 729 1207 754 erit
1221 729 1290 763 quod
1307 730 1332 756 in
1348 736 1455 759 oratore
1469 738 1561 761 nostro
1583 735 1782 771 reprehendas;
1805 744 1858 766 tro-

1070 779 1163 806 porum
1185 781 1279 810 nempe
1292 783 1322 803 ac
1338 777 1540 806 similitudinum
1558 781 1730 816 frequentiam
1742 805 1748 817 ,
1761 794 1809 820 qtta
1824 788 1856 814 ad

1068 824 1192 845 nauseam
1212 827 1295 855 usque
1316 821 1444 850 redundat
1471 825 1566 852 oratio.
1585 826 1638 854 Sed
1665 828 1691 855 id
1715 830 1771 857 vitii
1798 839 1856 860 τενο

1068 863 1155 897 potius
1176 864 1359 900 ChrysoStomi
1384 876 1463 903 quam
1486 870 1676 906 Chrysostomo
1700 875 1855 911 adscribas,

1066 910 1278 945 quandoquidem
1303 911 1347 940 ille
1361 936 1367 947 ,
1390 915 1432 942 tali
1455 918 1631 946 concionandi
1652 927 1750 954 genere
1773 910 1852 956 usus,

1043 965 1046 968 -
1066 956 1183 983 onmium
1195 957 1245 985 sibi
1258 959 1407 987 conciliarit
1423 962 1657 998 existimationem,
1671 971 1772 1001 gratam
1790 976 1855 996 con-

1065 1000 1150 1027 cionis
1175 1002 1467 1040 admurmurationem,
1491 1009 1599 1043 plausus
1634 1000 1796 1046 perpetuos.
1823 1023 1855 1043 ac

1066 1045 1239 1081 plerumque,
1254 1054 1283 1076 ut
1305 1050 1349 1077 ille
1375 1052 1427 1086 ait,
1446 1053 1630 1089 iinportunos;
1654 1059 1780 1093 aurciqnc
1799 1061 1855 1087 oris

1064 1090 1125 1117 ideo
1146 1100 1242 1120 nomen
1263 1096 1374 1122 sortitus
1397 1103 1447 1124 est.
1465 1099 1531 1126 Audi
1558 1097 1688 1130 Snidam:
1710 1090 1853 1141 Martyrum

1063 1138 1196 1165 conciones
1215 1141 1332 1174 expedita
1345 1147 1368 1168 cl
1387 1146 1552 1179 extemporali
1566 1147 1748 1177 declamatione
1765 1138 1854 1180 admo-

1063 1183 1123 1210 dum
1138 1185 1214 1211 nuit.
1224 1185 1324 1221 Lingua
1333 1188 1387 1222 rjus
1401 1188 1455 1216 Nili
1468 1192 1593 1227 catadupa
1604 1195 1743 1229 proﬂuente
1754 1197 1853 1226 dicendi

1063 1237 1136 1264 septa
1160 1232 1304 1266 superabat.
1327 1233 1407 1261 Nemo
1432 1244 1542 1270 unquam
1567 1240 1643 1267 tantis
1662 1240 1808 1273 eloquentia:
1829 1250 1852 1271 ct

1062 1274 1181 1302 ubertatis
1202 1276 1295 1304 divitiis
1320 1284 1455 1308 exornatus
1475 1282 1627 1316 [αἱιξεοίιιδ
1643 1285 1726 1320 itaque
1747 1296 1852 1315 aureum

1061 1320 1222 1355 divinumque
1237 1331 1326 1349 nomen
1341 1325 1393 1351 sine
1411 1325 1465 1352 Iube
1478 1328 1579 1354 sortitus
1591 1334 1636 1356 est.
1658 1330 1719 1358 lltec
1732 1337 1849 1361 veterum

1062 1366 1110 1392 fuit
1137 1367 1256 1394 omnium
1278 1370 1367 1404 opinio
1383 1380 1389 1396 :
1405 1372 1594 1407 quamobrem,
1609 1375 1632 1402 si
1649 1377 1711 1411 quid
1734 1379 1802 1405 nmvi
1822 1379 1849 1407 ill

1054 1415 1134 1438 'tanto
1149 1417 1256 1448 tantque
1273 1416 1399 1448 pra-claro
1413 1422 1519 1446 oratore
1535 1421 1710 1455 reperiamus,
1725 1423 1751 1450 id
1765 1425 1847 1457 :etati,

1061 1460 1090 1483 ut
1119 1457 1192 1491 dixi,
1217 1467 1268 1486 non
1297 1460 1488 1496 Chrysoslumo
1523 1465 1702 1494 tribuendum.
1738 1468 1850 1498 Solertis

1059 1505 1172 1532 oratoris
1183 1505 1232 1533 fuit
1243 1506 1391 1535 auditorum
1405 1509 1538 1544 ingenium
1553 1512 1664 1541 feliciter
1676 1515 1827 1549 explorasse
1841 1526 1847 1544 :

1060 1556 1107 1583 per
1120 1550 1163 1576 illa
1178 1551 1275 1586 placuit
1290 1562 1348 1588 qua:
1360 1554 1415 1589 jam
1429 1558 1519 1585 multis
1534 1566 1587 1585 non
1607 1559 1643 1586 ita
1661 1561 1775 1595 placent.
1797 1562 1850 1589 La-

1058 1602 1164 1629 crymas
1176 1599 1258 1625 movit
1273 1604 1301 1626 ut
1316 1600 1408 1634 voluit,
1418 1601 1481 1628 vitia
1493 1603 1653 1637 emendavit,
1669 1605 1847 1634 Christianam

1059 1640 1137 1668 lidem
1159 1643 1246 1674 auxit,
1269 1643 1376 1672 Judmos
1394 1650 1421 1673 et
1445 1647 1583 1675 lttrt'cticos
1602 1649 1760 1684 proﬂigavit.
1789 1651 1847 1680 Non

1058 1686 1187 1714 minorem
1201 1689 1271 1716 enim
1292 1690 1317 1717 in
1340 1690 1477 1719 dialectica
1505 1701 1584 1727 quam
1599 1694 1625 1721 in
1650 1696 1765 1723 oratoria
1791 1704 1848 1726 arte

1056 1732 1186 1760 Joannem
1206 1740 1326 1762 nostrum
1341 1738 1520 1772 comperimus
1544 1747 1550 1765 :
1575 1739 1653 1775 idque
1672 1742 1847 1776 proculdubio

1058 1777 1183 1806 fatebitur
1196 1781 1314 1815 quisquis
1332 1783 1475 1810 conciones
1485 1784 1542 1818 ejus
1555 1790 1647 1813 contra
1657 1788 1801 1817 Anomoeos
1820 1795 1847 1818 et

1056 1829 1148 1851 contra
1168 1824 1275 1853 Juda'os
1296 1832 1419 1855 accurate
1436 1829 1593 1864 perleget-it,
1617 1831 1660 1858 ubi
1680 1834 1847 1868 argutissime

1056 1870 1193 1905 disputat,
1209 1876 1236 1899 et
1251 1873 1449 1901 ratiociniorum
1469 1875 1493 1902 vi
1506 1875 1675 1905 adversarios
1695 1879 1729 1906 ita
1748 1885 1845 1916 urget,

1056 1921 1085 1944 ut
1099 1917 1170 1944 nulla
1184 1919 1299 1953 supersit
1318 1919 1382 1954 ipsis
1393 1921 1515 1949 elabendi
1529 1922 1579 1950 via.
1595 1923 1661 1951 Rem
1676 1926 1845 1960 epistolarem

1052 1963 1135 1990 etiam
1150 1964 1236 1999 attigit
1248 1965 1472 2001 Chrysostomus,
1488 1969 1606 1997 maxime
1621 1978 1684 1998 vero
1698 1972 1723 1998 in
1739 1973 1843 2004 exsilio.

1055 2007 1117 2035 dum
1133 2010 1268 2037 calamitas
1279 2031 1286 2040 ,
1300 2015 1386 2038 metus
1397 2033 1404 2044 ,
1420 2013 1535 2041 solitudo
1550 2014 1724 2049 prohiberent
1739 2024 1754 2043 a
1768 2017 1846 2045 solito

1056 2055 1233 2083 concionandi
1249 2056 1337 2084 ofﬁcio
1352 2078 1360 2089 ,
1374 2062 1400 2085 et
1414 2059 1525 2086 multum
1546 2060 1623 2094 spatii
1645 2066 1716 2089 esset
1733 2062 1765 2088 ad
1781 2064 1847 2090 scri—

1055 2099 1181 2127 bendum.
1199 2101 1295 2129 Pulsus
1309 2102 1397 2138 itaque
1410 2103 1474 2132 sede
1487 2105 1590 2133 curavit
1603 2110 1675 2134 utne
1691 2107 1775 2142 ipsum
1787 2108 1845 2142 qui-

1055 2146 1116 2174 dem
1131 2147 1213 2174 otium
1227 2152 1300 2175 esset
1313 2149 1437 2176 otiosum.

1056 2212 1069 2248 §
1088 2212 1108 2240 1.
1121 2227 1152 2233 -
1164 2213 1204 2241 De
1213 2214 1288 2241 variis
1298 2214 1469 2250 Cltrgsostomi
1486 2217 1658 2248 Editionibus.
1676 2227 1706 2245 ac
1719 2221 1847 2255 pra'cipuc

1247 2261 1279 2287 de
1298 2260 1403 2288 Henrici
1420 2261 1510 2289 Sauilii
1529 2261 1655 2290 Edilione.

1091 2316 1162 2344 Nihil
1186 2318 1282 2345 mirum
1306 2318 1358 2345 sia
1372 2318 1525 2354 primordiis
1545 2326 1629 2354 usque
1649 2322 1846 2356 typographicse

1054 2365 1120 2389 artls
1132 2363 1197 2390 tanti
1207 2363 1323 2391 doctoris
1332 2365 1457 2399 operibus
1467 2363 1578 2392 edendis
1589 2366 1663 2393 multi
1674 2367 1842 2398 tlesudarint:

1055 2407 1202 2434 innumerae
1216 2409 1290 2435 vario
1303 2413 1424 2444 tempore
1438 2410 1627 2444 opusculorum
1643 2412 1700 2446 ejus
1714 2412 1844 2443 editiones

1054 2452 1179 2488 prodiere
1204 2453 1231 2480 in
1254 2454 1347 2486 italia,
1367 2454 1468 2489 Gallia,
1490 2456 1650 2490 Germania,
1666 2458 1768 2493 Anglia.
1793 2460 1844 2486 Alii

1053 2499 1181 2533 quasdam
1203 2508 1312 2535 operum
1333 2506 1423 2536 partes
1437 2501 1530 2530 Latine
1555 2508 1654 2531 tanttnn
1668 2505 1784 2537 dabant,
1801 2505 1843 2531 alii

1054 2544 1163 2578 Graece,
1185 2546 1304 2574 nonnulli
1327 2551 1438 2582 utraque
1463 2548 1561 2583 lingua.
1584 2548 1640 2576 Non
1660 2550 1734 2584 pauci
1760 2549 1841 2576 colle-

1053 2593 1134 2621 ctioni
1159 2601 1269 2628 operum
1295 2595 1414 2622 omnium
1439 2594 1599 2622 adornandre
1621 2603 1727 2622 manum
1752 2594 1840 2622 admo-

1053 2645 1156 2667 verunt.
1173 2641 1201 2668 Si
1215 2642 1258 2676 qui
1273 2648 1335 2669 vero
1348 2646 1409 2669 ante
1418 2641 1550 2669 decimum
1564 2641 1704 2676 septimum
1718 2642 1843 2671 sarculum

1053 2686 1079 2713 id
1091 2687 1206 2721 aggressi
1222 2691 1296 2719 sunt,
1313 2687 1329 2714 ii
1349 2687 1456 2714 Latinas
1469 2691 1569 2713 tantum
1582 2686 1764 2722 Cltrysoslomi
1778 2695 1841 2723 ope-

1053 2739 1111 2758 rum
1121 2731 1291 2758 collectiones
1304 2732 1450 2759 emiserunt
1466 2740 1497 2758 ac
1515 2732 1599 2759 multa
1616 2732 1779 2767 reliquerunt
1803 2735 1839 2762 in-

1055 2782 1122 2804 tacta
1138 2782 1166 2804 et
1188 2778 1365 2804 inobservata.
1386 2778 1481 2804 Verum
1503 2780 1537 2804 de
1559 2779 1590 2805 iis
1607 2779 1730 2807 onmibus
1748 2780 1837 2807 editio-

1055 2824 1130 2851 nibns
1144 2823 1212 2851 alius
1225 2829 1264 2851 est
1278 2823 1352 2851 nobis
1367 2824 1398 2851 ad
1413 2824 1554 2852 dicendum
1569 2826 1727 2854 constitutus
1739 2827 1821 2855 locus.
