2024 3106
164 135 186 157 ut
673 127 704 156 Β.
727 127 756 156 Β.
780 128 823 156 DE
842 125 1074 155 MONTFAUCON
1094 123 1288 156 PREFATIO.
1779 138 1796 159 χ

193 187 304 214 Demum
321 187 401 222 paulo
413 191 473 223 post
496 187 598 215 initium
620 185 715 215 decimi
735 187 841 222 septimi
861 186 952 214 swculi

163 233 208 260 rluo
221 233 271 260 viri
282 234 381 260 summi
397 233 492 261 eodem
506 233 590 261 ferme
606 238 725 268 tempore
738 241 796 261 eam
810 240 952 267 suscepere

164 277 321 313 provinciam
334 299 341 311 ,
356 282 386 305 ut
406 279 499 306 omnia
517 286 626 314 prorsus
640 278 760 313 ejusdem
780 278 808 306 S.
833 278 951 306 doctoris

163 332 237 359 opera
251 332 334 351 unum
357 324 384 351 in
400 332 498 359 corptts
513 324 678 359 redigerent;
702 324 833 352 llenricus
855 331 951 359 nempe

161 370 269 398 Savilius
283 374 309 397 et
322 369 424 397 Fronto
440 371 561 397 Dircaeus.
574 370 650 397 Prior
661 370 767 406 magnis,
783 375 811 397 ut
827 370 883 405 ipse
895 370 949 402 ait,

160 415 288 442 sudoribus
302 420 325 442 et
345 416 473 442 immensis
488 416 637 450 sumptibus,
653 415 839 450 undecumque
861 416 882 442 si
898 423 949 450 qua

161 461 270 488 laterem
292 461 318 488 in
339 461 421 489 variis
444 461 558 496 Europa:
579 460 748 488 bibliothecis
772 461 948 496 perquircnda

160 507 384 540 exscribendaque
410 507 532 540 curavit,
555 507 703 534 amicorum
730 507 950 542 literatorumque

160 559 223 586 pene
233 552 353 579 omnium
364 559 449 587 opera
460 560 523 580 usus
537 557 564 580 et
578 552 716 579 industria.
731 552 786 585 Quo
800 553 826 579 in
839 553 948 588 negotio,

160 598 259 632 inquit,
274 599 399 634 egregiam
421 598 492 625 nobis
509 603 531 625 et
551 603 678 625 strenuam
701 606 803 633 operam
825 603 949 625 uacarunt

164 643 206 669 uiri
216 643 367 679 amplissimi
381 643 568 678 doctissimique
580 665 586 675 ,
603 651 665 679 quos
684 644 787 671 honoris
806 652 883 670 causa
900 651 947 671 uo-

159 691 243 723 ltino,
268 689 380 717 Jacobus
404 691 532 725 Augustus
554 690 694 723 Thuunus,
722 699 840 726 mugitum
866 691 950 718 lumen

160 735 267 768 Gallia,
290 735 394 763 Marcus
425 735 541 762 Vels‘erus
562 735 593 762 II
617 736 654 762 vir
673 737 855 771 Augustauus,
872 735 948 763 Geor.

161 780 269 808 Michael
291 781 519 816 Lingelsheimius,
541 781 655 808 Andreas
678 782 819 813 Schottus,
844 782 949 809 Isauras

159 826 318 854 Casaubons
329 848 338 860 ,
355 826 453 854 Fronto
465 826 576 854 θυι-ωας
587 847 595 859 ,
611 827 694 854 Janus
707 826 829 854 Gruterus
842 848 849 860 ,
867 827 949 854 Dauid

160 871 324 904 lltesthelius,
339 872 504 900 Sebastianus
518 872 673 908 Teuguagel,
687 878 710 899 et
720 873 949 900 Reverendissinms

161 918 260 945 Gabriel
274 918 484 954 Archiepiscopus
504 918 744 954 Philadelphiensis.
766 919 846 954 Nefas
869 925 950 947 tacere

160 964 188 991 de
201 963 361 992 Serenissimi
373 964 449 999 Regis
462 965 541 991 uostri
552 965 622 999 apud
635 970 733 992 exteros
748 964 880 1000 Principes
894 966 948 992 cla-

159 1011 262 1038 rissimis
277 1011 381 1046 legatis.
397 1011 486 1046 quibus
507 1012 560 1046 ipse
574 1012 621 1038 hac
635 1012 661 1038 in
677 1011 803 1038 mandatis
827 1012 946 1045 dederat,

160 1063 184 1085 ut
195 1057 264 1084 omni
278 1066 327 1092 qua
341 1062 442 1092 possent
456 1065 533 1092 opera
552 1057 664 1086 studium
686 1057 734 1084 hoc
748 1066 829 1084 meum
845 1066 946 1092 promo-

159 1108 250 1130 verent.
273 1102 364 1138 Itaque
391 1102 501 1129 librariis
528 1103 620 1129 nostris
644 1103 727 1129 aditus
754 1104 893 1138 patefactus
915 1103 949 1130 ad

160 1149 331 1175 bibliothecam
344 1147 450 1183 Regiam
465 1146 579 1181 Lutetia’,
594 1147 751 1180 Palatinam,
763 1148 948 1183 Augustanam,

160 1194 307 1222 Bararicam
317 1215 325 1226 ,
338 1193 478 1222 Cium-eam
489 1215 496 1227 ,
511 1199 613 1220 steteras
625 1202 635 1220 :
645 1194 733 1229 quibus
753 1195 811 1229 freti
832 1194 950 1222 subsidiis

160 1231 219 1268 illud
243 1241 349 1267 domum
366 1239 503 1267 attulerunt
524 1241 735 1274 instrumentum,
751 1241 822 1267 illam
839 1241 949 1275 supelle-

159 1289 238 1316 ctilem
250 1309 257 1320 ,
273 1296 305 1315 α
319 1296 369 1323 qua
381 1287 453 1314 nobis
463 1292 499 1314 est
513 1287 565 1314 hazc
579 1287 704 1314 adornata
721 1286 806 1314 editio.
819 1287 875 1320 Qua
895 1287 946 1314 uti-

159 1342 216 1368 que»
232 1334 350 1362 editione
371 1333 440 1360 nulla
467 1337 544 1365 ante,
559 1333 629 1367 quod
652 1340 745 1368 parum
766 1337 808 1360 est
829 1333 928 1360 dixisse
941 1353 948 1365 ,

159 1381 280 1415 nullaque
293 1384 386 1416 postea
398 1380 533 1414 copiosior
546 1379 654 1414 prodiit.
670 1379 873 1406 Accurationem
885 1386 949 1406 vero

160 1427 183 1454 in
195 1426 357 1462 castigandis
370 1425 470 1453 Graecis
484 1425 643 1452 dictionibus
656 1429 736 1460 atque
751 1425 891 1460 phrasibus
903 1425 948 1452 vix

159 1473 252 1501 alicubi
268 1473 398 1507 majorem
412 1471 608 1506 deprehendas.
633 1470 763 1498 Nimirum
784 1478 889 1498 sutntno
904 1471 949 1498 ille

160 1520 244 1547 studio
257 1519 319 1547 folia
337 1527 450 1555 quzeque
463 1519 556 1554 dispici
570 1518 680 1546 curabat
702 1517 851 1553 mendaque
869 1518 926 1545 tolli
940 1527 946 1545 :

159 1574 209 1601 quo
219 1566 316 1594 factum
328 1571 366 1599 ut,
380 1567 401 1593 si
413 1567 472 1601 quis
486 1565 675 1601 longitudinem
687 1564 776 1599 operis
785 1564 947 1598 consideret,

160 1615 228 1639 certe
243 1619 325 1646 pauca
339 1616 427 1639 errata
442 1611 557 1646 reperiat
572 1610 598 1638 in
610 1615 648 1637 tot
659 1610 810 1637 orationum
825 1609 948 1637 homilia-

159 1665 269 1693 rumque
283 1658 400 1685 decursu
418 1667 424 1684 :
441 1665 500 1692 qua:
516 1662 603 1684 tamen
623 1661 710 1684 errata
726 1655 771 1683 ille
788 1655 881 1683 in—fine
899 1663 947 1682 no-

160 1708 240 1731 tarum
266 1711 370 1731 summa
389 1703 524 1738 diligentia
546 1702 634 1737 colligi
655 1701 751 1736 edique
765 1701 885 1732 curavit,
904 1701 948 1728 ubi

160 1750 198 1777 vel
212 1750 320 1777 minima
331 1757 445 1784 quisque
460 1752 596 1776 notantur.
613 1747 694 1775 Notas
709 1751 797 1774 autem
809 1746 841 1773 ad
855 1747 948 1781 singu-

159 1795 197 1823 los
211 1799 297 1822 tomos
317 1795 412 1822 in~tine
427 1794 514 1822 octavi
537 1801 590 1820 non
609 1800 672 1820 suas
689 1792 770 1820 modo
787 1792 870 1819 edidit
882 1813 888 1823 .
901 1791 948 1819 sed

158 1841 235 1869 etiam
257 1841 373 1868 aliorum
397 1839 537 1867 doctorum
559 1839 709 1873 hominum,
721 1838 830 1866 Joannis
848 1838 947 1870 Boisii,

160 1885 270 1914 Andreae
292 1885 419 1918 Dounmi,
435 1885 542 1912 Ricardi
561 1884 726 1916 Montaeut'ti,
740 1889 768 1912 et
787 1883 904 1916 llalesii;
920 1888 949 1910 ut

160 1931 221 1960 alios
236 1937 337 1959 taceam
353 1931 399 1966 qui
413 1931 455 1958 vel
471 1931 555 1966 rogati
568 1951 576 1964 ,
590 1931 631 1959 vel
643 1934 739 1965 suopte
751 1930 862 1958 consilio
876 1929 947 1957 varia

159 1978 213 2009 loca
226 1978 368 2006 restituere
382 1978 470 2005 conati
481 1998 488 2008 ,
503 1977 536 2004 ab
552 1978 609 2012 ipso
623 1976 768 2004 afferuntur
782 1975 947 2004 inmedium.

161 2024 227 2051 Inter
241 2024 299 2051 illas
310 2031 375 2051 vero
390 2027 468 2050 notas
481 2043 489 2055 .
505 2031 566 2050 meo
587 2022 694 2057 quidem
711 2021 811 2056 judicio
822 2042 829 2054 ,
843 2022 948 2050 cmteris

159 2070 278 2097 omnibus
289 2074 418 2104 praestant
431 2069 512 2104 ipsius
521 2068 626 2096 chrici
640 2068 731 2095 Savilii
744 2072 825 2101 notae,
833 2068 856 2095 si
869 2075 947 2103 saga-

159 2115 262 2144 citatem
274 2119 380 2150 spectes
390 2135 398 2148 ,
413 2115 435 2142 si
448 2115 567 2142 criticam
580 2119 681 2146 artem,
697 2114 721 2141 si
734 2118 830 2141 cetera
847 2113 946 2140 omnia.

160 2162 273 2190 Aliorum
289 2162 390 2198 quippe
402 2165 496 2194 notae,
507 2165 536 2188 ut
551 2160 692 2195 plttrimum
708 2160 781 2187 leves
794 2164 873 2192 sunt,
888 2167 948 2194 qua:

159 2208 316 2244 oonjecturis
331 2211 456 2235 constant
479 2207 620 2242 aliquando
638 2206 747 2234 incertis
766 2210 793 2233 et
813 2213 947 2233 nonnum-

158 2260 233 2287 quam
255 2253 387 2281 futilibus.
412 2252 544 2282 Saviliana
574 2259 654 2287 porro
678 2251 781 2286 editio,
803 2259 862 2286 qua:
887 2256 948 2278 oclo

167 2298 331 2328 densissimis.
352 2299 379 2326 in
402 2298 465 2327 folio
489 2299 568 2325 tomis
586 2302 709 2331 constat,
724 2305 805 2333 opera
827 2298 948 2333 Chryso‘,

171 2345 235 2372 ςιοωὶ
248 2345 349 2375 Graece.
356 2349 459 2372 tantum
475 2344 674 2380 complectitur.

188 2407 201 2434 ι
214 2409 240 2438 ll.
251 2426 286 2433 ——-
297 2411 340 2438 De
353 2410 490 2439 Frontonis
503 2411 592 2439 Dircaei
607 2411 724 2438 Editione
749 2416 772 2438 et
787 2411 818 2439 de
832 2411 929 2439 ﬂoret-

508 2459 588 2488 liena.

206 2533 250 2563 Non
262 2538 394 2565 minorem
407 2537 567 2573 diligentiam
580 2538 606 2565 in
621 2537 778 2573 colligendis
787 2538 949 2574 Cltrysosto-

180 2577 208 2604 ml
220 2583 336 2616 operibus
357 2583 475 2611 exhibuit
498 2584 599 2612 Fronto
627 2584 739 2612 Ducazus
763 2593 796 2612 ex
812 2585 947 2613 Societate

182 2621 231 2653 les“
241 2635 353 2663 nostras,
366 2631 411 2665 qui
424 2635 510 2659 tamen
523 2653 531 2666 ,
547 2632 655 2667 paribus
669 2632 781 2660 fortasse
804 2632 947 2660 destitutus

185 2667 327 2703 liculutibus
340 2682 368 2704 et
378 2678 480 2705 auxiliis
492 2699 499 2712 ,
515 2679 541 2706 in
555 2678 715 2706 diuturnum
736 2683 841 2714 tempus
856 2685 947 2706 extra-

189 2719 242 2760 flum
254 2727 316 2755 opus
338 2721 393 2749 fato
417 2729 615 2760 plu-occupatus
629 2725 767 2753 absolvere
782 2733 834 2753 non
850 2726 943 2760 potuit.

191 2757 267 2791 verum
286 2774 404 2802 magnam
417 2769 460 2796 ille
473 2775 498 2797 et
510 2771 620 2798 arduam
639 2779 694 2798 rem
719 2776 761 2798 est
785 2779 943 2807 aggressus,

194 2807 309 2852 ll“scilicet
320 2820 371 2839 non
384 2814 461 2842 modo
474 2815 564 2842 Gra‘ca
578 2815 758 2851 Chrysostomi
781 2818 890 2852 perinde
905 2823 945 2845 at-

197 2855 235 2882 Ίηι
243 2851 346 2883 Savilius
358 2857 451 2891 ederet.
475 2861 519 2888 sed
538 2861 617 2888 etiam
632 2862 741 2897 singulis
757 2851 883 2898 operibus
896 2864 942 2892 lto-

1009 185 1143 220 tuiliisquc
1157 186 1277 213 Latinam
1293 186 1539 221 interpretationem
1560 191 1664 222 aptaret
1679 195 1685 215 :
1705 196 1755 223 qua
1769 192 1796 217 in

1007 240 1036 259 re
1058 237 1193 260 strenuam
1218 233 1263 260 ille
1282 240 1390 268 operam
1418 234 1534 260 navavit.
1559 234 1796 269 lnlerpretationel

1005 278 1104 314 quippe
1129 279 1273 306 multorum
1301 286 1411 314 operum
1429 279 1532 314 jamdiu
1556 280 1641 308 editas
1657 288 1672 309 e
1690 282 1796 317 regione

1005 323 1159 352 Crarcorum
1174 325 1271 359 posuit,
1289 324 1336 352 scd
1351 324 1505 352 emendatas
1518 330 1545 353 et
1555 325 1588 352 ad
1601 325 1681 354 fidem
1695 326 1793 355 Graece

1005 370 1136 396 orationis
1161 370 1343 397 concinnatus.
1358 370 1385 397 Si
1399 378 1451 404 qua
1466 378 1530 398 vero
1541 370 1651 399 offendit
1675 371 1793 400 nondum

1005 415 1098 442 Latine
1114 415 1241 443 translata
1254 423 1335 451 opera
1352 415 1440 451 (erant
1453 421 1543 444 autem
1557 417 1711 452 hujusmodi
1727 418 1795 447 bene

1004 461 1115 496 multa),
1130 461 1189 489 hmc
1208 461 1253 489 ille
1275 461 1308 488 de
1321 461 1414 489 Gnaeo
1428 462 1569 495 convertit,
1580 467 1609 490 et
1621 463 1728 504 quidem
1743 467 1796 491 tam

1005 510 1129 533 accurate
1144 511 1173 534 et
1190 507 1342 542 eleganter,
1357 512 1387 534 ut
1411 507 1480 534 inter
1505 508 1620 542 optimos
1635 508 1796 544 interpretes

1003 551 1063 586 jure
1073 557 1240 580 numeretur.
1256 552 1381 587 Ejusdem
1403 561 1484 588 porro
1496 553 1608 582 erudita:
1628 559 1698 582 notze
1715 562 1794 590 repe-

1004 598 1109 626 riuntur
1126 599 1151 626 in
1167 598 1219 626 line
1236 599 1324 634 primi,
1343 600 1428 634 quarti
1448 605 1476 627 et
1497 601 1564 628 sexti
1591 601 1667 629 torni.
1687 601 1796 630 Similes

1004 642 1074 670 haud
1096 643 1176 671 dubie
1200 648 1277 671 notas
1301 644 1328 671 in
1361 645 1482 679 quintum
1502 649 1603 673 tomum
1625 646 1795 679 destinabat;

1002 693 1030 715 at
1047 689 1100 716 vita
1124 689 1228 717 functus
1253 697 1310 717 rem
1338 691 1467 725 perﬁcere
1488 692 1616 727 nequivit.
1642 692 1795 721 Editionem

1003 733 1209 762 Frontonianam
1233 735 1332 770 incepit
1345 736 1504 765 Fredericus
1522 737 1656 770 Morellns,
1681 738 1797 769 absolvit

1003 779 1130 807 Claudius
1145 788 1192 808 sex
1208 781 1233 807 in
1255 781 1319 809 folio
1343 782 1440 814 tomis;
1461 783 1506 818 qui
1527 783 1558 811 S.
1584 784 1706 812 Doctoris
1719 784 1795 820 Opu—

1004 825 1078 853 scula
1109 831 1137 853 et
1160 826 1374 855 Commentarios
1407 827 1434 855 in
1473 828 1554 856 \‘etns
1594 829 1795 859 Testamentum

1002 872 1226 907 complectuntur.
1252 873 1352 902 Deinde
1376 881 1447 902 anno
1474 875 1549 903 1655
1570 875 1640 904 idem
1666 876 1792 906 Claudius

1003 917 1129 945 Morellus
1147 918 1362 947 Commentarios
1377 919 1402 946 in
1415 919 1518 947 Novum
1530 921 1730 949 Testamentum
1745 929 1794 949 sex

1003 963 1029 990 in
1056 963 1121 991 folio
1145 964 1223 992 tomis
1247 965 1281 991 ad
1306 964 1387 992 fidem
1415 965 1637 994 Commelinianze
1667 967 1795 995 editionis

1002 1008 1100 1037 emisit.
1123 1009 1200 1036 Anno
1219 1014 1309 1037 autem
1325 1010 1393 1038 1636
1409 1011 1537 1047 integram
1564 1019 1659 1040 novam
1680 1012 1798 1049 Chryso-

1003 1054 1083 1080 stomi
1107 1062 1218 1089 operum
1244 1055 1389 1082 editionem
1416 1055 1556 1084 duodecim
1581 1057 1608 1084 in
1629 1057 1693 1084 folio
1717 1058 1796 1084 tumis

1002 1103 1081 1135 atque
1115 1100 1240 1127 undecim
1263 1101 1442 1128 voluminibus
1470 1102 1601 1136 publicam
1629 1102 1701 1130 fecit.
1733 1102 1795 1130 lltnc

1003 1155 1082 1182 porro
1099 1154 1232 1183 postrema
1249 1148 1331 1176 editio
1351 1149 1443 1177 charta
1459 1149 1548 1177 minus
1565 1150 1678 1185 eleganti
1694 1150 1792 1177 instru-

1002 1197 1054 1226 eta,
1068 1194 1115 1221 sed
1129 1199 1222 1222 eontra
1233 1202 1312 1229 quam
1328 1195 1407 1230 vulgo
1422 1195 1540 1222 creditur
1553 1195 1720 1223 emendatior
1734 1200 1794 1227 est;

1002 1247 1065 1267 ustts
1086 1239 1176 1275 operis
1201 1240 1357 1267 melioribus
1382 1240 1508 1268 Morcllus
1540 1240 1645 1274 menda,
1666 1245 1794 1276 quantum

1003 1285 1104 1320 potuit,
1121 1293 1154 1312 ex
1180 1285 1229 1312 hac
1244 1291 1378 1320 postrema
1394 1286 1512 1313 editione
1538 1286 1666 1318 sustulit;
1691 1291 1747 1314 tum
1762 1293 1794 1313 ea

1001 1338 1060 1366 qua:
1072 1331 1172 1358 Fronto
1187 1331 1298 1359 Duca-us
1312 1331 1338 1359 in
1355 1331 1428 1359 notis
1450 1332 1528 1367 primi
1541 1337 1567 1359 et
1582 1332 1668 1367 quarti
1681 1332 1746 1360 tomi
1757 1332 1795 1359 ir-

1002 1376 1118 1411 repsisse
1137 1381 1287 1410 monuerat,
1304 1382 1359 1404 tum
1378 1377 1459 1404 etiam
1484 1377 1534 1404 alia
1549 1385 1608 1412 qua:
1619 1377 1797 1405 occurrebant

1002 1422 1012 1456 (
1026 1427 1155 1457 expertus
1171 1422 1307 1458 loquor),
1325 1423 1441 1451 maxime
1452 1431 1518 1451 vero
1532 1423 1566 1451 de
1586 1424 1681 1458 primo,
1699 1428 1795 1459 quarto

1001 1471 1029 1494 et
1042 1467 1136 1503 quinto
1149 1473 1231 1495 tomo.
1244 1468 1272 1496 In
1293 1468 1367 1496 hisce
1388 1476 1451 1496 vero
1464 1468 1568 1496 duobus
1582 1475 1720 1504 postremo
1736 1477 1793 1497 nte-

1001 1513 1111 1541 moratis
1127 1514 1205 1541 tomis
1218 1513 1338 1549 quaedam
1352 1514 1485 1550 Opuscula
1499 1514 1693 1549 Chrysostomi,
1705 1523 1764 1549 qua:
1778 1523 1793 1542 a

1001 1559 1085 1594 prima
1101 1558 1221 1591 aberant,
1246 1559 1272 1586 in
1294 1559 1347 1587 nne
1369 1559 1460 1587 addita
1474 1565 1546 1587 sunt.
1570 1560 1666 1587 Verum
1690 1561 1716 1588 in
1741 1560 1793 1588 hoc

1001 1605 1121 1640 peccavit
1152 1605 1277 1633 Claudius
1311 1606 1454 1639 Morellus,
1484 1606 1556 1641 quod
1586 1611 1662 1633 notas
1690 1607 1715 1633 in
1741 1607 1795 1634 tiue

1000 1651 1087 1686 quarti
1103 1651 1167 1679 tomi
1189 1659 1204 1679 a
1219 1651 1357 1679 Frontone
1378 1652 1476 1679 Ducwo
1496 1652 1614 1686 positas,
1639 1656 1667 1679 et
1691 1651 1794 1687 aliquot

1001 1695 1133 1731 Opuscula
1149 1696 1341 1732 Chrysostomi,
1362 1696 1455 1724 Latine
1476 1701 1577 1724 tantum
1598 1697 1690 1732 quinto
1716 1701 1789 1723 tomo

1000 1749 1075 1775 ensa,
1090 1743 1115 1769 in
1141 1742 1190 1770 hac
1211 1743 1353 1777 posteriori
1376 1743 1493 1770 editione
1510 1742 1658 1769 sustulerit.
1681 1741 1794 1775 Eodem.

1001 1789 1038 1815 uti
1067 1787 1182 1816 diximus
1198 1808 1206 1821 ,
1229 1788 1312 1815 ferme
1336 1793 1456 1823 tempore
1481 1787 1612 1815 Henricus
1634 1787 1749 1815 Savilius
1768 1791 1796 1814 ct

1002 1833 1101 1860 Fronto
1117 1833 1238 1866 Βιιοωιιε,
1255 1833 1349 1860 Etoua:
1370 1833 1423 1864 ille,
1448 1833 1491 1860 hic
1511 1833 1639 1865 Lutetiaa,
1660 1832 1792 1860 editiones

1001 1886 1112 1914 operutn
1141 1878 1260 1908 omnium
1291 1878 1474 1914 Chrysostomi
1499 1877 1636 1913 parabant.
1665 1877 1796 1912 Quodque

1001 1925 1142 1952 observata
1167 1924 1276 1959 dignum
1300 1923 1434 1956 videatur,
1455 1923 1518 1951 licet
1536 1923 1631 1950 eodem
1654 1922 1680 1950 in
1707 1922 1796 1950 stadio

1001 1972 1080 1997 ambo
1095 1974 1243 2001 currerent.
1259 1970 1320 1997 licet
1333 1975 1386 1997 tam
1401 1969 1486 1996 varias
1499 1976 1636 1996 sacrorum
1651 1968 1795 2004 religiones

985 2016 1081 2044 'atuho
1103 2017 1314 2052 proﬁterentur,
1338 2016 1409 2044 nulla
1433 2015 1539 2042 invidia:
1553 2035 1560 2048 ,
1589 2014 1695 2042 adversi
1713 2014 1796 2042 animi

1002 2063 1073 2091 nulla
1099 2067 1161 2090 nota
1185 2062 1377 2097 comparebat:
1392 2061 1531 2096 quinimo,
1554 2065 1585 2088 ut
1604 2068 1664 2088 sese
1686 2060 1794 2088 occasio

1001 2109 1148 2142 oll'erebat,
1179 2108 1278 2136 dabant
1296 2116 1390 2142 operas
1419 2111 1541 2140 mutuas,
1569 2114 1712 2142 numquam
1736 2106 1795 2134 sine

1002 2155 1111 2184 honoris
1133 2154 1364 2188 observantiacque
1378 2152 1573 2188 significatione
1593 2151 1661 2179 alter
1681 2152 1794 2179 alterum

1001 2201 1188 2234 memorabat,
1216 2204 1310 2227 contra
1323 2207 1402 2235 quam
1426 2207 1476 2226 usu
1496 2199 1603 2226 evenire
1628 2198 1706 2226 solet.
1728 2197 1796 2225 Nam

1001 2247 1120 2282 plerique
1134 2254 1194 2274 cutn
1209 2245 1279 2273 idem
1295 2253 1362 2280 opus
1376 2245 1454 2272 simul
1469 2245 1669 2280 aggrediuntur,
1680 2251 1797 2279 prmser-

1003 2293 1051 2320 tim
1066 2300 1127 2321 cunt
1142 2291 1284 2319 intervenit
1297 2291 1455 2326 religionum
1469 2290 1625 2323 discrimen,
1639 2289 1794 2325 frequenter

1001 2346 1061 2366 sese
1086 2337 1234 2365 maledictis
1249 2341 1275 2365 et
1290 2337 1417 2364 conviciis
1432 2337 1548 2364 lacerant
1561 2357 1568 2370 ,
1588 2335 1706 2371 nihilque
1720 2335 1793 2364 aliud

1001 2391 1096 2411 curare
1120 2382 1243 2410 videntur
1274 2390 1354 2418 qualn
1386 2386 1414 2408 nt
1439 2381 1555 2409 auctoris
1585 2380 1691 2408 adversi
1716 2380 1798 2407 famre

1000 2430 1152 2462 detrahant,
1174 2436 1205 2456 ac
1230 2429 1252 2456 si
1275 2429 1300 2456 id
1323 2428 1394 2464 quod
1416 2429 1460 2455 alii
1485 2428 1633 2457 detrahitur
1654 2428 1795 2456 existima—

1001 2476 1092 2509 tionis,
1108 2475 1194 2503 laudis
1207 2475 1322 2510 propria:
1344 2473 1414 2501 foret
1427 2473 1557 2503 accessio.
1580 2473 1704 2501 Livorcm
1720 2481 1796 2500 eatu-

1000 2521 1060 2550 dem
1075 2521 1256 2549 exercentium
1278 2524 1362 2547 artem
1391 2519 1429 2547 sic
1457 2519 1587 2554 exprimit
1611 2518 1675 2546 illud
1703 2518 1795 2546 tritutn

989 2566 1107 2608 \‘Hesiodi
1123 2575 1130 2594 :

1083 2639 1253 2671 Καὶχεραμεὺς
1266 2641 1361 2669 κεραμεῖ
1371 2638 1446 2661 κοτέει
1459 2638 1500 2660 καὶ
1513 2638 1602 2660 trix-raw
1615 2638 1711 2664 τέκτων,

1087 2685 1137 2708 Καὶ
1148 2685 1239 2714 πτωχὸς
1253 2686 1337 2714 πτωχῷ
1351 2684 1437 2715 φθινέει
1452 2684 1492 2707 χαι
1502 2680 1583 2709 ἀοιδὸς
1592 2680 1675 2712 ἀοιδῷ.

1076 2729 1102 2750 Et
1113 2725 1201 2757 ﬁgulus
1212 2726 1312 2757 ﬁgulum
1324 2727 1449 2757 impugnat
1460 2729 1486 2749 et
1499 2724 1592 2749 fabrum
1608 2723 1685 2753 faber,

1076 2770 1101 2791 Et
1110 2767 1236 2791 mendicus
1247 2766 1357 2791 mendico
1369 2766 1462 2790 invidet
1472 2769 1499 2790 et
1509 2769 1593 2790 cantor
1604 2765 1706 2790 cantari.

1001 2818 1027 2845 Id
1043 2826 1105 2845 vero
1121 2818 1235 2845 maxime
1257 2818 1300 2844 illa
1315 2817 1458 2845 Frontonis
1482 2821 1509 2844 et
1522 2816 1612 2844 Savilii
1636 2821 1792 2851 tempestate

999 2863 1068 2891 ittter
1087 2863 1179 2891 doctos
1203 2864 1228 2891 iu
1255 2872 1302 2891 ttsu
1325 2868 1381 2890 erat
1397 2884 1403 2896 ,
1433 2862 1478 2897 qui
1503 2862 1544 2889 vel
1570 2862 1703 2890 levissima
1731 2862 1808 2893 data,
