2024 3106
233 103 260 123 ιιι
852 99 883 125 D.
905 99 934 126 Β.
957 98 1000 126 DE

1061 98 1160 128 lNTFA
1165 100 1253 129 ucoa
1813 96 1819 103 '
1830 113 1867 135 xu

229 157 370 187 occasione
387 162 446 183 sese
456 153 573 182 dicteriis
586 159 611 181 et
625 155 771 182 maledictis
785 155 941 183 onerabant.
957 155 1016 190 Quo

231 206 316 241 magis
336 204 485 233 mstitnandi
512 204 548 231 illi
565 203 618 231 duo
630 203 689 237 viri,
713 204 756 238 qui
772 204 874 230 meritis
888 211 935 238 pro
955 203 1016 230 tali-

228 252 288 284 bus,
310 256 337 280 et
352 260 399 287 pro
414 257 523 278 strenue
536 254 630 276 navata
645 249 671 276 in
693 249 731 276 rei
756 249 882 277 literarim
896 257 1016 277 commo-

227 297 291 325 dum
307 304 398 332 opera,
414 296 556 323 immortali
577 300 650 323 certe
673 295 744 330 digni
761 295 837 322 laude
848 300 919 322 sunt.

261 341 300 370 Ne
315 342 430 373 mireris,
446 341 548 374 Lector,
565 348 607 368 me
621 340 721 367 tamdiu
733 348 824 368 eorum
837 340 959 368 laudibus
973 347 1018 368 cc-

228 387 360 415 lcbramlls
388 387 512 414 insistere
540 395 547 413 :
573 393 654 419 nam,
690 391 866 421 prmterquam
893 386 963 421 quod
983 385 1016 412 de

228 432 294 460 urbe
318 433 436 459 literario
452 437 505 459 tam
522 432 589 459 bene
614 432 699 459 meriti
713 437 784 464 sunt,
800 432 850 460 hoc
860 439 892 459 ex
908 432 1012 459 illorum

226 477 369 506 sudoribus
389 478 414 505 in
441 477 610 505 commodum
625 485 714 505 tuettm
731 478 898 512 redundavit,
914 483 942 505 ut
960 483 1018 513 post

228 527 316 551 tantos
328 530 419 550 eorunt
435 522 539 550 labores
553 523 640 550 minus
658 523 831 551 laborandum
850 524 912 550 mihi
928 524 1016 551 luerit.

227 569 325 605 Ecquis
339 569 382 596 illc
396 569 498 596 futurus
511 574 567 596 erat
582 569 666 602 labor,
680 570 701 597 si
715 570 813 597 nullam
828 570 940 598 Savilius
961 571 1016 597 col-

226 615 338 650 l'gcndis
352 615 578 650 emcndantlisque
588 615 773 651 Chrysostonu
787 617 892 651 scriptis
909 624 1016 651 operam

226 661 378 697 posuisset?
402 662 478 697 quis,
496 661 517 689 si
531 661 632 689 Fronto
652 661 765 689 Ducreus
790 670 879 697 parent
905 671 1014 697 aggres-

226 714 271 734 sus
286 707 606 742 operanncouvertenlis
620 707 698 734 etiam
726 706 820 734 Latine
845 709 873 735 S.
896 709 1016 735 Doctoris

227 753 353 787 operibus
377 760 430 780 non
452 752 635 780 incubuisset?
657 753 760 786 Quanta
782 754 866 781 moles
881 755 1016 781 collectio-

225 798 285 831 nis,
311 802 408 832 qttanta
438 798 666 832 interpretationis
691 797 777 825 iutura
806 804 885 831 erat,
908 800 1016 834 quando

224 845 304 870 etiam
321 847 380 878 post
394 844 505 871 emissas
529 843 587 871 illas
604 843 681 871 laude
700 843 868 879 dignissimas
882 845 1013 873 editiones

225 894 325 916 tantttm
340 889 444 916 sudoris
457 889 577 915 relictum
591 889 652 916 est?
666 888 776 916 inﬁnita:
792 895 864 916 certe
876 894 916 917 (εδι
927 898 1016 925 operm

225 938 263 961 tot
278 934 383 962 codices
410 934 605 969 manuscriptos
631 935 771 967 evolvere,
796 935 839 961 ubi
868 935 1015 962 innumera:

228 988 295 1015 pene
311 979 492 1015 Cltrysostomi
506 980 622 1006 humilia:
638 985 789 1013 occurrunt,
809 981 888 1015 idque
903 982 928 1008 in
955 989 1014 1008 om-

224 1026 303 1054 nibus
317 1026 483 1053 bibliothecis
499 1026 590 1053 Grmca
612 1026 653 1053 illa
670 1026 835 1061 supellectile
858 1028 992 1055 instructis
1005 1051 1012 1061 ,

223 1071 266 1099 ubi
282 1072 412 1099 anecdnta
423 1071 490 1098 bene
505 1072 586 1099 multa
601 1076 706 1099 exstant
726 1082 731 1099 :
752 1082 803 1100 non
829 1074 948 1107 minoris,
965 1076 1013 1102 nisi

222 1118 330 1152 nuijuris
352 1118 431 1145 etiam
450 1139 457 1149 ,
482 1118 570 1152 spuria
603 1126 616 1145 a
651 1120 784 1154 germanis
810 1120 1011 1152 intcrnoscrre,

221 1165 318 1191 emissa
334 1172 348 1190 a
365 1172 417 1190 non
443 1164 557 1196 emissis,
575 1172 635 1191 cum
658 1165 779 1192 videlicet
797 1166 923 1200 principia
952 1175 1011 1194 mtt-

223 1214 313 1236 tantur
328 1219 334 1237 :
347 1210 465 1237 sinceras
477 1210 607 1237 lectiones
622 1210 749 1245 deligere,
774 1212 880 1246 quauth
897 1213 1014 1240 maxime

221 1259 261 1281 tot
287 1259 348 1282 sunt
371 1254 507 1287 llontiﬁm,
525 1259 563 1282 tot
577 1255 779 1286 Commentarii.
807 1261 845 1283 tot
859 1258 989 1291 Opuscnla
1003 1279 1009 1290 ,

221 1304 248 1327 ιιι
260 1321 270 1339 ,_
284 1301 353 1335 quod
366 1301 421 1335 jam
433 1300 503 1333 dixi,
519 1301 678 1341 bibliotheca
692 1302 778 1336 petitis
791 1310 868 1337 quam
886 1303 952 1331 liber
967 1310 1011 1331 aut

220 1335 286 1380 opus
299 1346 388 1372 vocari
403 1351 564 1373 mereantur.

218 1391 232 1426 ᾗ
253 1390 294 1418 ΙΙΙ.
308 1405 342 1410 -ι
354 1390 391 1417 De
405 1396 519 1426 suscepto
534 1400 604 1418 "ora:
615 1393 736 1426 panme
751 1392 877 1420 Etlitionis
890 1395 1004 1423 consilio.

253 1436 287 1464 Ut
302 1440 390 1463 autem
403 1436 491 1471 aliquo
509 1437 602 1464 ordine
624 1438 685 1472 qttid
703 1438 726 1465 in
747 1439 795 1466 hac
811 1439 928 1467 editione
952 1441 1006 1475 jam

218 1482 375 1516 prmstilum,
388 1482 450 1517 quid
466 1483 491 1509 in
503 1483 675 1517 sequentibus
690 1485 767 1511 tomis
778 1485 956 1519 praestandum
971 1487 1005 1513 sll.

217 1534 384 1560 euarremus,
400 1535 455 1554 rem
469 1527 502 1554 ab
516 1535 566 1555 ovo
587 1533 707 1563 repetere
723 1537 770 1564 par
785 1530 872 1557 fuerit.
891 1531 930 1558 Ab
953 1540 1002 1558 an-

216 1573 258 1599 uis
277 1572 337 1606 plus
366 1572 472 1607 triginta
495 1572 546 1600 hnc
569 1573 756 1601 l’rzcl'eetorum
780 1575 899 1602 Sodalitii
925 1577 1008 1604 nostri

216 1617 356 1644 consilium
384 1618 468 1644 fuerat
481 1639 489 1650 ,
516 1622 554 1650 ut,
571 1622 630 1652 post
653 1625 785 1653 peractam
800 1622 828 1648 S.
847 1621 985 1656 Augustini
1000 1643 1006 1653 ,

196 1689 198 1691 .
218 1664 287 1690 inter
297 1664 421 1691 doctores
437 1664 544 1692 Latinos
562 1666 697 1700 principis,
714 1668 869 1701 editionem,
883 1670 1008 1703 opt-ribus

215 1709 415 1744 Chrysoslomi,
432 1710 476 1744 qui
491 1718 582 1744 parem
608 1712 632 1738 itt
654 1712 771 1740 Ecclesia
782 1713 875 1740 Grzcca
896 1721 1007 1749 01‘Ctlp..l

215 1753 369 1788 dignitatem
383 1774 391 1786 ,
420 1762 526 1781 manum
551 1755 763 1784 adtum’cremtts.
782 1758 899 1786 Priscum
917 1761 1005 1787 cousi~

218 1799 281 1826 lium
303 1799 443 1835 intercepit
458 1800 490 1827 ad
516 1801 614 1836 aliquot
638 1810 722 1831 annos
747 1805 884 1832 Athanasii
907 1806 1003 1839 editioI

214 1852 272 1879 qua:
291 1851 361 1871 anno
384 1845 452 1872 l698
481 1847 566 1872 lucem
590 1847 665 1874 vidit.
693 1849 793 1877 Deinde
825 1858 889 1878 vero
910 1858 1005 1878 nervos

214 1897 308 1917 omnes
322 1890 459 1918 industrire
480 1892 665 1920 contendimus
679 1899 706 1921 ut
726 1894 909 1930 Chrysostomi
925 1905 1003 1930 npt‘l':t

213 1936 318 1963 demum
346 1937 371 1962 in
405 1936 538 1970 publicum
563 1938 709 1973 prodirent.
727 1941 862 1974 Apparatu
889 1942 1004 1968 maximo

212 1987 267 2008 erat
279 1989 346 2016 opus
356 1991 361 2009 ;
373 1982 514 2010 lustrandie
526 1983 703 2017 bibliothecae,
714 1986 800 2012 omnis
812 1986 927 2022 denique
938 1987 1004 2022 lapis

213 2028 371 2056 tuovendus.
400 2029 452 2057 lter
474 2030 591 2057 Italicum
617 2038 687 2057 anno
708 2031 774 2059 1698
796 2034 915 2068 suscepi,
931 2034 1001 2061 unde

212 2074 294 2102 tnulta
310 2082 341 2102 ex
355 2074 482 2102 Romanis
498 2076 591 2103 aliisve
604 2075 699 2103 ltalicis
716 2077 883 2105 bibliothecis
902 2081 1001 2107 corrasi

210 2119 244 2147 ad
259 2119 309 2147 hoc
324 2121 472 2148 institutum
488 2121 646 2156 pertinentia
663 2130 668 2148 :
686 2123 771 2150 tribus
787 2124 887 2151 exactis
903 2125 929 2151 in
951 2125 1001 2152 hoc

208 2167 306 2195 itinere
320 2168 413 2202 annis,
431 2173 490 2202 post
509 2168 624 2195 reditttm
651 2169 676 2196 id
703 2177 717 2196 a
746 2170 879 2199 Prmlcctis
903 2173 1001 2200 nostris

210 2212 364 2247 impetravi,
379 2218 407 2240 ut
422 2221 453 2240 ex
474 2213 610 2241 sodalibus
622 2219 736 2248 quatuor
750 2216 791 2243 vel
807 2217 922 2252 quinque
937 2225 1000 2245 con-

210 2258 326 2285 ferendis
340 2258 562 2286 bibliothecarum
585 2259 685 2294 Regim,
701 2261 861 2289 Colbertina:
875 2269 902 2291 et
925 2263 999 2292 Cois~

207 2303 312 2330 linianae
318 2304 452 2331 codicibus
462 2309 589 2339 perpetuo
597 2305 790 2340 incumberent,
799 2309 870 2336 etsic
881 2317 931 2344 ope
942 2318 997 2337 ma-

206 2351 400 2386 nuscriptorum
412 2351 499 2386 prisco
512 2352 590 2379 nitori
605 2352 708 2381 restitui
723 2354 926 2390 Chrysostomus
936 2364 997 2391 pos-

206 2401 258 2424 set.
266 2398 285 2424 Α
291 2397 307 2424 b
314 2398 390 2425 annis
400 2398 478 2432 igitur
487 2398 624 2433 plusquam
638 2399 763 2428 tredecim
774 2401 799 2428 id
807 2406 896 2436 agunt,
902 2403 926 2430 id
938 2411 996 2438 pro-

206 2448 359 2476 mmeut,ut
374 2444 614 2479 manuscriptorum
630 2446 715 2473 varias
726 2447 852 2474 lectiones
862 2449 994 2484 colligant.

203 2489 239 2516 Ne
256 2497 321 2516 vero
338 2497 394 2516 rem
409 2490 512 2524 longius
528 2499 606 2525 qttam
625 2500 671 2528 par
687 2493 720 2520 sit
736 2499 882 2522 extractam
898 2501 973 2530 putes
986 2519 994 2531 ,

201 2535 312 2563 radices
328 2535 386 2570 plus
401 2543 479 2570 quam
503 2542 637 2566 trecentos
649 2539 830 2575 Chrysostomi
846 2549 956 2576 operum
968 2544 994 2571 iu

203 2580 276 2608 hisce
296 2580 467 2608 bibliothecis
483 2587 588 2611 exstare
609 2589 711 2612 certum
744 2585 858 2620 habeas,
875 2595 941 2622 quos
961 2588 994 2617 de

201 2625 282 2652 verbo
302 2626 335 2653 ad
350 2627 459 2654 verbum
473 2629 595 2658 conferre
609 2639 661 2658 non
677 2632 734 2660 sine
744 2632 870 2660 diutttruo
881 2639 907 2661 et.
921 2637 991 2663 mul—

200 2675 286 2698 turttm
301 2678 431 2700 annorum
447 2675 544 2702 sudore
557 2682 702 2711 potuerunt
717 2679 761 2713 qui
777 2679 809 2705 ad
829 2679 854 2706 id
871 2682 989 2709 muneris

198 2716 292 2743 delectt
323 2723 394 2745 sunt.
416 2719 524 2748 lutcrim
539 2729 603 2750 vero
615 2730 675 2750 cum
694 2725 787 2752 amicis
800 2725 824 2752 id
840 2733 886 2760 per
901 2726 991 2755 literas

197 2762 248 2795 egi.
262 2767 291 2789 ut
305 2763 326 2790 si
337 2772 386 2799 qtta
401 2765 426 2792 in
443 2767 545 2802 Angliac
559 2773 587 2796 ct
603 2769 752 2798 Germania:
766 2771 934 2801 bibliothecis
956 2775 989 2802 ad

196 2815 254 2849 eam
273 2816 328 2838 rem
346 2816 493 2847 opportuna
510 2820 598 2842 essent
610 2836 617 2848 ,
639 2823 670 2844 ea
687 2817 762 2845 nobis
779 2818 988 2847 transmitteren-

1075 161 1134 190 tur;
1150 158 1220 193 quod
1241 167 1255 185 a
1286 159 1349 186 viris
1376 159 1462 188 doctis
1484 156 1630 197 amicisilue
1656 163 1868 193 cumulatissime

1074 203 1222 236 prtestitutn
1239 208 1281 231 est
1295 225 1301 237 ,
1319 209 1348 231 ut
1361 204 1481 240 pluribus
1503 206 1607 234 dicetur
1621 207 1699 236 infra.
1716 209 1763 236 llis
1776 215 1866 238 autem

1075 249 1190 282 peractis
1205 249 1351 278 editionem
1373 251 1407 278 ita
1430 253 1548 288 aggressi
1573 260 1676 288 sumus,
1699 259 1727 282 ut
1751 256 1866 284 minuta-

1074 295 1120 321 tim
1141 303 1202 322 mox
1216 295 1393 324 describatur.

1074 362 1088 398 §
1112 363 1155 390 ιν.
1170 379 1205 383 -
1216 364 1254 392 De
1268 366 1414 393 restauralis
1431 367 1581 402 quibusdam
1606 368 1725 396 Homilix’s
1741 374 1762 395 et
1778 369 1863 405 Opus-

1115 409 1298 443 tulis‘unteltuc
1322 410 1413 438 hiulcis
1423 416 1445 438 et
1464 421 1557 449 magna
1578 414 1618 441 sui
1633 419 1703 449 parte
1719 416 1819 443 laceris.

1111 476 1239 504 llomilias
1262 485 1314 505 non
1337 486 1453 514 paucas,
1476 487 1535 515 qua:
1554 480 1579 508 in
1598 482 1672 516 prius
1698 483 1777 510 editis
1800 491 1860 512 cum

1071 523 1174 557 ninguis
1196 523 1311 551 hiatibus
1339 525 1510 560 prodierant,
1535 534 1586 561 ope
1623 530 1862 565 manuscriptorum

1072 569 1189 603 integras
1204 577 1334 604 sanasquc
1347 571 1466 604 proferre
1480 580 1531 599 non
1553 572 1650 601 infelici
1664 580 1761 602 conatu
1775 583 1856 603 cura-

1071 615 1158 642 viutus
1172 624 1178 648 ;
1202 616 1332 651 siqttidem
1354 616 1495 645 Homiliam
1511 618 1543 646 de
1560 619 1661 647 Lazaro
1678 620 1734 654 jam
1750 629 1863 650 numero

1069 665 1171 687 sextam
1186 681 1192 693 ,
1219 669 1278 696 qua:
1302 662 1327 688 in
1347 662 1478 690 Saviliana
1504 669 1530 691 et
1551 664 1732 693 Frontoniuna
1746 667 1862 696 editione

1070 707 1171 741 paginis
1183 708 1241 742 plus
1256 709 1392 742 quaternis
1414 710 1505 736 mutila
1520 714 1588 744 erat,
1605 712 1636 738 ad
1651 713 1766 747 priscam
1785 714 1858 741 inte-

1069 752 1191 786 gritatcnt
1205 757 1317 788 quatuor
1338 756 1577 790 manuscriptorum
1604 764 1655 792 ope
1681 758 1834 786 reduximus
1851 769 1858 788 :

1069 805 1120 824 nec
1134 797 1356 826 dissimulandum
1372 805 1413 827 est
1429 808 1472 834 ea,
1486 809 1546 836 qua:
1570 803 1595 829 in
1609 804 1651 830 illa
1668 805 1796 833 concione
1810 806 1859 834 dc-

1069 845 1155 873 erant,
1171 849 1185 867 a
1201 841 1258 868 viro
1269 841 1347 869 docto
1359 842 1483 870 Benzelio
1496 844 1637 879 lragmcnti
1650 847 1773 874 anecdoti
1786 856 1860 876 more

1071 886 1162 919 paucis
1178 886 1239 913 hinc
1250 887 1328 914 anuis
1338 887 1453 922 Upsalize
1469 889 1601 924 publicata
1625 891 1707 919 fuisse
1731 900 1792 920 cum
1812 894 1861 921 ali-

1069 936 1132 965 quot
1147 931 1206 958 aliis
1219 932 1401 969 Cltrysostomi
1417 935 1565 963 anecdotis.
1583 936 1723 964 llomiliam
1740 939 1803 966 item
1825 939 1860 967 de

1069 976 1238 1009 Ahraltanto,
1252 980 1310 1012 plus
1325 987 1404 1014 quant
1428 980 1536 1007 dimidia
1551 981 1591 1008 sui
1607 987 1680 1016 parte
1696 987 1817 1010 truncant
1831 990 1859 1012 et

1068 1021 1181 1049 lacerant
1192 1043 1199 1056 ,
1211 1023 1265 1057 jam
1283 1024 1411 1058 integrant
1424 1027 1593 1060 protulimus.
1610 1027 1705 1055 Iliatus
1719 1029 1781 1056 item
1799 1038 1858 1057 ma-

1067 1075 1132 1101 gnos
1142 1069 1270 1095 sarsintns
1280 1069 1304 1096 in
1319 1070 1432 1097 llnmilia
1447 1071 1480 1099 de
1493 1072 1600 1099 Christo
1615 1073 1668 1100 Deo
1682 1079 1775 1101 contra
1787 1075 1858 1102 Geu-

1067 1114 1126 1140 tiles
1143 1133 1150 1146 ,
1171 1119 1197 1140 ct
1223 1115 1249 1140 in
1276 1116 1328 1142 alia
1348 1116 1381 1142 de.
1404 1117 1621 1145 Resurrectione.
1650 1119 1724 1147 Mitto
1750 1121 1858 1149 lacunas

1065 1159 1131 1186 alias
1145 1159 1271 1191 minores,
1285 1168 1350 1194 quas
1369 1162 1394 1187 iu
1415 1163 1504 1189 multis
1527 1164 1701 1192 coucionibus
1713 1167 1857 1200 complevi-

1067 1211 1136 1236 mus,
1163 1205 1277 1232 niaxime
1297 1214 1358 1233 vero
1375 1207 1400 1233 itt
1417 1208 1448 1233 iis
1461 1216 1519 1242 quie
1533 1209 1566 1236 de
1590 1209 1855 1245 lncomprelteusibili

1066 1255 1157 1275 contra
1184 1250 1337 1278 Anomoeos.
1359 1251 1417 1279 Una
1452 1259 1540 1281 tamen
1570 1255 1678 1283 ltomilia
1714 1263 1856 1292 superest,

1065 1302 1122 1327 quae
1139 1299 1181 1321 est
1204 1296 1319 1323 secunda
1341 1302 1432 1325 contra
1446 1299 1563 1332 Judteos,
1578 1301 1654 1337 cujus
1678 1302 1780 1330 initium
1795 1303 1856 1331 Jam

1058 1340 1246 1375 iniquumillud
1262 1346 1286 1368 cl
1305 1343 1463 1372 immundum
1478 1367 1484 1378 ,
1498 1346 1585 1375 adhuc
1604 1356 1699 1383 magna
1725 1351 1764 1377 sui
1781 1356 1856 1384 parte

1064 1384 1157 1411 mutila
1173 1407 1180 1418 ,
1195 1385 1258 1414 licet
1273 1395 1378 1415 omnem
1394 1391 1557 1418 moverimus
1576 1392 1689 1427 lapidem
1712 1399 1740 1421 ut
1755 1403 1813 1422 eam
1830 1395 1854 1422 in

1064 1430 1179 1464 priseutn
1200 1437 1298 1459 stattttu
1314 1434 1512 1463 reducerentus.
1529 1436 1612 1471 Opem
1627 1446 1657 1465 ea
1680 1439 1713 1466 de
1739 1447 1768 1467 re
1790 1441 1856 1467 ami<

1062 1483 1155 1503 corutn
1171 1478 1290 1505 omnium
1320 1480 1521 1514 imploravimus
1534 1503 1540 1515 ,
1566 1484 1636 1511 nulla
1654 1493 1705 1512 non
1719 1486 1854 1520 diligentia

1062 1521 1180 1548 adhibita
1205 1522 1263 1550 fuit.
1281 1523 1308 1551 In
1324 1527 1447 1554 omnibus
1472 1534 1544 1555 certe
1557 1549 1564 1561 ,
1586 1538 1646 1564 qum
1665 1538 1694 1558 se
1716 1533 1854 1566 patiuntur

1062 1566 1139 1598 adiri,
1162 1568 1328 1597 bibliothecis
1342 1579 1372 1598 ea
1392 1573 1571 1601 sollicitudine
1585 1576 1757 1610 perquisitum
1774 1582 1814 1603 est
1827 1583 1855 1604 ut

1061 1617 1165 1640 eertum
1188 1615 1266 1643 nobis
1281 1617 1315 1643 sit
1327 1624 1386 1644 eam
1402 1619 1444 1645 Vel
1461 1627 1590 1654 nusquam
1612 1615 1702 1647 sanam
1723 1627 1829 1649 exstare
1842 1643 1850 1655 ,

1062 1658 1102 1685 vel
1124 1658 1268 1687 admodum
1294 1662 1375 1689 latere
1387 1684 1394 1695 ,
1424 1664 1445 1690 si
1461 1665 1518 1691 talis
1532 1666 1658 1698 supersit.
1675 1666 1701 1692 In
1714 1668 1850 1701 sequenti-

1063 1703 1111 1731 bus
1125 1704 1188 1732 item
1203 1706 1281 1733 tomis
1308 1707 1390 1734 multa
1410 1709 1465 1743 pari
1486 1709 1565 1736 modo
1587 1711 1778 1745 restituentur;
1802 1721 1852 1741 nee

1060 1749 1146 1776 minor
1158 1749 1286 1777 industria
1302 1751 1326 1777 in
1340 1752 1418 1779 editis
1446 1754 1626 1782 restaurandis
1639 1763 1717 1791 quam
1729 1755 1755 1783 in
1763 1764 1849 1785 anet--

1061 1795 1135 1822 dotis
1157 1795 1282 1822 et‘ucntlis
1294 1796 1474 1825 adhibebitur.

1073 1851 1086 1887 ᾗ
1103 1851 1131 1878 ν.
1146 1867 1180 1872 --
1196 1852 1310 1885 Quantus
1322 1855 1501 1881 mtecrlvlorum
1515 1865 1632 1884 numerus
1646 1866 1712 1885 nunc
1726 1861 1835 1895 primum

1385 1900 1515 1933 e/I'cralur.

1056 1967 1061 1972 -
1093 1954 1219 1981 llomilias
1235 1956 1413 1991 opusculaque
1429 1957 1479 1985 alia
1496 1958 1614 1986 nondum
1636 1961 1733 1989 emissa
1754 1963 1848 1991 iisdem

1056 2006 1089 2026 ex
1107 1999 1215 2026 latebris
1228 2001 1377 2035 eduximus,
1388 2007 1414 2028 et
1425 2003 1530 2037 quidem
1545 2008 1618 2032 tanto
1629 2013 1739 2035 numero
1755 2013 1782 2035 ut
1792 2009 1847 2037 sola

1055 2045 1171 2078 amplum
1183 2045 1307 2072 volumen
1322 2047 1453 2074 coniicere
1465 2049 1577 2077 valeant.
1592 2050 1619 2078 ln
1633 2052 1665 2079 iis
1678 2060 1741 2081 vero
1754 2061 1846 2090 magna

1054 2090 1157 2116 cautela
1172 2090 1299 2118 utettdttm
1315 2091 1452 2127 duximus,
1467 2102 1527 2122 cum
1541 2103 1575 2123 ne
1588 2104 1636 2131 pro
1648 2097 1772 2133 legitimis
1785 2107 1847 2135 spu-

1056 2135 1092 2161 ria
1109 2134 1289 2170 proferantur,
1303 2141 1357 2164 tum
1369 2138 1448 2165 etiam
1463 2146 1496 2166 ne
1508 2142 1692 2170 consarcinata
1706 2134 1845 2178 opera,7ex

1055 2181 1143 2207 nutltis
1157 2181 1267 2209 aliarqu
1285 2183 1434 2210 orationum
1446 2186 1579 2220 cxcerptis
1593 2188 1761 2223 concinnata,
1778 2191 1844 2218 vela

1054 2227 1197 2260 nugacibus
1208 2227 1401 2262 Grteculis,‘vel
1415 2229 1449 2257 ab
1463 2230 1521 2258 aliis
1534 2232 1578 2266 qui
1593 2231 1643 2259 hac
1655 2234 1750 2262 techna
1758 2235 1844 2272 Chry-

1052 2273 1164 2300 soslomi
1188 2281 1257 2301 nova
1276 2282 1358 2309 opera
1379 2275 1567 2310 venditabant,
1584 2285 1618 2305 ne
1639 2279 1698 2312 illa,
1717 2280 1842 2316 inquam,

1052 2323 1217 2352 repetantur,
1235 2327 1286 2347 neu
1307 2321 1347 2348 bis
1368 2325 1442 2349 terre
1460 2322 1552 2350 eadem
1569 2324 1715 2358 prodeant,
1730 2327 1800 2362 quod
1815 2333 1842 2355 et

1051 2364 1121 2399 apud
1131 2364 1351 2401 Chrysostomum
1364 2371 1391 2394 ct
1403 2367 1472 2402 apud
1487 2368 1555 2396 alios
1567 2375 1673 2398 sanctos
1684 2370 1778 2401 Patres
1789 2381 1841 2401 non

1050 2410 1132 2438 semel
1146 2411 1275 2438 accidisse
1288 2413 1480 2447 comperimus.
1496 2414 1543 2440 Est
1561 2416 1641 2442 etiam
1661 2423 1720 2443 cum
1734 2419 1842 2446 mutatis

1049 2455 1183 2490 prioribus
1192 2456 1307 2484 ltomilia:
1317 2465 1365 2485 seu
1377 2459 1465 2486 verbis
1476 2467 1521 2487 seu
1534 2461 1659 2494 periodis,
1672 2469 1730 2496 qua:
1741 2464 1840 2491 eaedem

1049 2501 1157 2528 omnino
1172 2507 1233 2530 sunt
1245 2504 1406 2536 conciones,
1428 2511 1476 2539 pro
1489 2505 1548 2532 aliis
1558 2510 1596 2532 .et
1611 2506 1723 2535 diversis
1737 2509 1839 2536 haben-

1048 2551 1112 2573 tur:
1129 2548 1252 2575 nimirum
1267 2549 1366 2584 decipit
1387 2550 1461 2577 l’rons
1485 2551 1569 2585 prima
1594 2553 1709 2587 multos,
1729 2559 1757 2582 et
1778 2562 1838 2583 eum

1047 2593 1176 2627 principia
1189 2594 1308 2628 variant,
1324 2595 1357 2622 de
1371 2597 1475 2623 czeteris
1493 2601 1521 2623 ut
1543 2597 1683 2631 plurimum
1698 2607 1750 2627 non
1764 2607 1836 2635 qna;-

1047 2639 1114 2665 ritur
1128 2646 1160 2666 an
1175 2639 1268 2667 eadem
1282 2648 1315 2668 an
1330 2641 1434 2669 diversa
1448 2642 1508 2668 sint.
1525 2642 1590 2670 [lem
1605 2644 1719 2672 similem
1735 2648 1836 2681 experti

1046 2691 1138 2711 sumus
1160 2685 1184 2711 in
1210 2685 1322 2712 llomtlia
1342 2687 1375 2714 de
1389 2687 1474 2715 Natali
1494 2688 1612 2722 Christi,
1632 2690 1708 2724 cujus
1733 2692 1836 2721 inititutt

1046 2729 1195 2764 Mysterium
1205 2739 1294 2758 novum
1309 2737 1332 2759 et
1344 2733 1501 2761 admirabile.
1517 2734 1561 2761 illa
1577 2735 1647 2762 cuitu
1663 2736 1688 2763 in
1700 2737 1836 2768 codicibus

1046 2776 1178 2803 nonnullis
1199 2777 1252 2804 alio
1273 2777 1404 2813 principio
1420 2780 1547 2808 instructa
1567 2786 1627 2809 est:
1645 2783 1707 2818 qttid
1721 2791 1792 2820 quod
1808 2786 1834 2814 in

1047 2821 1105 2848 aliis
1127 2822 1260 2850 endit-ibus
1280 2823 1416 2852 Athanasii
1438 2825 1636 2862 Arcltiepiscopi
1663 2829 1834 2860 Alexandrini
