2024 3106
187 117 232 136 (III

186 174 284 193 nomen
311 166 435 202 prmtcrt.
460 166 550 194 ntnltis
573 171 633 202 post
653 167 756 194 initium
772 168 941 194 couunutatis
957 173 983 195 et

185 212 293 239 aliunde
309 212 447 239 corrosis?
458 212 522 240 Eam
537 220 616 247 porro
626 212 742 240 Savilius
757 216 830 247 putat
843 219 872 239 se
890 212 985 247 legisse

186 257 334 285 admixtam
347 258 424 286 alteri
434 258 566 289 concioni.
577 266 625 286 nec
636 259 754 293 assignat
765 258 851 285 locum
866 268 872 286 :
884 258 985 286 Fronto

185 307 274 330 autem
292 303 407 331 Ducrcus
431 304 500 331 inter
521 304 609 339 spuria
629 305 772 339 ablegavit.
796 304 830 331 lis
853 304 983 338 permoti,

185 351 244 384 quia
257 350 338 377 nobis
351 350 470 384 suspicio
483 354 524 377 est
537 357 596 377 eam
611 357 625 376 a
640 350 756 377 librariis
770 350 811 378 vel
824 355 980 377 tcmeratant

185 396 288 426 fuisse.
310 395 352 422 vel
375 403 407 423 ett
426 396 493 423 locis
508 395 630 423 alicunde
650 396 783 430 cxcerptis
807 395 981 428 adornatam.

187 449 246 468 cum
262 441 380 468 nonduin
396 441 460 476 quid
475 442 545 468 circa
565 442 635 468 illam
649 447 737 469 actum
752 442 786 469 sit
800 442 864 469 satis
883 442 982 469 intelli—

185 495 297 522 gamus,
314 489 340 515 in
361 493 518 523 sequentem
543 493 642 515 tomum
665 488 853 516 reservandum
875 489 982 516 censui-

186 541 256 566 mus,
274 538 350 561 extra
368 534 504 568 proprium
517 533 620 561 scilicet
634 534 720 561 locum
732 555 738 567 ,
755 541 788 561 ne
809 539 980 569 posteaquam

186 580 257 606 illam
272 579 463 610 edidissemus.
479 587 511 607 ex
525 579 630 607 assidua
646 580 803 608 tractatione
816 580 915 615 aliquid
932 580 980 607 im-

185 630 337 659 portaretur
353 626 426 652 novi.
440 626 560 653 l‘rol’ccto
572 630 698 660 quantum
714 626 802 653 fucum
817 626 928 653 fecerint
939 630 979 653 tc-

186 671 292 698 mcrarit
316 672 353 698 illi
374 676 420 698 :itit
434 671 602 707 bibliopolae,
623 676 668 698 aut
682 671 796 700 Gra‘culi
819 672 978 706 scriptores,

189 717 233 743 vix
259 718 392 752 quispiam
417 717 511 744 credat
534 717 585 744 nisi
607 721 737 752 expertus
752 726 759 744 :
776 717 978 750 homilia,verbi

183 770 274 794 causa,
284 763 310 789 in
321 763 572 796 Annuntiationem,
582 770 640 798 quae
654 765 679 790 in
695 763 813 790 sccttndo
824 766 896 790 tonio
910 763 980 790 inter

183 809 272 843 spuria
287 809 372 836 locum
388 809 475 839 habet,
490 809 618 843 enjusque
631 809 732 836 initium
749 813 789 836 est
804 808 902 836 Rursus
915 809 979 836 lculi-

184 856 224 880 titr
235 855 298 890 felix
311 855 427 887 nuntius,
441 855 465 882 in
481 864 533 881 non
548 855 636 889 paucis
651 855 787 882 codicibus
794 855 976 890 Clii'ySOstomi

183 910 278 928 nomen
290 902 395 936 prati-rt
406 910 412 931 :
423 902 448 928 in
458 902 517 928 aliis
524 901 653 937 Gregorio
660 901 867 929 Ncoczesaricnsi
877 902 978 929 adscri-

184 947 263 979 bitur,
280 952 359 982 atque
373 947 434 974 ideo
448 948 516 975 inter
529 947 648 982 Gregorii
663 948 884 976 Neocicsariensis
895 956 976 983 opera

181 993 251 1019 edita
265 993 322 1019 fuit.
337 993 436 1020 Eadem
454 1001 528 1023 vero.
546 998 574 1020 ut
587 1002 671 1028 nuper
685 994 874 1028 comperimus,
889 994 915 1021 in
928 1002 975 1022 co-

181 1038 238 1064 dice
255 1038 303 1065 I06
318 1038 487 1066 bibliotheca:
495 1039 675 1073 Coisliniaum,
688 1040 713 1066 in
727 1040 814 1067 indice
827 1040 930 1068 scilicet
940 1041 974 1067 ad

181 1086 292 1112 frontem
315 1086 374 1112 libri
394 1086 499 1120 posito,
521 1086 626 1112 Macarii
650 1086 893 1121 Philadelphiensis
914 1094 975 1114 esse

181 1130 286 1158 dicitur.
304 1131 361 1157 Jant
384 1132 469 1158 tribus
489 1132 649 1167 adscriptam
673 1132 826 1159 auctoribus
841 1141 919 1159 unam
935 1133 976 1160 iit-

180 1177 299 1203 vcnimus
311 1177 461 1209 homiliani,
477 1177 597 1212 forteque
609 1178 634 1204 in
646 1177 702 1205 dies
714 1183 824 1212 quartus
833 1179 974 1212 quintusve

181 1222 296 1256 ejusdem
312 1227 405 1249 auctor
420 1229 549 1257 emerget.
567 1223 600 1250 Ut
620 1223 700 1258 igitur
717 1228 774 1250 tuto
794 1223 820 1251 in
835 1223 885 1250 hac
902 1228 972 1250 tanta

180 1269 336 1303 supellectili
359 1270 448 1295 omnia
463 1269 650 1304 disponantur,
667 1270 772 1296 nonnisi
790 1274 850 1304 post
863 1277 972 1297 accura-

179 1319 229 1341 tam
246 1315 466 1350 perqiiisiiionem
481 1314 538 1341 lia'c
555 1322 621 1341 nova
636 1320 662 1341 et
682 1323 776 1342 recens
792 1319 866 1342 eruta
883 1315 908 1342 in
923 1323 971 1350 pii-

179 1360 274 1387 blicuin
297 1360 457 1387 efferimus:
475 1368 559 1394 cuque
583 1361 695 1387 consilio
723 1368 821 1395 paucas
846 1361 972 1388 homilias

179 1405 320 1433 aiiecdotas
341 1406 366 1432 in
388 1405 492 1432 duobus
509 1406 640 1439 prioribus
665 1407 744 1432 tomis
759 1406 870 1439 damus;
888 1410 916 1433 ut
937 1414 969 1433 ex

179 1451 330 1484 quotidiano
344 1459 392 1477 usu
408 1450 471 1485 quid
494 1450 528 1478 de
550 1451 610 1478 aliis
630 1451 795 1479 censendum
815 1452 848 1479 sit
868 1453 971 1479 catitius

180 1501 315 1522 statuatur.
331 1496 449 1523 Cit-teras
470 1497 496 1523 in
514 1498 688 1531 sequentibus
710 1498 789 1524 tomis
800 1518 807 1530 ,
822 1503 850 1525 et
861 1498 968 1533 quidem

179 1543 342 1577 congruenti,
360 1547 488 1577 quantum
503 1542 540 1569 fas
552 1543 613 1575 crit,
627 1542 720 1571 ordine
736 1543 892 1571 locabimus.
904 1543 971 1571 Sunt

179 1595 256 1622 porro
269 1589 321 1616 illzc
336 1597 434 1624 magno
448 1596 570 1621 numero,
583 1589 702 1623 variique
713 1590 872 1625 argumenti.
885 1588 971 1617 Cirte—

179 1643 234 1662 rum
248 1635 316 1663 inter
331 1636 389 1662 illas
403 1635 527 1662 liomilias
537 1644 552 1663 e
564 1635 680 1663 tenebris
693 1644 762 1663 nunc
776 1636 890 1671 primum
905 1636 970 1664 edu-

177 1685 231 1708 ctas
244 1681 391 1716 principem
408 1682 530 1709 obtinent
553 1682 639 1709 locum
656 1690 724 1710 unus
738 1687 764 1710 et
783 1683 889 1718 triginta
912 1691 969 1710 ser-

179 1734 269 1754 mones
293 1728 320 1754 in
348 1728 488 1761 l’saliiios,
510 1728 554 1762 qui
581 1728 606 1755 in
629 1728 748 1763 ejusdem
771 1730 969 1756 commentariis

179 1773 305 1801 hactenus
318 1773 551 1807 desiderabantur,
566 1782 651 1809 exque
665 1775 819 1810 Anglicanis
834 1775 969 1802 codicibus

177 1819 242 1845 eruti
254 1824 326 1846 sunt.
342 1820 443 1847 llorum
459 1820 603 1855 apograplii
623 1825 724 1856 partem
732 1821 812 1848 nobis
823 1821 969 1848 transmisit

177 1865 216 1891 vir
239 1865 437 1892 illustrissimus
457 1865 488 1892 D.
514 1866 632 1894 Joannes
655 1866 796 1899 Potterus,
820 1867 968 1902 Episcopus

176 1911 343 1944 Oxoniensis,
360 1919 413 1938 non
424 1913 511 1939 minus
523 1912 674 1940 eruditione
685 1933 692 1945 ,
710 1920 788 1947 quant
803 1913 968 1940 humanitate

176 1958 345 1992 conspicuus,
366 1958 412 1992 qui
433 1958 523 1984 multis
545 1958 745 1993 iusignibusque
764 1958 889 1993 operibus
911 1966 967 1986 rem

175 2001 317 2029 literariam
331 2003 490 2036 exornavit;
506 2007 602 2030 cretera
617 2004 691 2030 brevi
709 2004 923 2036 transmissurus,
940 2009 968 2031 ut

176 2056 282 2084 sperare
292 2049 380 2084 jubet.
395 2049 457 2076 llzcc
471 2057 536 2077 sane
555 2054 626 2077 tanta
642 2050 840 2077 commentariis
854 2050 879 2077 in
895 2050 967 2077 Psal-

176 2101 232 2122 mos
250 2096 373 2123 accessio
389 2103 510 2131 magnam
525 2097 563 2124 rei
576 2097 771 2124 Ecciesmsticac
791 2097 967 2132 literariicque

174 2140 298 2168 studiosis
313 2141 433 2168 ltetitiam
449 2142 534 2177 pariat
547 2147 663 2177 oportet.

176 2196 190 2232 ᾗ
203 2196 283 2224 νι-
299 2196 337 2224 De
352 2197 447 2233 ingenti
466 2206 568 2233 operum
588 2207 705 2231 numero,
720 2207 777 2235 qua:
795 2199 965 2235 Chrysoslontt

432 2252 521 2270 nomrn
536 2245 712 2272 ementiuntur.

206 2301 235 2328 ln
249 2301 294 2328 illa
308 2309 373 2328 vero
390 2305 461 2328 tanta
477 2301 667 2328 anecdotorum
683 2302 776 2337 sylva,
791 2302 881 2336 spuria
899 2302 966 2329 bene

174 2347 253 2373 niuila
267 2347 449 2382 reperittntur.
462 2346 526 2374 Nam
540 2348 670 2374 innumeri
686 2355 753 2383 pene
768 2347 893 2379 Gi'a'culi.
913 2356 966 2376 non

174 2392 276 2428 ingenio
293 2393 383 2420 minus
395 2414 402 2426 ,
417 2402 495 2428 qttaut
511 2398 588 2421 :etate
602 2394 721 2429 dispares
731 2416 737 2427 ,
757 2403 818 2422 cum
834 2403 883 2422 nec
898 2395 965 2423 fama

173 2438 376 2466 celebrarentur
396 2447 446 2466 nec
465 2444 557 2474 suapte
578 2447 660 2474 opera
681 2448 777 2468 nomen
799 2441 848 2468 sibi
871 2449 966 2477 parcre

174 2491 249 2518 posse
263 2484 440 2517 confiderent,
453 2490 572 2513 inutiialo
584 2486 768 2522 Cltrysostonti
783 2489 902 2519 nomine,
915 2488 965 2515 ali-

173 2537 248 2564 quam
264 2524 409 2564 sperabant
429 2532 533 2566 scriptis
552 2533 607 2559 suis
621 2532 699 2568 adjici
713 2533 887 2568 dignitatem;
904 2534 965 2573 hinc

174 2575 268 2602 accidit
291 2581 319 2603 iit
341 2576 497 2612 plerumque
519 2577 703 2612 imperitorttm
727 2579 863 2606 hominum
889 2580 966 2615 nugis

176 2621 242 2648 tnale
256 2627 352 2649 auctus
368 2623 403 2649 sit
418 2629 470 2650 tam
485 2625 582 2658 peritus
593 2625 699 2653 artifex.
713 2626 769 2653 Nan
786 2626 842 2654 [iure
853 2635 903 2654 una
918 2626 966 2654 fuit

179 2672 228 2693 tam
243 2668 369 2695 immanis
383 2670 543 2697 accessionis
559 2679 657 2700 causa:
673 2672 802 2707 siquidem
815 2673 965 2708 bibliopola:

181 2716 295 2745 veteres,
312 2717 341 2739 ut
355 2712 437 2740 libros
447 2714 526 2748 plttris
535 2716 690 2750 venderent,
702 2718 839 2752 prmmisso
853 2719 965 2746 ementi-

182 2760 257 2791 toquc
266 2757 450 2794 Chrysostomi
464 2761 579 2795 nomine,
589 2767 723 2797 emptores
733 2763 781 2791 hac
795 2769 852 2792 arte
863 2764 964 2792 allicie—

184 2801 252 2829 liant.
270 2802 309 2830 Ex
326 2804 378 2830 illis
390 2812 454 2832 vero
467 2807 561 2840 spuriis
573 2815 602 2835 ea
615 2809 699 2836 solum
711 2810 848 2844 publicare
859 2811 964 2838 animus

186 2851 233 2880 est,
244 2855 303 2882 qua:
318 2849 426 2881 alicuius
438 2856 496 2878 sunt
511 2855 634 2882 momenti
646 2864 651 2882 ε
662 2861 757 2883 caetera
770 2861 860 2884 autem
875 2858 962 2886 incrta

907 92 1095 138 t‘thtit’lt'no.
1789 122 1832 142 xw

1041 172 1120 202 atque
1133 165 1226 200 iutilia,
1236 171 1326 202 utpote
1335 166 1413 202 digna
1427 167 1553 200 tenebris,
1566 167 1663 195 intacto
1675 168 1829 196 manebunt.

1040 212 1077 239 Ex
1102 212 1134 239 iis
1154 219 1218 240 vero
1230 213 1329 247 spnriis
1340 233 1347 245 ,
1362 221 1422 248 qua:
1436 213 1550 241 Savilius
1564 218 1591 241 et.
1605 213 1704 241 Fronto
1719 214 1830 242 Duczcus

1034 257 1089 292 jam
1107 258 1203 292 publici
1222 258 1292 293 juris
1305 257 1438 291 fecerant,
1458 259 1559 286 nullum
1574 260 1828 293 pr.rtcriiiittenduin

1037 303 1172 336 duximus,
1188 311 1221 331 ne
1236 304 1299 339 quid
1316 305 1341 331 in
1355 305 1472 332 editione
1490 311 1579 332 nostra
1594 305 1740 333 desiderari
1755 306 1829 333 vide-

1037 353 1130 376 retur:
1145 350 1251 377 tametsi
1267 350 1336 377 intcr
1351 350 1406 382 illa,
1423 351 1533 384 plurima
1548 355 1622 378 certe
1634 356 1697 378 sunt
1711 351 1770 378 luce
1785 352 1828 379 iit-

1036 394 1126 429 digna,
1141 403 1200 429 quze
1214 403 1294 422 nemo
1307 403 1388 423 sanus
1401 396 1459 423 sine
1476 396 1614 423 stomacho
1628 397 1716 432 legere
1732 398 1826 432 possit.

1036 439 1090 467 Nec
1104 441 1176 467 venit
1190 441 1215 468 in
1232 446 1348 468 mcutcm
1361 449 1410 468 cur
1429 441 1560 474 Savilius,
1582 442 1627 477 qui
1652 443 1732 470 multa
1753 443 1826 478 ejus-

1037 488 1106 515 modi
1119 487 1203 516 fotilia
1216 489 1343 523 opuscula
1353 510 1359 520 ,
1374 497 1486 524 quorum
1498 489 1645 524 catalogiim
1657 489 1713 523 ipse
1728 490 1824 522 texuit,

1034 541 1063 560 se
1084 535 1207 562 consulto
1222 535 1302 562 missa
1325 535 1418 562 fecisse
1435 534 1583 569 proﬁtetur,
1600 539 1637 562 tot
1649 535 1715 563 alias
1733 535 1825 570 hujus-

1034 580 1104 606 modi
1119 588 1221 607 merces
1236 580 1312 608 nobis
1320 580 1457 613 obtulerit,
1469 588 1537 615 quas
1543 587 1608 607 sane
1616 581 1722 608 :ctcrnis
1732 580 1825 616 dignas

1033 633 1092 652 esse
1110 626 1227 653 tenebris
1242 634 1321 652 nemo
1337 634 1388 653 non
1406 625 1525 653 fateatur.
1540 626 1566 653 Id
1581 627 1649 654 haud
1665 627 1745 654 dubie
1756 628 1824 654 acci-

1033 670 1082 703 dit,
1097 671 1157 705 quia
1172 672 1197 698 in
1213 675 1284 698 tanta
1299 679 1409 706 operum
1428 671 1500 708 sylva
1511 691 1518 703 ,
1539 671 1566 699 in
1581 676 1654 699 tanto
1673 672 1822 699 orationum

1032 715 1157 749 decursu,
1169 723 1221 743 non
1235 725 1280 751 par
1292 721 1396 751 semper
1406 722 1447 744 est
1457 717 1560 744 animus
1575 725 1660 752 neque
1671 717 1739 745 idem
1749 725 1808 745 men
1817 733 1823 737 -

1033 761 1066 787 tis
1088 761 1233 796 judiciique
1256 763 1333 790 situs.
1354 762 1444 797 Neque
1459 763 1523 790 satis
1541 762 1682 790 habuimus
1702 763 1792 798 spuria
1809 773 1822 791 a

1030 807 1165 841 germanis
1176 809 1375 842 segregat-isse:
1388 808 1420 835 ad
1430 808 1556 843 majorem
1569 808 1665 843 quippe
1675 809 1823 836 distinctio-

1031 860 1091 879 nem
1106 852 1149 879 illa
1163 853 1195 879 ad
1211 853 1291 880 tinem
1306 853 1436 888 cujusque
1446 854 1586 881 voluminis
1599 854 1782 889 ablegavinius
1792 862 1822 881 ac

1030 899 1173 926 minutioro
1187 899 1342 927 charactere
1356 899 1398 927 edi
1413 899 1563 926 (ξυνίει-ἡυεῖς
1574 921 1581 933 ,
1595 900 1682 927 habita
1693 904 1820 935 quantum

1030 944 1103 972 licuit
1123 946 1272 980 argumenti
1289 946 1409 974 ratione:
1427 954 1478 973 non
1494 947 1565 973 enini
1583 953 1690 980 semper
1709 954 1739 974 ea
1762 954 1822 981 qua:

1029 999 1080 1018 una
1101 991 1169 1018 serie
1185 992 1304 1026 ponenda
1322 991 1480 1020 videbantur
1495 992 1589 1020 eodem
1606 993 1630 1019 in
1645 996 1717 1019 temo
1733 992 1822 1020 locare

1029 1038 1173 1072 potuimus,
1189 1047 1221 1065 ne
1235 1039 1315 1065 nimia
1329 1038 1548 1066 foretvoluminis
1557 1038 1649 1066 moles.
1661 1038 1744 1066 Dubia
1757 1045 1821 1065 vero

1027 1091 1120 1118 opera,
1133 1092 1192 1119 qua:
1207 1092 1259 1111 non
1271 1092 1353 1119 parvo
1364 1088 1426 1111 sunt
1440 1092 1566 1116 numero,
1577 1084 1610 1112 ad
1625 1084 1723 1112 calcem
1731 1083 1822 1119 genui—

1027 1137 1124 1156 norum
1136 1130 1229 1157 eadem
1243 1129 1404 1157 cbaracteris
1418 1130 1502 1157 forma
1516 1130 1662 1164 posuimus,
1675 1129 1819 1164 praemissis

1027 1176 1256 1204 admonitionibus
1269 1181 1296 1204 et
1313 1175 1401 1203 allatis
1414 1175 1551 1203 dubitandi
1565 1175 1663 1203 causis.

1028 1241 1042 1275 ᾗ
1057 1241 1190 1269 Vll.——De
1203 1242 1278 1269 uuriis
1291 1241 1437 1268 lectionibus
1449 1246 1523 1275 atque
1535 1241 1610 1274 notis,
1620 1240 1697 1276 deque
1707 1240 1816 1271 monitis,

1176 1296 1231 1323 quo:
1241 1288 1274 1314 ad
1287 1287 1388 1323 singula
1401 1295 1477 1321 opera
1491 1287 1665 1322 prwmisimtis.

1063 1342 1156 1370 Varias
1171 1343 1300 1370 lectiones
1315 1351 1346 1370 ex
1362 1343 1547 1377 inattuscriptis
1561 1347 1652 1370 erutas
1667 1342 1692 1369 in
1708 1342 1758 1369 ima
1771 1350 1818 1377 pa-

1026 1388 1085 1422 gina
1100 1388 1237 1422 posuimus
1250 1396 1296 1415 cas
1311 1388 1408 1420 solum,
1424 1397 1482 1424 quzu
1495 1389 1608 1422 alicujus
1619 1389 1746 1415 momenti
1758 1396 1818 1415 esse

1024 1434 1182 1461 videbantur
1195 1444 1201 1462 :
1214 1443 1285 1467 nam,
1302 1436 1323 1463 si
1339 1442 1432 1462 omnes
1443 1435 1501 1462 sine
1511 1435 1615 1463 delectu
1630 1435 1817 1467 cdidissemus,

1028 1481 1053 1507 iii
1070 1481 1178 1508 nimiam
1195 1482 1291 1508 inolcin
1306 1482 1378 1508 nullo
1392 1490 1480 1516 operm
1495 1482 1579 1516 pretio
1595 1481 1724 1509 crevisset
1738 1489 1814 1517 opus,

1023 1527 1093 1560 quod
1107 1528 1160 1560 jam
1175 1528 1297 1562 quemvis
1311 1528 1470 1562 scriptorem
1483 1527 1605 1554 Gra‘cuni
1616 1527 1685 1554 mole
1697 1532 1814 1562 superat.

1023 1571 1104 1599 Notas
1116 1573 1238 1606 ponimus
1254 1572 1348 1600 breves
1359 1594 1366 1605 ,
1380 1573 1422 1600 ubi
1439 1580 1548 1600 necesse
1562 1572 1682 1600 ducimus
1696 1580 1756 1600 esse
1771 1581 1777 1599 :
1793 1573 1815 1599 si

1023 1626 1073 1653 qua
1090 1626 1153 1646 vero
1175 1619 1303 1654 majorem
1320 1619 1459 1654 requirunt
1482 1618 1711 1654 disquisitionem,
1732 1626 1763 1645 ea
1784 1619 1815 1645 ad

1023 1665 1148 1691 trutinam
1165 1666 1352 1692 examinantur
1367 1665 1391 1691 in
1407 1665 1515 1691 monitis
1526 1686 1532 1697 ,
1547 1672 1607 1699 quin
1625 1664 1649 1691 in
1667 1663 1752 1691 fronte
1766 1672 1813 1690 cu-

1020 1709 1117 1745 jusque
1133 1710 1191 1737 libri
1208 1710 1248 1737 vcl
1263 1710 1379 1737 lioniiliie
1395 1710 1610 1745 pra-mittuntur:
1625 1717 1655 1736 re
1674 1713 1761 1736 tanien
1777 1710 1815 1736 sic

1023 1761 1166 1791 temperata
1177 1777 1183 1789 ,
1201 1761 1230 1783 ut
1244 1764 1303 1784 cuin
1320 1756 1410 1791 plures
1423 1756 1543 1791 ejusdem
1563 1756 1712 1790 argumenti
1729 1757 1816 1783 conli-

1022 1808 1073 1828 nua
1087 1802 1156 1829 serie
1171 1806 1305 1836 ponuntur
1318 1803 1469 1833 orationes,
1487 1809 1567 1828 unmn
1585 1809 1632 1836 pro
1645 1801 1677 1828 iis
1691 1802 1815 1829 omnibus

1022 1851 1046 1872 et
1070 1846 1181 1880 singulis
1197 1847 1325 1874 monitum
1347 1847 1371 1874 in
1396 1847 1483 1874 fronte
1506 1847 1603 1882 prioris
1623 1846 1734 1874 locetur.
1749 1846 1814 1880 Quzc

1021 1891 1127 1925 quidem
1143 1892 1242 1918 monita
1253 1892 1357 1924 lectori,
1373 1896 1400 1918 ut
1413 1900 1504 1927 spero,
1518 1900 1568 1919 nec
1580 1892 1681 1926 ingrata
1701 1899 1750 1919 nec
1768 1892 1810 1919 iii-

1022 1936 1095 1963 utilia
1116 1936 1202 1964 futura
1218 1941 1290 1964 sinit.
1305 1937 1414 1964 lllulttiiu
1428 1937 1499 1965 enim
1519 1937 1594 1972 juvat
1607 1937 1640 1964 ad
1663 1937 1813 1972 intelligen-

1022 1982 1084 2009 tiain
1101 1982 1215 2010 homilim
1239 1983 1279 2010 vel
1303 1983 1449 2015 orationis,
1473 1983 1494 2010 si
1518 1991 1570 2018 qua
1592 1983 1742 2016 occasione,
1763 1991 1815 2018 quo

1022 2033 1142 2065 tempore
1153 2051 1160 2063 ,
1182 2037 1196 2056 a
1219 2030 1315 2066 quibus
1337 2030 1458 2057 inductus
1471 2035 1561 2058 orator
1573 2037 1602 2057 ea
1617 2029 1650 2056 de
1663 2036 1693 2057 re
1707 2030 1815 2057 concio-

1021 2083 1082 2103 iicm
1106 2076 1242 2110 habuerit,
1266 2076 1348 2104 lector
1361 2076 1499 2103 edidicerit
1512 2084 1518 2102 :
1533 2080 1559 2103 et
1574 2076 1595 2102 si
1610 2083 1668 2111 quin
1684 2075 1814 2110 legentem

1022 2121 1120 2149 morari
1134 2126 1277 2156 poterant,
1291 2127 1433 2158 antequam
1451 2122 1528 2149 lectio
1544 2121 1664 2155 adeatur,
1680 2120 1816 2156 explicen-

1021 2173 1072 2194 tur.
1089 2168 1154 2195 llltid
1168 2177 1232 2195 vero
1245 2168 1376 2195 commodi
1392 2168 1417 2194 in
1436 2168 1510 2203 prius
1525 2167 1602 2195 editis
1617 2174 1727 2202 prorsus
1739 2167 1812 2194 desi-

1020 2215 1174 2242 derabatur.
1189 2215 1216 2242 lii
1230 2215 1302 2242 hisce
1317 2215 1426 2242 monitis
1441 2222 1494 2241 non
1511 2213 1695 2249 iiifrequcntcr
1706 2221 1719 2239 a
1733 2212 1813 2240 Tille-

1020 2262 1112 2288 montii
1141 2262 1273 2288 sententia
1305 2261 1489 2293 deflectimus;
1514 2260 1575 2287 licet
1600 2260 1672 2287 enim
1698 2259 1755 2294 ejus
1780 2260 1812 2286 ad

1020 2307 1159 2334 historiam
1183 2307 1398 2335 Ecclesiasticam
1422 2305 1605 2333 illustrandam
1625 2306 1812 2332 concinnatum

1019 2359 1086 2386 opus
1113 2352 1200 2387 magni
1224 2351 1371 2384 faciamus,
1396 2359 1448 2378 non
1473 2359 1555 2386 pauca
1583 2356 1670 2377 tamen
1694 2355 1772 2381 sunt.
1787 2354 1813 2377 in

1020 2398 1116 2432 quibus
1131 2406 1190 2425 cum
1204 2405 1218 2424 a
1234 2405 1296 2424 vero
1309 2397 1449 2424 aberrasse
1462 2401 1596 2431 putamus.
1609 2395 1688 2423 Certe
1702 2403 1812 2423 accura-

1021 2443 1094 2471 tione
1120 2443 1164 2470 ille
1183 2450 1214 2470 ac
1235 2442 1371 2478 diligentia
1395 2441 1496 2470 nemini
1518 2441 1640 2469 concedit
1654 2450 1661 2469 :
1675 2441 1764 2468 omnia
1788 2441 1813 2467 in

1020 2489 1135 2516 medium
1152 2487 1240 2521 affert,
1255 2488 1358 2523 singula
1375 2487 1493 2520 discutit,
1512 2487 1689 2514 nihilomittit
1707 2494 1813 2520 eorum,

1023 2543 1082 2570 qum
1095 2535 1127 2561 ad
1144 2542 1199 2562 rem
1217 2535 1250 2562 de
1263 2543 1313 2569 qua
1326 2534 1412 2570 agitur
1425 2532 1616 2568 explorandam
1631 2532 1770 2560 conferunt
1781 2542 1786 2561 ;
1799 2541 1812 2558 a

1021 2581 1191 2616 pra-judicata
1207 2579 1333 2615 opinione
1348 2581 1443 2607 mirum
1463 2583 1589 2613 quantum
1606 2581 1639 2604 sit
1652 2578 1765 2604 alienus.
1784 2578 1813 2604 In

1017 2627 1119 2662 judicio
1134 2631 1221 2653 tamen
1235 2625 1346 2654 ferendo
1359 2633 1411 2653 n0n
1428 2633 1535 2659 semper
1545 2624 1601 2659 pari
1618 2623 1742 2650 felicitate
1755 2631 1814 2658 [ιι-υς

1019 2672 1104 2705 cedit;
1122 2672 1168 2699 scd
1184 2677 1245 2699 tunc
1259 2672 1338 2699 etiam
1352 2672 1385 2698 ob
1398 2671 1559 2705 diligentiam
1577 2669 1648 2695 utilis
1663 2668 1703 2695 vel
1719 2668 1750 2695 iis
1769 2669 1813 2704 qui

1019 2719 1158 2746 adversam
1182 2722 1289 2747 tuentur
1309 2718 1473 2753 opinionem.
1489 2716 1528 2744 Ad
1545 2717 1602 2743 huic
1614 2723 1678 2742 vero
1701 2723 1760 2751 quat
1779 2716 1813 2743 de

1021 2765 1123 2792 Joanne
1135 2764 1328 2800 Clirysostomo
1341 2764 1383 2791 ille
1395 2764 1549 2797 scripserat,
1562 2762 1606 2789 diu
1620 2767 1680 2797 post
1694 2769 1751 2795 (‘juS
1766 2761 1810 2787 ob-

1019 2813 1083 2840 itum
1100 2817 1162 2839 sunt
1176 2812 1200 2839 in
1216 2811 1301 2839 lucem
1314 2811 1427 2843 emissa;
1445 2817 1492 2836 nec
1504 2808 1589 2844 potuit
1601 2817 1643 2842 ca,
1655 2816 1713 2844 quat
1724 2806 1812 2834 minus

1021 2863 1144 2886 accurate
1159 2858 1244 2892 posita
1259 2856 1331 2884 erant
1345 2877 1351 2887 .
1367 2855 1559 2892 posterioribus
1574 2855 1645 2882 curis
1658 2853 1766 2881 sarcire.
