2024 3106
209 126 242 148 xv
825 112 857 140 ι).
877 110 907 138 Β.
928 108 973 137 DE
991 107 1021 138 Mt

1073 105 1222 135 FEAUCON
1800 107 1843 133 x‘vt

246 177 338 204 Varias
352 175 480 203 lectiones
495 178 522 201 et
535 175 611 200 notas
626 169 734 199 ilenriei
747 169 837 197 Savilii
848 173 874 196 et
887 167 1001 195 Fronto-

210 226 252 252 nis
272 222 363 251 Dttcmi
383 229 436 249 non
459 221 576 255 integras
598 218 712 246 damus:
727 223 788 244 nam
810 223 843 242 ex
862 212 1003 242 Savilianis

210 272 280 298 uotis
296 269 386 296 multae
399 268 491 295 Grteca
507 265 656 300 respiciunt
669 261 856 293 restauranda,
870 268 929 295 quat
943 266 1004 286 cum

211 317 243 343 ad
259 316 337 344 ﬁdem
352 313 595 348 manuscriptorum
608 310 663 346 jam
675 317 689 336 a
701 308 779 336 nobis
791 306 929 335 emendata
946 306 1005 333 fue-

212 363 275 395 rint,
290 368 418 397 quorsum
433 359 485 386 ilhe
500 363 582 390 notm,
594 357 646 384 nisi
660 360 688 383 ut
699 355 755 390 jam
768 357 855 381 actunt
873 351 1004 387 agendum

213 417 273 437 esse
288 407 432 436 moneant?
443 406 518 433 Nota:
531 412 598 432 vero
609 402 799 430 Frontoniana:
814 400 865 427 illcc
875 421 883 432 ,
898 406 959 433 quce
973 397 1006 425 de

213 453 370 490 corrigenda
383 451 604 487 interpretatione
614 449 708 477 Latina
716 447 801 475 veteri
811 447 924 482 agebant
935 445 1008 479 (sunt

214 506 304 528 autem
324 499 425 527 emdem
439 498 504 533 ipsa:
522 503 635 524 numero
649 494 764 529 multm),
777 493 831 528 jam
845 498 956 528 prorsus
967 491 1007 518 in-

215 548 295 576 utiles
308 549 408 578 essent,
419 544 525 580 quando
536 551 567 571 ea
582 542 625 570 vel
634 540 773 570 emendata
787 540 845 572 fuit,
858 539 899 567 vel
911 538 1008 573 rejecta

217 601 293 620 nova:
307 589 521 626 interpretationi
536 589 624 616 locum
638 587 722 615 dedit.
737 587 810 614 Alias
822 585 884 613 item
896 585 1011 612 Fronto-

217 639 258 666 nis
273 637 364 664 Duczei
376 640 463 669 ttotas,
478 635 504 662 iit
518 634 614 670 quibus
626 633 698 660 varia
712 631 894 666 Chrysostomi
908 631 966 657 loca
977 628 1010 656 ad

218 683 288 711 idem
299 686 484 717 argumentum
494 680 642 715 spectantia
652 678 783 713 congerit,
795 677 910 712 exempli
919 683 1008 708 causa,

218 736 279 756 cum
292 727 446 763 dejejunio,
459 727 492 754 de
503 725 685 758 ntatrimonio,
699 724 732 751 de
743 723 892 750 humilitate
906 722 1009 757 agitur:

220 775 288 807 illas,
300 775 419 809 inquam,
431 777 509 800 notas
527 771 627 806 pariter
645 769 884 806 pratterntisimus:
899 771 1012 802 quanta-

220 828 334 856 cumque
355 820 426 848 enim
443 817 596 854 hnjusmodi
619 816 697 844 simul
720 820 862 851 ponantur,
885 813 911 841 id
934 820 1013 839 num-

220 875 299 902 quam
315 870 386 894 tattta
402 864 572 893 accuratione
589 862 768 898 pmstabitur,
781 864 879 896 quanta
890 859 915 886 in
926 858 1014 885 Iudice

222 912 353 947 generali,
371 911 415 938 ubi
429 910 518 938 omnia
532 909 642 936 omnino
658 907 715 935 loca
732 906 765 934 ad
785 906 854 933 idem
874 912 1015 940 argumen-

223 963 279 984 tum
296 955 454 991 pertinentia
470 955 520 982 sub
534 961 588 981 uno
603 957 749 988 conspectu
771 951 939 980 locabuntur.
952 950 1017 976 Bre-

223 1003 312 1030 vitatis
330 1003 410 1038 igitur
423 1009 503 1029 causa
515 1006 592 1028 notas
603 999 695 1028 Savilii
713 1003 739 1026 et
753 997 897 1025 Frontonis
910 996 1013 1030 delegi-

225 1057 298 1081 mus,
310 1054 336 1076 ct
353 1048 385 1075 ad
404 1048 504 1076 calet-nt
524 1047 653 1081 cujusque
671 1045 735 1073 tonti
755 1043 892 1079 posuimus
910 1049 955 1069 eas
973 1049 1012 1068 so-

225 1097 295 1129 tum,
310 1102 370 1130 qua:
391 1094 548 1130 videbantur
565 1092 598 1120 ad
617 1100 671 1120 rem
692 1088 876 1126 explicandam
889 1091 1018 1122 opportu-

226 1149 276 1168 me.

225 1214 409 1250 μαψ-[ιε
425 1213 642 1247 interpretatione
660 1211 756 1237 Latina
773 1216 881 1237 onerum
896 1209 1014 1242 chryso-

236 1255 241 1258 ⁴
258 1262 347 1289 stanti.
369 1261 527 1288 Retinentur
543 1259 662 1294 pristiuw
682 1256 913 1290 interpretationes
933 1253 1016 1282 variis

259 1308 286 1334 in
311 1307 374 1333 lucis
400 1306 561 1336 cnwtzdatw;
583 1303 643 1330 libri
671 1307 773 1329 tantum
802 1302 838 1329 De
864 1299 1017 1329 sacerdotio

261 1354 327 1381 »χοὶ-[ι
341 1353 457 1379 versione
472 1353 614 1382 donantur.

259 1458 601 1493 Circa"interpretationem
623 1463 732 1491 operum
755 1454 782 1482 S.
803 1454 912 1481 Joannis
932 1452 1018 1487 Ciny-

225 1506 335 1535 sostomi
359 1505 404 1533 ditt
426 1503 577 1536 luerebam,
602 1506 630 1529 et
652 1501 721 1528 inter
743 1500 847 1528 diversa
873 1498 1019 1526 amicorum

225 1553 335 1581 consilia
356 1551 438 1579 animi
461 1549 623 1585 pendebant;
645 1547 768 1575 volebant
788 1546 834 1573 alii
856 1552 950 1572 novam
965 1551 1021 1570 ont-

227 1600 299 1628 nium
313 1596 558 1632 interpretationem
573 1601 588 1621 a
605 1601 648 1621 tne
665 1592 808 1625 adornari;
824 1590 867 1618 alii
881 1598 914 1617 ex
929 1590 1022 1625 pristi-

227 1647 268 1681 nis
283 1652 380 1680 paueas
392 1642 554 1673 conservari,
566 1640 715 1675 corrigique
726 1644 825 1671 tamen,
837 1636 1022 1664 sicubiemen-

227 1691 334 1727 datione
356 1697 422 1724 opus
444 1688 583 1715 haberent.
605 1686 667 1713 llaec
683 1693 744 1711 vero
760 1683 807 1711 fuit
826 1690 932 1717 semper
950 1682 1023 1710 ontni

229 1736 384 1778 exceptione
400 1734 529 1768 majorum
540 1733 739 1765 amicorumque
752 1730 870 1757 virorum
882 1729 1022 1762 sententia,

230 1774 317 1818 Caroli
331 1780 436 1819 Cangii,
449 1778 617 1813 Entericiqne
631 1777 736 1812 Bigotii,
748 1776 906 1811 quibuscum
917 1774 1024 1801 senibus

228 1827 333 1863 juvenis
352 1819 415 1865 oliin
431 1824 566 1857 versabar,
584 1828 611 1850 ut
625 1831 659 1851 ne
675 1822 785 1850 semotis
804 1821 967 1848 lattdatorunt
983 1819 1026 1846 in-

232 1877 377 1911 terprctum
398 1870 565 1904 versionibus
587 1876 660 1897 nicas
674 1868 876 1899 substituerent;
894 1866 919 1893 id
941 1866 1026 1900 ipsutn

231 1919 365 1956 praecipue
387 1925 435 1953 per
454 1917 544 1944 literas
576 1915 702 1943 monebat
722 1914 838 1942 Joannes
859 1911 1025 1945 Cotelerius,

231 1959 373 2001 antequam
387 1965 542 1992 Graecorum
556 1963 664 1995 Patrum
682 1961 843 1989 editionibns
856 1967 963 1987 manum
978 1959 1026 1985 ad-

233 2019 378 2049 moverent.
395 2011 486 2046 Neque
498 2018 561 2038 vero
575 2010 632 2038 sine
644 2009 731 2043 aliqua
744 2007 899 2035 temeritatis
913 2010 974 2033 nota
986 2013 1028 2032 tne

233 2065 419 2094 aggressurum
431 2056 565 2088 dicebant,
579 2060 608 2083 ιιι
618 2053 815 2082 laudatissimas
829 2053 888 2080 illas
900 2051 1029 2086 interpre-

235 2103 349 2135 tationes
362 2102 427 2130 meis
438 2106 635 2138 postponcrcnt.
651 2100 741 2135 Itaque
752 2106 804 2126 non
817 2101 847 2125 ut
857 2095 1029 2125 convertendi

235 2149 353 2177 laborem
374 2147 585 2186 snbtcrl‘ugerem
608 2145 675 2182 (non
697 2145 768 2172 enim
789 2143 975 2171 multominus
993 2142 1031 2169 la-

236 2195 308 2233 boris
321 2195 391 2222 inest
409 2194 437 2233 in
450 2192 624 2221 emendandis
643 2191 677 2219 de
691 2190 772 2218 verbo
786 2189 820 2217 ad
835 2189 944 2216 vcrbnnt
963 2188 1030 2216 alio-

237 2250 296 2279 rum
308 2240 581 2279 interpretationibus,
597 2245 676 2273 quam
691 2237 716 2264 in
730 2236 805 2263 n0ris
816 2234 1030 2270 concinnandis),

237 2288 285 2315 scd
308 2292 337 2315 ut
356 2286 436 2315 tantis
449 2286 513 2315 viris
527 2291 628 2317 morem
644 2289 782 2318 gererem,
808 2281 834 2308 in
855 2280 906 2308 ltoc
925 2279 1032 2317 demum

239 2333 375 2369 proposito
385 2331 508 2360 substiti:
524 2333 552 2357 ut
568 2336 663 2363 omnes
673 2335 781 2363 prorsus
791 2327 934 2363 Frontonis
945 2327 1033 2354 Bucari

239 2371 473 2414 interpretationes
487 2383 638 2410 servarem,
653 2375 704 2403 nisi
716 2382 777 2402 cum
788 2395 796 2408 ,
810 2373 973 2401 variantibus
986 2380 1033 2401 co-

239 2427 358 2458 dicibus,
374 2424 499 2452 mutanda
519 2422 599 2451 lectio
613 2427 670 2462 est,
690 2426 717 2450 et
732 2421 916 2456 interpretatio
929 2428 1035 2455 quoque

241 2475 358 2508 mutetur
373 2473 495 2506 oportet;
511 2468 553 2496 vel
573 2475 633 2495 cum
648 2467 698 2494 alia
712 2465 877 2501 commodior
890 2472 916 2493 et
935 2465 1035 2493 Grtl'ClS

241 2517 429 2558 congruentior
441 2525 491 2544 vox
508 2520 555 2543 aut
575 2515 700 2551 periodus
713 2514 791 2542 etiam
813 2513 903 2541 Latina
921 2520 981 2550 sese
994 2513 1036 2540 of-

243 2566 308 2600 tert;
323 2563 393 2600 quod
406 2563 587 2598 infrequentcr
599 2562 688 2590 evenit
700 2570 706 2588 :
722 2568 795 2594 nam,
807 2564 836 2587 ut
843 2559 897 2594 jant
910 2559 1035 2597 diximus,

243 2618 313 2646 inter
339 2612 456 2647 eiulatus
477 2610 636 2645 interpretes
659 2609 719 2644 jure
748 2607 848 2635 Fronto
870 2611 1035 2634 numeratur.

245 2658 347 2694 lirasmi
365 2664 470 2693 quoque
484 2661 511 2684 et
530 2655 621 2684 Jacobi
641 2654 708 2687 Billii
730 2653 866 2681 versiones
880 2652 938 2687 pari
957 2652 1038 2679 tttodo

243 2704 395 2732 retinendas
417 2703 523 2740 censui.
547 2701 667 2728 Aliorum
693 2704 782 2728 autem
807 2698 1038 2734 interpretationes

244 2755 290 2786 aut
306 2749 388 2777 variis
403 2749 429 2776 in
449 2748 515 2776 locis
529 2746 686 2779 emendatas
705 2745 876 2779 rctinuintus,
897 2752 957 2772 cum
974 2744 1039 2772 satis

245 2801 368 2831 accurate
382 2795 603 2832 Chrysostomum
622 2799 744 2822 orantem
758 2793 875 2821 referunt
885 2813 892 2824 ,
906 2793 947 2820 vel
962 2800 1038 2827 pror-

246 2852 291 2882 sus
306 2843 446 2884 rrjrcimus
459 2847 484 2869 ct
497 2848 579 2879 novas
590 2840 734 2878 edidimus,
750 2839 856 2876 quando
870 2838 921 2867 ilhc
936 2843 1039 2868 vctcrcs

1057 171 1112 191 non
1135 166 1257 197 poterant
1277 162 1379 196 medica
1400 167 1480 196 manu
1500 162 1533 190 ad
1553 162 1650 191 bonam
1672 161 1844 191 conditionem

1058 208 1188 240 revocari.
1204 208 1277 235 Alias
1309 209 1370 236 item
1385 208 1586 243 paraphrastice
1609 208 1766 240 adornatas,
1791 214 1847 242 quae

1059 254 1137 290 longo
1150 254 1293 282 verborum
1309 255 1440 282 inutilium
1454 255 1566 282 circuitu
1582 255 1713 282 fastidium
1726 253 1848 289 pariunt.

1059 309 1170 338 prorsus
1188 302 1387 337 ablegavimus,
1407 309 1540 337 novasque
1568 302 1727 336 paravimus.
1752 299 1848 334 llujus-

1060 347 1132 375 ntodi
1144 351 1205 375 sunt
1219 347 1357 381 Godefridi
1368 348 1501 378 Tihnanni
1516 353 1542 376 et
1555 349 1666 376 aliorunt
1677 346 1850 383 quorumdam

1061 393 1304 429 interpretationes,
1319 402 1378 430 qua;
1393 395 1550 422 rcdundanti
1565 395 1608 422 illa
1619 395 1763 422 dictionum
1777 392 1851 427 copia

1061 439 1280 476 Cltrysostomum
1290 462 1297 472 .
1312 440 1357 475 qui
1373 440 1460 475 inopia
1473 440 1576 469 dicendi
1591 446 1734 476 numquam
1748 438 1852 468 labora-

1062 486 1114 518 vit,
1129 485 1310 516 verbosiorcm
1330 494 1408 521 quam
1426 494 1473 521 par
1486 487 1520 513 sit
1539 486 1667 515 referunt.
1684 486 1744 514 Illas
1763 490 1855 512 omnes

1063 532 1195 559 variorum
1211 532 1458 567 interpretationes,
1473 540 1489 560 θ
1507 533 1615 568 regiOne
1633 532 1786 560 Griecorum
1798 528 1855 556 edi—

1064 582 1121 611 tas,
1144 582 1287 614 utcumque
1307 578 1497 606 emendaverat
1519 578 1620 606 Fronto
1643 579 1756 606 Ducccus
1771 586 1777 602 :
1793 582 1857 610 quas

1064 632 1124 654 cum
1145 626 1184 653 sic
1196 625 1275 652 etiam
1291 625 1447 654 emendatas
1469 633 1521 653 non
1537 626 1646 653 ontnino
1659 625 1799 661 probaret,
1815 629 1857 649 se-

1064 670 1158 699 cundis
1171 671 1243 698 curis
1257 671 1354 698 iterum
1374 671 1508 707 corrigere
1529 672 1554 699 in
1577 671 1793 699 annotationibus
1805 668 1859 695 suis

1066 722 1107 744 cst
1118 725 1267 752 aggressus.
1281 718 1377 746 Verum
1389 739 1396 751 ,
1413 719 1451 745 uti
1460 718 1514 754 jam
1533 718 1649 746 diximus
1659 739 1666 750 ,
1681 725 1773 745 carum
1789 722 1860 750 qua:-

1066 763 1126 790 dam
1147 764 1181 790 ita
1196 764 1361 794 concinnata:
1380 769 1457 797 sunt,
1482 768 1510 792 ut
1522 765 1567 792 vix
1585 772 1616 792 ac
1637 772 1670 797 tte
1691 765 1734 792 vix
1754 761 1861 798 quidem

1067 811 1169 844 possint
1183 811 1289 846 corrigi.
1305 810 1444 838 Nonnulla:
1459 819 1538 843 vero,
1553 811 1644 846 quales
1659 816 1723 839 sunt
1741 807 1841 838 Erasmi
1852 827 1861 841 ,_

1067 857 1158 884 Jacobi
1173 856 1242 884 Billii
1252 878 1258 889 ,
1274 856 1400 885 Germani
1414 857 1496 885 Brixii
1507 879 1514 890 ,
1534 857 1698 893 Sigismnndi
1720 854 1822 886 Gelenii
1837 858 1864 880 et

1067 903 1179 930 aliorunt
1194 911 1246 931 tton
1260 903 1401 932 infeliciter
1411 904 1547 932 adornata:
1557 925 1564 938 ,
1579 905 1674 940 corrigi
1691 907 1822 939 possunt,
1838 905 1866 927 ut

1068 957 1117 981 nos
1129 949 1212 977 libere
1227 949 1347 983 fecimus,
1367 950 1409 977 ubi
1425 958 1533 978 necesse
1547 950 1632 978 visum
1649 956 1698 978 est.
1714 950 1813 978 Libros
1826 951 1865 974 ta-

1069 1003 1129 1023 tnen
1149 995 1183 1023 de
1202 996 1372 1028 Sacerdotio.
1396 996 1457 1024 licet
1478 1005 1491 1023 a
1509 997 1642 1025 Germano
1661 997 1755 1025 Brixia
1775 995 1866 1023 Latine

1070 1042 1189 1069 Conversi
1204 1047 1308 1075 essent,
1330 1050 1396 1070 nova
1418 1043 1635 1078 interpretatione
1649 1043 1790 1073 donandos
1803 1047 1866 1068 cen-

1069 1087 1188 1120 suimus,
1207 1088 1268 1123 quia
1289 1088 1413 1115 nimirum
1430 1089 1474 1116 ille
1490 1089 1662 1124 parapltrasin
1678 1089 1713 1120 ibi
1729 1089 1785 1117 fere
1797 1094 1867 1115 sent-

1072 1139 1117 1168 per
1130 1133 1263 1165 atl‘ectavit
1273 1154 1280 1167 ,
1302 1134 1372 1169 quod
1389 1141 1474 1170 genus
1488 1134 1679 1169 interpretandi
1694 1135 1760 1166 viris
1775 1140 1867 1162 emun-

1075 1182 1120 1208 ω
1138 1179 1210 1206 naris
1229 1179 1373 1210 admodum
1396 1179 1527 1215 displicet.
1546 1181 1587 1214 Ea.
1603 1188 1683 1216 porro
1696 1189 1804 1217 semper
1821 1178 1868 1206 fuit

1071 1225 1184 1253 instituti
1206 1225 1293 1252 nostri
1307 1226 1393 1258 ratio,
1418 1230 1447 1253 ut
1465 1226 1665 1260 interpretando
1684 1228 1799 1255 mediam
1820 1231 1867 1253 ccu

1072 1271 1140 1297 viam
1152 1275 1304 1298 teneremus
1318 1272 1387 1298 inter
1397 1271 1668 1307 paraphrasticam.et
1682 1273 1823 1308 strigosum
1835 1269 1868 1297 il-

1073 1318 1124 1344 lam
1135 1317 1228 1350 aliam,
1242 1325 1301 1352 quae
1316 1317 1407 1345 Crteca
1422 1317 1586 1352 pedetentim
1602 1323 1628 1345 et
1643 1318 1725 1346 nintio
1741 1316 1868 1352 scrupulo

1073 1368 1249 1391 consectatur.

1076 1441 1090 1483 ξ
1106 1441 1149 1477 ιιι.
1165 1455 1199 1460 —-
1216 1440 1253 1477 De
1266 1441 1353 1476 ordine
1369 1441 1505 1468 mit/turum
1519 1442 1583 1468 inter
1597 1449 1623 1468 sc
1642 1440 1869 1479 Iromiliurumjrlm

1406 1488 1529 1520 restituto.
1814 1475 1828 1479 Ὗ

1111 1554 1188 1581 Aliud
1205 1555 1230 1582 in
1254 1555 1303 1582 hac
1321 1555 1439 1582 editione
1454 1556 1626 1590 prmstitimus
1646 1563 1697 1584 non
1719 1555 1806 1582 minus
1821 1559 1871 1579 ne-

1075 1601 1230 1634 cessaritnn,
1248 1609 1295 1629 nec
1307 1603 1394 1629 ntinus
1405 1601 1437 1628 ad
1449 1601 1668 1637 Chrysostomunt
1685 1598 1870 1627 illustrandum

1075 1652 1262 1681 opportununt.
1278 1647 1344 1673 Cum
1360 1654 1455 1681 nempe
1469 1646 1582 1673 Sarilins
1598 1651 1627 1673 et
1643 1645 1741 1673 Fron:o
1761 1645 1872 1672 Ducmus

1077 1692 1174 1727 ubique
1186 1697 1317 1718 terrarutn
1340 1692 1482 1726 perquisita
1498 1691 1524 1718 S.
1540 1691 1656 1718 doctoris
1671 1698 1751 1724 opera
1765 1687 1872 1717 contere

1077 1737 1123 1764 tim
1143 1738 1312 1771 acciperent,
1338 1746 1388 1763 non
1411 1737 1475 1763 satis
1494 1736 1635 1764 advertere
1656 1739 1796 1771 potuerunt
1819 1741 1871 1770 qua

1077 1782 1146 1809 serie
1164 1787 1191 1809 et
1210 1782 1303 1809 ordine
1321 1782 1409 1808 multa!
1424 1781 1541 1808 humilia:
1560 1781 1678 1808 locandm
1695 1786 1801 1812 essent;
1824 1779 1872 1807 sed

1077 1828 1136 1856 illas
1155 1832 1184 1854 ut
1198 1827 1253 1855 fors
1267 1827 1367 1854 ferebat
1385 1826 1524 1859 locabant,
1544 1826 1578 1854 ab
1592 1827 1624 1854 iis
1634 1848 1641 1860 ,
1662 1834 1722 1862 qua:
1737 1834 1788 1854 una
1802 1824 1873 1853 serie

1077 1874 1140 1910 poni
1160 1873 1328 1905 debuerant,
1349 1873 1428 1908 longo
1450 1873 1536 1907 spatio
1557 1873 1713 1908 disjunctas.
1737 1873 1775 1900 Ea
1789 1873 1822 1900 dc
1843 1878 1873 1898 re

1076 1927 1142 1947 vero
1155 1919 1192 1947 illi
1205 1918 1348 1954 aliquando
1363 1920 1387 1959 in
1409 1919 1479 1946 notis
1493 1924 1668 1952 monuerunt,
1685 1919 1728 1946 ubi
1742 1923 1873 1946 tnutatmtt

1078 1973 1188 2001 operum
1207 1965 1286 1998 silum
1302 1964 1562 1996 animadverteram;
1579 1965 1675 1999 saepius
1695 1969 1783 1992 autent
1800 1965 1874 1992 illuni

1078 2016 1271 2047 prmposterum
1302 2010 1422 2037 ordinent
1449 2010 1600 2038 nullatenus
1622 2015 1773 2038 seuSrrunt.
1800 2010 1873 2037 lllant

1078 2065 1143 2086 vero
1158 2058 1291 2093 propriam
1308 2057 1404 2083 seriem
1419 2065 1471 2084 non
1491 2064 1523 2084 ex
1539 2063 1699 2092 argumento
1713 2062 1815 2092 tantum
1832 2062 1875 2085 as-

1079 2103 1154 2139 sequi
1177 2110 1334 2139 possumus,
1355 2101 1402 2129 sed
1424 2102 1503 2130 etiam
1529 2102 1681 2136 frequenter
1703 2111 1737 2130 ex
1758 2101 1874 2137 Chryso-

1079 2150 1158 2178 stonti
1171 2149 1316 2184 prooemiis,
1331 2148 1373 2175 tibi
1388 2148 1484 2183 prioris
1498 2149 1614 2176 homiliae
1629 2147 1769 2184 ltypothcsi
1783 2155 1812 2174 se
1829 2146 1876 2174 ad-

1081 2196 1133 2233 buc
1148 2196 1173 2223 in
1193 2195 1342 2231 posteriore
1357 2194 1458 2222 itmrere
1478 2194 1644 2228 testiﬁcatur,
1659 2194 1700 2221 vel
1715 2193 1794 2221 etiam
1815 2199 1875 2227 eunt

1081 2241 1178 2269 multas
1201 2245 1341 2268 enumerat
1353 2246 1427 2268 certo
1441 2240 1535 2268 ordine
1555 2239 1648 2267 eadem
1666 2239 1699 2267 de
1714 2247 1743 2266 re
1760 2239 1875 2266 habitas.

1080 2287 1147 2321 Nam
1165 2287 1234 2314 solet
1248 2286 1294 2323 ille
1309 2290 1492 2322 argumentum
1513 2285 1584 2313 idem
1606 2285 1631 2312 in
1653 2285 1743 2312 multis
1760 2284 1876 2312 homiliis

1082 2337 1262 2368 pertractare;
1279 2333 1313 2359 ita
1334 2337 1362 2359 ut
1375 2340 1434 2367 qua:
1453 2332 1578 2359 dicuntur
1591 2331 1616 2358 in
1630 2331 1717 2367 aliqua
1731 2331 1874 2362 concione,

1081 2386 1141 2406 cum
1158 2383 1285 2415 sequente
1304 2378 1474 2414 coita-reant,
1496 2382 1523 2404 et
1538 2377 1576 2405 sic
1599 2384 1659 2405 cum
1680 2377 1814 2413 pleriSque
1830 2383 1877 2411 po-

1081 2425 1239 2452 sterioribus
1254 2424 1328 2459 quasi
1348 2428 1469 2461 catenam
1490 2423 1615 2461 efficiant.
1633 2423 1694 2451 Haec
1707 2423 1876 2450 homiliarnm

1083 2471 1247 2507 perturbatio
1261 2470 1330 2506 apud
1343 2470 1469 2502 Saviliunt
1479 2491 1492 2510 ,ἱ
1502 2471 1549 2497 sed
1568 2470 1665 2506 saepius
1677 2469 1747 2504 apud
1761 2469 1876 2496 Fronto-

1083 2526 1144 2546 ncnt
1165 2518 1289 2545 Duca‘un‘.
1312 2516 1478 2548 observatur.
1503 2516 1624 2544 llomilia:
1645 2516 1718 2543 verbi
1738 2515 1821 2550 gratia
1843 2514 1877 2542 de

1083 2563 1347 2599 lncomprehensibili
1362 2568 1388 2590 et
1401 2568 1493 2590 contra
1514 2564 1658 2590 Anomteos
1669 2584 1675 2595 ,
1698 2549 1800 2599 priores
1817 2562 1876 2597 qui-
1895 2549 1898 2553 ’

1083 2611 1143 2642 dem
1166 2618 1216 2637 una
1237 2614 1265 2638 et
1286 2610 1371 2648 nativa
1393 2610 1462 2636 serie
1481 2613 1626 2646 ponuntur,
1649 2609 1694 2636 sed
1715 2608 1877 2644 posteriores

1083 2657 1219 2684 distracta:
1240 2661 1302 2683 sunt
1323 2661 1350 2683 et
1374 2655 1465 2690 procul
1491 2655 1582 2690 positae
1607 2655 1632 2681 in
1657 2659 1771 2689 utroque
1793 2654 1875 2682 edito.

1084 2702 1152 2737 Quid
1174 2706 1262 2728 autem
1287 2701 1347 2728 hinc
1368 2700 1521 2728 detrintenti
1543 2705 1661 2735 emergat
1681 2700 1732 2727 ltoc
1754 2699 1876 2734 exemplo

1084 2748 1242 2783 (temperies.
1264 2747 1385 2774 llalesius
1404 2747 1429 2774 in
1452 2746 1526 2774 Notis
1545 2746 1686 2774 Savilianis
1698 2753 1757 2773 cum
1771 2746 1878 2782 legisset

1085 2793 1225 2822 ilomiliam
1240 2793 1273 2821 de
1287 2792 1387 2822 Lazaro
1402 2793 1579 2828 quatriduano
1592 2796 1619 2820 et
1632 2791 1665 2820 de
1678 2792 1774 2821 Christi
1791 2791 1877 2827 preci-

1087 2842 1150 2874 bus,
1171 2849 1229 2884 quae
1251 2840 1318 2868 inter
1340 2839 1398 2867 illas
1413 2845 1504 2868 contra
1519 2840 1662 2868 Anomceos
1685 2839 1807 2868 hontilias
1823 2839 1876 2874 jam
