2024 3106
124 129 168 155 ιγιι
826 116 1016 146 ΡῙΏΕΡΑἨΟ.

122 185 173 205 non:
189 181 354 210 numeratur,
369 176 440 203 illam
453 175 648 210 Chrysostomo
659 173 819 208 abiudicavit
832 182 838 200 ε
853 174 899 208 qui

122 223 137 250 si
150 230 206 250 mox
218 223 325 257 legisset
341 222 412 248 illam
423 243 432 255 ,
447 229 504 256 qua:
517 221 571 255 jam
587 220 647 250 huic
662 219 777 250 coluerat
787 240 794 253 ,
809 223 903 254 estque

123 276 220 295 numero
231 267 350 300 decima,
373 275 388 294 a
404 267 448 295 tali
464 266 533 298 haud
553 265 631 293 dubie
644 265 744 300 judicio
756 265 902 291 abstinuis-

124 318 160 341 ιρι.
177 313 202 341 lu
217 313 267 341 hac
280 314 379 348 quippe
394 313 550 348 posteriore,
563 320 622 347 qua:
636 311 700 338 nulli
716 311 764 338 fuit
778 318 902 345 umquam

123 360 252 395 suspicioni
271 359 402 391 obnoxia,
423 358 515 386 eadem
539 366 610 392 szepe
630 358 725 392 repetit
743 357 905 392 Chrysosto-

123 415 180 438 nius,
195 414 255 441 quae
266 406 292 432 in
307 405 389 440 priori
402 405 515 437 dixerat,
530 411 612 439 seque
626 404 651 431 in
665 403 707 430 illa
721 403 820 430 dixisse
829 409 906 429 t‘om—

122 455 251 478 memorat.
275 451 373 478 Verum
396 451 456 486 quia
480 451 552 485 prior
575 455 647 477 tonio
669 450 761 484 qttinto
783 448 904 482 jacebat,

123 497 243 531 ρωειεΐίοι·
256 504 320 523 vero
334 501 407 523 l0n10
421 500 495 523 581ῑο
511 500 569 530 ροει
582 500 709 522 centenas
723 495 805 521 ferme
821 494 906 520 inter-

123 543 221 576 positas,
234 549 287 568 non
301 541 418 568 advertit
431 541 562 573 Halesins,
577 541 604 567 in
617 541 666 567 hac
677 539 816 574 posteriori
831 539 906 574 prio-

122 588 153 614 ris
174 586 335 614 authentiam
358 586 452 613 asseri.
465 586 492 613 In
507 586 622 613 editione
647 586 744 619 pariter
766 584 909 612 Frontonis

123 633 201 659 llttt‘uti
223 632 264 658 ha:
279 632 397 658 llomiliaz
419 631 496 667 longo
518 631 655 658 intervallo
675 630 815 664 disiuncta:
836 633 908 656 sunt.

125 678 254 713 Vulgattnn
270 685 336 704 sane
357 681 414 710 est,
439 685 497 711 qum
513 676 659 712 peregrinis
680 676 707 703 in
728 675 794 703 locis
807 679 911 702 exstant

124 725 284 760 peregrinum
299 724 390 757 olere,
405 729 432 751 et
452 731 647 760 quamcumque
662 731 717 752 rem
740 722 845 749 nonniui
861 729 912 749 suo

125 770 176 797 tneo
196 777 259 801 suas
273 774 361 804 partes
376 769 485 805 implere
506 776 592 803 posse.
616 768 708 798 Parem
730 767 911 802 perturbatio-

126 823 179 843 nem
190 816 374 850 deprchendas
389 816 414 842 in
426 815 547 842 Homiliis
560 820 653 842 contra
668 814 784 847 Judmos,
800 822 911 849 quarum

125 861 266 888 secundant
283 865 329 889 ,et
368 860 473 888 tertiam
496 861 588 896 quinto
611 866 683 888 tomo
703 861 791 895 posuit
813 860 912 887 Fronto

127 906 247 939 Duceus,
261 913 308 933 sex
330 913 396 933 vero
417 906 531 941 reliquas
552 905 638 941 primo
661 910 733 932 tomo
746 915 752 932 :
765 905 835 940 quod
862 905 913 932 nisi

125 952 269 979 advertatur
289 956 416 986 quantam
439 952 466 978 in
486 951 653 986 clironologia
670 951 753 986 pariat
772 951 912 985 caliginem

126 997 180 1024 ride
192 998 229 1024 sis
242 997 266 1024 in
278 997 380 1024 monito
395 1001 487 1023 nostro
497 997 529 1023 ad
551 996 678 1023 llomilias
691 1000 783 1023 eontra
796 995 912 1023 ludens.

127 1042 178 1069 Pari
191 1042 270 1070 modo
284 1042 426 1077 disjuncta:
440 1041 544 1069 fuerant
557 1041 673 1069 homilice
688 1046 741 1069 tres
754 1041 789 1068 de
806 1040 915 1068 Diabolo

128 1091 266 1119 tentatore,
284 1094 351 1121 quas
366 1094 416 1114 suo
426 1087 520 1114 ordine
535 1086 562 1113 in
576 1086 625 1114 hac
636 1086 753 1114 editiOne
767 1086 909 1121 posuimus

128 1132 183 1159 llmc
198 1133 224 1159 in
240 1132 326 1166 primo
341 1138 367 1159 ct
379 1131 497 1159 seettndo
512 1136 594 1158 tomo.

159 1177 196 1204 Er
211 1178 289 1204 tertio
305 1181 378 1205 tonio
397 1177 468 1204 aliud
483 1177 633 1211 exemplum
653 1176 824 1211 proferimus.
843 1176 916 1203 Lon-

128 1231 181 1258 gam
211 1224 309 1250 seriem
337 1223 505 1250 llomiliarum
537 1222 666 1249 habuerat
692 1222 915 1262 Chrysostomus,

128 1278 233 1304 quarum
247 1270 292 1297 ille
306 1269 428 1296 ordinem
440 1270 474 1296 ita
487 1268 559 1301 clare
572 1277 624 1296 non
639 1268 723 1296 semel
738 1269 873 1301 enuntiat,
887 1272 916 1295 ut

129 1324 159 1342 ne
170 1316 210 1343 rel
233 1316 372 1342 minimum
391 1315 464 1342 dubii
481 1315 516 1342 de
537 1314 630 1342 ordine
649 1322 790 1349 superesse
811 1315 916 1350 possit:

128 1361 159 1388 ita
172 1369 234 1388 vero
248 1361 384 1396 dispositze
398 1365 474 1390 erant
488 1361 539 1387 illa:
553 1361 694 1388 conciones
705 1381 713 1394 ,
733 1364 764 1388 ut
785 1360 919 1395 posterior

129 1406 220 1439 prioris
234 1413 341 1440 semper
355 1411 540 1441 argumentum
556 1410 770 1441 prosequeretur.
785 1406 919 1440 Erantque

129 1453 176 1479 illze
189 1460 302 1479 numero
316 1460 425 1485 novem,
437 1460 548 1487 quarunt
562 1452 678 1487 quinque
691 1453 792 1487 priores
805 1452 830 1479 in
842 1451 920 1479 Prin-

129 1497 220 1530 cipium
229 1497 587 1531 Actoruminscribebantur;
598 1503 710 1532 quatuor
724 1502 813 1525 autem
830 1503 920 1532 poste-

130 1542 212 1569 riores
233 1543 265 1568 de
280 1542 421 1569 Mutatione
435 1542 573 1569 Nominum
583 1563 590 1576 ,
606 1543 745 1570 occasione
765 1543 921 1570 mutationis

130 1589 243 1615 nominis
262 1588 333 1616 Sauli
345 1589 370 1615 in
382 1589 503 1616 Paulum.
519 1590 557 1616 Ex
568 1589 609 1616 his
619 1597 683 1617 vero
696 1597 790 1616 novem
805 1589 921 1618 homiliis

131 1639 189 1661 octo
203 1639 306 1662 tantum
323 1635 349 1662 in
361 1640 474 1670 utraque
486 1635 600 1663 editione
613 1640 768 1670 comparent
783 1645 789 1661 :
805 1635 921 1663 secunda

132 1682 198 1708 enim
210 1682 360 1715 exciderat,
377 1690 435 1716 qum
448 1682 502 1716 jam
516 1687 620 1716 reperta
634 1686 684 1708 est.
694 1681 760 1708 Octo
768 1686 855 1710 autem
870 1681 921 1708 illa:

132 1726 246 1754 humilia:
255 1731 327 1754 tomo
333 1727 426 1762 quinto
433 1727 556 1754 editionis
562 1726 748 1754 Frontonianae
755 1727 921 1758 exstant,sed

132 1773 261 1808 susdeque
276 1773 369 1808 positae
382 1781 390 1800 :
405 1773 491 1808 prima
513 1781 627 1808 namque
645 1781 705 1808 pag.
721 1773 773 1801 556
798 1773 921 1806 ltabetur,

133 1819 247 1845 secunda
268 1812 404 1846 exciderat
420 1824 447 1845 ut
466 1818 598 1852 diximus,
620 1819 695 1846 tertia
711 1826 737 1853 p.
753 1819 814 1852 151,
830 1823 922 1853 qttarta

135 1870 159 1897 p.
173 1864 241 1897 582,
255 1865 344 1899 quinta
361 1872 388 1899 p.
405 1865 466 1895 8'51.
483 1869 557 1891 suta
572 1872 598 1898 p.
613 1863 676 1896 5M,
689 1864 801 1901 septima
816 1872 841 1898 p.
858 1863 921 1897 8'30,

134 1914 223 1936 octava
236 1918 261 1945 p.
280 1910 340 1943 ltili,
354 1918 421 1936 nona
436 1918 462 1945 p.
477 1909 539 1938 568.
553 1909 635 1944 Major
647 1909 733 1935 adlntc
745 1909 846 1936 ordinis
861 1917 923 1944 per-

137 1957 248 1984 turbatio
261 1958 288 1984 in
306 1957 422 1984 editione
435 1957 567 1984 Saviliana
583 1955 810 1991 deprehenditur:
827 1955 852 1982 in
872 1963 924 1990 qua

137 2002 248 2030 llomilize
262 2003 320 2030 ista:
337 2002 416 2029 rariis
427 2003 452 2029 in
467 2002 544 2028 tomis
559 2001 691 2028 distractae.
706 2005 732 2028 et
745 2005 873 2035 separatae
887 2001 926 2028 lc—

137 2053 238 2082 guntur.
254 2048 325 2075 Cave
346 2053 433 2074 autem
448 2047 473 2074 id
487 2047 527 2073 vel
548 2046 646 2074 Sat-ilio
659 2046 700 2072 vel
721 2045 847 2073 Frontoni
862 2045 925 2073 vitio

138 2100 221 2121 vertas
238 2104 245 2121 :
266 2102 329 2121 nam
350 2093 551 2128 properantibus
576 2092 754 2128 typograpliim
777 2092 866 2126 operis
884 2091 926 2118 ha:

139 2140 249 2167 homilia-
263 2140 408 2175 separatim
431 2138 609 2169 accedebant,
632 2145 718 2172 neque
732 2137 844 2164 fortasse
865 2144 928 2172 spa-

140 2186 199 2213 tium
218 2191 275 2214 erat
297 2186 331 2213 ad
348 2193 439 2212 earum
453 2184 656 2212 restaurandnm
675 2183 806 2210 ordinem.
828 2183 855 2210 ln
877 2182 926 2210 hac

141 2239 199 2258 vero
213 2238 304 2258 nostra
318 2231 436 2258 editione
451 2230 491 2257 lue
505 2238 598 2257 novem
614 2229 728 2256 ltomilite
743 2229 815 2265 (nam
829 2236 926 2256 secun-

140 2275 184 2309 da,
205 2285 262 2311 qua:
280 2275 398 2307 latebat,
419 2283 450 2302 cx
472 2275 588 2302 tenebris
608 2275 734 2310 emersit)
749 2282 797 2302 suo
815 2274 925 2308 ordine,

141 2320 203 2348 duce
223 2321 436 2356 Chrysostomo,
460 2320 486 2347 in
510 2321 587 2347 tertio
607 2324 678 2347 tomo
702 2325 844 2355 ponentur,
866 2327 926 2346 cum

143 2367 234 2398 pra-via
247 2367 360 2399 Monito,
371 2365 413 2392 ubi
423 2365 491 2393 idem
502 2366 557 2401 ipse
568 2366 634 2393 ordo
648 2371 675 2393 ut
685 2365 815 2401 genuinus
827 2366 929 2401 perspi-

142 2418 187 2438 cue
205 2417 350 2439 asseretur.
377 2411 493 2438 Plurima
517 2411 567 2438 alia
584 2412 702 2446 proferre
724 2418 863 2446 possemus
878 2411 928 2438 liu-

143 2455 249 2489 iusmodi
271 2456 480 2493 perturbationis
492 2458 622 2490 exempla,
635 2456 681 2483 sed
695 2456 752 2483 haec
765 2457 790 2483 in
806 2456 928 2491 praisenti

143 2501 203 2528 satis
225 2507 321 2534 erunt;
337 2507 434 2529 eaatera
448 2502 549 2529 erudito
565 2502 656 2529 lectori
671 2503 697 2529 in
717 2502 805 2536 operis
816 2502 930 2529 decursu

144 2546 305 2575 observanda
319 2548 504 2586 relinquimus.

147 2601 160 2636 ς
174 2603 206 2629 Χ.
217 2619 250 2623 -
264 2603 303 2630 De
313 2603 488 2630 distributione
498 2608 620 2630 lomorum
631 2604 657 2630 in
670 2603 800 2630 Saviliana
811 2607 833 2629 ct
847 2601 932 2629 Fron-

416 2649 516 2674 tonianu
532 2647 659 2675 Edilionc.

180 2703 234 2731 lam
248 2705 280 2731 ad
295 2703 421 2730 ordinem
436 2707 462 2730 et
473 2703 682 2731 distributionem
698 2709 829 2731 tontorum
844 2703 932 2737 Chry-

151 2750 256 2775 IOSlomi
268 2749 428 2775 veniamus:
443 2756 491 2782 qua
508 2750 532 2775 in
549 2756 578 2776 re
591 2750 649 2783 plus
663 2749 731 2776 illenl
752 2749 932 2781 difﬁcultatis,

152 2799 227 2826 quam
240 2794 322 2828 vulgo
343 2793 475 2820 credatur.
496 2794 584 2829 Longe
604 2795 734 2822 diversam
759 2794 932 2822 tlistribuendi

153 2840 301 2870 nullodum
325 2839 431 2880 sequuti
444 2845 502 2867 sunt
515 2841 626 2869 Savilius
638 2846 664 2870 et
684 2842 783 2869 Fronto
800 2842 931 2877 Duemus;

1683 126 1744 146 \Vlll

957 180 1050 203 neuter
1063 180 1150 204 tamen
1173 177 1257 212 potuit
1276 184 1352 209 eam,
1373 185 1451 212 quant
1475 176 1524 204 sibi
1539 176 1746 212 prmscripserat,

958 229 1077 248 normam
1088 223 1212 250 retinere.
1223 223 1294 250 Duas
1305 230 1367 250 vero
1377 223 1401 250 itt
1414 228 1502 257 partes
1512 226 1620 257 possunt
1631 221 1658 249 S.
1668 222 1748 250 Joan-

958 267 999 294 nis
1013 267 1195 302 Cbrysostomi
1217 275 1296 303 opera
1312 268 1459 303 generatim
1481 267 1606 302 distingui
1620 288 1626 294 .
1642 267 1667 294 in
1684 275 1749 301 opu-

957 313 1029 340 scttla
1039 312 1170 346 videlicet,
1178 318 1206 340 et
1218 313 1244 340 in
1260 313 1464 344 commentarios
1473 312 1583 340 invetus
1594 312 1632 339 No
1639 319 1749 347 rumque

959 358 1171 386 Testamentum.
1195 358 1308 386 Savilius
1327 358 1532 386 commentarios
1547 358 1632 393 primo
1645 358 1749 392 posuit,

960 403 978 430 ii
992 411 1056 430 vero
1075 409 1188 438 quatuor
1201 404 1300 438 primos
1314 409 1400 430 tomos
1414 408 1559 437 occupant;
1582 402 1708 437 opuscula
1725 403 1750 429 in

960 450 1133 484 sequentibus
1154 450 1233 477 tomis
1257 450 1393 481 locantur;
1419 450 1444 476 in
1465 450 1558 484 quinto
1582 457 1677 484 nempe
1701 449 1750 477 hoc

962 495 1032 521 ritu:
1052 495 1077 522 Γ
1089 495 1232 522 Sermones
1253 495 1279 522 in
1301 495 1357 522 loca
1378 502 1461 521 sacrae
1477 495 1630 528 Scriptura}.
1645 493 1674 521 2°
1686 494 1751 522 Ser-

961 548 1055 568 mones
1078 542 1226 576 panegyriei
1255 541 1422 568 Sanctorum.
1448 541 1476 568 3'
1500 541 1643 568 Sermones
1664 541 1750 568 dubia:

963 586 1022 613 ﬁdei
1051 587 1075 613 in
1096 587 1153 614 loca
1175 595 1257 614 sacra:
1282 587 1434 621 Scriptum.
1459 587 1488 615 ι’
1501 587 1643 615 Sermones
1669 595 1748 622 pane-

962 632 1044 667 gyrici
1066 632 1152 664 dubite
1178 633 1250 660 ﬁdei.
1280 633 1306 660 ln
1323 638 1398 660 sexto
1419 637 1507 660 autem
1532 637 1625 660 torno:
1644 633 1669 660 Γ
1684 633 1750 660 Tra-

963 682 1048 705 Ctalus
1068 677 1142 708 varii.
1167 678 1195 704 9.“
1212 678 1249 705 De
1272 678 1372 705 Statuis
1393 678 1526 705 orationes
1550 686 1602 705 una
1618 683 1644 705 et
1667 679 1752 714 vigin-

965 725 1000 756 ti,
1025 732 1091 758 quas
1115 729 1262 759 sequuntur
1283 724 1328 751 alii
1342 731 1480 752 sermones
1505 724 1569 751 varii
1594 725 1752 759 argumenti.

965 770 992 796 δ”
1012 770 1152 797 Orationes
1176 778 1209 797 ex
1233 770 1312 796 variis
1334 769 1516 805 Chrysostomi
1539 769 1603 797 locis
1621 770 1747 797 consarei

965 819 1044 848 natm,
1060 817 1307 850 (ιυίιςλπανοίαματα
1322 823 1368 842 seu
1379 815 1518 850 Florilegia
1530 819 1635 842 vocant.
1651 815 1679 842 4·
1690 814 1750 842 Ora-

966 860 1051 887 tiones
1075 860 1196 895 qumdam
1219 861 1349 896 ambiguae
1376 860 1447 888 ﬁdei.
1471 859 1498 888 In
1523 865 1596 888 tomo
1620 862 1754 896 septimo:

969 908 994 933 t“
1011 907 1152 941 Epistolas,
1168 907 1313 942 prtemissis
1327 907 1430 935 duabus
1451 906 1614 935 orationibus
1628 915 1694 942 qttas
1707 915 1756 934 εν

968 953 1018 979 silii
1036 953 1075 980 sui
1092 957 1210 987 tempore
1229 953 1436 988 Chrysostomus
1454 953 1553 980 emisit.
1574 952 1603 979 2⁵
1616 951 1710 988 Spuria
1732 953 1756 980 in

969 998 1024 1026 loca
1059 999 1214 1034 Scripturze.
1243 999 1271 1026 5'
1299 999 1443 1026 Sermones
1478 998 1628 1034 panegyrici
1664 998 1757 1033 spurii.

968 1045 996 1072 4°
1009 1045 1149 1072 Tractatus
1164 1045 1228 1072 varii
1240 1045 1332 1079 spurii.
1348 1045 1378 1072 5"
1390 1044 1530 1072 Orationes
1541 1045 1661 1079 quaidam
1675 1044 1745 1071 ambi

968 1097 1026 1126 gum:
1042 1090 1111 1117 fidei.
1128 1090 1156 1117 6'
1167 1090 1310 1125 Florilegia
1323 1090 1506 1126 Chrysostomi
1520 1097 1534 1116 a
1549 1089 1691 1116 Theodoro
1703 1089 1758 1115 Ma-

969 1138 1052 1172 gistro
1073 1137 1195 1164 collecta.
1220 1136 1247 1163 7°
1267 1136 1407 1164 Orationes
1430 1135 1551 1170 qundam
1575 1134 1759 1170 Chrysostomi

970 1183 1073 1211 Latine.
1083 1183 1111 1210 In
1122 1187 1215 1211 octavo
1227 1188 1316 1210 tomo:
1332 1183 1357 1210 ιο
1366 1182 1505 1210 Orationes
1515 1181 1635 1218 qua-dam
1652 1182 1677 1208 in
1691 1189 1760 1215 prze~

970 1229 1126 1256 cedentibus
1145 1229 1225 1256 tomis
1244 1229 1361 1256 omissaz.
1375 1228 1404 1255 2°
1420 1227 1492 1255 Varii
1506 1227 1650 1262 scriptores
1663 1227 1698 1254 de
1709 1227 1760 1253 vita

970 1275 1080 1302 Joannis
1094 1274 1292 1310 Cltrysostomi,
1309 1278 1336 1301 et
1350 1274 1424 1302 initia
1440 1273 1558 1301 omnium
1579 1272 1761 1308 Chrysnstomi

970 1321 1139 1353 orationum,
1161 1328 1192 1348 ac
1215 1325 1306 1355 pOstea
1329 1320 1512 1354 epistularum.
1538 1319 1565 1346 5‘
1581 1319 1655 1346 Nota:
1669 1317 1761 1345 Savilii

971 1372 997 1394 et
1013 1366 1125 1393 aliorum
1139 1366 1164 1393 in
1178 1367 1267 1393 omnia
1288 1365 1316 1393 S.
1329 1365 1439 1393 Joannis
1457 1364 1643 1401 Chrysostomi
1658 1371 1739 1398 opera
1754 1372 1760 1390 :

971 1420 1029 1448 qua:
1046 1416 1115 1438 nota:
1127 1411 1270 1440 maximam
1283 1411 1371 1438 octavi
1385 1410 1450 1439 torni
1463 1415 1563 1445 partetn
1578 1413 1719 1444 occupant.

1016 1457 1107 1492 Longo
1136 1458 1214 1484 aliam
1245 1455 1418 1484 distribuendi
1451 1455 1606 1483 methodum
1635 1459 1763 1489 sequutus

974 1504 1074 1532 Fronto
1098 1504 1219 1535 Ducmus,
1237 1503 1322 1537 primo
1335 1508 1407 1529 torno
1420 1502 1508 1536 posuit
1521 1501 1647 1536 opuscula
1669 1501 1761 1533 multa,

972 1556 1049 1577 orsus
1063 1548 1228 1576 abllomiliis
1249 1547 1282 1575 ad
1298 1547 1422 1583 populum
1442 1546 1638 1575 Antiochenum
1661 1547 1686 1573 in
1702 1546 1763 1573 Sta-

974 1601 1042 1628 tuas,
1054 1595 1149 1630 quibus
1166 1595 1284 1622 subdidit
1301 1594 1352 1621 alia
1372 1593 1497 1629 opuscula
1516 1593 1581 1620 varii
1595 1592 1762 1627 argumenti;

975 1647 1028 1669 tum
1050 1649 1188 1669 sermones
1212 1641 1394 1676 panegyricos,
1411 1640 1532 1667 homilias
1546 1640 1579 1667 de
1595 1640 1764 1672 Pmnitentia,

975 1687 1056 1714 libros
1072 1686 1104 1714 de
1126 1686 1209 1719 Fato,
1224 1691 1248 1713 et
1270 1686 1321 1713 alia
1346 1693 1439 1720 pauca.
1458 1685 1558 1712 Horum
1574 1685 1687 1712 maxima
1705 1692 1765 1719 pars

977 1732 1132 1766 Antiocltim,
1142 1740 1191 1760 nec
1204 1732 1255 1762 nisi
1263 1730 1654 1767 paucissimaConstantinopoli
1668 1731 1764 1758 emissa

975 1784 1045 1806 sunt.
1060 1779 1087 1806 lit
1112 1779 1232 1806 secundo
1246 1784 1333 1811 tonio,
1350 1778 1477 1805 llomilias
1490 1785 1537 1806 seu
1553 1777 1765 1805 Commentarios

975 1826 1001 1852 in
1012 1825 1135 1853 Genesint
1149 1833 1156 1858 ;
1176 1831 1200 1853 et
1215 1830 1305 1860 postea
1327 1825 1428 1859 aliquot
1447 1823 1569 1850 llomilias
1583 1823 1608 1850 in
1623 1823 1704 1850 Vetus
1716 1823 1766 1850 Te-

976 1877 1149 1906 stamentum,
1162 1872 1187 1898 in
1199 1871 1272 1900 varia
1285 1870 1455 1898 seilieethinc
1467 1874 1494 1897 et
1508 1869 1570 1897 inde
1579 1873 1684 1904 sumpta
1699 1869 1764 1895 loca.

977 1919 1004 1946 In
1022 1919 1098 1946 tertio
1118 1923 1190 1945 tomo
1206 1918 1333 1945 Homilias
1354 1924 1401 1944 seu
1418 1915 1630 1944 Commentarios
1651 1916 1676 1942 in
1694 1914 1767 1941 Psal-

977 1973 1055 1998 mos,
1073 1970 1162 2000 postea
1184 1963 1410 1992 Commentarium
1435 1963 1460 1989 in
1484 1967 1545 1989 octo
1566 1961 1651 1996 capita
1675 1961 1766 1988 lsnize:

979 2011 1027 2039 sub
1047 2011 1104 2038 haec
1116 2010 1243 2037 llomilias
1258 2010 1284 2037 in
1303 2009 1391 2036 varios
1406 2008 1527 2036 Psalmos
1540 2015 1586 2035 seu
1603 2007 1764 2034 I’salmorum

980 2062 1077 2091 partes.
1102 2057 1130 2084 lu
1146 2061 1240 2092 quarto
1264 2061 1337 2083 tomo
1356 2055 1438 2087 libros
1457 2055 1490 2082 de
1511 2053 1668 2082 Sacerdotio
1681 2061 1687 2079 :
1702 2060 1770 2088 quos

978 2107 1126 2138 sequuntur
1138 2102 1244 2138 quidam
1273 2101 1332 2129 libri
1351 2101 1459 2128 aseetiei
1483 2100 1610 2127 adversus
1634 2107 1756 2134 oppugna

981 2154 1051 2176 tores
1064 2149 1124 2176 vita:
1137 2148 1304 2180 monasticm,
1318 2147 1351 2174 ad
1363 2146 1535 2178 Demetrium,
1546 2145 1578 2172 ad
1591 2144 1767 2177 Stelechium,
1787 2148 1789 2170 λ

979 2197 1011 2224 ad
1025 2196 1166 2231 Stagiriqu
1178 2216 1185 2227 ,
1209 2195 1243 2223 de
1263 2193 1488 2226 subintroductis,
1510 2197 1565 2220 tulit
1580 2192 1630 2218 alia
1649 2190 1770 2226 quaedam

980 2249 1061 2277 opera
1074 2241 1226 2276 permixtim
1240 2240 1321 2272 edita,
1337 2239 1440 2274 liturgia
1454 2237 1637 2274 Chrysostomi
1652 2236 1770 2269 nomine,

981 2289 1111 2324 epistolae,
1124 2288 1230 2315 demttm
1243 2287 1288 2314 alii
1303 2286 1409 2322 quidam
1424 2285 1505 2313 libelli
1525 2289 1598 2312 extra
1620 2284 1705 2311 locutu
1724 2290 1771 2318 po.

981 2336 1036 2366 siti.
1048 2335 1109 2369 quia
1131 2333 1232 2361 tardius
1246 2336 1422 2360 accesserant.
1439 2331 1467 2359 In
1487 2331 1580 2366 quinto
1595 2335 1667 2358 tomo
1682 2329 1770 2356 homi-

983 2382 1032 2409 lias
1045 2380 1127 2408 edidit
1143 2380 1170 2407 in
1185 2379 1256 2406 varia
1279 2379 1344 2406 Novi
1358 2377 1521 2405 Testamenti
1537 2376 1606 2408 loca,
1620 2381 1673 2403 Illlll
1689 2383 1770 2410 pane-

982 2426 1088 2463 gyricos
1101 2432 1238 2453 sermones
1252 2425 1276 2451 in
1289 2423 1469 2452 solemnitales
1482 2422 1591 2455 Christi,
1602 2426 1630 2449 et
1642 2421 1667 2448 in
1683 2421 1771 2448 divum

984 2473 1106 2504 Paulum,
1123 2471 1229 2498 demum
1243 2470 1375 2497 orationes
1391 2473 1417 2496 et
1427 2468 1554 2503 opuscula
1570 2468 1683 2503 plurima
1698 2472 1772 2494 extra

984 2519 1070 2545 locum
1086 2517 1180 2552 posita,
1195 2515 1256 2550 quia
1271 2515 1372 2542 tardius
1387 2514 1464 2542 allata
1484 2517 1556 2541 sunt.
1572 2512 1600 2540 In
1613 2517 1689 2540 sexto
1703 2517 1774 2538 torno

984 2563 1108 2590 hontilias
1122 2561 1226 2595 spurias
1250 2559 1363 2590 locavit.
1386 2566 1453 2594 quas
1473 2563 1620 2593 sequuntur
1635 2556 1776 2590 Florilegia

986 2616 1018 2636 ex
1032 2608 1112 2635 variis
1123 2606 1307 2642 Cltrysostomi
1323 2604 1496 2632 orationibus.
1513 2603 1551 2630 Eo
1562 2607 1650 2629 autem
1663 2601 1775 2628 consilio

987 2655 1098 2682 Dueams
1120 2652 1243 2680 llomilias
1267 2652 1295 2678 in
1310 2651 1382 2677 varia
1401 2649 1465 2676 Novi
1484 2648 1646 2676 Testamenti
1669 2647 1727 2674 loca
1749 2647 1776 2673 in

985 2701 1106 2735 quintum
1121 2704 1220 2726 toutunt
1234 2697 1361 2732 rejecisse
1383 2695 1495 2727 videtur,
1511 2699 1539 2721 ut
1554 2701 1612 2728 qua:
1626 2692 1658 2719 ad
1674 2691 1776 2719 Novum

987 2746 1185 2773 Testamentum
1200 2742 1377 2778 pertinebant,
1392 2745 1451 2775 post
1465 2738 1671 2766 commentarios
1686 2737 1712 2764 in
1727 2736 1777 2763 Ve-

989 2797 1030 2820 tus
1044 2793 1244 2820 Testamentum
1270 2789 1358 2816 locum
1381 2787 1527 2814 haberent:
1547 2785 1620 2819 quasi
1636 2791 1699 2811 vero
1717 2787 1775 2810 tam

990 2844 1042 2867 tam
1057 2838 1211 2870 afﬁnitatem
1232 2844 1290 2864 cum
1313 2833 1510 2865 commentariis
1531 2832 1642 2861 habeant
1664 2829 1775 2860 homilitc
