2024 3106
241 131 284 150 xtx
867 126 897 153 D.
920 127 948 153 Β.
971 126 1014 153 DE
1036 126 1050 152 tl‘

1108 126 1264 154 TFAUCON
1838 122 1871 142 Π

243 183 305 212 iil.t-.,
321 190 378 216 qua:
392 189 407 209 a
421 182 544 217 quapiam
557 182 703 219 Scripturre
717 190 800 211 sacrae
821 184 937 211 clausula
957 191 1036 218 argn-

243 234 361 256 mentum
377 234 541 257 mutuantur.
553 229 632 258 Certe
645 231 666 258 si
686 230 836 264 bujusmudi
852 231 976 258 ltomilias
986 239 1035 265 pro

244 275 441 301 commentariis
459 275 604 303 habeanms
616 296 623 308 ,
640 284 693 303 non
720 284 809 311 pauere
828 276 995 311 reperientur
1008 277 1034 302 in

244 321 329 354 primo
344 325 414 348 tumo
428 321 543 349 humilia:
566 322 732 357 bujnsmodi,
747 332 777 350 ex
795 323 860 350 Novi
874 323 1035 351 Testamenti

243 366 368 394 clausulis
377 371 561 402 argumentum
577 369 736 399 mtituautes.
748 378 807 405 qua:
823 375 884 397 ante
895 370 1037 397 Commen-

248 413 330 440 tarios
345 413 370 440 in
384 413 507 441 Geucsim
531 420 557 442 et
581 415 606 442 in
623 415 704 443 Vetus
719 417 919 444 Testamentum
932 417 965 443 ab
979 416 1037 450 ipso

245 459 380 486 Frontone
388 460 479 494 posita:
489 460 604 488 fuerunt.
614 462 650 489 Ex
662 462 739 489 (lictis
749 463 830 498 liquet
840 470 956 490 summos
967 463 1038 489 viros

245 505 372 532 Savilinm
387 510 413 533 et
431 507 554 534 Ducmunt
570 508 595 534 in
616 508 798 535 conciunanda
817 516 929 543 operum
955 514 981 536 et
997 513 1038 534 to-

245 557 348 577 morunt
365 550 550 579 distributione
577 560 627 579 nou
652 561 744 587 parum
770 554 933 581 laboravisse
956 563 962 581 :
988 554 1038 581 etsi

244 597 342 631 quippe
362 597 387 624 id
401 605 433 625 ex
447 598 558 625 arbitrio
573 603 600 625 ut
616 599 758 633 plurimmn
780 600 897 635 pendere
919 605 1034 635 punietur,

245 649 297 669 nun
315 643 349 670 ita
366 643 442 672 facile
456 649 494 672 est
516 645 547 672 ad
563 645 673 672 aliorum
689 646 813 680 placitum
830 651 928 673 tantam
949 647 1036 681 supel-

246 687 362 716 lectilem
376 689 514 717 ordinare.
536 690 595 717 Jam
610 691 763 718 monuimus
777 699 826 718 nec
847 691 974 720 Savilium
992 699 1040 718 nec

247 734 370 761 ltuemum
381 743 458 769 quem
473 735 521 762 sibi
533 737 728 770 prmstituerant
739 737 859 764 ordinem
873 745 979 765 servare
991 745 1038 772 po-

248 781 331 808 tuisse
347 789 353 807 :
369 781 429 816 quia
446 787 504 816 post
519 782 604 810 editas
624 783 771 817 cuiuspiam
787 783 936 818 argumenti
953 783 1040 810 homi-

250 827 297 853 lias
313 827 502 861 inexspectata.-
525 828 583 854 alia:
607 828 725 862 ejusdem
754 829 902 862 argumenti
922 836 1041 855 11660850-

247 877 318 900 Γιιιιῐ.
336 873 401 907 lline
411 878 461 904 cst,
476 873 545 908 quod
562 873 631 908 apud
645 874 771 901 Savilium
789 874 870 900 tnulta
887 874 912 900 in
927 874 1040 908 septitno

249 925 274 946 et
288 924 382 946 octavo
399 925 471 946 tumo
497 920 674 954 reperiantur,
689 928 748 954 qme
770 920 801 947 ad
820 920 904 955 quinti
925 924 953 947 et
972 920 1040 946 sexti

253 965 350 992 seriem
364 965 540 999 pertinebant.
551 966 705 1000 I‘ariterque
720 965 820 993 Fronto
831 966 942 993 Ducmus
957 966 1043 999 aliqua

250 1012 275 1038 in
296 1017 400 1046 quarto,
416 1020 474 1047 quae
497 1012 574 1046 primi
591 1013 654 1039 tomi
671 1017 752 1045 sunt;
772 1013 852 1039 mttlta
877 1012 1000 1039 similiter
1015 1011 1041 1037 in

250 1058 351 1092 quinte,
366 1066 425 1092 qu.e
439 1058 479 1085 vel
494 1058 526 1084 ad
543 1058 658 1092 prinntm
673 1058 713 1085 vel
737 1057 769 1084 ad
793 1062 916 1093 quartum
940 1061 1044 1092 specta-

251 1103 322 1136 bant,
340 1104 466 1139 reposuit.

251 1150 263 1185 §
279 1150 323 1176 XI.
337 1164 373 1169 —-
395 1150 433 1176 De
448 1149 622 1177 dislribulione
635 1154 760 1177 lautorum
778 1150 803 1176 in
819 1154 906 1177 nostra
917 1149 1044 1176 Editioue.

286 1195 357 1222 Ordo
383 1196 490 1228 Savilii,
517 1196 560 1230 qui
588 1196 672 1230 primo
695 1196 753 1222 loco
779 1196 994 1223 Commentarios
1017 1195 1043 1222 iu

252 1242 415 1277 Scripturam
444 1242 543 1276 posuit,
557 1242 725 1277 quantumvis
751 1242 903 1276 placuisset,
919 1250 972 1268 nun
1001 1249 1047 1276 po-

254 1293 322 1316 terat
336 1297 349 1314 a
366 1289 442 1315 nobis
456 1289 577 1322 usurpari
587 1289 642 1315 'bac
660 1288 693 1316 de
710 1296 790 1315 causa
808 1298 814 1315 :
831 1289 1046 1315 (Iommentarius

254 1336 281 1362 in
297 1335 418 1362 Psalmos
430 1336 488 1371 plus
506 1343 584 1370 quam
596 1335 704 1362 dimidia
718 1335 888 1362 homiliarmn
901 1339 976 1370 parte
990 1342 1049 1361 mu-

257 1382 318 1408 tilus
334 1382 366 1408 ad
385 1385 503 1407 nostram
520 1381 641 1415 pervertit
654 1385 771 1407 mtatem.
792 1380 859 1416 Spes
878 1385 967 1407 autem
993 1384 1050 1406 erat.

257 1435 304 1454 nos
327 1435 359 1454 ex
376 1426 492 1454 ltomiliis
506 1427 557 1454 illis
576 1427 722 1462 deperditis
742 1435 793 1454 non
810 1435 907 1462 paucas
921 1435 952 1454 ex
973 1432 1047 1454 tene-

257 1473 311 1500 bris
325 1473 467 1499 educturus
477 1480 555 1500 esse:
573 1481 668 1508 resque
679 1473 733 1507 jam
750 1474 872 1500 cessitex
887 1477 948 1500 voto
966 1482 972 1500 :
989 1481 1049 1500 nam

258 1523 357 1546 utante
373 1519 528 1552 narrabam,
554 1527 605 1545 una
624 1523 651 1546 et
673 1519 779 1553 triginta
802 1519 918 1546 humilia!
941 1519 1052 1546 sincerze

258 1566 283 1603 in
300 1565 393 1600 Anglia
404 1569 516 1599 reperta:
529 1568 601 1598 sunt,
615 1572 727 1600 quarmn
741 1565 852 1592 alteram
875 1570 975 1600 partem
996 1566 1051 1600 jam

258 1612 417 1646 exscriptam
431 1617 520 1645 teneo,
534 1612 646 1639 alteram
660 1618 796 1647 exspecto.
812 1612 905 1647 Neque
920 1618 1052 1646 postrema

260 1660 380 1687 fortassis
402 1659 454 1686 erit
476 1659 521 1686 ilYa
547 1659 682 1691 accessio;
714 1667 773 1686 nam
799 1659 915 1694 reliquas
943 1660 1054 1685 amissas

262 1706 318 1740 pari
344 1705 432 1732 studio
456 1705 652 1740 perquirimus,
687 1709 713 1731 et
746 1704 823 1739 fugax
863 1712 947 1730 mrum
983 1711 1055 1737 smpe

261 1752 323 1787 quid
347 1753 474 1787 importat
498 1751 570 1778 novi.
595 1751 622 1778 Si
650 1759 713 1778 vero
740 1759 754 1778 a
780 1750 978 1778 commentariis
1000 1758 1055 1777 caa-

263 1799 414 1833 pissemus,
440 1798 568 1833 quidquid
599 1798 623 1824 in
653 1798 773 1825 Psalmos
800 1798 860 1824 novi
886 1805 1055 1824 accessurum

263 1848 321 1871 erat
333 1865 340 1876 ,
356 1848 431 1871 extra
446 1843 566 1871 ordinem
581 1849 608 1871 et
624 1843 710 1870 locum
727 1843 875 1878 proprium,
894 1850 989 1878 magno
1002 1842 1056 1869 sei-

263 1890 323 1917 Iicet
338 1897 398 1916 cum
421 1890 577 1923 dispendio,
600 1889 737 1924 iacuisset.
765 1888 840 1915 llune
860 1896 924 1923 ergo
946 1895 1056 1922 operum

265 1940 450 1969 tumorumque
472 1935 593 1962 ordinem
607 1955 614 1967 ,
635 1942 662 1961 re
679 1939 801 1961 accurate
818 1941 945 1968 perpensa
957 1954 964 1966 ,
982 1933 1058 1960 nobis

266 1981 457 2016 pnestituimus
473 1989 479 2007 :
500 1981 626 2014 opuscula
640 1980 754 2014 prinuuu
768 1980 868 2012 omnia,
885 1979 1001 2014 cujusvis
1011 1987 1058 2014 ge-

266 2029 338 2057 neris
358 2029 422 2059 sint,
438 2028 464 2055 in
479 2028 564 2054 tribus
581 2027 659 2054 tomis
680 2027 812 2061 prioribus
834 2026 968 2058 locamus;
984 2033 1058 2053 eom-

267 2075 411 2103 ntcntarios
426 2082 485 2101 cum
497 2074 601 2101 Veteris
618 2079 671 2100 tuan
695 2073 760 2100 Novi
780 2072 942 2100 Testamenti
957 2076 1058 2106 septem

267 2121 430 2156 posteriores
451 2119 628 2154 occupabunt.
645 2117 777 2153 Opuscula
794 2126 856 2145 vero
872 2118 923 2144 hoc
944 2118 997 2144 ritt|
1017 2117 1060 2144 di-

267 2167 393 2193 viduntur
408 2174 414 2191 τ
431 2166 517 2199 primo
532 2165 653 2199 ponimus
669 2172 699 2191 ea
724 2173 783 2199 qttm
802 2164 836 2190 ob
851 2163 1005 2190 varietatem
1018 2170 1062 2190 ar-

266 2212 385 2246 gumenti
400 2220 450 2237 non
468 2215 576 2245 possunt
590 2210 615 2236 in
641 2218 717 2236 unam
733 2215 759 2237 et
774 2214 873 2236 certam
888 2208 971 2244 redigi
991 2209 1061 2236 clas-

267 2266 323 2285 sem
339 2266 346 2289 ;
361 2258 457 2292 illaque
472 2257 618 2284 secundum
632 2256 752 2284 ordinem
769 2255 896 2291 temporis
910 2276 917 2288 ,
932 2260 1061 2290 quantum

267 2304 347 2336 licet,
373 2303 568 2330 constituimus.
595 2303 697 2336 Agmeu
726 2302 826 2329 dttettut
857 2308 1008 2336 pararneses
1029 2300 1062 2328 ad

267 2349 438 2376 Theodorum
463 2349 563 2383 lapSum
577 2370 584 2382 ,
608 2348 669 2375 binc
689 2353 838 2383 sequuntur
853 2348 912 2374 lihri
935 2347 1063 2375 adversus

267 2395 298 2427 0;
311 2399 471 2429 pugnaturos
490 2396 550 2421 vita:
574 2394 737 2427 monasticr,
755 2394 813 2420 libri
827 2393 859 2420 ad
882 2393 1042 2420 Demetrium
1055 2415 1061 2426 ,

272 2441 304 2467 ad
325 2440 488 2467 Steleebium
500 2460 507 2469 .
525 2440 558 2466 ad
581 2440 724 2475 Stagirinm
738 2461 744 2472 ,
771 2439 804 2467 de
826 2439 1061 2472 Subintruductis,

271 2487 304 2514 de
317 2486 480 2521 Virginitale.
497 2486 529 2513 ad
545 2487 655 2514 Viduam
666 2486 797 2519 junioretn
812 2496 818 2512 :
835 2486 981 2513 secundum
997 2491 1064 2514 tem-

273 2533 345 2568 poris
358 2534 455 2560 seriem
477 2533 607 2559 accedunt
633 2533 691 2559 libri
714 2533 747 2560 de
767 2533 921 2560 Sacerdotio
934 2554 940 2566 ,
956 2533 1064 2560 huntilia

271 2588 332 2608 cum
348 2580 488 2615 presbyter
508 2579 556 2606 fuit
576 2579 732 2606 ordinatus:
748 2580 780 2606 de
803 2579 1065 2614 Incmnprehensibili

273 2630 301 2653 et
311 2631 404 2652 contra
415 2625 559 2652 Anommus
573 2625 694 2652 llumilia:
706 2625 761 2656 XII.
772 2631 865 2652 contra
877 2625 983 2653 Judreos
997 2624 1064 2656 Vlll;

269 2673 392 2700 Mamilia:
422 2673 456 2700 de
474 2672 600 2700 Kalendis
615 2677 641 2700 et
667 2671 699 2699 de
723 2673 823 2700 Lazaro
846 2673 899 2707 jam
920 2678 991 2700 octo.
1022 2673 1067 2700 lla:

269 2729 332 2749 vero
349 2721 462 2755 primum
478 2725 578 2748 tomum
594 2721 744 2747 absolvunt.
759 2721 796 2748 lix
813 2721 862 2748 hac
883 2721 967 2756 prima
982 2721 1068 2747 classe

270 2769 294 2794 in
309 2767 433 2795 secundo
449 2771 521 2794 tumo
533 2768 653 2795 llomilim
667 2767 728 2794 XXI
743 2767 768 2794 iu
783 2767 900 2799 Statuas,
913 2766 1068 2793 eatecheses

271 2813 342 2846 diae,
362 2817 417 2840 tres
431 2813 462 2839 de
475 2814 587 2842 Diabolo
601 2819 732 2842 tculaturc
747 2813 873 2845 hontilizc,
886 2817 913 2840 et
929 2820 1023 2839 novent
1036 2811 1068 2839 de

274 2859 441 2887 [‘urmteutia,
462 2860 516 2887 llue
536 2860 631 2888 desinit
658 2860 742 2894 prima
758 2859 867 2893 classis,
883 2867 941 2894 qua:
963 2858 993 2885 ad
1011 2866 1067 2885 nte~

1089 183 1162 210 dimn
1186 184 1268 211 ferme
1288 183 1396 212 secundi
1418 184 1482 212 torni
1498 184 1630 220 pertingit.
1646 183 1767 212 Secunda
1786 182 1875 210 classis

1089 236 1130 257 est
1144 231 1303 258 conciouum
1328 231 1545 266 panegyricarum
1566 231 1598 258 de
1614 231 1688 258 festis
1712 229 1814 258 Domini
1828 236 1874 255 uo-

1089 277 1136 303 stri
1152 277 1214 304 Jesu
1229 277 1338 305 Christi.
1355 277 1476 305 Humilia:
1498 278 1523 305 in
1545 278 1654 305 Paulum
1678 282 1704 305 ct
1724 277 1749 304 in
1763 276 1878 311 reliquos

1091 321 1220 349 Sanctus:
1235 322 1277 349 lue
1293 322 1437 350 secundum
1452 323 1578 350 claudunt
1590 328 1700 350 tomum.
1717 322 1802 350 Tertia
1813 321 1880 348 clas-

1092 369 1128 395 sls
1141 373 1182 395 est
1197 368 1365 395 homiliarum
1379 377 1437 404 qua:
1452 377 1484 396 ex
1498 369 1581 396 variis
1595 369 1739 404 Scriptura:
1758 365 1880 394 clausulis

1091 418 1275 448 argumentum
1293 418 1466 447 mutuantur;
1488 413 1529 441 hae
1542 422 1605 441 vero
1626 413 1793 448 occupabunt
1810 410 1880 446 prio-

1093 467 1150 487 rem
1167 464 1269 494 partem
1284 460 1348 487 tomi
1362 460 1443 487 tertii.
1459 460 1557 494 Quarta
1573 460 1667 488 classis
1688 465 1728 488 est
1741 457 1884 493 opusculo-

1094 513 1152 532 rttm
1164 505 1197 532 ad
1218 511 1306 533 motus
1320 506 1639 541 Cuttsutntiuopulitattos,
1652 511 1679 533 et
1693 506 1726 533 ad
1742 509 1881 538 utrumque

1093 550 1431 588 SJoamtisChrysoslomi
1444 553 1566 580 exsilium
1577 552 1776 588 pertinentium.
1789 549 1882 583 Quinta

1093 599 1188 626 classis
1210 598 1382 633 epistularum
1398 599 1515 626 omnium
1531 608 1537 625 :
1553 603 1646 634 quarta
1661 602 1689 626 et
1710 597 1811 633 quinta,
1826 601 1882 630 qua:

1095 652 1216 679 magnam
1234 644 1331 672 habent
1346 645 1414 672 inter
1422 652 1451 672 se
1462 645 1627 678 affinitatem,
1640 649 1802 680 postremam
1818 639 1884 668 tertii

1098 692 1162 718 tumi
1189 695 1290 726 partem
1315 691 1497 726 complebunt.
1518 691 1626 724 Septem
1649 698 1716 718 vero
1729 687 1888 725 posteriores

1097 739 1159 765 tmni
1179 746 1273 765 omnes
1295 738 1405 765 omnino
1428 737 1647 771 commentarios,
1663 737 1707 772 qui
1734 737 1888 770 supersunt,

1097 785 1316 820 complectentur.
1342 785 1429 818 Atque
1454 783 1480 810 in
1511 783 1563 810 line
1589 783 1720 818 postremi
1747 782 1889 816 fragmenta

1098 830 1170 857 varia
1184 830 1328 857 afferentur
1344 834 1398 856 tum
1414 838 1445 856 ex
1463 829 1558 857 Pltutio
1571 851 1577 862 ,
1591 835 1646 856 tum
1660 837 1693 856 ex
1706 829 1769 856 aliis
1783 827 1891 860 scripto-

1100 878 1171 904 ribus
1187 882 1265 912 atque
1285 885 1316 903 ex
1332 877 1518 911 ntanuscriptis
1539 880 1673 910 excerpta.
1691 875 1776 902 Dubia
1793 879 1854 900 vero
1867 875 1892 898 ct

1100 924 1189 958 spuria
1209 932 1288 958 opera
1305 924 1339 950 ita
1354 923 1515 950 distribuere
1538 923 1623 954 conati
1640 930 1746 954 suutus,
1765 925 1792 947 ut
1807 918 1891 946 habita

1099 969 1248 1006 argumenti
1265 970 1367 996 ratione
1383 970 1408 996 iu
1425 969 1503 996 finem
1527 969 1655 1003 cujusque
1679 969 1745 995 tomi
1770 965 1892 999 ablegen-

1103 1023 1152 1044 tur.
1172 1017 1297 1044 Fatemur
1327 1022 1416 1044 tamen
1447 1024 1498 1042 non
1530 1016 1648 1050 potu'sse
1673 1022 1724 1041 nos
1747 1013 1773 1040 id
1800 1011 1893 1044 ubique

1102 1069 1228 1098 prmstare
1240 1073 1245 1089 :
1256 1063 1276 1089 si
1291 1062 1372 1092 enim,
1386 1062 1498 1096 exempli
1514 1069 1602 1093 causa,
1615 1068 1707 1087 omnes
1722 1057 1905 1100 panegyricos,

1101 1111 1206 1145 spurius
1220 1117 1357 1136 sermones
1372 1109 1396 1135 in
1413 1108 1465 1136 fine
1480 1107 1587 1135 secundi
1604 1107 1684 1138 tomi.
1701 1107 1746 1141 qui
1762 1107 1835 1133 locus
1848 1108 1894 1129 c0-

1102 1164 1160 1183 rtun
1182 1156 1305 1190 proprius
1334 1159 1409 1188 erat,
1439 1154 1629 1189 posuissemus,
1657 1153 1681 1179 in
1705 1152 1814 1179 nimiam
1841 1155 1896 1175 m0-

1103 1202 1153 1228 lrm
1182 1201 1309 1228 crevisset
1335 1200 1379 1227 ille
1414 1204 1500 1227 tomus
1529 1208 1535 1226 :
1562 1198 1737 1233 quaumbrem
1771 1195 1897 1232 plurimos

1103 1246 1253 1281 huiusmodi
1265 1246 1296 1272 ad
1311 1250 1454 1280 sequentes
1470 1250 1555 1271 tomos
1567 1244 1677 1279 rt-jicerc
1692 1243 1778 1271 coacti
1794 1246 1894 1270 smnus.

1103 1292 1155 1320 Sed
1175 1293 1198 1319 id
1215 1292 1378 1319 levissimum
1394 1297 1444 1323 est,
1461 1291 1487 1317 ni
1507 1290 1595 1322 fallor,
1610 1289 1809 1317 incommodum
1821 1296 1827 1313 :
1839 1292 1896 1319 spu-

1103 1339 1140 1365 ria
1157 1338 1254 1372 quippe
1270 1343 1321 1364 tam
1339 1337 1427 1371 inepta
1443 1336 1598 1371 plerumque
1613 1339 1674 1362 sunt
1689 1338 1718 1361 ιιι
1741 1335 1827 1361 lucem
1843 1337 1897 1358 non

1104 1389 1267 1411 mereantur.
1285 1384 1312 1410 Ιιι
1329 1383 1420 1410 decem
1436 1383 1514 1417 igitur
1535 1387 1621 1409 tomos
1642 1382 1731 1408 omnia
1748 1381 1777 1409 S.
1789 1375 1900 1408 Joannis

1107 1429 1289 1466 Chrysustomi
1313 1437 1392 1463 opera
1413 1428 1630 1455 dislribueutur:
1658 1426 1827 1454 undeciutmn
1854 1429 1900 1458 {Ip-

1106 1476 1220 1511 prndici,
1237 1475 1270 1502 de
1290 1483 1339 1509 qua
1355 1481 1416 1501 mox
1444 1479 1545 1508 agetur,
1561 1473 1735 1500 destinamus.
1754 1471 1805 1499 Sed
1820 1471 1898 1497 erunt

1107 1524 1221 1551 fortasse
1236 1523 1279 1557 qui
1296 1527 1415 1558 qumraut
1428 1530 1434 1547 :
1449 1521 1592 1548 Frontonis
1605 1520 1692 1547 Ducmi
1708 1518 1790 1547 editio
1804 1514 1903 1544 duode-

1108 1570 1158 1597 cim
1175 1569 1253 1596 tumis
1267 1590 1273 1601 ,
1290 1569 1345 1596 sive
1360 1567 1483 1595 undecim
1508 1566 1602 1601 amplze
1626 1566 1703 1592 molis
1725 1560 1905 1591 voluminibus

1108 1615 1254 1642 absnlvitur
1273 1623 1279 1641 :
1304 1621 1357 1649 quo
1383 1618 1461 1648 pacto
1487 1613 1568 1647 igitur
1589 1615 1627 1638 tut
1648 1615 1751 1637 auctam
1767 1604 1906 1634 aneedotis

1109 1667 1200 1697 totque
1214 1661 1321 1688 monitis
1337 1660 1481 1687 editionem
1497 1658 1589 1684 decem
1611 1657 1636 1683 in
1658 1653 1842 1681 voluminibus
1860 1651 1903 1677 in~

1109 1707 1221 1734 eludas?
1238 1707 1263 1732 ιιι
1280 1706 1323 1741 qui
1347 1705 1403 1732 fieri
1429 1704 1545 1738 potuerit
1564 1702 1640 1729 facile
1661 1700 1794 1734 intelligas
1809 1697 1830 1724 si
1848 1703 1908 1732 pcr-

1110 1753 1210 1789 peudas
1225 1753 1302 1786 longe
1322 1750 1414 1785 majori
1430 1750 1521 1776 cbarta
1541 1752 1568 1775 ct
1588 1747 1681 1782 pagina
1704 1753 1767 1773 ttSos
1784 1748 1908 1780 typogra-

1110 1801 1177 1835 p'ms
1193 1803 1297 1824 nostros
1312 1797 1390 1823 tomis
1405 1803 1499 1822 navem
1516 1799 1540 1821 et
1556 1793 1669 1820 ditnidiu
1682 1800 1712 1820 ea
1732 1791 1822 1819 omnia
1841 1797 1907 1817 con-

1110 1833 1218 1871 cludere
1232 1849 1311 1877 posse
1324 1862 1331 1874 ,
1348 1849 1407 1876 qtae
1424 1841 1448 1867 in
1470 1838 1593 1866 undecim
1608 1838 1751 1865 Frontonis
1765 1833 1909 1863 volumini—

1111 1891 1160 1917 bus
1183 1888 1365 1920 continentur,
1379 1887 1449 1922 quod
1472 1886 1526 1921 jam
1550 1885 1733 1920 experimento
1752 1881 1906 1911 didicimus.

1112 1937 1152 1965 Ad
1168 1937 1225 1964 luce
1239 1944 1302 1964 vero
1318 1936 1408 1970 spuria
1425 1943 1484 1969 qua:
1500 1934 1525 1961 itt
1545 1933 1688 1961 Frontonis
1712 1932 1831 1959 editione
1849 1935 1907 1954 atu-

1113 1985 1185 2020 plum
1201 1983 1324 2010 volumen
1346 1981 1538 2013 eonlieiebant,
1554 1980 1580 2006 in
1602 1985 1692 2007 nostra
1716 1978 1833 2006 editione
1848 1979 1907 2002 cum

1113 2038 1145 2057 ex
1161 2037 1239 2063 supra
1259 2032 1405 2055 memorata
1425 2027 1526 2054 charta:
1546 2025 1744 2060 magnitudine,
1761 2029 1816 2051 tum
1829 2020 1908 2049 etiam

1114 2084 1146 2102 ex
1160 2075 1259 2102 minuta
1275 2078 1396 2110 typorunt
1416 2073 1499 2100 forma
1511 2072 1543 2099 ad
1558 2071 1696 2099 dimidium
1712 2067 1852 2097 voluminis
1867 2073 1911 2094 re-

1116 2121 1268 2149 ducuntur:
1291 2120 1346 2154 jam
1371 2119 1453 2146 habes
1478 2117 1600 2146 undecim
1622 2117 1756 2144 volumina
1772 2116 1798 2143 in
1813 2118 1909 2142 novem

1115 2167 1232 2194 redacta.
1248 2166 1369 2200 Insuper,
1383 2166 1494 2193 sublatis
1515 2165 1565 2192 illis
1577 2162 1779 2200 paraphrastice
1794 2161 1909 2189 adorna-

1117 2213 1149 2240 tis
1172 2213 1273 2240 Latinis
1295 2211 1568 2251 interpretationilms,
1592 2218 1652 2245 qua:
1672 2209 1814 2236 verborum
1834 2203 1909 2239 copit!

1117 2259 1312 2292 redundabant,
1327 2267 1385 2294 qua:
1402 2259 1453 2285 illis
1474 2257 1623 2285 substitutaz
1641 2260 1702 2282 sunt
1722 2255 1800 2288 longe
1823 2251 1911 2280 minus

1117 2306 1193 2340 spatii
1208 2305 1386 2340 occupabunt,
1400 2304 1514 2338 hincque
1530 2301 1647 2329 nonnihil
1664 2301 1746 2329 etiam
1761 2308 1794 2327 ex
1808 2303 1911 2326 memo-

1118 2353 1182 2380 ratis
1208 2360 1303 2380 novent
1320 2350 1500 2378 voluminibus
1524 2349 1664 2376 deeiditttr.
1682 2347 1784 2381 Quibus
1799 2350 1911 2381 perspe-

1117 2403 1167 2430 ctis
1183 2402 1259 2429 facile
1283 2399 1413 2434 intelligas
1433 2399 1458 2426 in
1473 2399 1566 2426 decem
1593 2397 1644 2424 illis
1665 2395 1790 2424 editionis
1814 2396 1911 2420 nostra:

1117 2447 1296 2476 voluminibus
1335 2451 1389 2473 tmn
1422 2453 1453 2472 ea
1487 2451 1547 2479 qua:
1577 2451 1611 2469 ex
1646 2441 1763 2468 tenebris
1794 2438 1913 2467 eruimus

1118 2491 1302 2528 Chrysostomi
1317 2499 1412 2526 opera,
1429 2494 1483 2517 ttttu
1508 2489 1587 2517 etiam
1608 2488 1724 2521 monita,
1749 2486 1808 2522 plus
1833 2488 1911 2520 quam

1119 2548 1200 2568 unum
1216 2539 1338 2566 volumen
1353 2544 1483 2572 occupare
1503 2535 1552 2571 (ιι).

1122 2607 1136 2643 §
1153 2606 1209 2634 ΧΠ.
1225 2621 1261 2626 -
1278 2605 1314 2632 De
1328 2604 1468 2640 appendite
1488 2610 1609 2638 perquam
1635 2601 1774 2628 necessaria
1799 2597 1914 2634 aperit-tt:

1241 2652 1271 2679 S.
1287 2651 1395 2678 Joannis
1407 2649 1580 2685 Clu'ysostomi
1595 2647 1780 2684 sultjtutgemln.

1160 2710 1231 2736 lnter
1245 2717 1275 2736 ea
1292 2715 1350 2743 qua:
1364 2707 1396 2734 ad
1411 2707 1633 2742 Chrysostomum
1651 2703 1837 2731 illustrandum
1849 2706 1912 2727 cnn-

1146 2799 1182 2829 (κι)
1196 2798 1260 2822 ttaud
1270 2797 1344 2822 multo
1355 2801 1406 2828 lost
1416 2797 1493 2821 sensit
1504 2802 1561 2829 sese
1569 2793 1632 2818 male
1642 2793 1813 2829 prmiudicasse
1825 2793 1912 2829 tuatui-I-

1486 2819 1543 2851 torni
1556 2819 1701 2858 pra'tnliiun;
1710 2825 1758 2855 jam
1771 2826 1853 2847 Ittmn-t
1866 2819 1915 2844 υάι⁸

1125 2867 1215 2887 ttouetit
1227 2856 1295 2892 Itht.
1317 2861 1339 2883 iu
1349 2859 1466 2883 tredecim
1481 2863 1557 2883 lUlllOS
1570 2856 1630 2881 forte
1642 2862 1774 2880 erasurum.
1795 2857 1823 2877 Μ-
