2024 3106
108 136 144 157 xxt
814 121 1008 150 PREl-‘ATIO.

108 190 170 216 terre
186 191 295 223 possunt
310 208 317 219 .
343 186 408 214 nihil
427 184 613 221 opportunius.
629 191 690 212 meo
704 182 812 218 quidem
827 180 895 215 judi-

109 234 317 269 cio,appcndice
344 233 389 260 illa
415 233 448 260 ad
471 232 571 259 calcem
593 237 703 264 opornm
728 226 895 263 adjicienda,

111 288 163 316 quae
177 279 301 308 editionis
315 279 438 306 ultimum
453 282 554 305 tomum
573 275 716 304 constituet
731 281 739 301 ε
753 273 812 306 ubi,
827 279 896 306 pra:-

111 326 191 354 missis
221 329 341 352 veterum
367 324 400 351 de
429 324 531 351 Joanne
559 323 752 358 Cbrysostomo
779 319 899 346 testimo-

109 374 163 402 niis.
179 372 300 399 diatribm
312 372 430 406 quinque
445 371 568 398 edcntur.
587 369 615 396 ln
627 376 717 396 earum
732 367 816 401 prima
830 372 895 400 age-

108 424 146 446 tur
159 419 192 446 de
212 418 315 445 fortuna
329 425 442 451 operum
461 417 525 444 tanti
548 415 685 446 doctoris,
706 414 793 448 deqtte
818 411 898 438 variis

106 463 293 499 manuscriptis
306 464 444 490 codicibus
460 462 590 497 ejusdem,
606 462 650 496 qui
669 461 695 487 in
712 458 831 494 plurimis
842 457 897 484 Eu-

107 517 176 544 ropa:
201 509 372 536 bibliothecis
393 508 490 542 ingenti
510 514 620 534 numero
644 505 765 533 feruntur
780 513 787 531 :
802 503 823 530 si
847 509 899 537 qua

107 563 167 582 \cro
183 556 209 582 in
224 556 255 582 iis
271 559 361 582 notatu
377 554 454 589 digna
468 558 495 581 et
510 552 653 588 singularia
668 552 853 582 observentur,
868 555 900 575 ea

109 610 157 628 non
179 601 278 636 pigebit
292 606 431 627 annotare.
447 599 512 626 Tum
527 599 560 626 de
581 597 726 625 innumeris
741 603 808 631 pene
821 594 900 621 editis

110 647 273 678 tractabitur,
286 647 329 681 qui
352 646 394 672 vel
419 650 506 680 partes
528 651 650 679 operum,
663 643 703 670 vel
717 649 796 677 opera
811 640 900 667 omnia

110 694 330 727 corripiet-tentur,
344 692 477 718 ammentis
492 699 572 722 anno,
595 690 654 717 loco
667 693 692 716 et
713 687 836 715 editionis
851 693 899 712 au-

110 745 180 766 ctore
197 748 203 765 :
219 739 389 773 pra-rationes
410 739 489 765 etiam
509 736 671 771 singularum
686 734 831 761 editionum
852 732 902 758 mi-

112 785 214 811 nutinre
241 784 399 810 charactere
423 783 564 809 cudentnr.
592 780 619 807 lu
645 778 761 806 secunda
786 777 898 804 diatriba

111 830 141 857 de
161 837 190 856 re
210 829 355 856 admodum
381 836 491 863 operosa
508 826 706 861 disputabitur;
731 824 854 850 nimirum
869 821 901 848 de

111 876 214 904 amissis
241 876 299 909 ejus
323 875 398 902 libris
422 873 601 908 operibusque
627 871 707 897 rariis
722 891 729 902 ,
752 877 811 904 qua:
835 871 902 894 teste

111 922 186 948 Suida
211 928 318 948 omnem
339 927 480 947 numerum
504 917 666 952 superabant
684 925 690 942 :
716 916 752 942 ibi
771 915 804 942 de
822 914 903 941 Com-

112 967 245 994 mentariis
260 967 285 993 in
302 966 419 993 lllarcuzu
436 970 461 992 et
476 965 500 991 in
523 964 622 991 Lucam
637 961 824 996 disputabitur,
836 967 904 994 quos

111 1013 153 1040 alii
176 1012 293 1040 edidisse
311 1011 532 1046 Chrysostotnltm
560 1013 684 1038 narrant.
699 1007 742 1034 alii
760 1013 903 1040 numquam

113 1060 244 1086 exstitisse
267 1058 452 1086 contendunt:
470 1057 503 1084 de
526 1055 710 1091 Chrysostomi
728 1054 790 1081 item
807 1053 904 1079 oratio-

111 1106 185 1132 nilms
200 1109 295 1132 contra
309 1104 423 1134 Arabas,
439 1103 482 1138 qui
498 1102 749 1129 dicebantanimam
765 1100 832 1126 mori
843 1107 903 1125 cum

115 1159 241 1186 corpore,
263 1158 330 1185 quas
360 1149 495 1176 orationes
520 1147 599 1182 aliqui
627 1147 696 1174 inter
720 1143 905 1180 Chrysostomi

115 1204 190 1231 opera
204 1199 348 1223 recensent
363 1204 369 1221 ε
386 1194 472 1229 deque
491 1194 550 1221 aliis
568 1192 717 1228 lmjusmodi
732 1192 800 1218 bene
815 1190 905 1217 multis

116 1243 267 1269 disseretur.
289 1241 317 1268 In
338 1241 416 1268 tertia
439 1239 550 1267 diatriba
564 1239 597 1266 de
612 1238 734 1265 doctrina
752 1236 780 1264 S.
794 1235 907 1264 Joannis

115 1287 294 1323 tibrysostomi
319 1287 391 1313 circa
419 1286 479 1313 fidei
509 1285 631 1320 dogmata
659 1283 834 1314 tractabitur,
862 1281 906 1309 ubi

116 1334 193 1369 ipsius
216 1334 326 1368 prolatis
355 1333 385 1360 S.
413 1331 531 1359 ductoris
562 1330 640 1358 dictis
665 1336 744 1365 atque
767 1327 908 1356 sententiis

115 1381 198 1407 omina
215 1379 427 1407 recenscbuntnr
440 1387 446 1409 ;
462 1379 541 1414 idque
556 1386 609 1404 non
623 1376 788 1412 disceptandi
803 1375 906 1408 animo,

116 1426 160 1453 sed
175 1434 208 1453 cx
229 1433 283 1453 uno
297 1425 352 1453 veri
374 1425 472 1452 studio.
490 1425 516 1452 ln
536 1429 629 1460 quarta
645 1422 758 1450 diatriba
774 1422 808 1449 de
827 1421 906 1449 disci-

116 1473 181 1508 plina
195 1477 316 1507 tempore
331 1471 516 1508 Chrysostomi
529 1479 562 1499 ex
577 1471 659 1506 ipsius
674 1470 789 1496 maxime
802 1467 908 1503 scriptis

114 1524 213 1553 agetur.
233 1518 284 1546 Ubi
297 1518 444 1553 singularia
465 1522 554 1550 certe,
571 1517 628 1544 sive
646 1515 715 1551 quod
729 1515 761 1542 ad
777 1514 908 1548 liturgiam

115 1569 140 1590 et
160 1564 282 1591 sacriﬁcii
297 1564 522 1596 celebrationem,
539 1563 596 1590 sive
608 1561 678 1596 quod
693 1561 725 1587 ad
745 1560 810 1587 alios
825 1560 890 1586 ritus
900 1579 908 1591 ,

116 1610 338 1642 observabuntur,
353 1617 450 1644 nempe
470 1609 504 1636 de
518 1608 597 1635 variis
612 1608 705 1635 ofﬁciis
722 1607 826 1634 diaconi
842 1606 909 1632 alio-

116 1663 225 1690 rumque
248 1655 450 1687 ministrorum;
474 1656 507 1682 de
528 1653 692 1681 ornamentis
713 1652 909 1684 Ecclesiarum,

116 1701 146 1728 de
161 1701 228 1735 signi
253 1701 346 1728 Crucis
361 1701 436 1727 vario
450 1707 515 1732 usu;
536 1699 569 1726 de
582 1699 641 1726 oleo
654 1707 685 1726 ex
700 1698 748 1726 SS.
763 1702 909 1733 martyrum

116 1747 240 1780 sepulcris
261 1746 416 1781 desumpto,
440 1753 493 1781 quo
514 1745 655 1775 utebantur
675 1745 707 1771 ad
722 1744 857 1771 dzt-mones
871 1743 910 1770 tu-

116 1793 214 1827 gaudos
237 1792 577 1828 morbosque‘pcllendos;
601 1791 776 1826 similiterque
797 1790 831 1817 de
851 1790 911 1817 oleo

118 1847 212 1868 sancta:
234 1841 344 1872 Crucis,
365 1840 400 1867 de
415 1848 468 1874 quo
488 1839 513 1866 in
528 1839 585 1866 Vita
600 1839 629 1866 S.
646 1837 739 1870 Sabze;
753 1837 840 1873 deque
853 1837 911 1864 aliis

119 1886 263 1914 innumeris
279 1886 377 1913 veteris
398 1885 526 1913 Ecclesia:
547 1884 690 1912 Orientalis
711 1884 824 1911 ritibus:
845 1892 912 1918 quos

120 1932 182 1960 ritus
193 1933 291 1968 szepius
305 1940 385 1968 quam
402 1932 488 1967 quivis
499 1932 567 1958 alius
586 1935 777 1959 commemorat
789 1930 818 1957 S.
833 1930 913 1957 Joan-

120 1986 164 2006 nes
183 1979 403 2014 Cbrysostomus.
426 1979 454 2006 ln
478 1978 569 2013 quinta
593 1978 707 2005 diatriba
727 1977 762 2004 de
784 1977 864 2004 variis
886 1981 912 2004 et

122 2026 294 2053 niisccllaneis
307 2025 388 2053 rebus
405 2025 581 2052 tractabitur:
598 2024 620 2050 si
635 2023 697 2059 quid
712 2023 839 2051 omissum
854 2022 912 2049 fue-

121 2071 162 2104 rit,
177 2071 200 2098 id
213 2071 356 2102 atl‘eretnr;
373 2071 395 2098 si
409 2070 471 2106 quid
485 2075 602 2097 erratum
617 2073 663 2096 aut
678 2069 765 2096 minus
779 2074 850 2096 recte
866 2076 913 2103 po-

122 2117 193 2144 situm
205 2139 212 2152 ,
229 2116 437 2149 emendabitur;
453 2124 513 2143 nam
531 2124 594 2143 usus
607 2120 634 2142 ct
653 2115 774 2142 tractatio
788 2115 912 2142 diuturna

123 2164 307 2191 accuratiorem
324 2162 438 2190 alfenmt
452 2171 540 2190 rerum
561 2162 693 2189 notitiam.

153 2210 281 2244 Sequetur
294 2209 353 2237 Vita
366 2209 394 2237 S.
406 2208 515 2237 Joannis
525 2209 709 2245 Chrysostomi
723 2229 730 2241 ,
744 2213 798 2235 tum
810 2215 841 2235 ex
854 2208 912 2243 ejus

126 2256 231 2283 maxime
255 2255 385 2290 scriptis,
410 2260 464 2282 tum
487 2263 518 2282 ex
541 2255 652 2282 aliorum
675 2255 734 2282 sive
754 2245 929 2289 :cquahum,‘

125 2301 174 2329 sive
187 2303 344 2337 supparium
357 2323 365 2333 .
382 2302 437 2329 sive
453 2302 632 2336 posteriorum
646 2301 805 2336 scriptorum
820 2308 910 2327 narra-

126 2350 148 2372 tu
159 2369 166 2379 ,
181 2348 386 2375 accuratissime
400 2351 528 2382 quantum
548 2347 636 2374 licebit
656 2347 824 2374 concinnata.
847 2347 914 2374 lluic

125 2393 292 2428 tubjicientur
306 2393 367 2427 ejus
388 2394 448 2420 vitae
465 2393 610 2427 scriptores
622 2398 725 2420 veteres
737 2413 744 2425 ,
760 2392 892 2419 Palladius
906 2414 912 2425 ,

126 2438 246 2473 Georgius
259 2461 266 2472 ,
286 2440 387 2474 aliique
401 2438 526 2474 anonymi
541 2460 548 2472 ,
563 2446 675 2474 quorum
690 2439 808 2466 nonnulli
828 2438 913 2466 lucem

127 2486 236 2514 nondum
251 2487 385 2514 viderant.
403 2485 459 2513 Sub
470 2485 525 2512 hate
537 2485 650 2513 indicem
661 2485 782 2512 dabimus
795 2485 914 2512 locorum

126 2531 264 2567 Scriptum
278 2540 365 2559 sacra:
378 2553 385 2564 ,
401 2539 480 2566 quem
494 2536 620 2566 sequetur
633 2531 713 2559 index
728 2539 816 2558 rerum
832 2539 913 2565 gene-

128 2577 185 2603 ralis
199 2578 224 2604 in
239 2577 329 2604 omnia
345 2577 403 2611 ejus
418 2584 509 2610 opera.
526 2577 583 2604 Erit
597 2584 678 2612 porro
693 2577 770 2604 index
787 2577 829 2604 ille
841 2577 914 2604 locu-

129 2622 283 2655 pletissimus
294 2627 323 2650 et
336 2629 444 2650 summo
458 2623 546 2651 labore
558 2623 779 2658 accnrationeque
789 2622 915 2658 singulari

131 2670 308 2697 concinnatus.
323 2669 436 2703 Quantae
450 2676 530 2703 porro
545 2670 668 2697 utilitatis
682 2670 736 2697 sint
749 2670 850 2697 indices
864 2669 914 2696 bu-

130 2714 235 2748 jusmodi
259 2716 338 2751 pauci
362 2716 475 2750 experiri
494 2717 594 2744 volunt.
619 2717 654 2743 At
673 2717 743 2743 enim
764 2725 815 2743 non
837 2717 916 2744 modo

133 2767 188 2788 sunt
201 2763 233 2790 ad
247 2764 306 2790 loca
329 2762 507 2797 perquirenda
528 2763 625 2795 utiles;
646 2763 692 2790 sed
713 2763 791 2791 etiam
812 2764 917 2798 quando

133 2812 250 2835 accurate
263 2807 435 2842 cogitatequc
448 2808 536 2843 scripti
552 2813 612 2835 sunt
625 2830 630 2840 .
651 2809 708 2836 sine
727 2809 804 2836 tzedio
816 2814 842 2836 et
856 2818 916 2837 cmn

137 2851 217 2881 fructu
231 2854 351 2881 maximo
366 2852 486 2886 leguntur
498 2875 505 2887 ,
520 2855 624 2882 omissis
640 2855 762 2883 videlicet
778 2856 895 2884 numeris
907 2877 914 2890 ,

1685 116 1742 136 ναι

953 180 998 215 qui
1013 178 1046 206 ad
1061 177 1159 206 seriem
1174 174 1285 204 minime
1295 172 1441 209 pertinent.
1457 172 1498 199 Ex
1514 167 1665 205 huiusmodi
1681 174 1745 194 vero

952 225 1066 252 lectione
1080 224 1101 251 is
1118 223 1218 250 fructus
1232 220 1385 256 decerpitur
1398 240 1405 251 ,
1424 225 1503 253 quem
1518 217 1545 243 in
1560 215 1615 250 ipsa
1629 214 1746 241 auctoris

952 272 1066 299 lectione
1081 271 1123 297 vix
1139 269 1269 304 reperias.
1284 267 1310 294 In
1325 270 1434 293 auctore
1450 264 1547 298 quippe
1562 261 1650 290 omnia
1669 267 1744 294 spar-

952 318 1001 345 sim
1015 316 1100 352 posita
1112 319 1192 347 sunt;
1204 314 1225 341 si
1239 312 1301 348 quid
1315 312 1348 339 de
1360 312 1424 343 Deo,
1438 309 1512 336 verbi
1524 308 1621 342 gratia.
1632 306 1747 334 Senserit

952 364 1160 399 Cbrysostomus
1174 360 1294 388 ediscere
1308 358 1400 392 cupias
1413 378 1420 389 ,
1435 356 1456 382 si
1472 354 1534 389 quid
1548 353 1581 380 de
1594 352 1726 386 baptismo
1738 371 1746 382 ,

952 409 986 437 de
999 408 1082 444 gratia
1095 429 1103 440 ,
1117 412 1170 435 etc.
1184 427 1192 440 ,
1207 410 1261 433 tota
1275 405 1367 432 decem
1382 401 1517 429 volumina
1532 399 1652 434 perlegas
1665 404 1746 430 opor-

954 443 1010 487 tet,
1034 454 1235 489 periculumque
1257 457 1364 484 semper
1383 453 1423 475 est
1445 455 1478 474 ne
1499 447 1524 472 in
1548 451 1600 472 tam
1620 443 1748 471 diuturno

955 500 1076 528 lectionis
1099 499 1234 530 decursu,
1259 496 1330 531 quod
1355 495 1440 530 primo
1461 496 1614 527 perceptum
1640 489 1745 519 fuerat,

955 551 1095 581 antequam
1112 544 1144 571 ad
1161 543 1239 570 ﬁnem
1259 541 1385 570 devenias
1398 561 1405 572 ,
1428 538 1550 567 elabatur
1566 546 1572 564 :
1600 534 1746 570 periculum

955 593 1018 619 item
1028 580 1068 619 ine
1083 590 1197 618 assidua:
1212 593 1344 622 tantasque
1358 585 1479 614 lectionis
1493 583 1572 611 tzcdio
1584 583 1650 610 bene
1666 580 1747 608 multa

955 637 1126 664 inobservata
1142 639 1295 670 pra-terens.
1311 633 1410 660 Contra
1424 637 1487 657 vero
1503 630 1528 656 in
1544 626 1691 656 istiusmodi
1707 625 1748 653 in-

955 683 1014 710 dice
1027 704 1033 715 ,
1048 688 1221 717 qua‘cumque
1232 680 1265 706 de
1277 679 1332 706 Deo
1345 699 1351 710 ,
1366 683 1539 712 qua-cumque
1552 674 1585 701 de
1596 673 1727 707 baptismo
1739 691 1748 704 ,

956 729 1024 756 deve
1043 729 1102 756 aliis
1124 725 1285 762 quibuslibet
1309 725 1334 752 in
1357 727 1465 750 auctore
1485 719 1595 754 reperiri
1617 722 1726 753 possunt
1740 737 1747 747 ,

956 782 1036 801 unum
1061 773 1110 801 sub
1130 761 1267 806 aspectum
1293 769 1480 803 Subjiciuntur.
1504 766 1683 799 Quamobrem
1707 761 1749 789 vel

957 820 1050 848 iisdem
1067 819 1132 854 ipsis
1145 818 1189 853 qui
1205 822 1244 844 tot
1258 815 1392 843 volumina
1412 814 1502 848 legunt
1514 832 1521 842 ,
1543 809 1638 838 indicis
1657 808 1750 836 lectio-

957 874 1018 894 nem
1033 874 1066 893 ne
1078 864 1282 900 prmtermittant
1291 866 1384 889 auctor
1394 867 1463 887 sum.
1475 858 1538 886 Post
1552 856 1665 883 indicem
1676 854 1750 881 Ono-

957 913 1088 940 masticon
1098 910 1290 946 amplissimum
1302 907 1407 935 dabitur
1419 911 1513 932 vocum
1526 902 1645 930 omnium
1659 900 1751 933 singu-

958 959 1052 986 larium
1065 978 1072 990 ,
1086 965 1144 992 quze
1160 957 1185 982 in
1198 955 1271 982 edito
1284 951 1468 988 Chrysostomi
1485 947 1654 984 reperiuntur
1667 966 1675 978 ,
1690 952 1751 972 cmn

958 1012 1049 1032 carum
1067 1002 1286 1037 interpretatione
1301 999 1394 1026 Latina
1409 1007 1416 1024 :
1433 996 1557 1024 idiotismi
1567 1016 1573 1027 ,
1588 993 1632 1029 qui
1645 991 1752 1028 plurimi

958 1050 1027 1086 apud
1039 1050 1112 1077 illmn
1125 1051 1280 1078 occurrunt,
1294 1045 1466 1073 notabuntur.
1502 1043 1605 1075 Agmen
1646 1038 1751 1066 claudet

959 1084 1094 1130 catalogus
1109 1093 1290 1129 alphabetieus
1310 1097 1421 1125 operum
1436 1087 1553 1115 onmium
1569 1084 1751 1120 Chrysostmni

959 1147 986 1169 ct
1000 1129 1171 1177 epistularum
1192 1147 1206 1166 a
1227 1138 1318 1172 primis
1342 1136 1471 1170 cujusque
1492 1132 1581 1167 operis
1603 1130 1689 1158 verbis
1704 1129 1753 1156 du-

959 1194 1018 1215 ctus
1029 1208 1035 1219 ,
1052 1187 1182 1221 longeque
1197 1184 1310 1218 amplior
1327 1189 1406 1217 quatit
1424 1178 1571 1208 Savilianus
1584 1197 1591 1209 ,
1612 1177 1638 1204 in
1659 1181 1753 1203 octavo

961 1241 1032 1263 tome
1048 1235 1117 1262 illius
1131 1233 1255 1260 editionis
1273 1231 1382 1266 positus.

981 1323 995 1359 ᾗ
1010 1322 1080 1350 XI".
1091 1338 1126 1343 ——-
1141 1321 1179 1349 De
1191 1323 1250 1350 viris
1275 1321 1415 1356 insignibus
1426 1341 1432 1351 ,
1449 1326 1554 1352 quorum
1570 1325 1616 1351 ope
1644 1317 1668 1342 in
1692 1316 1738 1341 hac

1177 1395 1182 1399 ,
1212 1368 1318 1394 editione
1337 1367 1376 1392 usi
1390 1373 1485 1392 sumus.

998 1475 1090 1502 Restat
1103 1478 1131 1501 ut
1146 1474 1172 1500 in
1185 1473 1251 1508 grati
1268 1471 1348 1505 animi
1365 1468 1546 1497 testimonium
1562 1466 1657 1494 lectori
1672 1465 1756 1499 signi-

963 1520 1073 1547 ﬁcemus
1085 1540 1092 1552 ,
1109 1525 1220 1553 quarum
1235 1516 1455 1543 bibliothecarum
1471 1512 1606 1540 codicibus
1620 1531 1628 1544 ,
1642 1517 1755 1544 quorum

961 1573 1012 1600 ope
1036 1565 1153 1592 virorum
1175 1563 1207 1590 ad
1228 1563 1296 1589 bane
1317 1561 1461 1588 editionem
1486 1559 1525 1585 usi
1544 1558 1637 1584 simus
1653 1556 1757 1582 Primus

962 1610 1137 1639 celebrandus
1152 1610 1229 1637 nobis
1243 1612 1284 1636 est
1299 1605 1539 1635 excellentissimus
1563 1604 1638 1630 Dom.
1656 1601 1756 1629 "EXEI-

963 1660 1010 1685 ct's
1023 1658 1146 1684 Canows
1170 1663 1202 1683 ou
1224 1655 1350 1682 Caunour
1372 1661 1405 1680 ne
1423 1652 1546 1682 Cmam,
1573 1650 1630 1676 Dex
1653 1653 1679 1676 ct
1702 1648 1757 1674 Pan

963 1703 1101 1735 Francia),
1138 1701 1288 1737 Episcopus
1322 1698 1468 1729 Metensis,
1494 1697 1539 1732 qui
1570 1694 1757 1722 bibliothecam

963 1757 1039 1776 suain
1053 1748 1124 1774 omni
1142 1746 1382 1780 inmuscriptornm
1396 1765 1404 1777 ,
1420 1742 1567 1778 pra‘sertim
1582 1740 1735 1768 Gnecormn
1748 1759 1756 1772 ,

963 1802 1062 1829 genere
1075 1792 1201 1820 refertam
1218 1791 1268 1818 hoc
1283 1791 1308 1817 in
1323 1789 1446 1818 cmnohio
1461 1787 1581 1822 deposuit
1597 1807 1603 1818 ,
1619 1791 1646 1813 et
1661 1792 1709 1819 pro
1719 1785 1758 1812 itt-

964 1844 1024 1868 nata
1041 1838 1216 1867 beneﬁcentia
1236 1842 1288 1863 tam
1309 1836 1387 1862 lauta:
1402 1833 1574 1869 supellectilis
1591 1831 1666 1858 nobis
1681 1837 1758 1857 usum

964 1885 1097 1913 concessit
1110 1892 1116 1916 ;
1130 1883 1200 1911 unde
1213 1883 1293 1910 multa
1306 1881 1525 1917 Cbrysostomum
1537 1878 1683 1914 spectantia
1698 1884 1758 1903 mu.

964 1932 1029 1959 tuati
1049 1938 1151 1958 sumus.
1175 1930 1212 1956 Ex
1236 1928 1396 1956 bibliotheca
1420 1926 1500 1961 Regia
1524 1931 1631 1958 semper
1652 1922 1760 1950 codices

964 1977 1042 2005 nobis
1064 1976 1096 2003 ad
1118 1975 1258 2003 arbitrium
1281 1972 1440 2009 suppeditati
1464 1975 1526 1998 sunt
1551 1969 1715 1996 humanitate
1732 1973 1761 1996 et

964 2023 1144 2051 muniﬁcentia
1161 2021 1296 2048 illustriss.
1318 2021 1434 2047 ABBATIS
1451 2018 1483 2046 Ι).
1508 2025 1541 2044 ne
1566 2015 1680 2043 Lourots
1693 2035 1700 2046 ,
1718 2013 1759 2041 ω.

964 2070 1103 2098 bliotheca:
1119 2069 1207 2103 llegize
1224 2067 1340 2102 prmt'ecti
1353 2087 1360 2098 ,
1382 2066 1432 2092 sub
1451 2064 1526 2099 cujus
1545 2062 1670 2096 auspiciis
1683 2061 1758 2096 ejus—

964 2117 1025 2144 dem
1053 2115 1220 2143 bibliotheca:
1233 2113 1358 2141 custodes
1379 2112 1408 2138 D.
1430 2111 1464 2138 de
1487 2110 1622 2140 Tnncats,
1648 2114 1761 2142 pra-ser-

965 2164 1065 2198 timque
1077 2163 1118 2189 vir
1128 2162 1162 2189 cl.
1174 2161 1292 2188 ἔσηπε
1302 2159 1440 2186 Borvnstus
1451 2178 1458 2190 ,
1472 2164 1524 2184 non
1536 2156 1623 2182 minus
1635 2153 1762 2181 comitate

964 2217 1043 2245 quam
1060 2207 1210 2235 eruditione
1225 2211 1281 2233 toto
1295 2205 1359 2232 orbe
1375 2203 1493 2231 literario
1508 2201 1663 2229 notissimus
1674 2220 1682 2232 ,
1697 2199 1761 2226 soli-

965 2256 999 2282 tis
1012 2254 1106 2282 ofticiis
1122 2260 1170 2280 nos
1187 2251 1340 2287 prosequuti
1353 2254 1425 2277 Sunt.
1440 2247 1515 2276 lland
1537 2247 1619 2274 multo
1642 2246 1761 2272 minores

965 2300 1042 2328 nobis
1056 2299 1185 2334 suppetia:
1198 2304 1336 2325 accessere
1351 2304 1382 2323 ex
1399 2294 1560 2323 bibliotheca
1584 2291 1761 2319 illustrissimi

965 2346 1076 2374 Corn-ns
1091 2353 1124 2372 ne
1138 2344 1288 2371 Suam.”
1300 2363 1306 2374 ,
1325 2350 1383 2378 quae
1397 2340 1559 2368 Colbertina:
1574 2338 1681 2366 nomine
1697 2337 1763 2365 insi.

965 2393 1037 2428 gnita
1065 2391 1164 2426 ingenti
1189 2390 1346 2418 Grazcorum
1368 2388 1431 2415 Mss.
1456 2387 1532 2422 copia
1560 2385 1689 2413 instructa
1710 2389 1760 2412 est.

966 2439 1066 2466 llorum
1083 2437 1159 2465 nobis
1174 2437 1207 2464 ad
1227 2441 1321 2464 nutum
1341 2435 1447 2469 copiam
1469 2433 1531 2460 fecit
1554 2431 1764 2459 humanissimus

966 2485 1010 2512 ille
1024 2485 1064 2511 \‘ir
1078 2505 1085 2515 ,
1100 2483 1133 2511 ad
1147 2483 1286 2510 literarum
1298 2480 1469 2508 commodum
1483 2483 1572 2506 natus.

1003 2531 1030 2557 In
1044 2529 1204 2558 bibliotheca
1217 2528 1343 2556 Vaticana
1356 2548 1363 2560 ,
1379 2526 1442 2553 dum
1457 2525 1549 2553 Roma:
1565 2530 1704 2554 versarer,
1720 2522 1762 2548 in-

967 2583 1078 2604 numera
1093 2574 1222 2609 exscripsi
1235 2594 1243 2606 ,
1255 2573 1347 2608 Collegi
1362 2593 1369 2605 ,
1383 2571 1493 2599 contuli.
1507 2570 1570 2597 Post
1585 2568 1700 2596 reditum
1715 2574 1763 2592 an.

967 2628 1019 2650 tem
1034 2643 1041 2655 ,
1056 2629 1089 2649 ex
1103 2629 1156 2656 quo
1171 2619 1368 2648 illustrissimus
1381 2618 1421 2646 vir
1441 2618 1472 2645 D.
1493 2615 1617 2644 Canows
1635 2614 1762 2641 Mavuu

967 2670 993 2696 in
1016 2667 1246 2696 bibliotbecarium
1267 2670 1407 2700 cooptatus
1430 2668 1489 2694 est.
1514 2662 1603 2689 omnia
1627 2667 1674 2695 pro
1700 2662 1763 2685 voto

967 2714 1133 2749 suppeditata
1156 2713 1240 2740 fuere.
1264 2712 1313 2740 Est
1331 2711 1403 2739 enim
1424 2710 1465 2737 vir
1488 2709 1552 2741 ille,
1573 2711 1602 2734 nt
1621 2707 1762 2740 omnigena

967 2761 1117 2790 eruditione
1131 2765 1240 2788 ornatus
1253 2780 1261 2792 ,
1285 2759 1320 2786 ita
1340 2758 1453 2786 literatis
1473 2755 1616 2784 admodum
1633 2758 1763 2789 Opportu-

967 2816 1026 2835 nns.
1042 2808 1080 2835 Ex
1096 2807 1145 2834 ista
1160 2814 1226 2834 vero
1246 2805 1406 2833 bibliotneca
1422 2803 1503 2830 multa
1520 2801 1597 2828 nobis
1610 2799 1761 2835 apograpba

971 2853 1114 2884 transmisit
1130 2853 1170 2880 vir
1184 2851 1361 2879 amicissimus
1377 2854 1403 2878 ct
1417 2847 1587 2877 doctissimus
1601 2846 1762 2874 Bcuxanous
