2024 3106
245 126 308 145 XXIII

238 182 364 209 ANDIEAS
375 179 449 208 Ltus
463 202 469 213 ,
487 181 530 216 qui
544 181 597 215 jam
611 181 723 210 Lutetim
734 182 797 218 agit.
814 183 852 210 Ex
868 183 1028 212 bibliotheca

237 226 302 254 item
316 226 510 259 Ottoboniana,
534 227 639 255 favente
661 228 872 255 eminentissimo
894 228 1029 257 Cardinali

237 271 329 300 Psrno
343 271 487 299 Οττοιιοκο
497 294 504 304 ,
520 281 574 300 non
589 280 670 307 pauca
683 273 794 300 mutuati
809 281 910 300 sumus.

274 318 301 345 In
315 318 409 353 Anglia
423 319 493 346 nulla
509 326 561 345 non
576 319 723 346 officiorum
747 327 846 355 genera
865 320 941 347 nobis
961 328 1030 355 pra:-

238 365 298 391 stita
313 369 374 391 sunt
385 385 392 397 ,
404 364 542 400 fateorque
556 373 598 392 tne
609 373 737 400 nusquam
749 366 876 401 majorem
888 371 1028 401 expertum

239 410 428 438 humanitatem
450 418 528 445 quam
553 412 621 445 apud
645 413 790 446 Anglorum
813 417 930 447 gentem.
952 412 1035 440 Przeit.

241 457 289 484 hoc
309 456 336 484 in
353 465 461 484 nnmerc
475 457 515 484 vir
528 458 562 484 cl.
578 462 605 484 et
625 458 820 486 illustrissimus
833 458 950 486 Joauaas
963 459 1030 486 Ροτ-

239 509 325 529 rsaus
335 522 343 535 ,
357 502 503 537 Episcopus
515 502 674 531 Oxoniensis
684 524 690 534 .
704 504 854 531 eruditione
864 512 924 531 cum
940 505 1036 539 primis

239 548 440 581 numerandus,
460 549 504 584 qui
528 550 634 577 eximiis
655 549 782 584 operibus
804 558 861 578 rem
887 551 1031 578 literariam

239 593 410 628 locupletavit
425 603 431 620 :
444 594 466 620 is
479 594 556 622 nobis
568 594 719 629 apographa
734 603 821 623 rerum
836 595 868 623 ad
882 596 1030 623 institutum

239 643 359 667 nostrum
382 641 570 675 pertinentium
592 645 700 675 rogatus
724 648 776 668 non
798 647 906 676 rogatus
925 641 951 668 in
973 641 1032 669 dies

240 685 321 713 mittit
332 706 339 716 ,
355 690 382 712 et
396 686 528 720 ingentem
544 686 617 712 illam
632 682 834 714 cotitmentariis
849 687 874 714 in
890 687 1010 715 Psalmos
1022 707 1030 719 ,

240 735 268 757 ut
281 731 335 764 jam
350 731 465 758 diximus
475 752 482 762 .
497 732 677 759 accessionem
694 733 846 766 procurat-it
857 753 865 765 ,
883 733 958 767 cujus
976 733 1031 767 jam

241 781 342 811 partem
358 782 478 804 tenemus
489 798 497 809 ,
512 781 613 812 partem
627 782 822 811 exspectamus.
837 778 927 813 Neque
941 783 1031 806 taeen-

240 822 289 848 dus
304 822 343 848 vir
355 822 533 849 amicissimus
546 827 572 849 et
585 822 782 850 eruditissinms
794 824 947 850 Tmoruecs
961 823 1031 851 ϐου-

242 874 326 894 wrsus
338 888 345 900 ,
363 867 510 902 Episcopus
521 867 705 896 Kilmoriensis
717 889 725 902 ,
738 869 781 903 qui
797 869 861 896 mihi
876 874 902 896 et
916 878 993 904 opem
1006 875 1033 897 et

242 912 455 940 benevolentiam
466 913 638 940 illustrissimi
650 914 748 940 I’ottcri
762 915 913 942 conciliavit
924 936 930 945 ,
946 923 1032 949 neque

241 963 330 985 cessat
353 959 500 986 commodis
521 960 588 986 meis
606 959 760 995 advigilare.
779 960 956 995 Cantabr-igitr:
973 960 1033 987 offi-

241 1004 290 1030 ciis
304 1003 360 1031 suis
372 1011 420 1031 nos
435 1005 555 1032 certatim
571 1006 730 1040 prosequuti,
744 1010 806 1033 sunt
827 1006 867 1033 vir
887 1006 921 1032 cl.
944 1006 1032 1034 Bim-

243 1057 318 1077 LEIUS
330 1070 337 1081 ,
352 1050 504 1085 reipubliczc
518 1050 642 1078 literaria:
654 1051 735 1078 decus
749 1055 776 1078 et
789 1056 973 1078 ornamentum
985 1071 994 1084 ,
1006 1056 1034 1079 et

243 1097 282 1122 vir
305 1096 475 1123 doctissimus
496 1097 727 1132 amicissimusque
753 1097 859 1124 Perses
882 1097 1032 1130 Neeonau,

242 1142 332 1170 multis
347 1142 494 1177 insignibus
508 1142 587 1170 editis
599 1143 725 1177 operibus
737 1142 835 1169 clarus.

278 1188 306 1215 In
321 1188 461 1215 Germania
477 1189 554 1216 nobis
568 1193 675 1223 semper
687 1192 784 1222 prtestn
799 1187 866 1219 fuit,
882 1192 911 1215 et
932 1188 966 1215 ad
986 1196 1035 1214 nu-

243 1239 299 1260 tum
314 1234 442 1260 benetlcia
455 1234 568 1261 contulit
582 1235 622 1261 vir
635 1234 798 1261 clarissimus
816 1233 932 1261 Joannes
947 1234 1033 1260 BENE-

244 1287 337 1306 ηιατυς
351 1279 539 1306 Ges-rltovrus
554 1287 586 1307 ss
600 1280 770 1307 Escstsnnnu
783 1301 790 1311 ,
802 1279 968 1306 bibliotheca
980 1278 1035 1306 Ca:-

243 1333 326 1352 sureze
342 1325 481 1360 prmfectus
493 1346 501 1357 ,
518 1325 558 1352 vir
575 1325 724 1352 eruditione
745 1325 904 1359 conspicuus
916 1346 923 1357 ,
937 1324 1032 1351 huma-

247 1384 1212 1396 ,______,______—_______

960 128 1156 158 I’ILrEFATIO.

1791 124 1844 146 μιν

1083 185 1165 211 nitate
1179 190 1238 210 cum
1253 183 1343 217 primis
1355 184 1531 214 celebrandus
1542 207 1550 219 ,
1563 186 1678 222 denique
1689 187 1797 216 omnium
1809 195 1854 216 utr

1082 237 1228 258 merorum.
1245 229 1353 258 Vienna":
1366 239 1472 266 quoque
1484 236 1512 260 et
1527 240 1607 260 manu
1619 238 1646 261 et
1657 241 1706 269 0pc
1723 239 1747 262 et
1763 235 1853 262 amico-

1082 283 1142 303 rum
1157 276 1303 304 ministerio
1315 277 1348 304 ad
1362 278 1445 305 n0stri
1459 279 1628 306 commodent
1640 287 1702 307 usus
1711 288 1807 315 semper
1817 286 1860 308 est-

1081 323 1198 352 Jonotus
1219 323 1437 353 Cunts'roruonus
1458 325 1689 353 Rursus-renatus
1706 334 1791 359 meus,
1809 327 1854 354 Ar-

1081 370 1276 405 gentoratensis
1287 391 1294 402 ,
1311 378 1393 398 sacra:
1414 371 1545 399 Caesarea:
1566 371 1695 407 Majeslati
1707 381 1720 399 a
1734 373 1857 400 Consiliis.

1083 416 1227 452 Ilamburgi
1241 417 1320 444 etiam
1343 418 1399 452 pari
1419 425 1467 445 nos
1488 417 1675 445 benevolentia
1697 423 1860 453 prosequutus

1082 467 1123 490 est
1134 463 1173 489 vir
1184 463 1377 497 insignissimus
1390 467 1417 490 et
1429 463 1625 490 eruditissimus
1637 463 1751 491 Joasxss
1764 465 1860 491 Ausa-

1083 515 1132 536 Tus
1150 508 1308 540 FABRICIUS,
1332 517 1410 544 quem
1434 509 1469 535 ob
1489 509 1614 544 pra-clara
1634 510 1660 536 in
1683 509 1861 544 rempublicam

1083 554 1226 581 Iiterariam
1239 554 1334 581 collata
1348 554 1476 582 beneﬁcia
1495 555 1599 589 ignorat
1617 562 1696 582 nemo
1718 555 1760 591 qui
1779 555 1861 582 literas

1082 599 1162 626 norit.
1176 599 1201 626 Is
1215 599 1424 634 manuscriptum
1435 599 1606 634 epistularum
1620 599 1650 627 S.
1665 599 1773 627 Joannis
1782 599 1862 635 Chry-

1082 644 1192 671 sostomi
1205 666 1213 678 ,
1227 652 1276 671 nec
1291 649 1398 679 rogatus
1409 665 1417 676 ,
1433 644 1583 680 Ilamburgo
1595 645 1727 672 Lutetiam
1740 645 1809 672 misit
1821 666 1827 676 .
1841 650 1867 672 ut

1083 690 1229 725 oculisipse
1239 691 1306 718 meis
1317 692 1403 717 varias
1413 690 1475 717 inde
1485 691 1614 718 lectiones
1621 692 1748 725 excipere
1759 699 1867 725 possent.

1083 737 1174 771 Neque
1187 736 1292 764 silentio
1305 736 1550 771 praetermittendus
1561 737 1601 763 vir
1615 737 1650 764 cl.
1664 735 1804 764 Cosanus
1817 736 1868 763 Wt-

1084 791 1143 811 now
1156 803 1164 816 ,
1179 783 1224 818 qui
1240 783 1342 810 nullum
1357 783 1471 817 lapidem
1487 790 1538 810 non
1554 783 1636 809 mevit
1650 788 1677 810 ut
1689 783 1789 810 nostris
1803 783 1870 810 fave-

1084 834 1124 857 ret
1139 829 1233 857 studiis
1248 835 1275 858 et
1293 829 1428 864 operibus.
1452 829 1491 857 En
1511 829 1593 856 habes
1605 850 1612 862 ,
1637 829 1752 856 candide
1771 830 1870 862 lector,

1084 875 1204 903 festivam
1239 875 1427 909 prmclarorum
1458 874 1595 901 hominum
1625 875 1871 907 enmnerationcm,

1084 929 1196 956 quorum
1218 921 1438 948 commemoratio
1463 921 1561 948 nemini
1586 921 1677 949 literas
1699 922 1800 949 amanti
1823 929 1876 948 non

1084 971 1159 1002 grata
1176 971 1262 1001 potest
1276 974 1346 994 esse.

1120 1012 1216 1047 Neque
1237 1012 1340 1039 tacendi
1370 1015 1432 1038 sunt
1459 1011 1590 1039 carissimi
1619 1010 1728 1038 sodales
1751 1012 1801 1039 mei
1829 1011 1878 1038 viri

1085 1058 1155 1086 docti
1168 1079 1175 1090 ,
1190 1059 1233 1092 qui
1250 1066 1353 1086 mecum
1370 1058 1462 1085 in.hoc
1476 1057 1580 1085 edendo
1594 1065 1675 1092 opere
1689 1058 1854 1085 dv'sudarunt
1867 1080 1875 1090 ,

1085 1105 1117 1131 D.
1132 1103 1255 1131 Canows
1267 1111 1300 1131 ne
1312 1111 1344 1130 LA
1358 1103 1416 1130 [ius
1427 1123 1434 1135 ,
1448 1103 1478 1129 D.
1494 1103 1631 1130 MARTINUS
1645 1103 1773 1134 Bououm-
1785 1125 1792 1137 ,
1807 1109 1832 1131 ct
1847 1105 1876 1130 lt.

1085 1149 1215 1177 Jossrnus
1231 1149 1358 1176 Doussor.
1372 1148 1467 1175 Czeteri
1482 1153 1569 1175 autem
1588 1148 1632 1182 qui
1654 1148 1737 1176 variis
1757 1150 1876 1176 lectioni-

1085 1197 1136 1224 bus
1149 1194 1311 1229 exeipieudis
1325 1202 1433 1228 operam
1449 1194 1517 1221 bene
1531 1194 1605 1220 multi
1617 1193 1748 1221 dederunt
1759 1215 1767 1227 ,
1779 1200 1806 1222 et
1816 1195 1880 1222 dant

1086 1242 1228 1276 hodieque,
1236 1241 1261 1268 in
1269 1241 1356 1275 aliquo
1366 1245 1499 1268 tomorum
1509 1240 1676 1274 sequentium
1685 1247 1880 1268 commemora-

1085 1289 1183 1316 buntur
1193 1297 1199 1314 :
1210 1295 1270 1314 nam
1279 1287 1304 1314 in
1316 1286 1373 1313 dies
1383 1286 1442 1313 novi
1454 1285 1486 1312 ad
1497 1285 1522 1312 id
1531 1286 1683 1312 munerissc
1691 1286 1843 1318 conferunt,
1855 1291 1882 1312 et

1194 1350 1201 1357 .
1215 1351 1221 1357 .
1237 1350 1243 1356 .
1279 1350 1285 1356 .
1294 1338 1343 1356 uno
1354 1331 1438 1356 avulso
1449 1331 1664 1356 nondefleitallcr.

1706 1380 1885 1388 ————

544 1433 618 1473 DE
641 1431 777 1473 VITA
803 1432 846 1473 S.
867 1431 1110 1472 JOANNIS
1141 1426 1572 1475 CHRYSOSTOMI,

419 1512 472 1543 ΕΤ
495 1511 620 1542 PRIMO
641 1511 693 1541 DE
715 1509 995 1541 SCIIIPTORIBUS
1016 1507 1125 1539 VIT/E
1149 1504 1324 1535 EJUSDEM
1340 1503 1480 1534 SANCTI
1504 1502 1698 1534 DOCTOIIIS

746 1582 835 1616 QUOS
855 1579 1157 1609 PRJ‘ZTERMITTERE
1178 1577 1280 1605 \'|SL‘.\I
1301 1575 1374 1604 EST.

891 1662 1024 1672 ῤ’,-

281 1719 329 1754 Qui
346 1720 445 1754 primus
461 1719 494 1745 ab
508 1718 621 1745 Henrico
638 1717 740 1745 Savilio
753 1717 840 1744 editus
860 1715 907 1741 fuit
923 1714 987 1740 Viue
1003 1710 1033 1738 S.

244 1767 284 1794 Ju.
304 1765 487 1800 Chrysustomi
509 1765 632 1799 scriptor,
647 1767 688 1791 est
709 1763 839 1797 Georgius
866 1759 1035 1788 Alexandria:

244 1810 476 1845 archiepiscopus,
493 1818 570 1846 quem
595 1810 702 1845 quidam
726 1814 818 1843 putant
831 1807 941 1835 Joannis
955 1805 1035 1832 Elec-

246 1857 389 1892 Inosynarii
413 1864 593 1884 successorem
610 1855 702 1882 fuisse.
718 1855 768 1882 IIic
789 1853 882 1881 humili
907 1857 933 1879 et
953 1851 1035 1878 inele-

245 1901 316 1936 ganti
329 1902 398 1937 ston
410 1902 547 1929 innumera
559 1902 641 1929 refert
652 1900 781 1931 fabulosa,
795 1899 826 1926 iis
836 1897 964 1932 exceptis,
976 1904 1035 1931 qua:

246 1955 278 1974 ex
292 1947 410 1974 Palladio
425 1952 450 1974 et
463 1946 573 1974 Socrate
587 1951 720 1973 mutuatus
733 1950 783 1973 est.
799 1943 893 1971 Narrat
906 1943 1035 1970 Joannem

245 1994 380 2027 juvenem.
400 1993 454 2028 jam
479 1993 564 2020 literis
583 1992 733 2025 eruditum,
755 1991 874 2019 Athenas
888 1989 1042 2024 profectum-

247 2046 324 2070 esse;
341 2038 428 2073 ibique
450 2046 511 2066 cum
537 2043 597 2073 post
618 2036 751 2064 modicum
773 2035 901 2069 temporis
923 2033 1036 2068 spatimn

247 2084 424 2112 Athenienses
438 2092 531 2112 omnes
546 2083 747 2118 disciplinarum
763 2082 856 2108 notitia
872 2085 899 2108 et
915 2079 1037 2107 facundia

248 2134 399 2165 superaret,
414 2130 511 2157 multos
525 2130 551 2156 in
566 2129 606 2156 sui
617 2127 819 2155 admirationem
831 2126 960 2160 rapuisse,
972 2124 1038 2152 alio-

251 2184 308 2203 rum
323 2184 386 2204 vero
400 2176 523 2203 invidiam
539 2174 731 2204 concitavisse,
750 2173 918 2206 maximeque
934 2171 1037 2198 Anthe-

249 2222 294 2248 mii
309 2222 445 2257 cujusdam
461 2221 508 2247 viri
520 2220 589 2247 docti
602 2224 628 2245 et
639 2218 756 2252 superbi,
767 2225 880 2252 quocum
894 2217 974 2244 etiam
988 2216 1038 2243 dis-

249 2267 360 2302 putavit.
392 2267 454 2293 "me
475 2264 618 2299 disputatio
639 2263 758 2298 pluribus
780 2267 953 2289 memoratur.
975 2260 1040 2288 Post

250 2311 401 2346 hujusmodi
415 2310 529 2337 fabulam
541 2308 640 2336 fusiorc
648 2307 718 2343 stylo
729 2311 901 2334 recensentur
912 2306 1039 2334 miracula

251 2359 319 2386 bene
341 2357 423 2385 nmlta
447 2364 462 2383 a
486 2355 590 2383 Joanne
613 2359 704 2381 nostro
730 2358 831 2388 patrata
847 2360 927 2380 :cnm
951 2357 1040 2380 tamen

250 2404 457 2439 Cbrysostmnus
465 2408 517 2427 non
528 2400 611 2428 semel
621 2400 701 2431 dicat,
709 2399 834 2426 miracula
844 2399 914 2426 nulla
921 2406 969 2426 suo
976 2403 1042 2425 tem-

252 2457 316 2485 pore
329 2448 386 2476 fieri
396 2469 404 2481 ,
418 2453 468 2474 nec
480 2453 540 2473 esse
553 2445 713 2472 necessaria.
729 2444 869 2472 Innumora
889 2443 989 2479 profert
1004 2443 1041 2470 si-

254 2495 344 2527 milia,
364 2501 414 2521 nec
433 2491 542 2526 majoris
564 2491 653 2526 pretii.
676 2490 843 2528 Quapropter
855 2490 915 2525 jure
928 2488 1043 2517 Savilius

257 2542 334 2569 talem
347 2541 380 2568 de
393 2537 508 2572 Georgio
523 2537 574 2565 fert
586 2537 746 2564 sententiam
760 2546 767 2564 :
782 2536 904 2563 Omnibus
917 2539 982 2563 certe
991 2534 1043 2561 suis

256 2586 393 2620 countibus
404 2606 411 2616 ,
425 2584 499 2611 etiam
515 2583 621 2619 posteris
641 2582 650 2620 (
661 2588 688 2610 ut
701 2583 732 2610 de
742 2583 915 2610 vetustioribus
928 2579 1042 2615 taremn)

254 2632 370 2666 infantiae
383 2630 410 2656 in
420 2629 527 2656 dicendo
542 2628 654 2664 palmam
669 2627 829 2663 praeripuisse
843 2628 931 2654 merito
941 2626 1044 2662 judice-

255 2681 305 2703 tur.
318 2676 360 2702 Ea:
369 2675 446 2710 Imju
458 2677 542 2701 tamen
556 2674 657 2709 faucibus
672 2674 808 2701 [mutarunt
824 2672 875 2700 Leo
890 2672 1043 2707 Imperator,

255 2725 344 2747 auctor
368 2721 494 2753 interitu,
515 2724 538 2747 ct
562 2719 666 2747 Simeon
688 2719 888 2753 Metaphrastes,
911 2727 974 2753 quos
995 2726 1046 2744 una

255 2768 354 2794 damus.

293 2813 356 2841 Post
376 2812 445 2840 hanc
459 2812 546 2841 Vitam
562 2820 576 2840 a
591 2812 707 2848 Georgio
722 2811 905 2839 Alexandrino
920 2810 1045 2845 scriptam

262 2860 332 2897 apud
354 2859 481 2888 Savilium
504 2859 623 2895 sequitur
645 2859 741 2887 Leonis
766 2857 936 2894 Imperatoris
961 2857 1046 2885 Enco-

1025 1648 1103 1676 2:35

1112 1659 1270 1670 ὴ.-

1088 1707 1170 1734 minnt
1195 1708 1223 1736 S.
1242 1708 1284 1736 Jo.
1306 1708 1500 1744 Chrys-ostenti.
1523 1709 1575 1735 Leo
1592 1716 1686 1742 netnpe
1702 1707 1745 1733 ille
1763 1711 1826 1740 est,
1842 1709 1905 1743 qui-

1088 1753 1198 1786 Sapieus
1221 1758 1247 1780 ct
1268 1753 1446 1788 Philosophus
1460 1754 1563 1784 dictus.
1579 1753 1712 1780 Orientale
1735 1752 1891 1786 Imperium

1090 1798 1174 1824 tenuit
1185 1797 1219 1824 ab
1229 1806 1299 1825 anno
1311 1798 1364 1825 836
1376 1797 1409 1824 ad
1422 1806 1520 1825 annum
1533 1797 1596 1825 910.
1613 1797 1659 1824 Ille
1672 1803 1760 1824 tamen
1773 1798 1891 1832 sapiens

1090 1843 1237 1876 Imperator
1260 1851 1293 1870 ex
1318 1842 1486 1870 foetidissimo
1509 1842 1555 1870 illo
1576 1841 1683 1876 Georgii
1704 1842 1780 1868 fonte
1794 1844 1894 1871 omnia

1090 1893 1236 1920 mutuatur,
1252 1896 1301 1914 nec
1316 1888 1409 1922 majori
1425 1896 1504 1923 quant
1520 1887 1565 1915 ille
1579 1887 1631 1914 title
1645 1886 1741 1922 dignus
1755 1892 1812 1914 est.

1125 1933 1241 1960 Leonem
1258 1933 1447 1968 Imperatorem
1463 1933 1562 1967 excipit
1580 1932 1650 1968 apud
1670 1933 1801 1960 Savilium
1816 1941 1892 1961 ano-

1090 1987 1187 2014 nymus
1200 1980 1314 2014 seriptor
1329 1979 1394 2006 Vita:
1407 1979 1435 2006 S.
1447 1979 1526 2006 Joau.
1539 1978 1734 2014 Chrysostomi,
1744 1978 1789 2012 qui
1807 1979 1893 2007 initio

1091 2025 1192 2061 profert
1213 2025 1319 2052 nomina
1335 2032 1427 2052 eorum
1443 2026 1487 2060 qui
1501 2024 1535 2053 de
1550 2025 1603 2052 vita
1618 2023 1808 2060 Chrysostomi
1823 2027 1898 2053 SCI'i-.

1093 2076 1212 2106 pscrunt,
1226 2071 1276 2098 hoc
1290 2071 1366 2098 titulo
1381 2080 1388 2098 :
1405 2071 1514 2104 Quinam
1529 2072 1560 2099 de
1574 2072 1625 2098 vita
1639 2071 1814 2107 Cltrgsouomi
1825 2074 1897 2100 scri-

1091 2122 1203 2153 pserunt.
1219 2117 1318 2144 IIorum
1332 2118 1439 2145 nomina
1455 2117 1512 2145 lucc
1524 2121 1605 2144 sunt:
1617 2117 1741 2145 Socrates
1754 2117 1896 2145 ecclesia.

1092 2163 1175 2190 sticus
1188 2163 1427 2198 historiographus,
1437 2163 1571 2190 Palladius
1582 2162 1776 2197 IIelenopolcos
1784 2163 1896 2198 episc.,

1093 2209 1202 2236 I'roclus
1214 2208 1534 2243 Constantinopolitanus,
1543 2207 1658 2244 Cyrillus
1669 2207 1876 2235 Alexandrinus
1890 2231 1897 2241 ,

1092 2254 1126 2282 de
1139 2254 1216 2289 cujus
1231 2254 1333 2282 visione
1347 2254 1415 2281 infra
1429 2254 1525 2290 agitur,
1546 2253 1713 2289 Sophronius
1732 2254 1898 2288 patriarcha

1092 2299 1349 2335 Jerosolymitanus,
1371 2299 1488 2326 Joannes
1516 2299 1716 2332 Damascenus,
1742 2298 1901 2334 Martyrius

1095 2345 1276 2373 Antiochenus
1298 2344 1593 2380 patriarcbaLCosmas
1609 2343 1793 2379 Chrysostouti
1821 2349 1902 2372 tem.

1094 2399 1160 2427 pore
1172 2391 1300 2419 diaconus
1312 2392 1471 2418 ἆποστολικῶν
1480 2411 1487 2424 ,
1501 2390 1684 2418 Theodorctus
1701 2389 1762 2425 Cyri
1780 2389 1877 2423 cpisc.
1891 2411 1901 2424 ,

1094 2437 1170 2464 Nilus
1183 2437 1293 2471 Magnus
1303 2457 1311 2468 ,
1324 2436 1441 2464 Isidorus
1457 2435 1588 2463 Pclusiota
1600 2457 1607 2468 ,
1624 2435 1754 2470 Evagrins
1768 2435 1877 2463 Asceta
1891 2457 1900 2469 ,

1094 2482 1206 2510 Cosmas
1218 2482 1345 2514 Vestitor,
1364 2481 1419 2509 Leo
1434 2482 1590 2516 Imperator,
1607 2480 1713 2508 Nicetas
1725 2483 1880 2516 σχευοῖὺὶαε
1894 2502 1903 2513 ,

1094 2529 1200 2556 Nicetas
1212 2528 1348 2563 Paphlago
1358 2549 1365 2560 ,
1381 2528 1536 2555 Eustathius
1552 2527 1634 2554 Primi
1645 2547 1652 2557 ,
1668 2526 1782 2553 Basilius
1795 2527 1808 2551 ὁ
1825 2538 1903 2562 πρωτ

1096 2579 1218 2610 τόθρονος,
1241 2573 1432 2602 Constantinus
1458 2573 1705 2609 Porphyrogenitus
1726 2571 1903 2606 Imperator.

1097 2621 1139 2648 E1:
1154 2622 1192 2648 Itis
1207 2620 1333 2653 omnibus,
1349 2620 1434 2655 pergit
1447 2620 1502 2651 ille,
1513 2618 1694 2654 opportuniora
1705 2622 1727 2644 et
1743 2616 1905 2652 pulchriora

1097 2668 1253 2702 colligentes,
1269 2675 1376 2702 quarunt
1390 2666 1507 2702 quwdam
1521 2665 1579 2692 aliis
1591 2673 1622 2691 ea:
1632 2665 1722 2691 [torum
1737 2663 1906 2697 scriptorum

1098 2721 1204 2744 numero
1214 2718 1284 2742 nota.
1295 2712 1353 2740 aliis
1364 2713 1449 2748 ignota
1461 2716 1542 2744 erant,
1555 2711 1621 2738 ltum:
1635 2711 1726 2737 librant
1741 2709 1766 2736 in
1780 2710 1907 2744 gratiam

1099 2761 1198 2796 piorum
1220 2759 1348 2786 hominum
1367 2759 1546 2785 adornauimus
1568 2756 1602 2783 ad
1619 2756 1727 2790 gloriam
1742 2754 1804 2786 Dei,
1820 2759 1849 2780 et
1865 2757 1908 2782 ad

1099 2806 1246 2833 memoriam
1259 2805 1341 2831 sancti
1354 2805 1409 2831 rlri.

1138 2852 1184 2880 Iltc
1205 2859 1268 2879 vero
1293 2851 1450 2885 Anonyntus
1473 2847 1575 2876 castoris
1598 2847 1742 2882 elegantior
1763 2850 1820 2878 est;
1850 2847 1909 2872 sed
