2024 3106
144 134 194 162 iniv

147 192 211 218 nihil
227 192 312 226 magis
328 192 433 220 confert
447 193 479 219 ad
502 193 582 221 vitam
598 194 626 222 S.
641 195 720 222 Joan.
739 197 920 232 Chrysostomi
932 219 939 229 ,

147 246 224 272 quam
239 237 384 273 Georgius.
399 246 431 265 ex
446 239 520 274 cujus
534 240 643 268 falcibus
656 243 744 268 onntia
759 242 856 275 hausit,
873 249 900 270 ut
915 249 941 270 et

149 283 342 317 lilctaphrastes
357 283 508 318 Seriptores
522 293 586 312 vero
602 286 637 312 illi
651 286 682 312 de
696 287 746 313 vita
758 287 939 322 Cltrysostomi,

149 336 214 363 quos
228 329 386 355 nominatim
403 330 459 364 ipse
471 335 674 363 commemorat,
687 340 739 359 non
751 340 847 360 omnes
858 338 940 360 totam

149 374 333 408 Gltrysostomi
346 375 428 401 \itatn
439 375 648 410 descripseruntI
664 377 709 404 sed
722 385 753 404 ex
767 378 820 405 illis
835 378 940 412 plurimi

149 419 276 446 nonnulla
299 424 403 447 tantum
423 420 456 447 ad
476 421 556 448 vitam
577 422 761 457 CltrySOstmni
782 424 941 459 pertinentia

150 465 273 491 retulere.
287 464 425 493 Visionem
439 472 527 494 autem
541 467 612 494 illam
624 468 715 504 Cyrilli
727 489 734 501 ,
747 469 780 496 de
794 478 844 505 qua
861 478 940 505 supra

153 510 266 545 loquitur
278 511 436 547 Ananymus
446 532 454 544 ,
468 513 494 539 in
509 512 584 540 Notis
597 514 653 541 suis
664 514 742 542 affert
757 515 870 542 Savilius
881 536 888 548 ,
902 520 942 543 at-

152 564 201 588 que
217 555 250 581 ita
265 555 375 582 ridicula
391 557 444 583 visa
459 556 508 584 fuit
520 556 701 593 Tilletnontio,
712 564 740 587 ut
751 567 783 587 ne
794 568 942 588 memorare

150 600 256 635 quidem
273 601 345 627 illam
360 601 485 636 dignatus
498 603 542 630 sit.

187 647 221 674 De
236 647 350 682 Georgio
367 649 547 677 Alexandrino
566 655 593 678 et
613 651 647 679 de
668 651 752 679 tribus
771 654 942 687 sequentibus

123 702 126 705 '
151 693 208 719 vitze
218 693 401 729 Chrysostomi
415 696 599 730 scriptoribus,
615 705 629 723 a
645 698 742 726 Savilio
755 699 846 726 (ἔτερπε
861 700 941 732 cttsis,

152 738 176 763 in
189 737 310 766 Latinum
326 741 463 767 vertendis
476 763 483 773 ,
500 747 526 769 et
541 742 567 769 in
585 743 633 770 hac
646 743 763 770 editione
778 744 943 778 publicandis

151 784 248 817 pridem
263 786 460 820 cogitaveram;
478 788 531 815 imo
541 796 605 816 vero
617 788 758 823 Georgium
774 790 866 818 Latine
879 798 942 817 con-

151 836 249 858 vertere
260 839 396 867 cmperatn
409 842 415 859 :
430 834 476 860 sed
490 834 533 861 ubi
549 839 587 861 tot
599 836 753 870 quisquilias
769 836 867 867 inveni,
882 841 942 863 tunc

155 894 697 908 μιμῇ-ξ

599 130 648 164 ’D’t:
667 136 911 168 smttrrontnus
931 134 1050 169 ηειιιπΜ
1071 133 1317 169 ειιῐιγδοὲτωιι.

1728 149 1787 170 XXVI

998 198 1121 232 paenituit
1135 198 1260 231 cmpissc,
1274 203 1300 225 ct
1315 198 1390 226 libuit
1404 198 1542 231 desistere,
1558 207 1587 226 ac
1604 198 1719 226 Leonem
1735 198 1787 226 ltn-

996 248 1156 278 put‘alot'cnt.
1173 245 1339 278 Auonymum
1351 250 1377 272 ct
1391 245 1598 279 Metapltrastcn,
1613 246 1656 281 qtti
1666 254 1699 273 ex
1709 246 1788 274 Geor-

995 290 1030 323 gii
1045 289 1153 316 ftt-cibus
1167 289 1307 316 hauserant
1321 311 1328 322 ,
1343 291 1464 318 similiter
1478 292 1630 319 amandare.
1647 292 1711 319 Nam
1726 300 1787 319 cum

997 334 1091 360 horum
1105 336 1164 360 vita:
1177 334 1358 370 Chrysostomi
1374 336 1532 371 scriptomm
1546 344 1627 371 opera
1643 338 1786 364 admodum

997 379 1098 413 prolixa
1110 380 1172 412 sint,
1186 379 1277 406 Latino
1287 388 1415 408 conversa
1429 389 1479 407 non
1494 383 1640 416 potuissent
1653 382 1678 408 in
1692 382 1787 409 eodem

996 425 1080 452 Tomo
1097 426 1225 452 contineri
1240 447 1247 459 ,
1268 430 1296 453 et
1315 427 1479 461 oportuisset
1500 428 1579 454 alium
1602 428 1733 456 adornare
1747 434 1789 455 to.

995 479 1068 498 mum
1080 479 1087 503 ;
1098 471 1176 506 idque
1190 472 1262 499 nullo
1277 473 1373 502 Fructu,
1383 481 1442 500 eum
1456 474 1488 500 ad
1501 475 1580 500 vitam
1591 474 1786 510 Chrysoslomi.

997 520 1025 543 ut
1039 517 1161 551 superius
1173 517 1271 544 dictutn
1285 522 1336 550 est,
1347 519 1409 545 nihil
1427 519 1528 553 possint
1539 519 1634 546 afferre
1647 521 1785 547 momenti.

997 563 1162 598 Quapropter
1176 563 1217 591 his
1231 565 1348 598 omissis,
1364 573 1378 591 a
1395 565 1453 592 Vita
1467 565 1648 601 Chrysostomi
1667 575 1713 601 per
1726 567 1784 595 Pal-

997 609 1094 637 ladium
1110 631 1117 641 ,
1145 610 1337 645 llelenopoleos
1363 611 1516 646 episcopum
1544 616 1570 640 ct
1595 613 1787 648 Chrysmtonto

996 662 1114 683 conn-um
1125 677 1132 688 ,
1148 656 1304 692 incipiemus
1319 666 1325 683 :
1342 658 1385 692 qui
1401 658 1582 693 Chrysostomi
1599 664 1687 693 partes
1700 664 1786 686 secta-

975 706 981 716 ‘
997 707 1054 733 lus,
1073 703 1152 729 multa
1169 703 1277 735 retulit,
1294 711 1353 738 qua:
1369 704 1425 738 ipso
1441 705 1542 732 viderat
1555 709 1580 732 et
1594 713 1706 741 quorum
1719 713 1785 732 cou-

997 756 1055 776 sors
1068 747 1161 774 fuerat.
1182 749 1280 776 Deinde
1300 757 1363 776 vero
1383 750 1462 776 vitam
1483 750 1512 778 S.
1530 750 1648 777 doctoris
1666 758 1786 785 oppoae-

997 801 1066 825 mus,
1076 802 1108 820 ex
1122 794 1178 827 ejus
1191 795 1305 821 maxime
1315 795 1453 829 Scriptisct
1465 803 1496 822 ex
1509 795 1560 823 tldc
1572 796 1658 831 dignis
1671 798 1787 823 auctori-

998 837 1047 864 bus
1059 845 1073 864 a
1088 838 1164 865 nobis
1178 838 1343 865 adornatam.

573 904 1342 1007 ἧιῖειῖεἶὲωηιιι

810 1051 1107 1091 ADMONITIO

561 1116 614 1146 DE
635 1117 915 1150 SCRIPTORIBUS
937 1120 1073 1152 RERUM
1095 1122 1388 1160 CHRYSOSTOMI,

185 1174 226 1204 ΕΤ
246 1176 456 1204 ΡιῑίΕΞΕῐίΤΙΜ
477 1176 627 1205 GEORGIO
647 1177 872 1212 Cx’ETElllSQliE
892 1179 1095 1210 BlOGBAl’lllS
1114 1182 1388 1212 RECENTlORlBE-S
1405 1184 1519 1213 CAUTE
1540 1184 1717 1213 LEGENDIS.

813 1247 1126 1276 θέω-φθοράν

189 1322 197 1338 ε
216 1312 254 1339 Ad
270 1313 413 1346 scriptores
429 1319 516 1340 rerum
528 1312 711 1348 CbryStistomi
723 1313 842 1348 qtucdatn
856 1315 941 1342 adno-

151 1362 236 1384 ‘taturo
259 1357 445 1384 Constituenda
467 1357 532 1384 mihi
555 1362 617 1384 ante
638 1358 727 1385 omnia
752 1359 855 1386 videtur
873 1360 941 1387 ratio

154 1409 298 1438 temporum
311 1424 319 1435 ,
334 1411 385 1438 qtta
402 1404 451 1430 rite
466 1404 645 1438 constabilita,
660 1410 755 1431 ctetera
770 1405 833 1433 fient
847 1406 942 1433 diluci-

151 1449 233 1480 diora,
250 1454 277 1476 et
290 1450 370 1476 tnulta
388 1450 414 1476 in
426 1449 475 1477 hac
489 1450 596 1477 historia
611 1450 688 1477 dubia
702 1451 857 1484 dissolvere,
871 1453 940 1479 tnnl-

153 1500 191 1523 tos
208 1495 396 1523 historicorum
418 1504 524 1523 errort-s
543 1496 683 1524 cltronicos
698 1506 749 1524 non
769 1498 819 1526 erit
833 1498 940 1526 difficile

154 1541 298 1575 castigare:
315 1549 374 1575 qua:
390 1545 489 1572 tamen,
505 1545 533 1568 ut
544 1549 601 1568 mea
615 1542 714 1576 omnia,
727 1543 854 1571 lcclorum
868 1544 939 1578 judi-

151 1586 190 1612 cio
203 1587 242 1613 vel
263 1586 414 1620 recipienda
426 1607 434 1618 ,
449 1587 489 1614 vel
507 1587 669 1621 repudianda
687 1588 817 1623 relinquo.
833 1590 870 1616 Ac
885 1590 939 1623 pri-

152 1639 218 1658 mum
238 1632 271 1659 de
286 1632 329 1659 die
349 1637 376 1659 et
391 1633 500 1659 consule
511 1653 517 1665 ,
541 1641 593 1668 quo
609 1637 686 1660 natus
701 1638 740 1660 est
754 1633 871 1662 Joannes
891 1642 939 1661 no-

149 1683 211 1710 ster,
227 1686 306 1704 nemo
328 1683 447 1704 veterum
469 1678 620 1705 Graecorum
643 1678 787 1714 quidquam
809 1679 938 1714 prodidit,

150 1730 226 1749 nemo
247 1724 426 1750 recentiorum
443 1733 449 1750 :
465 1724 532 1750 adeo
554 1729 615 1751 Sunt
633 1732 788 1759 magnorum
803 1726 919 1752 virorum
930 1745 938 1757 ,

150 1769 255 1802 perinde
276 1776 308 1796 ac
322 1769 460 1796 ﬂuviorum
474 1791 481 1802 ,
497 1775 571 1797 ortus
592 1770 716 1803 obscuri,
737 1779 893 1806 progressus
912 1776 939 1798 ct

148 1815 234 1841 exitus
246 1815 394 1849 conspicui.
411 1815 561 1842 Secundum
572 1837 579 1848 ,
596 1815 705 1843 Joannis
722 1822 834 1851 patrctn,
850 1817 938 1851 paucis

149 1864 205 1893 post
219 1860 382 1887 nativitatem
398 1860 443 1887 filii
458 1860 550 1887 diebus
560 1882 567 1894 ,
584 1869 616 1887 an
631 1861 765 1888 ntcnsibus
780 1861 888 1894 obiissc,
903 1870 937 1889 cx

149 1907 237 1933 matris
255 1906 288 1933 ad
301 1906 431 1934 Joannetn
446 1907 532 1933 verbis
553 1907 652 1942 liquet,
667 1907 712 1934 lib.
735 1908 747 1934 1
764 1907 797 1934 de
809 1907 939 1935 Sacerdo-

153 1953 185 1977 tio
200 1960 226 1978 n.
241 1952 258 1979 5
274 1960 280 1978 ι
298 1951 393 1978 Partus
407 1952 443 1978 tui
456 1951 555 1978 dolores
574 1953 670 1987 excepit
684 1953 766 1979 obitus
779 1953 868 1987 putris.
879 1952 937 1980 Jam

150 2005 206 2024 cum
224 2004 313 2026 mater
328 1999 410 2033 ipsius
424 2007 507 2027 annos
521 1999 656 2027 viduitatis
670 2000 805 2035 explesset
827 2001 917 2035 viginti
928 2021 936 2034 ,

148 2050 255 2078 apparet
273 2052 335 2071 eum
354 2044 441 2071 adhuc
454 2045 601 2072 Antiochia:
615 2045 641 2072 in
656 2046 745 2073 schola
760 2045 862 2073 Libanii
879 2054 938 2073 vcr-

148 2094 242 2122 satnm,
261 2097 294 2117 ex
315 2090 398 2124 ipsius
414 2091 597 2126 Cbrysostomi
611 2092 710 2125 verbis,
726 2092 800 2119 Orat.
816 2093 828 2119 i
844 2092 877 2119 ad
891 2092 938 2120 Vi-

149 2135 222 2162 duam
233 2137 294 2171 jun.
304 2146 310 2163 :
321 2136 390 2163 Nam
400 2142 423 2163 et
437 2146 480 2172 ego
491 2138 627 2173 aliquando
634 2146 691 2165 cum
700 2146 776 2165 essem
783 2139 882 2174 junior,
892 2139 937 2165 do-

149 2182 206 2207 ctori
221 2190 275 2208 utea
292 2181 441 2219 (Libanio),
458 2189 512 2210 erat
527 2189 609 2211 autem
623 2184 666 2211 ille
680 2186 790 2211 omnium
805 2185 936 2212 hominum

150 2228 251 2254 marium
268 2229 474 2263 superstitiosus,
489 2235 541 2257 etc.
554 2250 560 2262 ,
583 2238 667 2265 ttsque
683 2230 715 2257 ad
731 2231 827 2263 verba,
851 2231 936 2266 quales

149 2274 260 2301 muliere:
279 2275 350 2309 apud
364 2275 513 2302 christianos
531 2282 588 2303 sunt
604 2276 647 2310 (T.
664 2275 684 2303 l.
704 2276 736 2303 ad
750 2276 864 2304 Viduam
875 2277 934 2312 jun.

149 2326 173 2346 n.
186 2319 229 2354 2).
246 2320 323 2352 Quod
341 2320 363 2347 si
381 2328 507 2348 numerus
528 2321 578 2349 iste
592 2322 682 2356 viginti
704 2330 832 2349 annorum
849 2323 936 2357 justus

148 2369 193 2396 εει,
216 2373 269 2392 non
292 2365 439 2398 rotundus,
461 2366 530 2401 quod
546 2366 659 2394 fortasse
672 2367 777 2400 verius,
795 2372 822 2394 ut
842 2368 936 2395 demus

150 2411 232 2438 statim
245 2416 307 2444 post
322 2411 436 2438 Joannis
453 2416 539 2439 ortum
555 2418 655 2446 patrem
677 2413 837 2446 decessisse,
852 2420 935 2440 annos

149 2461 232 2482 natum
248 2457 390 2483 minimum
404 2457 493 2491 viginti
510 2458 535 2484 in
547 2457 678 2485 auditorio
692 2458 792 2485 Libanii
805 2459 934 2486 Joannem

150 2499 252 2528 bzesisse
264 2509 377 2529 necesse
397 2507 446 2529 est.
460 2503 592 2531 Palladius
614 2511 711 2531 annum
726 2510 847 2532 octavum
861 2506 933 2533 deei-

149 2553 213 2572 untm
228 2551 352 2581 agentem
369 2548 492 2574 oratorize
505 2556 612 2583 operam
633 2549 737 2577 dedisse
753 2555 872 2579 testatur.
886 2551 935 2578 Cc—

148 2589 241 2618 drenns
253 2592 355 2619 diserte
375 2592 468 2619 scribit
481 2601 551 2620 atttto
565 2595 650 2621 artatis
663 2595 767 2622 decimo
782 2601 875 2623 octavo
887 2596 934 2624 de-

149 2636 257 2664 stituisse
278 2637 430 2664 Libanium.
453 2638 581 2674 Georgius
603 2646 630 2668 et
649 2640 703 2668 Leo
723 2641 772 2668 hoc
792 2642 849 2676 ipso
864 2650 933 2670 anno

150 2681 253 2709 Athenis
270 2682 346 2718 (quo,
362 2688 391 2709 ut
404 2683 498 2715 ferunt,
515 2690 574 2719 post
586 2687 775 2715 Antiochenam
790 2688 932 2715 institutio-

151 2733 205 2753 nem
218 2729 368 2755 studiorum
382 2736 460 2756 causa
478 2731 646 2766 migraverat)
661 2732 771 2761 rediisse
795 2733 909 2768 produnt
925 2743 931 2761 :

150 2772 189 2798 alii
202 2780 272 2800 anno
285 2773 374 2800 relatis
387 2773 527 2809 sedccimo,
539 2776 642 2811 longius
650 2777 735 2805 adhttc
750 2785 764 2805 a
777 2786 841 2806 vero
857 2779 934 2806 aber-

151 2824 243 2845 rantes.
270 2818 388 2852 Expleta
412 2819 487 2854 igitur
501 2828 569 2849 anno
583 2822 706 2850 vicesimo
730 2824 838 2859 (neque
862 2825 931 2852 enint

154 2863 239 2896 plures
251 2871 353 2900 ponere
368 2865 461 2898 patiar
470 2874 515 2895 nos
526 2869 688 2903 sequentium
701 2869 815 2898 calculus
831 2875 933 2907 tempo-

996 1315 1064 1341 rum,
1079 1317 1128 1336 nec
1142 1310 1279 1343 pauciores
1288 1311 1367 1338 verba
1381 1311 1564 1348 Cltrysostomi
1578 1313 1598 1346 ),
1612 1306 1725 1340 desertis
1733 1314 1789 1339 stit-

997 1353 1047 1381 diizs
1056 1354 1217 1388 juvenilibus
1230 1357 1387 1391 eloquentia:
1401 1363 1426 1384 et
1442 1358 1616 1392 philosophia),
1628 1359 1734 1394 argutiis
1744 1366 1788 1385 so-

995 1398 1091 1432 phistzc
1103 1399 1205 1426 Libanii
1224 1401 1326 1436 [angunt
1342 1402 1395 1428 rule
1407 1402 1492 1429 dicens
1506 1403 1554 1437 (ait
1573 1403 1723 1438 Georgius),
1740 1403 1783 1430 ad-

994 1445 1097 1473 hzrrcre
1110 1448 1191 1481 cmpit
1209 1447 1238 1473 Β.
1263 1448 1377 1480 Mcletio,
1393 1449 1519 1484 episcopo
1538 1449 1704 1476 Autiocheno
1716 1471 1722 1482 ,
1737 1457 1786 1477 nec

994 1491 1028 1518 ab
1047 1491 1104 1525 eius
1118 1501 1241 1527 umquam
1258 1494 1340 1520 latere
1355 1494 1509 1527 discedere;
1524 1503 1536 1521 a
1556 1503 1609 1530 quo
1625 1496 1708 1523 sacris
1721 1496 1787 1531 dog-

994 1538 1108 1564 matibus
1126 1538 1266 1572 diligenter
1278 1539 1420 1566 instructus
1431 1545 1473 1574 et,
1490 1541 1620 1575 baptismo
1635 1546 1694 1575 post
1705 1543 1787 1569 trien-

994 1584 1066 1610 nium
1079 1584 1157 1618 [ει-ωε
1168 1585 1333 1615 ἰΙΙιιηιὶηηιιιε,
1351 1585 1435 1613 lector
1449 1587 1585 1614 ordinatus
1600 1593 1641 1615 est
1655 1597 1660 1614 ε
1675 1589 1713 1615 sic
1725 1589 1786 1615 Pal-

993 1629 1093 1661 ladius,
1109 1630 1262 1662 Ccdreuus,
1278 1631 1331 1658 alii.
1353 1631 1401 1659 llic
1417 1640 1480 1667 ergo
1493 1641 1577 1660 attnos
1596 1633 1678 1661 habes
1693 1639 1745 1660 tres
1759 1639 1785 1661 ct

993 1675 1094 1709 viginti.
1110 1675 1185 1702 Circa
1205 1675 1256 1703 hoc
1279 1681 1381 1710 tempus
1403 1682 1513 1704 matrem
1535 1678 1633 1705 obiissc
1651 1679 1786 1713 probabile

992 1725 1046 1750 est;
1063 1721 1200 1755 ipsumque
1212 1722 1271 1748 rite
1287 1730 1315 1748 se
1326 1722 1450 1756 deinceps
1462 1724 1624 1756 monasticae,
1637 1729 1714 1759 quam
1731 1733 1786 1751 ma-

993 1767 1074 1794 ternis
1088 1767 1210 1802 precihtts
1224 1769 1306 1795 rictus
1325 1769 1463 1796 distulerat
1482 1770 1569 1797 verius
1582 1779 1660 1806 quant
1681 1771 1786 1805 abjere-

992 1817 1048 1844 rat,
1070 1813 1219 1841 tradidisse.
1239 1814 1445 1847 Quadriennium
1466 1815 1561 1843 vixisse
1577 1816 1601 1842 itt
1623 1817 1785 1844 tnonastcrio

991 1859 1138 1886 Antiochia:
1153 1860 1239 1887 vicino
1253 1868 1345 1888 ontncs
1356 1862 1498 1897 scriptorcs
1513 1867 1652 1897 ti-stautur,
1669 1869 1720 1891 tam
1735 1872 1784 1891 ve-

992 1908 1060 1931 tercs
1080 1912 1158 1939 quam
1182 1907 1360 1939 recentiores,
1384 1915 1575 1943 sacrorumque
1596 1909 1723 1936 librorum
1744 1910 1782 1936 lc-

990 1949 1080 1982 ctioni,
1096 1954 1118 1976 et
1130 1950 1242 1977 asceticis
1253 1951 1334 1984 rebus,
1349 1951 1416 1986 apud
1429 1951 1576 1979 Cartcrium
1589 1957 1614 1980 et
1629 1953 1781 1987 Diodorum,

991 1999 1050 2020 tunc
1063 1995 1212 2022 monasterio
1226 1997 1373 2031 prapositos
1383 2017 1389 2028 ,
1405 2004 1512 2031 operam
1526 1997 1641 2026 dedisse.
1659 1999 1719 2025 llam
1733 1999 1784 2026 So-

989 2046 1085 2068 crates.
1103 2041 1140 2068 Ex
1154 2042 1248 2076 quibus
1264 2043 1404 2075 Diodorus,
1418 2046 1513 2071 postea
1527 2044 1664 2072 Tarsonsis
1677 2045 1782 2079 episco-

991 2094 1055 2121 pus,
1070 2088 1151 2113 multa
1171 2088 1277 2122 scripsit
1297 2088 1418 2115 lileralem
1439 2089 1581 2116 divinarum
1594 2089 1782 2125 Scriplururum

989 2135 1097 2160 scnsunt~
1110 2134 1181 2160 unice
1199 2142 1288 2161 curans
1309 2143 1444 2170 earumque
1463 2136 1558 2171 ﬁguras
1583 2136 1732 2171 (allegorias
1756 2142 1783 2164 et

988 2186 1136 2214 anagogas,
1155 2179 1263 2214 quibus,
1285 2188 1362 2215 supra
1384 2189 1462 2215 qttam
1480 2190 1525 2216 per
1540 2186 1614 2214 erat,
1636 2183 1781 2210 delectatus

990 2225 1221 2260 ftteratOrigenes)
1232 2226 1356 2261 rejiciens.
1368 2226 1451 2259 Quam
1464 2227 1686 2260 interpretationis
1697 2228 1781 2254 ratio-

988 2280 1048 2300 nem
1060 2280 1076 2299 a
1090 2273 1215 2307 magistro
1243 2278 1376 2300 mutuatus
1395 2274 1497 2300 videtur
1522 2273 1564 2300 hic
1579 2279 1678 2306 noster,
1702 2280 1780 2307 quem

988 2319 1094 2346 nonnisi
1108 2319 1213 2353 praefata
1226 2320 1300 2346 venia
1310 2318 1366 2347 fere
1373 2319 1406 2346 ad
1415 2319 1555 2354 allegorias
1564 2319 1726 2347 deSCeudere
1743 2321 1780 2347 νὶ-

988 2365 1092 2393 demus.
1099 2365 1235 2393 Cedrenus
1243 2366 1325 2392 solius
1335 2365 1581 2393 meminitCarterii.
1591 2365 1723 2392 Palladius
1732 2366 1779 2401 Sy-

989 2419 1047 2438 rttm
1061 2411 1201 2446 quemdam
1211 2418 1301 2438 senem
1312 2415 1501 2438 commemorat
1511 2410 1680 2437 contiuentim
1691 2411 1781 2444 impri-

988 2456 1039 2486 mis
1048 2456 1206 2488 stndiosum,
1215 2456 1256 2483 cui
1265 2463 1294 2483 se
1302 2456 1403 2483 sociutn
1413 2455 1438 2482 in
1449 2456 1612 2482 monasterio
1619 2455 1692 2482 dedit
1701 2455 1780 2482 Joan-

987 2510 1045 2530 nes.
1061 2502 1156 2530 Utrnm
1170 2509 1202 2529 ex
1216 2501 1319 2529 duobus
1333 2501 1385 2528 illis
1406 2508 1473 2528 unus
1489 2500 1567 2528 fuerit
1578 2501 1627 2528 istc
1639 2501 1732 2536 Syrus,
1747 2508 1779 2528 an

987 2548 1075 2583 potius
1092 2548 1250 2583 Hesychius,
1267 2547 1349 2582 Syrus
1363 2555 1452 2583 genere
1466 2555 1480 2576 a
1491 2547 1607 2582 Georgio
1615 2548 1777 2578 nominatus.

987 2602 1039 2622 non
1055 2602 1162 2629 possunt
1178 2599 1305 2622 statuere.
1318 2593 1357 2621 Ex
1370 2597 1423 2620 tota
1441 2597 1513 2621 certe
1523 2593 1628 2628 Georgii
1645 2594 1776 2620 narratio-

987 2647 1038 2672 ne,
1053 2640 1216 2668 monasterio
1235 2641 1257 2670 si
1275 2647 1329 2667 non
1352 2639 1506 2674 prmfuisse,
1525 2643 1598 2666 certe
1618 2639 1652 2666 ad
1671 2646 1777 2666 onmem

986 2687 1112 2721 pietatem
1128 2687 1264 2722 prmivisse
1288 2687 1413 2714 fratribus
1435 2686 1519 2720 iisque
1534 2685 1639 2720 regulas
1650 2689 1778 2712 ascetteas

986 2732 1148 2765 condidisse,
1161 2732 1248 2767 potius
1258 2739 1336 2767 quam
1351 2731 1400 2758 sub
1410 2731 1518 2758 alterius
1531 2730 1669 2764 disciplina
1680 2730 1777 2757 vixisse

989 2780 1124 2808 videatur.
1137 2779 1242 2807 Relicto
1255 2783 1315 2814 p051
1327 2777 1529 2812 quadriennium
1544 2772 1593 2803 hoc
1603 2777 1774 2807 monasterio,

987 2825 1120 2853 desiderio
1143 2824 1316 2853 delitescendi
1341 2823 1511 2850 remotiorem
1533 2829 1652 2849 erenuttn
1679 2822 1775 2856 petiit:

989 2871 1094 2908 illicqtte
1114 2872 1246 2907 speluncw
1268 2869 1383 2898 inclusus
1405 2868 1541 2896 biennium
1559 2867 1640 2896 ferme
1665 2872 1775 2903 peregit.
