2024 3106
252 122 323 144 XXVII

250 179 337 212 Atque
348 175 381 204 de
395 176 443 203 hoc
457 175 594 209 sexennio,
610 179 638 202 ut
648 174 712 209 dixi,
727 175 796 203 inter
807 180 929 203 auctores
939 183 1036 202 convc-

250 223 298 250 ttit.
316 222 379 250 Inde
403 221 435 249 ad
450 222 543 250 urbem
562 230 693 254 reversus,
711 222 838 249 diaconus
856 229 870 249 a
888 223 915 249 S.
937 222 1041 249 Meletio

251 268 334 304 (quod
347 269 415 295 inter
428 275 520 295 omnes
530 267 644 302 constat)
657 268 710 302 jam
723 268 915 302 proticisecnte,
928 272 956 294 ut
967 271 1040 302 puto,

249 314 506 349 Constantinopolim
515 314 546 341 ad
556 314 697 341 secundant
707 314 836 349 synodum
846 314 1041 347 celebrandam,

249 367 323 387 anno
346 360 450 387 Domini
473 359 522 387 581
539 352 657 392 ineunte,
674 359 820 391 ordinatus,
834 360 1046 395 quinquennium

252 406 412 434 venerandis
426 405 585 433 ministravit
599 406 735 432 altaribus.
751 405 816 432 Nam
832 405 902 440 qttod
917 410 975 440 post
990 405 1044 432 Me-

251 452 304 479 Ietii
322 457 447 484 mortem,
461 459 520 486 qua:
532 451 589 485 ipso
599 455 718 486 tempore
732 451 854 478 secunda:
869 451 961 486 synodi
973 451 1044 478 acci-

253 494 302 524 dit,
318 493 442 521 Socrates
457 493 495 520 ait
511 503 517 520 :
533 493 661 520 Reredcns
682 493 794 520 Joannes
810 504 824 520 ιι
838 494 981 521 Meletianis
1005 494 1046 529 (ea:

254 538 321 571 tu'lre,
338 539 422 573 inquit.
431 538 569 574 Georgius)
578 544 627 565 tre:
637 540 746 574 integras
754 547 834 566 annos
844 540 977 574 tranquille
985 541 1045 573 egit;

255 590 422 611 contineretur
432 585 457 611 in
469 585 620 611 monasterio
634 585 659 611 in
675 594 724 621 quo
746 586 855 620 primum
871 591 923 612 erat
933 607 939 617 ,
964 586 1047 620 inquit

254 629 398 665 Georgius;
415 631 556 657 triennium
568 630 629 663 ltoe,
646 635 675 658 ut
688 632 842 666 importune
854 636 945 659 contra
962 632 1045 659 ratio-

255 683 316 704 nem
331 682 490 711 temporum,
503 682 532 704 ut
546 677 571 704 in
587 677 760 712 sequentibus
773 679 976 711 monstrabitur,
991 679 1047 705 Pal-

255 721 326 749 ladio
338 724 417 750 etiam
434 732 487 751 non
503 724 676 758 suﬂ'ragante,
695 725 871 759 intcrjectum,
889 733 920 752 ex
937 733 1048 752 tttttncro

254 777 384 796 annorum
400 769 584 806 Chrysostomi
602 770 770 798 eximendum
795 778 902 798 censeo.
919 771 980 798 Post
993 772 1049 797 dia-

255 821 379 843 conatum
395 824 468 851 ergo,
492 813 630 852 presbyter
643 816 750 848 deinde,
770 817 839 851 qttud
866 817 934 844 inter
956 825 1049 843 omnes

255 862 390 894 convenit,
401 866 460 896 post
474 869 558 890 annos
573 861 689 896 quinque
704 870 718 888 a
731 862 857 888 Flaviano
869 862 944 897 (non,
955 867 982 888 ut
994 863 1049 889 vult

256 906 390 939 Socrates,
408 906 529 942 Evagrio,
553 907 655 934 Paulini
671 907 848 942 successore),
868 907 937 942 quod
956 913 1046 942 postea

257 954 440 987 ostendemus,
461 953 598 981 ordinatus
611 959 662 981 est.
680 954 723 981 Sic
743 954 872 981 ltabenms
884 963 898 981 a
915 955 1051 981 uativitatc

259 1002 371 1030 Joannis
383 1010 466 1038 ttsqtte
480 1002 512 1029 ad
526 1002 630 1030 deserta
651 1002 736 1029 studia
749 1001 876 1036 juvenilia
896 1008 990 1032 annos,
1007 1009 1051 1028 sc-

257 1051 373 1078 cundttnt
389 1051 606 1087 Chrysostomum
623 1057 718 1084 tpsum,
729 1049 830 1083 viginti,
842 1048 893 1080 vel,
904 1047 1051 1075 secundum

257 1097 334 1130 alios,
351 1097 498 1124 octodecitu
517 1106 523 1124 :
538 1096 606 1131 apttd
629 1096 762 1123 Melctitnn
783 1103 867 1123 annos
880 1095 963 1122 ferme
981 1098 1050 1125 tres:

258 1143 319 1171 inde
333 1144 358 1170 in
373 1151 463 1170 eremo
475 1151 560 1170 annos
577 1143 659 1170 ferme
671 1139 717 1169 sex
735 1151 740 1170 :
756 1143 780 1169 in
796 1143 899 1170 diaconi
915 1142 996 1177 gradu
1007 1149 1053 1168 an-

259 1198 307 1218 nos
323 1192 448 1226 quinque,
465 1195 501 1224 et,
514 1195 638 1225 exempto
653 1190 696 1216 illo
704 1189 821 1216 Socratis
835 1194 862 1216 et
874 1189 1051 1216 recentiorum

260 1237 384 1268 triennio,
401 1236 427 1264 in
452 1236 599 1272 presbyteri
615 1237 697 1271 gradu
713 1243 796 1263 annos
811 1235 963 1263 duodecim.
977 1234 1052 1268 Quod

260 1283 281 1310 si
296 1284 366 1318 pleni
387 1284 486 1313 fuerint
500 1284 526 1311 lti
542 1284 614 1316 anni,
632 1292 683 1310 tton
703 1284 759 1311 cavi
780 1288 826 1310 attt
840 1283 959 1310 labentes
972 1282 1052 1317 (quod

264 1329 351 1364 potius
363 1337 432 1362 reor,
447 1330 472 1356 itt
487 1331 563 1357 annis
579 1331 724 1364 prmscrtim
739 1322 800 1356 ante
814 1329 992 1362 diaconatum,
1007 1336 1055 1363 pro

258 1370 336 1401 more
356 1375 474 1402 onmittm
501 1375 556 1402 fere
578 1381 714 1402 auctorum
732 1383 856 1402 numeros
872 1382 942 1409 szrpe
955 1382 1054 1409 augt-n-

265 1421 340 1454 tittm,
355 1425 381 1448 et
393 1421 453 1456 quia
469 1421 627 1448 vocabulum
642 1421 725 1448 ferme
740 1421 779 1448 bis
794 1429 807 1447 a
822 1420 939 1448 Palladio
956 1419 1054 1454 repeti-

264 1470 319 1493 tum
333 1465 396 1503 est),
413 1475 426 1494 ιι
443 1467 579 1494 nativitate
597 1467 629 1494 ad
651 1467 831 1502 episcopatutu
852 1466 914 1493 anni
928 1466 1055 1500 colligen-

266 1517 307 1539 tnr
322 1512 365 1540 46.
381 1512 456 1546 Quod
472 1513 492 1539 si
507 1512 574 1540 duos
587 1520 671 1540 annos
686 1520 744 1540 cum
760 1512 877 1539 Palladio
888 1515 915 1539 et
926 1511 1057 1538 recentio-

266 1557 339 1585 ribus
349 1558 486 1585 deutamus
499 1566 531 1585 ex
540 1558 816 1592 studiisjuvcuilihus;
828 1562 855 1584 et
867 1565 965 1584 annutn
976 1564 1056 1583 unum

264 1610 312 1638 pro
324 1604 368 1630 illo
384 1603 424 1630 bis
435 1603 547 1638 repetito
561 1603 660 1635 ferme;
675 1603 738 1630 anni
753 1606 853 1630 tantttm
864 1602 992 1629 eruntLEi.
1006 1601 1059 1628 Rc-

266 1650 336 1684 liqua
347 1649 473 1684 deinceps
488 1656 579 1684 prona,
596 1650 757 1684 epoclnrque
767 1653 857 1681 certa‘,
867 1655 919 1674 non
929 1655 1057 1674 annorum

266 1691 378 1727 tantum,
391 1695 438 1722 sed
453 1699 480 1722 et
493 1695 623 1722 mensium
641 1694 832 1729 propemodum
846 1698 871 1720 ct
887 1693 1001 1720 dierutn.
1016 1692 1058 1719 ln-

266 1746 307 1768 ter
319 1748 412 1768 omnes
430 1741 564 1773 convenit,
587 1745 639 1767 tam
664 1745 769 1767 veteres
790 1747 868 1775 quatit
885 1739 1057 1771 recentiores,

220 1795 223 1798 '
266 1786 395 1813 Joannem
413 1786 447 1813 ab
460 1786 573 1813 Arcadio
586 1787 705 1821 Augusto
723 1785 874 1816 Antiochia,
891 1784 935 1811 tthi
950 1783 1059 1819 presby-

268 1835 309 1859 ter
322 1832 379 1863 fuit,
400 1832 512 1859 accitunt
536 1832 561 1858 iu
584 1832 648 1859 sella
669 1831 812 1866 episcopali
830 1830 1060 1864 Constantinopoli

269 1880 396 1914 locatum,
407 1880 481 1907 Coss.
495 1880 613 1907 Ilonorio
622 1880 637 1906 1
647 1885 672 1906 et
683 1878 856 1915 liutychiauo,
870 1878 919 1904 hoc
929 1881 979 1908 cst,
991 1884 1061 1903 anno

267 1927 375 1960 Christi,
394 1931 420 1954 ut
435 1934 485 1954 nos
498 1933 679 1955 numeramus.
695 1925 756 1954 598.
780 1924 915 1951 Februarii
932 1922 976 1954 ‘26,
997 1922 1061 1948 sede

268 1973 386 2008 urbcque
402 1974 506 2008 pulsum
518 1973 562 2009 (de
574 1972 719 2007 posteriore
730 1971 823 1998 exsilio
836 1971 944 2005 loquor;
958 1977 1017 1996 nam
1029 1969 1061 1996 dc

269 2020 356 2055 priore
375 2025 465 2055 postea
486 2018 644 2054 videbimus)
660 2017 777 2046 Honorio
798 2017 824 2050 6,
848 2022 874 2043 ct
900 2016 1062 2043 Arist-annuo

269 2066 359 2099 (2055.,
374 2066 417 2102 qui
431 2073 516 2093 annus
529 2070 570 2092 est.
589 2064 694 2092 Domini
708 2064 770 2095 401,
786 2063 913 2090 vicesimo
925 2061 967 2088 die
980 2061 1061 2094 Junii,

272 2113 340 2145 sive,
358 2118 386 2141 ut
399 2114 442 2140 alii
458 2108 611 2148 loquuntur,
630 2111 745 2146 qttinquc
760 2109 857 2136 diebus
872 2114 930 2143 post
944 2109 1062 2144 comple-

271 2164 323 2186 tatn
339 2160 524 2187 I'entccosten.
543 2159 574 2185 I'Ll
589 2156 696 2192 quidem
710 2155 814 2182 decimo
835 2155 912 2182 tertio
938 2160 995 2189 post
1009 2156 1062 2186 die,

271 2205 322 2233 ltoc
335 2210 385 2238 est,
400 2206 478 2233 tertio
492 2204 565 2236 Julii,
581 2203 640 2230 data
656 2207 695 2229 cst
708 2202 817 2229 Joannis
833 2202 914 2228 nostri
928 2201 960 2228 ad
975 2201 1067 2237 Olynt—

272 2252 375 2288 piadum
397 2251 508 2286 epistola
528 2257 613 2279 nona;
634 2252 662 2275 ct
682 2247 809 2281 postridie
830 2248 888 2285 ejus
910 2247 977 2281 diei,
990 2255 1029 2275 se.
1050 2248 1066 2275 4

272 2299 333 2325 Julii
354 2298 395 2325 vel
416 2295 524 2324 Patienti
544 2294 654 2327 mensis,
676 2293 758 2319 altera
775 2292 809 2320 ad
822 2288 1021 2321 Constantium.
1038 2294 1065 2321 In

275 2345 326 2372 hoc
340 2343 434 2371 exsilio
449 2341 514 2368 vixit
528 2339 624 2367 Cucusi
640 2346 738 2365 annum
754 2347 844 2371 unum,
862 2339 980 2367 Arahissi
994 2339 1068 2367 hicn-

275 2391 358 2422 niuut,
375 2388 485 2423 reliquis
497 2385 633 2414 mensibus
648 2385 673 2412 itt
698 2385 792 2413 itinere
811 2385 961 2420 Pityuntem
975 2393 1068 2414 versus

275 2435 450 2469 consumptis,
462 2441 515 2468 quo
525 2436 610 2458 tamen
621 2439 671 2458 non
682 2432 812 2466 pervenit,
825 2437 911 2459 ntorle
920 2437 1069 2467 proventus

276 2481 413 2512 Cumanis,
430 2477 548 2506 lIonorio
561 2477 576 2504 7
594 2482 620 2504 ct
638 2477 788 2505 Theodosio
802 2478 896 2505 iterum
912 2478 1000 2512 (3055.,
1019 2478 1070 2506 hoc

280 2532 330 2561 est,
346 2534 415 2554 anno
429 2523 527 2552 Christi
541 2524 591 2551 407
608 2533 614 2552 :
630 2524 700 2560 quod
714 2525 782 2552 inter
796 2533 890 2552 omnes
903 2529 1016 2553 constat.
1033 2526 1070 2553 De

279 2580 374 2600 mense
394 2570 572 2597 contrm'crsia
586 2574 628 2597 est
643 2579 649 2597 :
666 2570 789 2598 Socrates
809 2570 852 2598 die
870 2572 901 2598 H
913 2571 1071 2598 Novembris

280 2619 377 2646 obiisse
392 2616 485 2644 scribit
510 2624 516 2642 :
542 2616 682 2652 Georgius,
703 2622 730 2645 ct
750 2622 808 2653 post
827 2625 887 2644 eutn
907 2619 1071 2646 recentiores

280 2671 382 2694 omnes,
393 2668 418 2690 ct
432 2662 628 2697 Calendarium,
646 2669 674 2692 ut
688 2664 801 2697 videtur,
818 2663 966 2691 Romanum
984 2664 1027 2692 die
1040 2665 1072 2692 1-1

280 2709 459 2743 Septembris,
484 2709 540 2743 ipSo
555 2711 722 2739 exaltationis
741 2711 770 2739 S.
787 2711 882 2738 Crueis
894 2710 948 2738 die.
964 2711 1031 2744 Quin
1047 2717 1071 2738 ct

282 2753 351 2788 apud
367 2754 503 2781 Socratem
519 2755 684 2791 Septembris
702 2756 842 2793 legendum
857 2764 915 2783 esse
924 2761 1027 2784 constat
1041 2765 1072 2784 ex

285 2800 367 2826 \cteri
394 2801 473 2828 latina
497 2801 715 2838 interpretatione
733 2804 758 2831 itt
779 2800 931 2830 Cassimlori
959 2802 1072 2829 Historia

283 2846 413 2881 ttipartita
431 2847 476 2874 lib.
494 2848 536 2882 Ill,
552 2858 575 2876 e.
595 2850 636 2876 18.
654 2848 689 2876 ita
709 2850 742 2877 ab
765 2848 841 2878 initio
861 2848 1028 2884 episcopatus
1042 2849 1073 2876 ad

796 112 931 140 llENiliCl
952 116 991 143 SA
998 116 1075 143 VILII
1096 115 1318 146 DISSERTATIO

1807 131 1890 152 XXVIII

1096 183 1210 205 mortem
1226 185 1322 205 novem
1336 178 1398 205 anni
1411 182 1491 212 sunt,
1507 174 1676 208 menses‘sex
1689 180 1733 208 vel
1749 185 1820 215 octo,
1835 181 1892 210 dies

1095 224 1210 251 sedecim
1222 233 1229 258 ;
1245 229 1272 252 et
1285 232 1299 251 a
1313 225 1451 253 ttativitate
1466 225 1498 252 ad
1512 230 1626 253 mortem
1642 227 1793 254 secundum
1807 227 1892 264 majo-

1096 278 1152 298 rem
1165 271 1389 307 computationem
1404 279 1483 307 supra
1493 272 1632 300 collectam
1646 274 1765 307 anni55,
1782 278 1809 301 et
1819 282 1891 302 men-

1096 324 1139 344 ses
1154 317 1271 352 aliquot;
1286 317 1433 346 sccundum
1446 318 1576 345 minorem
1589 319 1819 353 computationem
1831 320 1891 347 anni

1097 363 1141 396 52,
1153 369 1179 390 ct
1192 363 1292 398 aliquot
1302 368 1430 398 prmtcrca
1445 372 1560 392 menses.
1573 364 1702 397 Zonaras,
1716 364 1855 393 Ccdrenus
1869 371 1894 393 et

1097 411 1141 438 alii
1157 411 1211 438 fere
1225 418 1329 444 omnes,
1344 418 1428 438 annos
1443 418 1503 438 cum
1517 410 1617 438 vixisse
1630 411 1753 438 scribunt
1764 419 1818 439 non
1838 412 1895 447 plu-

1098 463 1141 483 res
1164 455 1353 490 quinquaginta
1375 456 1479 483 duobus
1498 465 1504 482 :
1525 461 1618 483 auctor
1639 456 1760 484 incertus
1779 465 1840 492 pag.
1862 458 1896 485 54

1099 502 1169 529 Edit.
1186 502 1244 529 Lat.
1259 502 1345 529 Paris.
1363 501 1441 535 1588,
1459 502 1532 529 addit
1549 510 1654 530 menses
1674 507 1737 530 octo
1756 511 1761 530 :
1776 504 1819 530 cui
1835 512 1895 538 pro-

1100 547 1242 582 pemodum
1253 548 1392 575 assentior.
1406 548 1443 575 lta
1455 548 1599 575 secundum
1613 548 1745 583 majorem
1758 554 1895 584 computa-

1097 590 1198 620 tionem
1218 593 1308 620 incidit
1328 601 1412 620 annos
1427 593 1571 621 nativitatis
1593 593 1704 622 Joannis
1725 595 1752 621 in
1772 595 1895 622 consul».

1100 643 1154 666 ttnu
1166 638 1311 666 Constantii
1331 639 1347 665 5
1364 643 1390 666 et
1403 639 1471 665 Galli
1484 639 1606 671 Cesaris,
1623 647 1695 666 anno
1712 640 1773 666 Don
1784 640 1819 666 ini
1832 640 1896 671 552;

1100 684 1247 712 secundum
1262 685 1402 717 minorem,
1413 685 1438 711 in
1451 684 1618 711 consulatum
1628 684 1786 712 Arbetionis
1801 689 1828 712 et
1839 685 1899 712 Lol-

1101 731 1174 763 liani,
1190 739 1259 758 anno
1273 731 1333 762 555,
1350 739 1452 762 mense,
1462 735 1490 757 ιιι
1501 731 1617 763 videtur,
1630 730 1771 765 Januario,
1782 732 1822 758 vel
1832 732 1898 758 Mar-

1102 777 1149 804 tio.
1174 776 1232 804 ιΙςιιιι
1262 777 1385 810 reliquias
1411 776 1594 811 Chrysostomi
1618 776 1695 811 jttssu
1727 777 1899 811 Imperatoris

1103 823 1246 850 Theodosii
1263 822 1386 858 jnnioris,
1404 827 1431 849 et
1446 830 1524 849 suasu
1541 822 1637 854 Procli,
1657 827 1713 849 tttut
1736 821 1897 858 episcopiC.

1103 868 1144 900 P.,
1162 869 1285 896 Cottianis
1299 869 1323 895 in
1341 868 1432 895 urbem
1450 868 1546 903 regiam
1560 868 1715 901 deportatos
1729 874 1755 895 et
1772 869 1797 895 in
1812 868 1900 895 basili-

1103 922 1160 942 cam
1176 915 1223 942 SS.
1239 915 1427 949 Apostolorum
1442 915 1526 941 illatas
1547 922 1578 940 ex
1598 913 1737 941 ’l‘hcodor.
1755 914 1802 941 lib.
1826 914 1853 945 5,
1876 921 1899 940 c.

1105 962 1149 993 50,
1166 966 1191 988 et
1205 961 1281 988 Socr.
1298 961 1341 987 lib.
1356 962 1380 994 7,
1393 969 1417 988 c.
1432 961 1475 989 45.
1488 965 1602 992 constat,
1619 960 1775 987 Theodosio
1795 961 1825 987 l6
1837 967 1900 987 con-

1105 1007 1172 1039 sule,
1191 1007 1240 1034 hoc
1256 1013 1295 1033 est
1317 1015 1387 1034 attito
1401 1006 1499 1033 Christi
1519 1006 1580 1037 458,
1596 1006 1715 1033 Januarii
1732 1007 1767 1032 ‘27
1780 1006 1825 1033 die
1846 1014 1852 1031 :
1877 1005 1902 1031 id

1104 1059 1157 1086 est,
1182 1058 1239 1087 post
1260 1054 1380 1080 exsilium
1403 1053 1532 1087 posterius
1553 1053 1629 1079 annis
1647 1052 1691 1083 55,
1714 1052 1854 1078 mensibus
1869 1051 1901 1081 8;

1105 1105 1163 1134 post
1180 1104 1291 1126 mortem
1307 1099 1383 1126 anuis
1395 1099 1438 1132 50,
1453 1099 1589 1125 mensibus
1601 1098 1617 1125 5
1631 1098 1671 1124 vel
1683 1098 1710 1124 5.
1723 1098 1837 1125 Cosmas
1849 1096 1888 1124 Vc
1897 1113 1903 1117 -

1105 1146 1193 1177 stitor,
1218 1150 1272 1180 post
1293 1145 1395 1180 triginta
1416 1150 1438 1171 cl
1458 1149 1506 1171 (res
1519 1152 1608 1170 annos.
1625 1143 1750 1171 Sacrates
1767 1144 1813 1170 lib.
1830 1143 1857 1176 7,
1879 1149 1903 1169 c.

1106 1192 1149 1223 45,
1175 1191 1283 1218 notabili
1306 1191 1488 1222 inconstantia,
1515 1190 1640 1225 trigesimo
1654 1190 1744 1224 quinto
1769 1197 1838 1215 anno
1852 1193 1909 1224 post

1107 1238 1232 1266 exsiliunt.
1249 1242 1275 1263 ct
1290 1237 1402 1271 septimo
1417 1242 1474 1270 post
1488 1244 1574 1268 versu,
1591 1236 1716 1270 trigesimo
1738 1235 1827 1270 quinto
1842 1241 1909 1260 anno

1107 1289 1161 1320 post
1173 1284 1277 1316 obitum,
1289 1292 1348 1311 cum
1364 1283 1432 1310 inter
1444 1283 1501 1310 h-t-c
1515 1283 1569 1309 duo
1586 1282 1727 1309 triennittm
1748 1282 1908 1309 intercesse-

1108 1332 1151 1364 rit,
1166 1336 1192 1358 et
1214 1331 1315 1365 aliquot
1329 1337 1443 1356 menses.
1460 1329 1547 1364 Atque
1563 1328 1619 1355 h:cc
1640 1327 1695 1355 fere
1709 1332 1787 1359 sunt,
1804 1328 1831 1354 in
1848 1326 1908 1362 qui-

1108 1379 1157 1404 bus
1170 1381 1301 1412 tempora,
1311 1381 1338 1404 et
1349 1381 1495 1411 temporum
1507 1382 1587 1410 prope
1600 1379 1731 1401 momenta
1745 1382 1778 1402 ex
1790 1373 1907 1400 historiis

1109 1428 1201 1450 notare
1217 1423 1288 1450 licet.
1303 1422 1412 1456 Reliqua
1434 1422 1483 1449 late
1505 1421 1546 1448 vel
1569 1419 1743 1454 argumentis,
1768 1419 1810 1446 vel
1826 1419 1906 1446 etiam

1108 1469 1268 1504 conjcetttris
1282 1464 1439 1503 colligenda.
1461 1467 1499 1494 Ac
1521 1467 1649 1502 primunt,
1672 1466 1818 1500 Eutropius
1840 1464 1906 1491 iram

1108 1515 1211 1549 fugiens
1222 1516 1306 1550 Angg.
1319 1515 1350 1542 ad
1363 1514 1501 1542 ecclesiam
1517 1513 1592 1548 fugit,
1612 1520 1640 1540 se
1655 1512 1765 1539 consule
1776 1516 1803 1539 et
1817 1511 1906 1538 Theo-

1110 1561 1186 1594 doro,
1208 1561 1259 1588 hoc
1279 1566 1329 1595 est,
1352 1568 1421 1588 anno
1444 1559 1543 1587 Christi
1566 1559 1627 1591 ³599,
1646 1558 1725 1585 ltomo
1740 1564 1794 1584 non
1818 1556 1906 1584 solum

1109 1607 1294 1641 Christianus,
1321 1607 1367 1635 sed
1394 1608 1474 1634 etiatn
1498 1605 1676 1636 orthodoxus;
1703 1609 1732 1630 ttt
1756 1604 1802 1637 qui
1824 1602 1908 1628 libros

1112 1654 1234 1681 Eunomii
1251 1653 1446 1685 hacresiarchm,
1456 1652 1499 1686 qui
1509 1652 1599 1678 Arium
1613 1651 1697 1685 ipsum
1710 1650 1849 1683 impietate
1865 1655 1909 1675 su-

1112 1701 1224 1735 peravit,
1244 1700 1346 1734 publice
1368 1698 1447 1733 juSsit
1462 1697 1585 1728 cremari,
1607 1695 1771 1728 cadavcrque
1780 1694 1840 1728 ejus
1863 1701 1910 1720 exc

1113 1751 1225 1772 tractum
1250 1745 1354 1780 projici.
1374 1743 1485 1778 Nieeph.
1510 1743 1556 1769 lib.
1573 1742 1616 1774 15,
1632 1749 1656 1768 c.
1679 1741 1704 1773 1,
1727 1739 1910 1766 Asiaticorum

1113 1793 1296 1826 episcoporum
1310 1791 1442 1825 negotium
1453 1794 1568 1823 emptum
1581 1792 1621 1814 est
1632 1786 1738 1813 tractari
1749 1788 1789 1812 ἐπὶ
1800 1797 1911 1821 τρισκαι-

1114 1840 1211 1868 δελάτης
1223 1840 1407 1870 ἑπι-λευμῆτεως,
1419 1834 1468 1862 hoc
1482 1839 1532 1866 est,
1548 1833 1691 1860 indictione
1704 1831 1767 1866 (non
1781 1831 1912 1858 distrihtto

1115 1884 1196 1915 tiottc,
1210 1888 1237 1910 ut
1251 1883 1319 1909 tuale
1334 1883 1465 1916 interpres
1479 1880 1588 1907 Palladii
1603 1885 1632 1906 ct
1653 1878 1720 1913 alii),
1741 1879 1818 1906 tertia
1835 1878 1911 1905 deci-

1115 1939 1174 1962 ma,
1197 1929 1214 1956 i.
1236 1937 1261 1956 e.
1283 1937 1351 1955 anno
1366 1927 1471 1955 nomini
1492 1927 1559 1959 400,
1581 1927 1737 1960 duravitque
1760 1925 1910 1955 biennium,

1117 1981 1182 2002 teste
1197 1975 1324 2007 Palladio,
1341 1974 1390 2001 hoc
1405 1978 1454 2006 est,
1470 1981 1553 2007 uSque
1568 1973 1599 1999 ad
1617 1972 1695 1998 liuent
1711 1971 1772 1998 anni
1787 1971 1852 2002 401,
1869 1972 1910 1996 vel

1116 2022 1195 2048 etiam
1214 2020 1315 2047 initium
1328 2019 1389 2046 402.
1407 2020 1442 2046 De
1456 2023 1575 2053 tempore
1591 2018 1685 2053 prioris
1701 2017 1786 2044 chilii
1802 2024 1855 2043 non
1872 2020 1913 2042 est

1117 2068 1183 2093 adeo
1198 2066 1315 2101 proclive
1332 2065 1441 2092 delinire
1455 2074 1461 2092 :
1476 2072 1558 2099 qttare
1573 2063 1747 2099 argumentis,
1763 2067 1791 2089 ιιι
1801 2063 1868 2094 dixi,
1886 2065 1914 2088 et

1117 2112 1289 2146 conjecturis,
1310 2111 1380 2146 qttod
1396 2111 1552 2146 poterimus,
1573 2110 1704 2137 elicienda
1718 2109 1826 2136 veritas.
1849 2108 1914 2135 Post

1119 2158 1152 2185 1‘2
1179 2158 1257 2185 horas
1269 2166 1283 2184 a
1298 2158 1381 2192 prima
1398 2157 1553 2191 cxpnlsioue
1576 2157 1666 2190 (quam
1690 2154 1799 2182 meridie
1815 2153 1912 2181 factam

1120 2205 1198 2232 tradit
1219 2205 1343 2235 Socrates
1364 2209 1391 2231 et
1406 2204 1448 2230 alii
1461 2203 1495 2230 ad
1508 2211 1635 2236 vesperam
1653 2208 1799 2234 extremam,
1823 2200 1913 2235 Chry-

1119 2251 1229 2278 sostomi
1246 2251 1328 2285 ipsius
1340 2249 1454 2285 epistoZa
1477 2249 1510 2276 ad
1525 2247 1727 2281 Innocentium).
1741 2246 1816 2281 jussu
1828 2246 1915 2279 Impe-

1120 2303 1236 2325 ratorutn
1247 2301 1385 2324 revocatus
1396 2295 1512 2322 Joannes
1528 2294 1576 2329 (sic
1590 2292 1745 2327 Palladius),
1763 2295 1915 2327 paucosque

1122 2347 1179 2378 post
1193 2343 1260 2375 dies,
1273 2342 1370 2368 invitus
1385 2340 1448 2367 licet
1458 2340 1621 2374 multumqtte
1632 2339 1759 2370 renitens,
1769 2338 1797 2364 in
1813 2337 1913 2364 throno

1122 2389 1235 2422 locatus,
1256 2388 1411 2416 ceneionem
1434 2386 1525 2414 habuit
1543 2386 1611 2421 apud
1627 2386 1752 2421 populum
1767 2391 1838 2417 eam,
1855 2390 1916 2417 qua:

1123 2439 1209 2463 exstat
1229 2435 1254 2461 itt
1281 2434 1332 2461 ﬁne
1357 2433 1477 2467 Georgii,
1502 2433 1563 2459 Cum
1587 2432 1693 2459 Sarrnnt
1715 2431 1746 2458 ab
1769 2430 1915 2458 Abraham;

1123 2481 1272 2516 Theophilo
1286 2480 1371 2508 adhuc
1385 2480 1417 2507 ad
1445 2479 1535 2506 urbem
1559 2485 1694 2511 manente,
1714 2484 1799 2511 neque
1812 2475 1916 2502 hiscere

1124 2531 1216 2555 contra
1236 2526 1358 2557 audente,
1383 2526 1488 2552 Sozotu.
1511 2524 1557 2551 lib.
1573 2524 1600 2555 8,
1625 2532 1649 2550 c.
1678 2523 1711 2550 18
1726 2531 1733 2550 :
1747 2528 1861 2556 cumquo
1883 2519 1918 2545 ob

1123 2573 1250 2607 judicium
1273 2571 1420 2598 Heraclidae
1443 2571 1568 2604 episcopo
1593 2568 1726 2603 Ephesino
1746 2565 1848 2594 absenti
1872 2571 1918 2598 per

1127 2618 1280 2653 Theophili
1295 2617 1438 2644 factionem
1463 2617 1630 2646 intentatum,
1645 2614 1810 2642 velitatioues
1825 2611 1918 2638 ﬁerent

1128 2666 1153 2692 in
1161 2665 1226 2692 urbe
1233 2663 1334 2691 crebrae
1342 2664 1410 2690 inter
1417 2661 1553 2690 Constanti
1559 2661 1726 2695 nopolitanos
1734 2664 1760 2686 et
1767 2657 1918 2693 Egyptios.

1127 2712 1162 2738 ita
1172 2716 1199 2738 ut
1209 2710 1281 2737 multi
1289 2709 1411 2736 vulnerati
1421 2708 1481 2741 sint,
1492 2706 1608 2734 nonnulli
1618 2714 1674 2732 vero
1683 2705 1768 2737 occisi;
1776 2704 1921 2738 quaereret.-

1128 2765 1180 2793 que
1189 2755 1366 2790 Theophilum
1374 2754 1466 2781 civitas
1478 2753 1502 2779 ia
1513 2760 1585 2779 mare
1594 2751 1757 2786 przrcipitare
1765 2758 1772 2782 ;
1780 2749 1828 2776 sibi
1836 2750 1921 2774 metu-

1129 2812 1177 2831 eus
1187 2800 1350 2836 Theophilus
1360 2800 1422 2835 fugit
1432 2799 1457 2826 in
1469 2798 1624 2834 Egyptum,
1633 2797 1684 2829 iam
1691 2793 1919 2828 ltietneinripimte,

1132 2849 1215 2885 inquit
1226 2847 1403 2879 Sozomenus,
1413 2849 1439 2872 et
1453 2843 1617 2880 Nicephorus
1627 2842 1674 2869 lib.
1687 2842 1730 2875 l3,
1742 2849 1766 2868 c.
1784 2840 1826 2874 l7,
1840 2837 1921 2865 adeo-
