2024 3106
100 164 154 186 XXI?

99 224 147 250 que
162 215 234 242 diem
249 213 333 247 ipsius
347 212 447 239 reditus
456 211 491 239 ab
503 212 600 239 exsilio
609 211 725 239 Joannes
739 213 892 248 Anouymus

101 269 157 296 cap.
174 261 236 292 100,
251 258 446 294 Metaphrastes
463 264 521 292 cap.
535 257 578 289 56,
595 263 622 284 et
639 257 786 291 Menologia
802 257 893 284 Graeca

102 311 201 344 ponunt
215 306 249 334 l5
259 304 420 332 Novembris
431 313 438 331 :
449 311 528 339 quem
543 303 614 330 diem
628 311 710 338 usque
724 303 755 330 ad
771 311 817 330 sua
829 309 895 330 tem-

102 361 161 388 [οι-θ
175 360 225 389 pro
241 352 308 379 festo
323 351 451 378 celebrari
468 350 697 384 Constantinopoli
717 350 809 377 scribit
823 350 892 377 idem

101 401 255 434 Anouymus
267 402 294 425 ct
308 397 512 432 Met-iphrastes,
529 401 555 424 et
569 396 684 423 iudicant
697 395 788 423 Grmca
801 395 891 422 Meno-

101 446 175 481 logia.
192 444 260 473 Cum
277 445 366 479 itaque
380 452 410 470 ex
423 443 517 470 horum
531 443 760 470 consentientibus
773 442 892 469 testimo-

102 493 149 520 niis
171 499 264 519 mense
287 490 430 517 Novembri
451 489 558 516 redierit
579 489 612 516 ab
635 488 746 521 exsilio,
769 488 802 515 de
822 495 892 515 anno

103 538 226 572 deinceps
248 536 437 571 qua-rcmlnm,
461 539 548 561 utrum
570 534 711 562 Novembri
735 542 805 560 anno
828 533 890 567 405,

103 583 252 611 Theodosio
265 587 292 609 et
304 581 452 609 Rumorido
465 580 553 612 Coss.,
569 588 601 607 au
614 580 754 607 Novembri
769 579 831 611 402,
843 580 894 606 Ar-

100 629 173 656 cadio
186 628 203 656 5
215 632 241 655 et
251 628 372 655 llonorio
383 627 410 660 5,
423 627 540 654 redierit.
557 627 629 659 Dico,
642 626 765 660 clareque
775 633 891 660 pronun-

102 675 146 706 tio,
162 674 188 701 in
203 673 380 700 Novembrem
395 679 466 699 anno
486 671 539 698 405
553 671 665 698 reditum
681 671 739 705 ejus
753 671 786 698 ab
799 670 891 697 exsilio

98 720 193 747 cadere
208 726 260 746 non
281 719 416 752 potuisse;
433 717 554 752 quamvis
568 716 645 744 Card.
661 716 791 743 Barouins
805 721 830 742 et
847 715 890 742 alii

99 773 130 792 eo
154 772 225 792 anno
246 765 345 792 loccnt.
362 763 506 798 Gregorius
521 770 580 796 eap.
594 762 629 790 55
643 771 649 788 :
663 761 778 796 Dumque
791 761 829 788 illi
844 761 889 793 sic,

99 811 189 846 inquit,
199 811 243 837 alii
252 811 303 836 alia
315 809 464 836 molirentur
477 809 590 843 (scilicet
603 808 628 834 iu
639 808 758 835 secundo
778 807 891 834 concilio

98 862 188 884 contra
203 855 360 890 Joannem),
377 855 531 881 transierunt
555 862 651 880 mentes
674 861 761 880 novem
781 853 888 886 (decem,

100 903 180 936 inquit
196 902 250 930 Leo
265 901 330 936 Imp.
344 909 405 935 cap.
423 900 468 926 26.
484 899 617 926 Palladius
630 904 772 933 utrumque
786 899 889 933 ponit);

105 954 186 974 umero
205 948 338 983 festiﬂtate
362 946 483 972 natu/inut
503 945 643 973 Saluatoris
663 945 821 975 adveniente,
837 949 889 971 etc.

97 994 135 1021 Ex
148 993 246 1028 quibus
269 992 360 1020 verbis
382 995 492 1026 apparet
515 999 586 1017 anno
600 990 653 1018 £05
671 996 787 1025 ca-ptum
810 991 891 1017 luisse

96 1039 238 1067 secundum
248 1043 340 1065 contra
350 1037 483 1065 Joannetn
493 1037 698 1064 conciliabulum
708 1044 800 1064 meu<e
811 1038 828 1062 Λ
835 1037 889 1071 pri-

97 1085 114 1112 li
128 1094 134 1111 :
149 1090 177 1112 ut
188 1091 299 1112 necesse
311 1084 348 1110 sit
363 1083 437 1118 prius
447 1083 568 1109 exsilium
592 1083 617 1109 in
629 1082 806 1109 Novemlireui
820 1090 890 1109 anno

99 1131 148 1158 402
163 1129 291 1161 incidere,
306 1136 368 1156 cum
381 1129 405 1155 in
423 1127 561 1155 Novembri
580 1135 650 1154 anno
663 1128 717 1154 40.5
729 1128 824 1154 cadere
837 1136 889 1154 non

101 1176 221 1210 potuerit.
235 1175 311 1209 Quod
321 1175 343 1202 si
355 1175 396 1201 cui
410 1173 515 1208 Georgii
530 1174 594 1200 lrvis
604 1173 723 1201 rideatur
734 1175 888 1207 auctoritas,

100 1223 186 1250 credat
200 1222 295 1249 saltem
311 1220 440 1251 Palladio,
459 1221 518 1247 tcsli
534 1221 584 1254 [ille
607 1220 726 1254 digniori,
741 1220 774 1247 de
795 1220 888 1247 eadem

100 1278 126 1296 re
147 1276 212 1303 pene
234 1267 326 1295 eadem
350 1267 479 1302 loquenti.
502 1266 587 1299 Quid,
601 1266 720 1300 inquies,
736 1271 824 1294 actum
848 1267 889 1292 iii-

101 1316 186 1342 terca?
200 1313 373 1348 Rcspondco,
388 1312 518 1340 Joannem
542 1318 599 1347 post
623 1313 694 1346 prius
709 1313 824 1340 exsilium
843 1321 890 1347 per

100 1361 201 1397 aliquod
217 1366 321 1395 tempus
336 1360 480 1395 quievisse,
507 1360 533 1386 iu
555 1367 701 1394 magnaque
725 1359 805 1387 iniise
820 1360 887 1393 apud

103 1407 247 1434 Eudoxiam
267 1406 363 1441 gratia,
388 1406 485 1440 quippe
499 1406 601 1439 magnis
615 1405 647 1431 ah
664 1405 720 1439 ipso
736 1405 889 1432 decoratum

102 1454 220 1481 laudibus
231 1453 256 1480 in
269 1453 390 1480 oratione
403 1459 482 1486 supra
503 1457 647 1478 tltettmrala
669 1451 700 1476 ad
714 1451 790 1477 tinem
805 1451 887 1478 Geor-

101 1500 144 1534 gii.
166 1499 254 1526 Testis
274 1498 343 1525 idem
363 1496 507 1528 Palladius,
530 1497 604 1531 cujus
626 1497 704 1523 \‘crba
726 1501 810 1523 sunt:
827 1496 890 1523 νυνι

101 1544 165 1571 duos
185 1545 281 1571 iterum
298 1550 407 1570 menses
421 1550 435 1569 ει
451 1543 526 1577 plaga
546 1542 643 1569 iuilicla
659 1542 730 1577 (fuga
749 1550 787 1569 sc.
802 1542 890 1569 Theo-

102 1590 163 1625 phili
177 1595 204 1618 et
217 1589 406 1625 (Egyptiorum
421 1587 619 1623 episcoporum)
635 1588 739 1616 modice
758 1588 891 1622 respiran-

105 1641 143 1664 tes
159 1637 270 1672 (inimici
284 1635 406 1670 Joannis)
422 1629 539 1662 secundo
552 1634 680 1661 adversus
692 1633 821 1662 Joannem
838 1634 889 1661 fre-

104 1689 173 1710 munt
188 1692 195 1709 :
211 1683 262 1710 hoc
279 1686 330 1715 est,
347 1681 423 1716 quasi
439 1687 529 1708 mense
546 1680 672 1708 Januario
685 1688 755 1707 anno
768 1680 830 1711 405,
846 1688 893 1714 per

104 1730 266 1756 occasionem
278 1732 373 1756 statua:
387 1730 520 1761 argentea:
533 1725 843 1761 lmperatrieisclilamiili
854 1727 894 1753 iu-

104 1775 178 1808 datur,
199 1782 280 1810 supra
296 1773 515 1809 porphyreticam
529 1773 679 1800 columnam
694 1773 796 1807 positio.
813 1771 893 1806 Cujus

106 1823 140 1848 rei
159 1822 337 1849 meminerunt
357 1820 409 1847 hoc
430 1827 500 1846 anno
523 1819 675 1846 Theodosio
696 1825 722 1846 ct
747 1819 893 1846 Rutuorido

105 1868 186 1901 £055.,
207 1873 308 1903 prmter
321 1868 460 1895 Socratem
476 1867 522 1894 lib.
536 1867 563 1900 6,
585 1875 609 1893 c.
624 1867 668 1899 18,
684 1867 800 1901 Prosper
811 1867 893 1900 Aqui—

107 1914 212 1944 tanicus,
224 1920 250 1941 et
275 1913 446 1940 Marcellinus
460 1912 556 1940 Comes
567 1913 592 1939 in
607 1912 756 1940 Chronicis.
774 1912 812 1940 Ad
827 1913 894 1939 hanc

107 1962 225 1992 statuam,
239 1959 305 1994 ipsis
320 1958 436 1985 fortasse
452 1958 578 1985 Kalendis
587 1957 714 1989 Januarii,
728 1958 772 1992 qui
787 1958 845 1984 dies
855 1962 895 1984 est

107 2005 228 2032 solemnis
241 2005 305 2031 anni
321 2004 434 2031 Romani
450 2003 834 2038 incipientis,dedieatameum
848 2011 894 2037 pu-

108 2049 160 2076 blici
173 2051 269 2077 tierent
291 2049 346 2076 ludi
359 2054 386 2076 et
398 2049 520 2080 chorem;
543 2049 624 2075 irattts
643 2048 758 2075 Joannes
779 2049 894 2083 linguam

107 2100 191 2123 contra
205 2103 264 2127 eos,
277 2095 323 2129 qui
339 2095 408 2121 ludis
422 2094 462 2122 his
477 2095 647 2125 interessent,
658 2095 808 2127 acuit.,Qua
819 2102 896 2122 ocea-

106 2140 176 2169 siune
190 2141 252 2169 t'reti
267 2140 378 2168 Joannis
392 2140 503 2172 inimici,
518 2141 562 2174 qui
574 2141 660 2167 adhuc
675 2141 700 2167 in
715 2137 789 2173 urbe,
800 2146 897 2174 pneter

111 2185 255 2222 Egyptios,
270 2187 394 2218 aderant,
417 2187 559 2221 instigante
580 2188 707 2222 Augusta,
731 2187 895 2214 clandestina

110 2233 248 2261 moliuntur
270 2238 364 2261 contra
387 2233 472 2267 ipsum
493 2233 619 2266 consilia;
642 2241 724 2269 reque
749 2233 896 2268 Theophila

109 2278 203 2306 aliienti
217 2287 267 2314 per
281 2278 390 2305 nuntios
403 2283 430 2305 et
443 2278 534 2306 literas
548 2279 752 2311 communicata,
770 2279 897 2314 incipien-

110 2328 141 2356 te.
155 2330 182 2352 ut
195 2329 270 2358 puto,
285 2323 371 2358 Aprili
395 2323 534 2351 concilium
550 2324 695 2351 secundum
710 2329 801 2352 contra
814 2325 896 2352 Joan-

110 2376 162 2396 nem
177 2374 296 2404 cogunt:
313 2369 384 2404 quod
400 2370 482 2396 variis
503 2369 535 2396 de
550 2370 636 2397 causis
650 2377 734 2404 usque
749 2370 781 2397 ad
794 2369 896 2397 Natali-

110 2415 140 2442 tia
152 2417 272 2450 proxime
293 2415 434 2450 sequentia
449 2419 606 2447 extractum,
627 2420 653 2442 et
669 2415 766 2442 deinde
779 2415 812 2442 ad
825 2416 897 2448 Qua-

109 2461 278 2497 dragesimam
292 2468 367 2489 anno
378 2461 437 2493 40L
450 2466 474 2488 et
485 2461 517 2488 ad
531 2461 631 2488 Pascha
643 2465 703 2496 post
715 2462 831 2496 quinque
841 2462 897 2488 dies

109 2515 122 2532 a
135 2509 262 2542 completa
279 2508 442 2535 Pentecoste
456 2506 551 2534 Joauni
572 2513 663 2534 nostro
685 2515 764 2534 causa
788 2507 896 2535 secundi

109 2553 188 2580 t-xsilii
202 2552 264 2586 fuit,
280 2559 355 2580 anno
370 2552 481 2586 integro,
495 2558 596 2586 septem
613 2553 749 2579 mensibus
759 2557 785 2580 et
795 2558 898 2587 septem

109 2597 196 2626 diebus
209 2603 271 2634 post
284 2598 403 2625 reditum
415 2597 447 2625 ab
457 2598 549 2625 exsilio
559 2598 659 2633 priore.
672 2599 758 2633 Atque
773 2599 829 2626 lucc
840 2607 896 2627 mea

112 2648 150 2670 est
164 2644 195 2671 de
211 2650 337 2678 tempore
353 2643 447 2677 prioris
458 2644 540 2670 exsilii
554 2644 695 2671 sententia.
709 2644 800 2679 Neque
811 2645 899 2672 obstat

111 2689 175 2722 quod
191 2689 384 2717 Thcodoretns
395 2688 440 2715 lib.
454 2689 479 2722 5,
493 2696 518 2716 c.
533 2690 578 2723 54,
591 2691 638 2721 ait,
656 2689 749 2716 Paucis
762 2691 898 2724 interiectis

113 2735 231 2762 mensibus
253 2735 366 2769 (nempe
385 2742 400 2760 a
420 2735 533 2768 reditu),
555 2739 697 2771 congregati
719 2738 898 2768 suntiterum,

114 2788 241 2815 penusque
257 2780 419 2816 requirebant
435 2789 478 2815 pro
493 2783 599 2809 exercito
617 2788 669 2816 post
680 2782 805 2810 decretum
818 2785 900 2811 exsilii

114 2826 257 2853 nunisterio.
273 2826 342 2853 Nam
366 2830 427 2860 post
446 2827 558 2861 quinque
576 2835 679 2855 menses
701 2834 728 2856 et
751 2830 828 2864 paulo
848 2830 899 2856 mi-

117 2878 162 2898 nus
173 2893 180 2906 ,
195 2876 347 2911 coegerunt
358 2871 510 2904 concilium;
523 2872 592 2907 quod
605 2873 706 2901 duravit
721 2879 811 2909 postea
828 2883 901 2902 men-

571 153 614 180 οε
633 153 878 183 SCRIPTORIBUS
899 154 1016 182 IlltﬁitUJI
1035 155 1278 184 CIIRISOSTOJII.

1688 171 1739 192 XX)

951 220 993 238 ses
1006 212 1045 239 Η.
1068 212 1158 248 Neque
1171 215 1266 240 mirum
1280 222 1322 248 ea,
1334 223 1393 251 qum
1407 216 1568 251 sesquianno
1582 224 1654 253 gesta
1669 226 1741 252 sunt,

949 258 1033 284 tribus
1056 266 1123 292 pene
1145 259 1233 286 verbis
1251 268 1265 286 ιι
1287 260 1455 289 Theodoreto
1474 263 1595 296 narrari,
1616 265 1660 299 qui
1680 271 1740 292 strt-

947 304 1011 330 ctim
1028 308 1053 331 ct
1071 305 1162 331 timide
1177 310 1259 332 totum
1282 306 1332 334 hoc
1350 308 1454 342 attingit
1478 310 1621 343 negotium,
1638 311 1669 337 iis
1683 319 1740 345 pcr-

948 352 1036 376 motus
1049 351 1213 383 rationibus,
1235 360 1293 386 qua:
1313 352 1340 379 in
1356 353 1485 388 principio
1510 354 1572 381 dicti
1592 356 1686 389 rapitis
1707 357 1740 385 54

940 394 1104 422 alleruntur.
1126 397 1282 432 Auouynu'ts
1297 404 1313 423 a
1331 397 1417 425 reditu
1436 397 1469 424 ad
1493 398 1592 426 Pascha
1613 405 1675 427 ante
1695 409 1739 427 sc—

944 439 1060 466 eundum
1084 440 1206 467 exsiliunt
1230 441 1412 469 intercessisse
1435 443 1526 470 scribit
1549 453 1643 470 annum
1672 446 1738 471 inte-

944 487 1075 522 grum;sic
1087 488 1165 514 etiam
1178 488 1368 522 Metaphrastcs
1380 499 1386 516 :
1397 490 1441 524 qui
1452 498 1536 517 annus
1550 491 1651 524 itttcgct'
1665 500 1737 518 Ineu-

944 533 1013 560 siunt
1026 542 1135 561 necesse
1148 539 1189 562 cst
1197 534 1275 562 fuerit
1287 536 1328 567 i7,
1341 543 1400 562 cum
1409 542 1520 572 uterque
1529 537 1571 565 die
1584 538 1616 565 i5
1625 538 1736 565 Novem-

944 578 999 606 bris
1014 579 1124 607 rediisse
1138 581 1247 608 scribat.

982 635 991 651 ι
1010 626 1137 662 Expedita
1147 635 1275 654 annorum
1284 628 1465 664 Chrysustomi
1476 631 1682 664 computatione,
1693 638 1735 658 se-

943 671 1042 705 quitur,
1051 677 1079 699 ut
1092 673 1123 699 de
1135 674 1326 708 subrogatione
1336 675 1437 702 Arsacii
1448 696 1455 708 ,
1470 680 1497 702 et
1513 677 1734 704 successione.“-

944 717 988 743 tici
1003 717 1182 752 Eudoxia'que
1193 719 1318 753 Aiigtisne
1335 724 1419 746 morte
1431 728 1511 754 pauca
1527 721 1690 756 adjiciamus.
1709 722 1735 748 In

943 762 1051 790 Joannis
1066 764 1160 791 iterum
1181 765 1283 799 expulsi
1306 765 1391 792 locum
1410 766 1568 801 subrogatur
1593 768 1734 800 Arsacius,

943 809 1030 843 paucis
1047 810 1181 845 interjcctis
1192 810 1288 843 diebus,
1308 811 1391 846 inquit
1407 811 1530 838 Socrates
1541 811 1587 838 lib.
1604 813 1630 844 6,
1644 820 1669 840 c.
1691 813 1733 839 1!).

943 854 1060 881 Annales
1077 854 1174 887 Graeci,
1191 856 1253 882 editi
1270 864 1354 890 Itttpct‘
1366 864 1380 882 a
1395 856 1513 891 Jnsepho
1533 856 1668 892 Scaligi-ro
1681 866 1732 884 nua

943 906 1003 926 cum
1019 899 1150 933 Eusebio,
1168 901 1304 936 Arsacium
1319 909 1377 928 es~c
1394 901 1488 928 factnm
1499 903 1652 938 episcopum
1667 903 1734 930 rt-fe-

942 950 1004 972 runt
1018 946 1043 972 in
1061 947 1158 981 tetnplo
1169 947 1276 981 Sophia:
1292 952 1426 980 cremato,
1441 948 1476 975 26
1491 948 1572 980 Junii,
1586 955 1660 976 sexto
1677 955 1733 984 post

941 990 1052 1018 Joannis
1076 992 1260 1026 expttisioncttl
1284 993 1337 1019 die.
1362 994 1466 1021 Obiisse
1496 995 1633 1022 Arsacium
1664 1003 1735 1022 anno

942 1037 1063 1071 sequenti
1077 1038 1148 1064 circa
1164 1039 1192 1065 Η
1212 1038 1387 1071 Novembris,
1403 1039 1477 1066 Coss.
1494 1040 1622 1067 Stilicoue
1639 1041 1732 1068 iterum

941 1087 968 1110 et
987 1083 1141 1116 Anthemio,
1159 1084 1210 1111 hoc
1229 1089 1270 1111 est
1283 1092 1354 1111 anno
1374 1085 1478 1112 Domini
1499 1087 1674 1118 405,:iu1'lor
1693 1092 1734 1113 est

941 1129 1063 1155 Socrates
1086 1129 1133 1156 lib.
1147 1131 1176 1161 6,
1193 1138 1217 1156 c.
1231 1130 1276 1156 20.
1291 1130 1362 1157 \‘txit
1386 1131 1464 1164 igitur
1486 1131 1610 1158 Arstu-ins
1631 1131 1656 1157 iu
1674 1132 1730 1165 epi-

941 1180 1051 1209 scopatu
1064 1183 1162 1202 annum
1181 1183 1271 1206 unum,
1290 1183 1396 1203 menses
1410 1176 1443 1208 4,
1458 1176 1514 1203 dies
1534 1177 1576 1203 16.
1601 1176 1733 1203 Palladius

942 1220 1023 1247 ctalii
1037 1229 1089 1248 non
1103 1221 1191 1256 plures
1201 1221 1349 1248 attribuunt
1363 1222 1393 1248 li
1405 1222 1542 1249 mensibus
1553 1231 1559 1247 :
1570 1221 1734 1257 Nicephurus

942 1267 1093 1294 Palriarcha
1111 1268 1257 1294 bicnnituu.
1272 1268 1335 1295 Post
1355 1268 1456 1294 Arsacii
1479 1272 1602 1299 mortem,
1621 1277 1690 1302 (μην,
1705 1274 1734 1294 ut

941 1313 1008 1344 di\i,
1034 1313 1130 1340 accidit
1147 1315 1174 1341 Η
1198 1314 1358 1347 Novembris
1379 1314 1440 1345 405,
1457 1313 1546 1340 Multis
1564 1315 1735 1349 episcopatum

941 1359 1106 1385 ambientibus
1117 1380 1124 1389 ,
1138 1359 1221 1393 inquit
1235 1359 1370 1390 Socrates,
1387 1359 1515 1394 multoque
1527 1360 1655 1394 intctjct'to
1670 1365 1733 1386 tem-

942 1413 1011 1439 pore,
1034 1405 1152 1432 succedit
1168 1406 1286 1437 Atticus,
1299 1411 1406 1441 quatuor
1421 1406 1512 1440 elapsis
1535 1408 1670 1440 mensibus,
1689 1408 1731 1434 iu—

941 1452 998 1486 quit
1013 1451 1158 1486 Georgius,
1177 1451 1226 1478 hoc
1240 1452 1356 1478 factum:
1374 1457 1402 1478 ut
1424 1452 1448 1478 in
1472 1461 1590 1479 mensem
1611 1453 1735 1481 Martium

942 1505 1013 1524 anno
1025 1497 1088 1527 «£06,
1104 1497 1178 1523 (Ioss.
1194 1497 1308 1523 Arcadio
1321 1498 1337 1523 6
1354 1503 1378 1523 ct
1397 1497 1500 1529 Probo,
1517 1506 1626 1524 necesse
1640 1499 1673 1524 sit
1687 1499 1734 1525 At-

943 1543 988 1570 tici
1013 1544 1175 1570 creationem
1204 1543 1331 1569 incidere.
1358 1543 1450 1570 Restat
1474 1543 1589 1570 maxima
1617 1545 1734 1570 omnium

944 1589 1098 1623 qu;rstiotle
1109 1594 1194 1615 morte
1207 1589 1332 1616 liudoxim
1343 1592 1466 1623 Angustm
1480 1599 1486 1616 :
1499 1591 1524 1616 iu
1536 1590 1611 1624 cujus
1621 1591 1736 1617 uncindo

945 1642 1065 1671 tempore
1088 1638 1250 1663 tecm-tiores
1266 1636 1298 1662 ab
1320 1636 1442 1662 omnibus
1467 1635 1492 1662 iu
1508 1636 1677 1668 universum,
1691 1637 1736 1670 qui

945 1683 1038 1708 mortis
1050 1682 1107 1716 ejus
1121 1682 1222 1708 diserte
1235 1682 1422 1713 merniueruut,
1437 1682 1574 1709 veteribus
1586 1682 1735 1708 discedunt.

944 1728 962 1755 S
981 1734 1067 1754 t‘t‘alcs
1080 1728 1125 1754 lib.
1143 1727 1170 1757 6,
1185 1736 1208 1754 ε»
1224 1728 1265 1757 l9.
1277 1727 1410 1760 ingentem
1425 1727 1590 1761 grandinem,
1608 1728 1688 1753 instar
1699 1728 1738 1753 la-

945 1773 1031 1807 pidum
1046 1773 1167 1806 (nucibus
1192 1781 1293 1806 parent,
1315 1772 1398 1806 inqttit
1420 1772 1561 1798 Annalium
1582 1772 1736 1800 Cra-corum

945 1817 1059 1852 auctor),
1073 1818 1142 1843 circa
1157 1817 1190 1844 50
1205 1817 1370 1851 Septembris
1395 1817 1534 1849 cecidisse,
1550 1818 1643 1844 eodem
1655 1838 1662 1848 ,
1686 1826 1739 1851 quo

945 1864 1063 1892 Joannes
1084 1864 1175 1898 pulsms
1190 1868 1241 1896 est,
1257 1871 1338 1897 anno,
1355 1864 1381 1890 in
1395 1864 1535 1890 consulatu
1553 1863 1660 1890 llonorii
1680 1864 1696 1890 6
1711 1867 1739 1890 et

946 1909 1109 1940 Arista-ueti,
1133 1909 1235 1940 scribit,
1261 1908 1311 1936 huc
1333 1914 1375 1936 est
1399 1916 1469 1935 anno
1499 1909 1602 1935 Domini
1626 1909 1688 1941 AM,
1713 1915 1740 1936 et

947 1960 1059 1991 quarto,
1076 1960 1133 1989 post
1156 1955 1198 1982 die
1218 1955 1317 1981 obiisse
1337 1954 1494 1982 Eudoxiam.
1518 1955 1633 1981 Annales
1653 1954 1739 1981 Gra'ci

947 2002 1031 2037 pridie
1045 2002 1133 2028 Nonas
1148 2001 1270 2027 Octobris
1284 2001 1383 2028 obiisse
1394 2021 1400 2031 ,
1416 2004 1442 2027 et
1462 2001 1479 2027 4
1494 2000 1553 2027 Idus
1565 1999 1689 2027 Octobris
1712 1999 1739 2026 in

949 2049 1060 2076 Basilica
1087 2048 1134 2075 SS.
1161 2048 1361 2082 Apostolorum.
1387 2047 1516 2082 sepultam
1543 2047 1637 2073 iisdem
1662 2045 1738 2074 Coss.

947 2095 1064 2122 llouorio
1072 2099 1100 2121 et
1110 2094 1279 2125 Aristmneto,
1288 2097 1447 2119 memorant.
1457 2092 1623 2119 Marcellinus
1631 2092 1740 2124 Comes,

947 2142 1042 2169 iisdem
1058 2140 1146 2172 Coss.,
1167 2140 1262 2174 inquit,
1282 2140 1412 2172 Eudoxio,
1433 2147 1499 2166 uxor
1519 2139 1637 2171 Arcadii,
1654 2139 1739 2166 obiit:

949 2186 1251 2221 l’rosperAquilanicus,
1265 2186 1360 2213 iisdem
1372 2186 1461 2213 itidem
1473 2185 1549 2212 Coss.
1563 2185 1692 2218 Eudoxio,
1702 2186 1739 2212 ius

948 2234 1014 2268 quit,
1028 2241 1094 2260 uxor
1106 2233 1223 2266 Arcadii,
1235 2233 1306 2260 diem
1317 2233 1419 2259 clausit.
1432 2233 1530 2259 Contra
1542 2233 1610 2259 haue
1622 2238 1740 2259 veterum

948 2280 1106 2314 scriptorqu
1131 2279 1288 2314 phalangem
1303 2279 1364 2314 quid
1384 2278 1462 2306 faciet
1483 2278 1588 2304 inﬁrma
1610 2277 1742 2304 recentio-

948 2333 1008 2354 rum
1024 2332 1133 2358 mauus;
1146 2326 1190 2360 qui
1205 2333 1300 2352 omnes
1321 2332 1373 2351 uno
1392 2332 1441 2351 ore
1462 2323 1558 2351 Joauni
1573 2328 1663 2350 nostro
1682 2331 1742 2350 eam

949 2371 1121 2406 superstitem
1135 2371 1216 2398 fuisse
1227 2375 1282 2397 tres
1295 2377 1411 2401 menses,
1428 2369 1478 2396 hoc
1494 2373 1533 2396 est
1544 2369 1612 2396 circa
1626 2368 1743 2396 medium

950 2417 1104 2444 Decembris
1114 2438 1121 2450 ,
1138 2424 1208 2443 anno
1221 2416 1284 2445 407.
1301 2415 1342 2442 vel
1357 2415 1427 2442 circa
1441 2414 1559 2442 mediutn
1574 2415 1655 2442 Febr.
1671 2423 1743 2441 anno

950 2462 1014 2496 £08,
1040 2462 1190 2490 decessisse
1213 2461 1365 2489 testantur?
1384 2468 1464 2496 qttam
1486 2462 1566 2488 etiatu
1591 2461 1743 2495 opinionem

950 2516 1000 2543 ego
1024 2513 1051 2536 ut
1076 2508 1160 2542 magis
1184 2507 1347 2542 probabilem
1367 2506 1526 2540 atnplcctor.
1549 2507 1642 2534 Causa:
1668 2511 1742 2539 sunt,

951 2555 1065 2590 primttm
1080 2553 1149 2588 quod
1165 2554 1222 2580 illas
1236 2553 1430 2580 inhumanitatet
1446 2557 1473 2579 et
1487 2553 1667 2578 immanitates
1680 2560 1742 2578 cnu-

953 2605 992 2628 tra
1006 2601 1147 2635 episcopos
1162 2600 1261 2635 legatos
1280 2599 1313 2626 ab
1326 2598 1470 2626 Occidente
1480 2619 1487 2631 ,
1502 2603 1594 2625 contra
1613 2599 1743 2625 Jonttm-ttt

954 2650 1074 2673 nostrum
1091 2645 1124 2672 ad
1140 2651 1252 2673 tuorlcm
1269 2652 1351 2680 usque
1367 2645 1451 2680 ipsam
1473 2649 1566 2672 contra
1582 2652 1673 2671 otnues
1689 2644 1744 2676 cpi-

953 2701 1059 2728 scopos,
1070 2693 1191 2725 clericos,
1204 2697 1230 2719 ct
1243 2692 1309 2719 alios
1325 2692 1438 2727 partiutu
1449 2691 1569 2723 Joannis,
1586 2699 1636 2717 non
1649 2691 1681 2717 ab
1690 2691 1743 2717 alio

954 2740 1087 2774 profectas
1103 2739 1175 2766 fonte
1185 2743 1287 2773 putem,
1303 2747 1381 2774 quam
1394 2738 1428 2765 ab
1443 2738 1602 2773 implacabili
1614 2737 1746 2772 impotem

955 2786 1064 2813 tissiuue
1080 2785 1183 2812 l'etuinze
1198 2784 1288 2812 furore
1304 2794 1312 2813 :
1327 2793 1388 2812 cttm
1402 2785 1519 2819 alioquin
1542 2783 1672 2810 Arcadius
1687 2783 1745 2818 ipse

957 2831 1086 2865 simplicis
1099 2830 1176 2857 fuerit
1191 2834 1218 2857 et
1228 2831 1299 2857 mitis
1315 2823 1429 2865 ingenii,
1437 2834 1464 2857 et
1475 2833 1607 2856 tantorum
1619 2828 1673 2856 fere
1687 2838 1745 2855 mn—

955 2876 1041 2903 lornm
1062 2877 1186 2911 ignarus;
1202 2883 1288 2911 neque
1301 2875 1430 2903 credibile
1449 2875 1483 2902 sit
1504 2879 1604 2902 tantum
1622 2874 1746 2902 habuisse
