2024 3106
147 139 227 159 XXXI"

145 188 287 217 Orationes
314 195 381 215 vero
396 192 488 215 contra
510 187 618 215 Judteos
640 193 741 215 certum
764 192 848 215 estex
873 187 938 221 ipsis

146 234 332 268 Chrysostnmi
349 234 440 261 verbis
464 233 569 261 habitas
584 240 644 261 esse
669 240 739 260 anno
753 232 871 260 secundo
896 232 950 269 vel.

147 280 225 307 tertio
240 279 415 310 diaconatus;
431 287 484 313 quo
497 279 576 306 etiant
590 286 661 305 attno
671 278 740 305 dicta
752 282 793 305 est
808 277 851 304 illa
863 284 938 312 egre-

144 326 185 360 gia
201 326 227 352 iu
244 325 373 360 Babylam
382 325 477 352 oratio.
489 327 574 360 Atque
585 325 638 358 hic,
651 325 772 359 quamvis
782 328 856 351 extra
870 331 936 356 rem,

145 372 274 398 nonnulla
297 379 330 397 ex
347 371 466 397 lti~toriis
481 376 595 398 attexam
617 371 651 398 de
671 370 779 404 scriptis
798 370 855 404 ejus
879 373 938 404 post

146 417 325 444 diaconatum.
343 417 519 451 Met-phorus,
534 418 578 452 qtti
594 425 623 444 se
636 417 696 444 inde
711 417 744 444 ab
759 417 937 444 adolescentia

146 463 202 498 ejus
215 471 309 490 amore
324 462 340 489 ﬂ
351 470 458 497 tgrasse,
475 470 554 497 atque
573 463 599 490 in
623 463 708 495 illius,
724 462 832 497 perinde
847 470 878 489 ac
892 462 937 489 Dei

146 508 227 543 ipsius
236 529 244 540 ,
256 508 366 535 vocibus
379 509 543 542 acquievisse
557 508 667 541 scribit,
683 516 697 535 a
709 508 810 535 Joanne
825 507 936 542 presby-

144 562 202 582 tero
216 555 383 588 conscriptas
396 555 475 581 tradit
495 555 675 589 expositiones
695 555 720 581 itt
736 554 893 588 Evangelia,
910 553 935 580 in

146 599 275 631 Psalmos.
297 600 330 627 de
344 600 454 632 Statttis,
471 600 503 626 de
517 600 671 635 V'irginitate
681 600 849 634 (Auonymus
863 599 936 626 addit

146 645 343 679 Exposrtiouem
365 646 391 671 in
416 644 537 680 Isaiam);
552 646 586 671 ab
606 645 701 672 codettt
725 645 860 679 episcopo,
879 644 934 670 Ex-

144 692 289 727 positiuncs
303 692 329 718 itt
340 691 369 718 Β.
382 692 540 726 Apostolum
553 691 596 726 (de
607 699 657 726 qua
667 699 695 718 re
704 691 806 726 supra),
819 691 845 717 in
857 691 932 723 Acta,

143 743 170 765 et
184 738 377 773 Panegyricos:
393 745 505 772 quorutu
529 743 616 764 tamen
642 738 709 764 bona
730 745 805 771 pars,
830 741 859 763 ut
879 736 933 764 sitis

144 782 209 810 locis
222 783 399 812 ostendimus.
413 784 512 817 scripta
532 788 572 810 est
586 783 749 815 Antiochiae;
765 788 791 809 et
806 790 839 810 ne
854 782 933 816 longe

141 828 245 858 abeam.
262 828 306 855 ille
320 829 346 855 in
363 828 498 855 Meletinm
514 833 574 863 post
587 835 671 855 annos
685 829 802 863 quinque
816 836 830 854 a
847 833 933 855 morte

142 873 238 900 Melctii
254 873 360 900 habitus
373 878 429 907 est,
445 874 495 901 hoc
509 878 564 905 est,
583 874 669 908 primo
680 881 750 900 anno
765 873 932 908 presbytera-

142 923 192 945 tus.
207 919 258 947 Sed
274 921 416 946 redeamus
431 919 463 946 ad
475 919 630 947 Socratem:
645 919 720 953 cujus
735 919 797 946 illud
810 919 931 945 ultimum

142 971 192 991 non
209 964 306 999 injuria
324 965 506 998 reprehendas
518 985 524 996 ,
539 965 609 999 quod
623 964 759 999 expressis
773 964 860 991 verbis
874 965 932 991 sine

141 1010 190 1037 ulla
203 1011 369 1037 dubitatione
391 1011 542 1037 incendium
558 1011 649 1046 templi
661 1017 688 1038 et
704 1011 786 1037 curia:
800 1010 931 1037 Joannitis

141 1055 189 1091 (sic
199 1056 270 1083 enim
282 1057 326 1090 qui
335 1056 446 1083 Joannis
458 1057 541 1084 nostri
556 1057 668 1091 partium
680 1062 765 1086 erant,
777 1055 928 1091 audiebant)

140 1102 230 1129 tribuit
245 1111 251 1128 :
269 1110 331 1128 cntn
356 1103 436 1129 minis
457 1103 587 1130 bonorttut
606 1102 842 1136 adsuiptiouibus,
865 1102 930 1129 diris

139 1148 300 1175 cruciatibus
319 1152 347 1174 et
360 1148 580 1182 exquisitissimis
601 1148 741 1175 tormentis
755 1148 780 1174 in
798 1148 879 1179 viros,
903 1147 929 1174 in

140 1192 248 1221 feminas
260 1194 381 1220 εινγίιιιηι
393 1199 465 1221 esset
478 1203 484 1220 :
499 1194 567 1221 adeo
578 1198 607 1221 ttt
617 1194 723 1228 quidam
739 1193 930 1228 qumstionibus

140 1240 360 1272 immorerentur,
374 1240 484 1275 quidam
501 1240 579 1275 paulo
595 1245 656 1274 post
671 1242 838 1274 exspirarent
854 1248 861 1266 :
881 1247 928 1267 ue-

138 1293 187 1320 que
206 1291 296 1312 tamen
315 1286 397 1312 ullum
413 1286 472 1320 ejus
485 1285 613 1313 facinoris
630 1290 796 1320 compertum
810 1285 845 1313 sit
859 1285 929 1320 apud

137 1330 273 1359 Joannitas
287 1332 441 1367 vestigium.

174 1387 183 1402 ι
195 1377 266 1410 Jam,
280 1378 302 1404 si
317 1378 415 1411 placet,
427 1377 460 1404 ad
471 1377 614 1413 Georgium
629 1376 837 1404 Alexandrinum
851 1384 928 1404 acce~

137 1423 248 1450 damus:
266 1424 309 1451 cui
324 1424 444 1456 Pltotius,
460 1424 547 1458 magni
559 1423 649 1458 judicii
665 1423 714 1454 vir,
735 1427 763 1449 et
784 1423 929 1449 acerritnus

141 1474 258 1496 veterum
273 1469 434 1503 scriptorum
447 1476 553 1501 censor,
581 1468 634 1495 dtto
660 1468 781 1502 impingit
806 1468 927 1501 crimina,

139 1514 290 1542 llcllenismi
315 1521 367 1541 non
391 1514 540 1547 obscrvati,
562 1518 589 1541 et
607 1514 764 1549 ignorantia:
785 1513 928 1542 factorum.

143 1561 178 1588 De
190 1561 271 1596 priori
286 1561 369 1587 multa
385 1560 536 1587 monuimus
546 1560 643 1594 passim
659 1560 684 1586 iu
696 1559 781 1592 Notis,
797 1564 824 1587 et
835 1567 877 1586 res
888 1564 929 1587 est

141 1607 221 1634 cuivis
248 1607 325 1633 obvia
341 1616 347 1633 :
362 1606 397 1633 de
422 1606 573 1639 posteriori,
597 1615 676 1640 quam
705 1606 822 1633 historia:
845 1606 930 1634 Geor-

141 1653 220 1688 giana:
234 1656 336 1688 partem
349 1656 443 1680 notare
459 1653 582 1685 voluerit,
598 1660 658 1679 cum
672 1652 736 1679 nihil
761 1653 859 1679 diserte
880 1660 928 1680 οπο

141 1699 276 1732 primatur,
289 1698 400 1725 dil'licile
413 1703 453 1725 est
468 1702 594 1725 statuere.
609 1697 662 1725 Nos
676 1702 764 1724 tamen
780 1705 813 1724 ne
829 1698 877 1724 hac
902 1698 927 1725 in

141 1748 211 1779 ptrte
231 1743 359 1771 studiosis
381 1743 525 1770 lectoribus
538 1743 654 1770 defuisse
669 1743 815 1775 videamur,
836 1744 928 1777 conje-

141 1793 225 1816 cturas
236 1794 342 1816 nostras
352 1788 515 1815 adducemus
529 1788 554 1815 in
571 1788 698 1820 ntedium,
714 1788 871 1820 rationibus,
900 1793 929 1816 ut

141 1840 212 1869 puto,
228 1843 280 1861 non
294 1834 453 1868 spernendis
466 1834 596 1861 ﬁrmatas.
609 1837 647 1861 Ac
663 1835 758 1869 primo,
782 1835 928 1868 scriptores

142 1888 225 1908 rerum
248 1881 432 1916 Chry~oslomi
460 1883 486 1907 itt
514 1880 580 1908 duas
606 1881 737 1908 distribuo
763 1880 871 1908 classes.
900 1880 927 1907 In

141 1926 226 1960 priore
239 1932 344 1953 veteres
359 1933 438 1960 pono,
453 1925 598 1952 Palladium
610 1926 818 1957 Theodoretum,
832 1925 928 1953 Socra-

142 1974 190 1998 tem
204 1976 231 1998 et
244 1970 437 2003 Sozouteaum,
449 1971 493 2006 qui
508 1975 555 1997 attt
567 1970 676 1998 Joannis
701 1978 769 2003 :evo,
796 1976 842 1997 aut.
867 1978 927 2004 pro-

141 2016 209 2043 ximo
223 2021 285 2050 post
294 2015 468 2049 scripserunt,
482 2020 534 2043 etc
554 2015 668 2043 diversis
694 2016 808 2043 fontibus
835 2016 929 2043 hause-

141 2067 208 2089 runt.
224 2061 319 2096 Neque
329 2061 400 2088 enim
416 2061 552 2095 probabile
576 2066 627 2092 est.
653 2069 745 2088 eorunt
769 2068 928 2096 quemquam

140 2106 247 2134 alterius
259 2107 399 2133 historiam
412 2107 519 2134 vidisse.
547 2106 594 2134 llis
617 2114 747 2134 acceuseo
764 2107 928 2141 antiquitatis

141 2154 221 2188 gratia
238 2159 357 2185 nostros,
374 2154 531 2188 Prosperttm
546 2154 745 2188 AquiL-tnicum,
759 2158 787 2180 et
799 2153 929 2180 Marcelli-

142 2206 200 2225 num
215 2197 350 2226 Comitem
366 2207 372 2224 :
390 2198 414 2224 iu
430 2199 511 2226 altera
527 2199 602 2226 lance
619 2199 725 2225 unicum
752 2206 821 2233 pono
843 2198 928 2227 Geor-

141 2244 219 2278 gium.
235 2244 303 2272 Nam
320 2251 402 2278 quum
415 2252 447 2271 ex
462 2245 543 2278 ipsius
556 2251 602 2271 ore
617 2244 857 2277 loquamurea-teri
871 2252 929 2271 om-

141 2297 195 2317 nes.
212 2290 266 2317 Lt'O
281 2290 439 2325 Imperator,
456 2291 622 2325 Anauymus.
635 2289 835 2323 .‘lletaphrastes,
847 2289 930 2317 Zona-

145 2343 195 2368 ras,
209 2336 320 2370 Glycas,
336 2335 511 2369 Nicepluuus,
524 2335 674 2368 Cedrenns,
691 2335 746 2367 alii,
762 2335 866 2362 nonnisi
881 2343 929 2369 pro

143 2389 193 2409 uno
204 2387 274 2409 teste
285 2382 442 2417 numerandi
454 2388 525 2409 sunt.
539 2382 566 2408 In
589 2382 686 2416 quibus
708 2382 787 2416 igitur
799 2381 929 2416 Georgius

142 2435 155 2453 a
170 2428 305 2455 veteribus
320 2426 443 2459 discedit,
456 2432 500 2454 aut
512 2427 648 2454 veteribus
659 2434 724 2453 nova
734 2427 767 2454 de
777 2434 825 2453 suo
834 2428 927 2461 assuit,

144 2480 171 2501 ea
185 2473 240 2501 fere
254 2473 346 2500 omnia
363 2473 404 2500 vel
418 2473 442 2500 itt
458 2473 530 2500 falsis
544 2474 675 2507 relinquo,
692 2473 732 2500 vel
747 2473 771 2499 itt
787 2474 927 2507 suspectis.

179 2528 189 2544 1
211 2521 250 2546 Ac
261 2520 378 2553 primum
403 2518 451 2545 hac
464 2526 543 2554 scopa
570 2519 634 2545 ntilti
661 2518 795 2553 purganda
821 2520 929 2548 veniunt

145 2565 269 2592 miracula
282 2565 327 2591 illa
342 2565 519 2597 sanationum,
535 2565 667 2592 visiontttn
680 2565 815 2598 etomnia,
830 2566 929 2601 deqni-

148 2611 194 2638 bus
204 2612 273 2646 apud
286 2615 397 2639 veteres
410 2611 569 2639 obstinatum
582 2611 730 2643 silentium,
758 2620 817 2639 cutn
844 2612 928 2640 Geor-

149 2653 204 2691 gius
215 2657 248 2685 iis
259 2658 499 2685 commemorandis
520 2666 571 2686 nec
583 2658 692 2685 modum
704 2657 783 2686 faciat
798 2666 885 2693 neque
900 2659 929 2687 fi-

151 2708 218 2730 nem.
233 2701 314 2730 Certe
326 2702 353 2729 in
367 2702 417 2729 ltoc
427 2708 535 2737 peccant
550 2711 604 2730 non
614 2702 745 2737 Georgius
755 2707 867 2737 tantum,
881 2705 927 2732 sed

153 2752 180 2775 et
192 2748 236 2776 alii
244 2748 388 2783 Georgium
395 2749 476 2776 secuti
489 2758 496 2777 :
511 2750 627 2785 quicum
640 2749 737 2776 nudam
749 2753 776 2777 et
785 2749 927 2778 solitariam

155 2796 289 2823 veritatem
301 2800 356 2821 nou
378 2798 499 2827 putarent
517 2794 583 2822 satis
594 2802 656 2822 esse
679 2795 855 2830 magniﬁcam,
883 2801 928 2824 aut

156 2839 217 2864 illud
231 2837 391 2872 Thucydidis
402 2844 563 2871 vererentur.
588 2848 620 2867 ne
634 2848 684 2868 non
706 2840 821 2874 fabulosa
845 2841 927 2868 minus

313 2881 446 2913 PATROL.
464 2883 521 2914 Gtt.
544 2884 665 2915 XLVII.

604 129 648 158 DE
668 128 912 159 SCRIPTORIBUS
930 127 1050 158 RERUM
1065 131 1309 160 CHRYSOSTOMI.

1702 146 1779 168 ικκιν

992 192 1064 221 grata
1074 187 1225 221 viderentur,
1241 188 1398 217 immensam
1421 198 1614 226 congesserunt
1637 194 1780 223 miraculo-

992 239 1050 258 rttm
1068 233 1121 258 vim
1133 241 1139 265 ;
1152 239 1177 260 et
1191 241 1244 268 quo
1257 234 1386 269 ﬁngendis
1400 236 1535 264 miraculis
1545 237 1619 266 loetts
1632 245 1702 267 esset
1713 241 1790 273 libe-,

991 277 1055 309 rior,
1071 278 1153 312 ipsam
1170 279 1286 307 ltistoriie
1297 285 1475 308 contestatam
1489 283 1628 311 veritatem
1646 293 1695 313 nec
1719 273 1786 315 rarol

992 331 1040 350 nec
1051 323 1145 352 leviter
1156 326 1338 353 imtnutarunt.
1351 327 1466 355 Proinde
1482 336 1540 363 qua:
1553 330 1622 364 apud
1636 331 1779 367 Georgium

991 374 1052 396 sunt
1067 370 1101 397 de
1116 371 1269 404 Anthemio,
1296 372 1330 400 de
1343 372 1468 409 Hesychii
1491 375 1609 409 visione,
1637 377 1670 404 de
1699 378 1779 405 nobili

990 415 1167 447 Antioclteno,
1181 417 1214 444 de
1227 417 1390 445 hemicranio
1417 419 1563 454 laborante,
1587 421 1621 448 de
1644 422 1780 450 Archelao

990 460 1095 494 leproso
1110 481 1117 493 ,
1140 461 1289 489 Christiana
1312 464 1385 498 ﬂuxu
1401 466 1531 499 sanguinis
1553 466 1697 501 laborante,
1726 468 1779 495 Eu-

989 506 1048 533 cleo
1060 507 1288 541 monophthalmo,
1306 509 1382 536 leone
1393 515 1535 544 prostrato,
1548 511 1581 539 de
1589 513 1647 540 alba
1656 514 1778 541 columba

988 552 1066 586 capiti
1081 552 1201 585 Joannis,
1217 561 1277 580 cum
1292 555 1430 589 presbyter
1441 556 1619 590 ordinaretur,
1633 559 1775 592 insidente,

988 597 1021 624 de
1033 598 1130 625 EllCJiiL‘
1146 598 1210 631 lilio,
1227 599 1259 627 de
1274 607 1357 627 uxore
1370 601 1489 635 prail'ecti
1504 603 1660 635 Antiochite,
1676 604 1710 631 de
1722 604 1775 631 die-

989 644 1110 671 mouiaco
1126 644 1238 672 liberato
1253 645 1297 673 die
1309 647 1538 680 consecrationis,
1558 649 1592 675 de
1618 651 1712 684 angelo
1735 649 1775 677 di-

987 690 1080 715 stricto
1092 690 1179 723 gladio
1192 690 1351 724 prohibente
1362 693 1568 721 centurioncset
1578 694 1675 721 milites
1685 694 1775 722 Eudo-

986 734 1037 761 Ill}
1052 735 1086 761 ab
1097 736 1215 770 ingressu
1229 737 1317 771 palatii
1332 738 1492 772 episcopalis
1505 759 1512 771 ,
1528 740 1562 767 de
1574 747 1606 767 eo
1620 741 1661 767 etti
1681 748 1775 768 manus

986 779 1117 806 miraculo
1137 786 1163 807 et
1173 782 1287 809 arefacta
1302 787 1329 809 et
1339 787 1430 811 sanata
1452 788 1501 817 est,
1528 785 1562 812 de
1576 785 1721 821 paralytieo
1747 786 1774 813 in

985 826 1112 852 Armenia
1127 827 1232 853 sanitati
1247 828 1380 862 restituto,
1397 829 1431 856 de
1446 829 1569 864 Adelphii
1584 830 1694 861 visione,
1709 836 1737 858 et
1749 831 1774 858 si

984 879 1043 905 quae
1054 871 1105 897 alia
1117 872 1235 905 ejusdem
1247 875 1369 908 generis;
1384 882 1443 901 euttt
1461 881 1581 903 veterum
1597 877 1702 903 illorttttt
1717 884 1772 904 uno

985 916 1066 942 verbo
1077 917 1207 949 omnium,
1224 923 1251 945 et
1265 926 1296 945 ex
1309 920 1511 952 recentioribus,
1530 921 1692 954 Damasceni,
1721 923 1772 948 Zo-

984 969 1065 994 narat,
1078 962 1235 998 Nieepbori,
1249 963 1374 998 Cedreni,
1401 967 1557 993 auctoritate
1586 968 1771 999 destituuntur,

984 1010 1009 1036 itt
1035 1011 1136 1038 incertis
1155 1011 1287 1045 relinquo.
1311 1012 1344 1038 Et
1365 1012 1471 1046 quidem
1486 1014 1610 1048 pleraque
1625 1022 1726 1047 eorum,
1750 1015 1772 1042 si

982 1056 1043 1091 quis
1064 1058 1173 1092 propitts
1198 1057 1379 1091 introspiciat,
1398 1059 1466 1084 nulla
1480 1058 1641 1086 (tutulalione
1658 1060 1772 1094 quadam

981 1101 1014 1128 ad
1026 1102 1225 1129 similitudinem
1242 1103 1429 1129 miraculorum
1449 1104 1474 1130 in
1491 1103 1519 1130 S.
1533 1104 1671 1137 Scriplttra
1688 1104 1772 1132 conii-

982 1153 1023 1174 cta
1043 1148 1192 1174 videantur.
1208 1147 1303 1175 Totum
1316 1147 1378 1175 illttd
1402 1148 1493 1175 drama
1510 1140 1643 1176 Anthemii
1658 1150 1772 1185 philoso-

983 1193 1037 1227 plti,
1051 1193 1236 1220 Demostltenis
1251 1194 1381 1228 pra-fecti,
1391 1199 1418 1221 et
1428 1194 1538 1222 Joannis
1552 1195 1638 1222 doctis
1650 1193 1791 1230 judicano'

983 1237 1046 1264 dttttt
1060 1239 1193 1272 permitto,
1209 1247 1297 1266 attnou
1314 1239 1346 1266 ad
1360 1240 1510 1274 exemplum
1538 1240 1610 1267 illius
1636 1241 1661 1267 itt
1686 1241 1770 1268 sacris

982 1283 1067 1310 literis
1081 1284 1115 1312 de
1131 1284 1236 1319 Elyma,
1249 1284 1342 1318 Sergio
1362 1285 1443 1312 Paulo
1468 1289 1495 1312 et
1517 1286 1547 1313 B.
1573 1287 1712 1321 Apostolo,
1738 1287 1772 1315 ab

981 1329 1069 1356 otioso
1083 1330 1196 1357 cerebro
1211 1337 1367 1364 expressum
1384 1330 1516 1358 videatur.
1534 1331 1605 1358 ldent
1622 1332 1655 1358 de
1670 1332 1771 1359 Arche-

981 1373 1023 1401 lao
1037 1374 1070 1401 ad
1083 1375 1225 1409 imaginem
1240 1375 1356 1402 Naaman
1368 1375 1438 1410 Syri,
1462 1376 1495 1403 de
1509 1376 1674 1404 Antiocheno
1688 1377 1772 1404 hemis-

981 1420 1072 1447 erattio
1084 1421 1233 1454 laboratttc,
1254 1426 1281 1449 et
1293 1421 1440 1448 Christiana
1456 1422 1528 1456 ﬂuxu
1547 1423 1677 1457 sanguinis
1699 1422 1769 1450 [Itba-

980 1472 1052 1493 male
1061 1467 1094 1493 ad
1106 1468 1243 1494 mulierem
1258 1468 1329 1502 ﬂuxu
1342 1468 1472 1502 sanguinis
1486 1467 1640 1495 laborantem
1652 1469 1676 1495 itt
1691 1477 1772 1496 evan-

980 1512 1065 1546 gelio,
1095 1512 1129 1539 de
1156 1513 1319 1539 datmoniaco
1346 1512 1379 1539 ad
1408 1512 1601 1539 daimoniaeum
1631 1514 1771 1542 liberatum

981 1557 1061 1584 Marci
1074 1564 1161 1589 nom);
1177 1557 1285 1592 etquod
1300 1557 1357 1584 sine
1369 1557 1551 1592 indignatione
1566 1566 1618 1584 nott
1642 1559 1712 1593 lego,
1738 1560 1771 1587 do

980 1602 1103 1629 columba
1127 1602 1258 1630 insidente
1273 1603 1352 1637 capiti
1366 1602 1476 1630 Joannis
1488 1602 1514 1629 itt
1528 1603 1710 1636 ordinatione,
1736 1605 1771 1632 ad

981 1649 1123 1684 imaginem
1138 1650 1265 1684 unigeniti
1281 1650 1339 1677 Filii
1361 1650 1406 1677 Dei
1424 1650 1449 1677 itt
1474 1650 1616 1685 baptismo.
1643 1651 1707 1678 Nam
1734 1652 1771 1679 illi

981 1694 1065 1722 Procli
1081 1695 1184 1726 visioui,
1200 1703 1259 1729 quin
1276 1695 1305 1721 D.
1323 1695 1432 1721 Paulum
1448 1695 1542 1722 Joanui
1563 1696 1617 1730 jatn
1644 1697 1771 1732 episcopo

981 1741 1173 1774 expositionem
1189 1742 1214 1767 iu
1228 1741 1353 1776 epistolas
1368 1742 1451 1775 ipsitts
1463 1742 1601 1769 meditanti
1628 1751 1674 1777 per
1699 1744 1772 1771 fura-

981 1794 1042 1814 tneu
1057 1787 1121 1814 vidit
1142 1787 1169 1814 in
1182 1795 1272 1814 aurem
1286 1787 1428 1815 dictantctu
1443 1796 1502 1822 qua:
1527 1789 1664 1821 scriberet,
1692 1789 1772 1818 ﬁdem

982 1832 1090 1868 derogat
1105 1843 1112 1860 :
1127 1834 1195 1868 quod
1213 1834 1337 1867 pleraque
1350 1833 1407 1867 ejus
1421 1838 1448 1861 et
1459 1834 1601 1861 lectissima
1618 1835 1642 1861 itt
1657 1836 1773 1869 Aposto-

981 1879 1034 1906 lunt
1049 1879 1073 1905 itt
1085 1880 1139 1906 otio
1154 1880 1200 1906 illo
1211 1878 1377 1906 Antiocheuo
1391 1880 1487 1913 scripta
1502 1878 1583 1906 fuisse
1593 1885 1707 1913 constet,
1721 1880 1771 1907 de-

983 1924 1079 1951 teriora
1099 1930 1123 1951 et
1137 1925 1224 1958 inﬁmo
1250 1925 1303 1951 loco
1318 1924 1432 1951 habenda
1457 1925 1696 1960 Constantinopoli,
1725 1925 1770 1952 vix

980 1969 1180 2005 Cbry~ostomo,
1198 1969 1294 1996 neduttt
1307 1969 1396 1996 divino
1411 1970 1439 1997 S.
1457 1970 1531 1997 Pauli
1558 1971 1657 2004 Spirittt
1682 1964 1788 2005 diguaﬁ

981 2014 1009 2045 in
1045 2015 1216 2042 translatione
1245 2015 1414 2049 reliquiartttu
1439 2015 1549 2043 Joannis
1581 2016 1772 2052 Imperatorrm

981 2060 1158 2088 Theodosium
1184 2061 1276 2086 oculos
1298 2068 1329 2086 ac
1354 2060 1467 2088 frontem
1493 2062 1663 2095 reliquiarum
1699 2069 1773 2088 urna:

981 2107 1139 2138 aﬂ'ricuisse,
1153 2106 1230 2134 lidetn
1245 2106 1306 2133 facit
1315 2107 1511 2140 Theodoretus,
1524 2109 1598 2134 testis
1607 2108 1657 2142 ﬁda
1670 2109 1773 2143 digitus;

981 2153 1027 2181 sed
1041 2153 1074 2180 de
1085 2153 1185 2179 [tantine
1198 2153 1320 2187 serpentis
1332 2153 1404 2179 dente
1414 2153 1473 2179 Ima
1486 2158 1514 2181 et
1529 2154 1651 2188 podalgo,
1662 2156 1772 2181 eodem—

982 2205 1031 2233 que
1041 2198 1168 2233 chiralgo,
1184 2199 1208 2225 itt
1230 2199 1370 2232 praesentia
1384 2199 1500 2225 omnium
1518 2198 1552 2224 ibi
1568 2199 1677 2231 Sall-itis,
1694 2206 1772 2225 assu.

981 2249 1100 2271 menttttn
1111 2249 1151 2271 est
1165 2243 1280 2278 Georgii,
1295 2252 1329 2272 ne
1342 2243 1445 2271 CtlSllm.‘
1458 2245 1564 2278 quidem
1577 2244 1712 2277 Vestitori,
1725 2245 1771 2271 Ιιο‹

981 2289 1044 2317 Ιιιίιιί
1056 2291 1172 2316 utttttittttt
1187 2291 1295 2317 minime
1318 2291 1490 2324 superstitioso
1507 2296 1693 2318 ntetnoratutn.
1717 2291 1769 2319 Sed

981 2336 1014 2362 ad
1037 2336 1123 2369 priora
1135 2341 1262 2363 revertor.
1275 2335 1404 2364 Joannem
1417 2336 1529 2370 primum
1545 2343 1559 2363 a
1575 2335 1771 2372 Meletioltapti.

982 2386 1068 2408 zatmn
1084 2381 1172 2413 tradit,
1188 2386 1215 2409 et
1228 2382 1325 2409 deinde
1339 2387 1461 2415 parentes
1474 2382 1564 2415 ipsius,
1579 2389 1638 2408 euttt
1653 2382 1772 2409 Joannes

985 2428 1051 2461 ipse.
1059 2433 1123 2454 utex
1135 2427 1368 2457 I'alladioconstat,
1379 2436 1429 2454 non
1437 2433 1601 2453 auteauttmtt
1609 2429 1694 2454 :t-talie
1703 2434 1771 2456 vtce<

981 2474 1077 2501 simum
1094 2474 1239 2507 baptizatus
1253 2473 1342 2505 fuerit,
1356 2479 1433 2507 prout
1447 2480 1504 2500 mos
1518 2473 1617 2500 ferclutt
1628 2473 1697 2500 illitts
1708 2480 1770 2500 tcta-

982 2519 1026 2552 tis,
1042 2520 1186 2553 prtesertim
1201 2519 1226 2545 in
1239 2519 1288 2545 illis
1302 2519 1345 2553 qui
1360 2527 1412 2545 nun
1426 2522 1516 2545 essent
1535 2518 1692 2545 Christianis
1715 2518 1769 2546 nati

983 2565 1146 2599 parentibus,
1156 2569 1260 2592 mortuo
1268 2569 1328 2591 ante
1340 2565 1447 2592 totidem
1457 2572 1541 2591 annos
1552 2569 1625 2598 patre
1635 2565 1770 2597 Secundo,

982 2610 1050 2637 sicut
1064 2618 1142 2643 supra
1157 2615 1292 2637 ostensum
1304 2614 1354 2637 est.
1376 2609 1458 2637 Matre
1476 2609 1581 2644 quidem
1597 2609 1677 2636 fuisse
1690 2609 1769 2636 Chri-

981 2656 1075 2688 stiana,
1085 2655 1177 2683 saltem
1188 2656 1245 2690 ipso
1258 2663 1355 2682 annum
1369 2660 1462 2689 agente
1472 2654 1637 2683 vicesimum,
1647 2660 1679 2680 ex
1689 2653 1771 2686 ipsius

981 2701 1164 2736 Clirysostomi
1179 2702 1266 2729 verbis
1284 2706 1394 2735 apparet
1413 2701 1438 2727 itt
1458 2698 1584 2727 Oratione
1607 2699 1640 2726 ad
1656 2698 1768 2727 Viduam

979 2747 1122 2783 juniorem.
1138 2748 1175 2775 De
1188 2752 1263 2782 patre
1278 2747 1342 2774 nihil
1357 2752 1456 2775 temere
1470 2745 1675 2777 aﬂirntaverim;
1690 2751 1736 2773 aut
1748 2745 1771 2773 si

982 2794 1062 2820 ambo
1073 2793 1171 2820 fuerint
1181 2793 1323 2820 Christiani
1332 2792 1366 2819 ab
1376 2792 1461 2823 initio,
1475 2790 1546 2825 quod
1556 2790 1668 2818 fortasse
1679 2790 1770 2818 verius

983 2847 1034 2874 est,
1050 2840 1132 2867 lilium
1142 2846 1224 2873 usque
1233 2839 1264 2865 ad
1276 2846 1334 2866 eam
1343 2842 1446 2866 atatem
1454 2836 1614 2870 baptismum
1621 2834 1769 2863 distulisse.

1562 2879 1584 2909 2
