2024 3106
238 151 308 171 XXXV

239 210 291 229 non
309 201 359 229 erit
373 201 396 228 ei
413 201 518 231 mirum,
533 199 576 234 qui
588 197 759 230 Nazianzeni,
780 202 891 231 utroque
917 201 1025 231 parente

240 247 389 275 Christiano
401 246 465 278 nati,
479 250 552 280 patre
564 244 643 271 etiam
658 243 793 278 episcopo,
806 241 892 269 Vitam
907 241 1026 276 perlege-

240 294 283 322 rit.
299 293 422 321 Proximo
436 291 494 318 loco
507 289 746 325 peregrinationem
760 288 832 315 illam
845 288 958 314 Atticam
970 292 1026 314 stu-

239 339 342 368 diorum
355 345 418 372 ergo
432 343 511 372 pono.
527 335 610 370 Hujus
622 332 840 369 peregrinationis
851 332 949 359 mentio
958 331 1028 366 apud

239 389 353 416 veteres,
367 382 523 414 Palladium,
535 381 682 412 Socratem,
693 378 773 410 nttlla,
786 386 819 405 ne
830 377 910 404 ullum
922 377 1027 412 quidem

239 430 390 464 vestigium,
407 429 451 463 qui
467 432 554 455 tamen
569 426 674 453 curiose
685 424 748 452 satis
763 423 850 451 studia
869 423 926 457 ejus
949 422 1027 456 juve-

239 477 303 503 nilia
314 476 399 503 literis
416 473 585 501 mandarunt.

278 531 287 547 ε
311 519 434 548 Secundo
446 519 545 546 nullum
557 517 662 551 reperio
673 520 775 550 tempus
785 522 893 542 vacuum
909 515 934 541 in
947 521 1026 540 anno-

240 575 299 594 rum
318 564 499 600 Chrysostomi
514 562 721 597 computatione,
735 560 804 595 quod
827 560 888 587 huic
911 559 1028 594 peregri-

241 610 341 638 nationi
355 609 452 645 pOSsim
467 608 611 636 destinare.
627 606 717 633 Tertio
731 610 842 632 matrem
856 603 1030 639 indulgentis-

242 658 348 691 sintam,
365 664 423 691 qua:
437 655 490 690 pati
506 662 557 681 non
573 653 667 688 potuit,
684 657 712 678 ut
732 652 757 678 in
771 651 871 678 vicinos
881 650 1029 678 Antiochiae

242 707 346 730 montes
368 701 516 732 secederet,
541 699 601 726 dico
626 697 735 724 minime
760 703 965 731 perpessurum,
994 701 1024 724 ut

242 748 372 779 Athenas,
390 750 462 773 tanto
482 745 599 771 locorum
617 742 703 777 spatio
715 746 785 768 terra
798 741 916 774 marique
929 739 1027 774 disjun—

242 798 309 824 etas,
319 793 456 826 migraret,
473 788 620 824 praesertim
633 795 693 814 cum
703 787 783 814 vitam
799 785 970 812 monasticam
984 791 1016 810 an

244 838 351 872 spieatis
362 837 463 864 crimen
477 834 616 869 apostasia:
627 840 684 859 rnon
699 831 778 859 fuerit
790 831 841 858 illis
856 829 1028 864 temporibus,

244 884 350 910 deserto
363 880 534 912 monasterio,
547 879 573 906 iu
589 879 680 906 urbem
693 877 790 910 redire,
807 875 876 911 quod
889 875 945 909 ipse
960 875 1030 901 ultro

243 929 305 955 fecit
317 927 533 961 Chrysostomus,
552 923 683 950 ulterioris
696 922 766 948 illius
780 920 929 948 solitudinis
941 920 976 947 ob
989 920 1029 945 in-

243 973 419 1001 valctudiuem
431 975 569 1006 pertmsus.
593 969 679 1003 Atque
693 971 721 994 ut
733 967 817 993 dicam
835 965 907 1000 quod
931 965 1028 997 sentio,

242 1024 328 1047 totum
340 1019 391 1046 hoc
403 1018 434 1045 ad
449 1017 598 1052 exemplum
612 1014 702 1042 Basilii
714 1014 799 1049 Magni
818 1018 845 1040 et
857 1012 963 1047 Georgii
979 1011 1030 1038 Na-

244 1065 361 1092 zianzeni
388 1064 529 1090 conﬁctum
554 1061 689 1093 arbitror;
712 1066 778 1094 quos
803 1058 895 1085 ambos
921 1057 1032 1084 Athenis

243 1110 378 1137 studuisse
391 1112 482 1135 notum
499 1111 556 1138 est;
571 1114 604 1133 ne
620 1105 719 1132 scilicet
734 1104 850 1131 Joannes
863 1107 953 1130 noster
968 1102 1030 1129 reli-

244 1156 304 1190 quis
319 1155 444 1182 Ecelesiae
466 1152 608 1180 Orientalis
634 1150 741 1185 magnis
759 1149 902 1176 luminibus
923 1147 1032 1174 inferior

244 1201 389 1228 videretur.
405 1198 546 1232 Georgius,
559 1204 617 1230 cap.
631 1196 674 1228 16,
689 1195 817 1222 Joannem
834 1203 848 1221 e
869 1193 1032 1220 monasterio

245 1251 304 1281 post
318 1245 475 1272 triennalem
493 1243 565 1270 illam
578 1242 757 1269 secessionem
769 1248 783 1266 a
796 1239 922 1266 Flaviano
938 1245 1032 1273 magna

246 1299 342 1328 pompa
374 1297 520 1325 arreptum,
547 1287 731 1323 presbyterum
754 1286 903 1313 ordinatum
930 1284 1030 1311 scribit.

247 1339 337 1367 Primo
352 1337 395 1364 illa
414 1335 549 1364 triennalis
563 1334 680 1362 secessio
693 1333 792 1360 nullum
806 1332 831 1359 in
843 1333 896 1359 vita
914 1331 1033 1367 Chryso-

245 1385 325 1413 stomi
337 1384 423 1411 locum
441 1383 529 1415 habet,
545 1386 599 1408 tum
615 1381 648 1408 ob
659 1388 700 1412 ea,
714 1387 772 1414 quae
784 1386 862 1413 supra
873 1377 1033 1405 monstravi-

246 1437 317 1462 mus,
334 1434 387 1456 tum
400 1427 470 1464 quod
485 1428 516 1454 iis
528 1426 592 1461 ipsis
606 1426 682 1452 annis
695 1429 799 1452 constet
811 1423 1032 1459 Chrysostomum

247 1477 274 1503 in
290 1474 403 1502 ecclesia
415 1473 549 1501 orationes
564 1471 688 1498 habuisse
699 1478 754 1503 eas,
770 1478 828 1505 qua:
842 1473 947 1496 exstant
968 1475 1033 1494 con—

246 1527 284 1548 tra
300 1520 416 1551 Judmos,
431 1523 457 1546 et
470 1519 496 1546 in
510 1517 634 1553 Babylam
648 1521 800 1552 martyrem,
818 1519 846 1541 ut
855 1521 933 1549 supra
944 1512 1035 1539 videre

247 1568 318 1594 licet.
345 1565 455 1597 Deinde,
479 1567 593 1599 quantos
618 1562 739 1597 plausus,
765 1565 879 1596 quantos
903 1559 1035 1585 clamores

245 1614 328 1641 cieret
342 1620 372 1640 os
383 1611 446 1639 illud
461 1617 580 1642 aureum,
592 1609 614 1636 si
626 1616 657 1636 ex
674 1607 836 1635 monasterio
850 1609 922 1632 tanto
937 1604 1034 1639 petitus

245 1659 354 1691 ambitu,
371 1661 443 1685 tanto
457 1656 534 1683 datus
545 1655 622 1687 foret,
647 1659 673 1682 et
687 1662 739 1681 non
755 1661 788 1680 ex
799 1651 887 1679 medio
906 1651 1034 1678 diacono-

246 1712 304 1731 rum
317 1710 397 1738 grege
408 1701 500 1728 adhoc
510 1700 684 1727 ministerium
698 1699 839 1733 sumptus?
854 1696 929 1730 Quod
942 1704 1033 1724 vertun

246 1756 306 1775 csse
319 1755 422 1774 mecum
434 1745 569 1778 fatebitur,
591 1744 710 1779 quisquis
733 1751 792 1771 cum
815 1742 917 1778 judicio
944 1741 1037 1777 legerit

247 1793 394 1819 orationem
417 1791 503 1823 illam,
520 1790 591 1816 Num
612 1797 670 1815 vera
689 1793 761 1820 sunt,
779 1793 797 1814 t.
811 1788 836 1820 l,
851 1795 877 1822 p.
890 1787 952 1814 695.
979 1786 1036 1814 Jam

250 1837 320 1874 quod
336 1837 428 1864 scribit
440 1836 569 1870 Georgius
581 1842 639 1869 cap.
655 1834 699 1867 Ἡ,
714 1841 766 1861 non
782 1841 829 1860 sex
843 1833 938 1866 solum,
955 1832 1038 1859 sedet

249 1885 317 1911 alios
333 1890 379 1911 sex
393 1881 550 1917 depositosa
560 1881 662 1908 Joanne
674 1881 699 1907 iu
715 1880 777 1907 Asia
791 1880 941 1915 episcopos,
956 1878 1038 1906 Palla-

250 1930 308 1957 dius
319 1934 410 1964 aperte
420 1931 509 1962 negat,
523 1932 549 1954 et
563 1935 577 1953 a
592 1933 702 1954 numero
717 1926 749 1953 16
763 1926 805 1953 vel
821 1926 863 1958 l7,
892 1923 963 1960 quod
988 1923 1036 1950 ad-

249 1974 480 2003 versariiJoannis
502 1974 665 2008 obiecerunt,
683 1973 790 2007 propius
811 1972 897 1999 abest.
922 1971 1035 1998 Historia

249 2021 407 2055 Callitropes
439 2020 485 2054 (c.
501 2018 557 2055 54)
585 2019 681 2046 multas
705 2018 783 2046 habet
809 2017 1035 2048 circumstantias,

248 2074 359 2102 quarttm
374 2065 440 2093 nihil
451 2065 538 2092 simile
549 2064 657 2092 mentini
669 2064 765 2091 vidisse
781 2064 806 2090 in
833 2067 924 2090 vetere
949 2061 1036 2089 eccle-

248 2114 354 2140 siastica
368 2111 491 2143 historia,
506 2118 592 2146 neque
608 2112 674 2143 scio,
690 2117 722 2136 an
737 2116 831 2137 omnes
857 2108 962 2136 defendi
976 2115 1038 2142 pos-

248 2159 311 2186 sint.
329 2158 402 2185 Hanc
413 2157 551 2185 historiam
566 2156 705 2184 confundit
716 2156 853 2183 Cedrenus
866 2162 926 2181 cum
946 2155 989 2180 illa
1004 2154 1037 2181 de

249 2205 325 2232 vidua
340 2203 555 2242 Theognosti(e.
568 2204 599 2230 41
613 2204 632 2238 ),
645 2209 705 2237 qua:
715 2201 781 2228 adeo
793 2200 888 2227 similis
902 2204 943 2226 est
956 2200 991 2226 illi
1003 2199 1039 2228 de

250 2250 354 2278 Naboth
368 2255 394 2276 et
405 2249 522 2281 Jezabel,
534 2253 563 2276 ut
577 2248 659 2276 altera
673 2255 706 2274 ex
718 2247 801 2273 altera
810 2251 936 2279 expressa
950 2244 1037 2271 videa-

252 2302 302 2323 tur.
320 2295 456 2329 Recipitur
476 2299 563 2321 tamen
590 2293 647 2320 hmc
667 2291 777 2318 historia
803 2291 837 2317 de
859 2290 935 2316 vidua
951 2289 1038 2316 Theo-

249 2341 337 2377 gnosti
350 2349 364 2368 a
380 2341 555 2371 Damasceno,
577 2339 614 2366 uti
625 2343 651 2365 et
672 2337 705 2364 ab
729 2337 851 2364 omnibus
867 2336 921 2363 fere
942 2344 1037 2363 recen-

251 2389 365 2415 tioribus
380 2388 542 2421 biographis.
564 2385 630 2412 Nam
651 2384 720 2419 apud
739 2390 843 2411 veteres
865 2384 936 2411 nulla
961 2384 1038 2419 hujus

252 2433 371 2461 historia:
381 2432 480 2459 mentio
495 2434 554 2463 est;
569 2438 619 2458 nec
635 2430 790 2464 rescriptum
806 2429 934 2464 cst,quod
944 2430 1036 2461 sciam,

254 2480 336 2506 ullum
352 2479 377 2505 in
393 2482 448 2504 toto
461 2478 521 2511 jure
534 2477 656 2503 Romano
671 2475 732 2507 tale,
759 2475 836 2510 quale
862 2475 895 2501 ab
918 2474 1048 2502 Eudoxio

255 2533 279 2553 tn
293 2525 343 2553 hoc
357 2524 462 2559 negotio
474 2523 580 2550 citatur.
593 2521 633 2549 Ad
646 2521 702 2548 huic
716 2521 785 2548 inter
797 2521 948 2548 testimonia
960 2520 1036 2555 igno-

253 2571 347 2598 rantirc
357 2569 463 2604 Georgii
479 2575 560 2603 pono,
574 2567 644 2602 quod
656 2567 785 2594 Joannem
798 2567 831 2594 ab
843 2566 936 2597 exsilio
948 2566 1038 2600 priore

255 2621 404 2645 revocatum
417 2616 490 2649 jussu
503 2613 606 2641 Arcadii
621 2612 723 2645 scribit,
739 2620 797 2639 eum
817 2612 906 2647 populi
917 2611 1040 2639 clamori-

254 2664 314 2697 bus,
329 2668 384 2690 tum
400 2662 509 2688 llonorii
524 2660 612 2687 fratris
627 2660 726 2692 literis;
743 2667 802 2687 cum
819 2660 886 2686 intra
899 2658 1039 2686 duodecim

256 2709 333 2735 horas
353 2708 386 2734 ab
411 2707 566 2741 expulsione
588 2705 664 2740 jussu
689 2704 878 2739 lmperaturum
901 2709 1040 2731 revocatus

257 2753 351 2785 fuerit;
369 2760 453 2786 neque
466 2752 606 2786 quidquam
631 2751 747 2785 potuerit
769 2751 868 2778 interea
895 2749 1038 2782 Honorius,

257 2799 301 2829 qui
316 2798 450 2825 Ravenna:
465 2798 518 2824 fere
527 2801 571 2823 aut
584 2795 724 2823 Mediolani
736 2795 838 2829 agebat,
854 2795 887 2822 de
913 2795 970 2828 ejus
991 2801 1039 2821 ex-

255 2846 377 2883 pulsioue
391 2845 543 2873 resciscere.
564 2843 628 2871 Nam
641 2842 711 2878 quod
727 2842 865 2878 epistolam
881 2840 1039 2876 Chrysosto-

735 132 738 136 '
784 137 918 167 tttzxutct
938 138 1057 167 smul
1072 137 1292 168 otssenrarto

1785 149 1861 169 λχυίι

1080 198 1126 229 mi,
1138 198 1220 224 Ειὶαηι
1234 203 1365 233 antequam
1379 198 1484 226 reddite
1495 203 1562 232 sunt,
1573 199 1698 234 scriptam
1709 206 1768 227 esse
1779 201 1863 233 prodit

1080 248 1139 278 post
1153 245 1226 278 prius
1251 244 1392 277 exsilium;
1419 251 1495 271 error
1509 244 1615 280 quidem
1631 244 1861 272 ntanifestissimus

1080 292 1131 321 est,
1155 288 1201 315 sed
1221 296 1281 316 cum
1307 289 1426 316 Palladio
1450 290 1610 316 communis.
1639 289 1706 316 lllud
1732 289 1864 324 peculiare

1079 342 1167 367 suum,
1180 339 1206 361 et
1216 342 1335 362 crassum
1351 335 1426 366 satis,
1441 335 1513 370 quod
1529 343 1589 362 curn
1602 342 1660 370 cap.
1676 335 1708 362 61
1727 336 1865 371 episcopos

1080 387 1112 406 ex
1139 379 1326 407 communione
1347 379 1458 407 Joannis
1483 388 1530 415 per
1553 380 1755 408 Theoteclmum
1778 380 1865 408 literas

1081 433 1206 452 exarasse
1219 426 1310 453 scribit
1328 426 1362 453 ad
1386 426 1567 453 Innocentium
1589 434 1694 461 papam,
1706 426 1804 461 quibus
1831 427 1866 453 si-

1080 471 1253 504 gniﬁcabatur
1265 470 1395 498 Joannem
1413 471 1546 499 Cucusum
1561 472 1728 506 relegatum:
1744 472 1815 499 idem
1826 476 1865 498 ta-

1081 524 1141 543 men
1153 524 1211 551 cap.
1225 516 1269 549 Gl,
1285 517 1362 552 quasi
1374 517 1416 544 sui
1430 517 1538 551 oblitus,
1567 518 1754 545 Innocentium
1781 517 1830 545 hoc
1851 525 1866 545 ι

1081 562 1283 595 mercatoribus,
1298 567 1326 590 ut
1340 567 1414 597 puto,
1428 563 1520 590 aliisve
1534 563 1578 599 qui
1589 563 1618 590 ab
1633 564 1750 598 quasdam
1769 564 1867 599 negotia

1081 608 1149 635 forte
1171 608 1282 635 Romam
1297 613 1435 642 venerant,
1462 608 1579 643 primum
1599 610 1743 637 rescivisse
1768 614 1865 636 narrat.

1082 653 1204 680 Nondum
1218 654 1293 687 enim,
1311 654 1406 688 inquit,
1422 654 1453 681 de
1464 654 1533 682 illius
1545 655 1652 682 secundo
1664 655 1754 682 exsilio
1765 655 1866 682 audive-

1081 707 1145 725 rant.
1162 699 1237 732 Quod
1251 707 1309 734 cap.
1324 700 1359 727 58
1372 700 1459 735 Epidii
1470 701 1602 728 servulum
1614 709 1675 728 eum
1691 702 1744 728 sica
1755 701 1867 729 submis-

1082 751 1139 770 sum
1155 744 1188 770 ad
1202 744 1413 772 interﬁciendum
1426 745 1645 778 Chrvsostomum
1658 745 1755 773 Cucusi
1769 750 1866 777 narrat;

1082 789 1107 816 id
1122 789 1218 816 factum
1234 790 1292 817 sine
1306 790 1378 817 otnni
1391 790 1472 817 dubio
1482 791 1716 825 Constantinopoli
1730 796 1781 819 est.
1795 791 1870 824 Quod

1083 834 1241 869 Adelphium
1255 835 1374 863 Arabissi
1386 836 1642 870 vocet‘episeopum,
1657 843 1723 863 cum
1747 844 1782 864 eo
1806 841 1873 863 lem-

1083 887 1147 914 pore
1158 880 1300 914 episcopus
1315 880 1445 913 Arabissi,
1474 886 1542 908 teste
1555 881 1649 908 eodem
1663 880 1772 909 Joanne
1795 881 1872 916 epist.

1083 924 1145 957 ﬁt,
1161 924 1240 952 fuerit
1251 925 1376 960 Otrejus:
1392 926 1463 961 quod
1474 926 1603 954 Joannem
1627 926 1653 953 in
1677 926 1801 961 ejusdem
1813 947 1821 960 ,
1846 931 1872 953 ut

1084 975 1156 1004 puto,
1171 970 1292 1004 Adelphii
1301 971 1403 998 tedibus
1416 971 1513 998 Cucusi
1527 976 1677 1006 susceptum
1688 971 1795 1005 scribit,
1805 971 1872 1006 quod

1085 1016 1255 1043 humanitatis
1279 1016 1393 1044 ofﬁcium
1411 1017 1487 1053 (nam
1513 1017 1563 1044 alia
1588 1017 1765 1044 humanitatis
1789 1016 1872 1044 ofﬁcia

1083 1062 1223 1096 episcopus
1237 1062 1345 1096 Cucusi,
1372 1063 1399 1090 id
1421 1068 1472 1096 est,
1496 1067 1525 1089 ut
1541 1067 1622 1098 puto,
1646 1063 1798 1098 Adelphius
1819 1062 1874 1097 ipse

1084 1107 1217 1141 praestitit,
1232 1111 1261 1134 ut
1275 1107 1356 1142 liquet
1366 1108 1446 1142 epist.
1461 1109 1494 1135 15
1507 1107 1540 1134 ad
1555 1108 1726 1144 Olympiad.)
1753 1116 1807 1135 non
1831 1107 1873 1134 alii

1084 1160 1162 1186 quam
1175 1153 1304 1180 Dioscoro
1316 1153 1408 1181 tribuit
1420 1154 1476 1188 ipse
1486 1153 1602 1180 Joannes
1610 1153 1688 1188 epist.
1700 1154 1736 1181 12
1746 1154 1779 1181 ad
1785 1153 1875 1189 Olym-

1086 1197 1289 1232 piadem,cujus
1305 1199 1376 1225 nulla
1398 1199 1467 1234 apud
1491 1199 1634 1233 Georgium
1658 1201 1779 1227 mentio:
1805 1199 1874 1234 quod

1086 1245 1208 1272 Proclum
1221 1246 1247 1272 iu
1260 1245 1432 1273 translatione
1446 1246 1618 1280 reliquiarum
1631 1246 1788 1281 episcopum
1800 1250 1874 1274 vocet

1085 1290 1188 1326 Cyzici,
1203 1291 1247 1326 qui
1262 1291 1355 1318 relicta
1370 1291 1469 1326 Cyzico
1481 1291 1697 1326 archiepiscopus
1708 1296 1766 1319 tum
1789 1291 1874 1318 fuerat

1085 1336 1398 1372 Coustantinopolitanus
1413 1347 1419 1365 :
1435 1342 1524 1373 aperta
1537 1341 1610 1371 sunt,
1625 1342 1654 1365 ut
1676 1338 1742 1365 mihi
1758 1338 1873 1369 videtur.

1086 1387 1233 1410 “ammenta.

1125 1437 1134 1454 ι
1157 1428 1285 1462 Superest
1304 1428 1337 1456 de
1351 1428 1471 1464 epistolis
1495 1437 1526 1457 ex
1548 1429 1692 1457 Occidente
1713 1435 1742 1457 et
1765 1430 1875 1457 Oriente

1087 1474 1157 1501 ultro
1168 1475 1288 1509 citroque
1301 1475 1387 1502 missis
1394 1483 1487 1510 magna
1495 1475 1648 1510 cumprimis
1665 1480 1693 1502 et
1707 1475 1789 1502 ardua
1800 1483 1875 1510 qure-

1087 1520 1138 1546 stio
1149 1528 1156 1552 ;
1168 1519 1201 1547 de
1212 1527 1263 1554 qua
1274 1521 1432 1547 sententiam
1442 1528 1526 1547 meam
1541 1521 1654 1555 ingenue
1666 1524 1693 1547 et
1706 1521 1790 1548 libere
1802 1527 1876 1547 more

1088 1566 1217 1600 majorum
1230 1566 1356 1600 aperiam,
1370 1566 1442 1593 nullo
1455 1566 1568 1600 partium
1579 1566 1667 1593 studio
1680 1566 1785 1598 ductus,
1800 1565 1873 1592 nulla

1087 1611 1241 1646 cujusquam
1256 1612 1340 1647 gratia
1352 1612 1397 1639 vel
1406 1612 1476 1639 odio.
1498 1612 1581 1639 Hasce
1604 1611 1682 1646 igitur
1700 1611 1827 1645 epistolas
1851 1611 1876 1637 iu

1089 1658 1137 1684 tria
1148 1658 1276 1684 diatribuo
1287 1665 1384 1692 genera
1398 1667 1404 1684 :
1420 1658 1461 1684 vel
1475 1657 1545 1684 enim
1562 1657 1649 1683 missa:
1660 1660 1791 1690 suntpost
1801 1655 1876 1689 prius

1089 1703 1220 1734 exsilium,
1234 1703 1275 1729 vel
1290 1707 1350 1737 post
1371 1703 1493 1729 exsilium
1509 1702 1649 1737 posterius,
1664 1701 1705 1728 vel
1721 1705 1781 1736 post
1805 1709 1880 1729 mor-

1090 1752 1142 1774 tem
1156 1747 1275 1774 Joannis.
1291 1747 1316 1774 In
1329 1747 1414 1781 primo
1427 1751 1453 1773 et
1465 1746 1583 1773 secundo
1597 1753 1695 1781 genere
1711 1746 1811 1773 nullam
1822 1746 1878 1774 Ge—

1090 1793 1166 1827 orgio
1181 1793 1253 1819 litem
1267 1800 1369 1824 moveo,
1385 1797 1482 1826 praiter
1494 1799 1562 1824 eam,
1576 1800 1635 1826 qua:
1651 1792 1699 1826 ipsi
1713 1800 1773 1820 cum
1790 1792 1878 1819 Palla-

1090 1838 1134 1865 dio
1149 1838 1296 1865 communis
1310 1842 1367 1870 est;
1381 1837 1414 1864 de
1428 1845 1479 1872 qua
1499 1844 1578 1872 supra
1599 1838 1635 1864 ad
1660 1837 1820 1865 Palladium.
1843 1837 1879 1864 De

1091 1885 1169 1911 tertio
1181 1892 1278 1918 genere
1291 1883 1501 1918 disquirendum,
1527 1884 1560 1911 de
1579 1891 1630 1919 quo
1645 1885 1683 1912 sic
1696 1885 1826 1919 Georgius
1850 1892 1875 1911 c.

1091 1931 1142 1957 68:
1158 1930 1260 1956 Mortuo
1273 1930 1326 1964 jam
1340 1929 1370 1956 Β.
1387 1929 1497 1962 Joanne,
1514 1930 1576 1962 duo,
1594 1930 1687 1964 inquit,
1702 1930 1815 1958 Romam
1833 1938 1879 1957 ver

1091 1979 1187 2002 nerunt
1197 1975 1358 2010 Presbyteri,
1374 1979 1401 2002 et
1413 1975 1542 2002 diaconus
1556 1975 1680 2010 unus,qui
1695 1983 1756 2002 cum
1769 1983 1803 2003 eo
1818 1974 1878 2002 fue-

1092 2025 1150 2048 rant
1166 2021 1191 2047 in
1205 2020 1308 2052 exsilio,
1325 2025 1351 2046 et
1364 2020 1434 2055 apud
1462 2019 1645 2047 Innocentiqu
1673 2028 1768 2055 papam
1790 2019 1880 2055 queri-

1092 2066 1207 2094 moniam
1219 2065 1354 2100 deponunt
1367 2065 1400 2092 de
1414 2065 1597 2093 vexationibus
1612 2065 1707 2092 Joanni
1722 2065 1802 2092 illatis
1815 2073 1821 2091 :
1834 2063 1878 2099 qui

1091 2114 1128 2141 rei
1140 2113 1279 2140 atrocitate
1288 2117 1436 2139 commotus
1446 2113 1535 2139 statim
1546 2112 1579 2139 ad
1594 2112 1739 2138 Honorium
1753 2111 1878 2138 accurrit.

1090 2159 1158 2193 Quid
1175 2159 1279 2186 multa?
1293 2157 1371 2185 ambo
1386 2157 1449 2184 dant
1461 2164 1556 2192 ειτηερ,
1570 2161 1597 2184 ut
1610 2156 1725 2189 videtur,
1742 2157 1833 2183 literas
1845 2155 1879 2182 ad

1091 2204 1243 2236 Arcadium,
1265 2203 1433 2230 innocentius
1447 2202 1514 2234 illas,
1530 2210 1578 2228 vox
1590 2201 1719 2237 sanguinis
1733 2200 1821 2235 fratris
1833 2199 1880 2226 mei

1091 2251 1199 2278 Joannis
1214 2251 1315 2283 clamat,
1341 2250 1368 2277 in
1392 2249 1487 2284 quibus
1512 2248 1655 2275 Arcadium
1679 2252 1706 2274 et
1732 2247 1879 2274 Eudoximtt

1092 2296 1321 2328 cxcommuuicat;
1336 2295 1469 2322 Honorius
1485 2294 1554 2325 illas,
1571 2293 1654 2320 nescio
1664 2300 1720 2327 qua:
1742 2291 1878 2321 contraria,

1092 2346 1143 2368 etc.
1159 2342 1205 2368 llis
1218 2341 1302 2368 literis
1316 2340 1440 2375 acceptis,
1453 2339 1592 2372 Arcadius,
1609 2343 1637 2365 ut
1650 2343 1689 2364 est
1702 2338 1770 2371 apud
1794 2338 1879 2365 Geor-

1091 2388 1173 2422 gium,
1188 2394 1246 2422 cap.
1261 2386 1305 2418 69,
1322 2390 1380 2420 post
1391 2392 1482 2420 prunas
1496 2385 1529 2412 de
1545 2384 1667 2411 omnibus
1678 2382 1791 2409 inimicis
1800 2383 1875 2409 Joan-

1093 2433 1133 2459 ttis
1147 2437 1277 2467 sumptas,
1289 2431 1434 2458 Eudoxiant
1448 2438 1558 2457 uxorem
1574 2430 1643 2456 intra
1658 2428 1806 2455 cubiculum
1818 2435 1879 2454 cum

1093 2476 1247 2511 pedisequis
1271 2477 1386 2503 clausam
1400 2475 1493 2508 tenuit,
1516 2475 1595 2509 virgis
1617 2475 1696 2501 etiam
1720 2481 1826 2504 ctesam,
1851 2475 1889 2497 ut-

1094 2523 1250 2557 Anonymus
1265 2522 1312 2555 ait,
1326 2521 1396 2548 tnale
1409 2520 1545 2552 multavit;
1562 2519 1668 2549 Acacio,
1681 2518 1835 2549 Severiano,
1853 2520 1879 2542 et

1093 2568 1233 2602 Theophili
1249 2567 1406 2602 propinquis,
1428 2567 1522 2593 mirum
1537 2566 1563 2592 ni
1576 2566 1606 2592 Β.
1620 2564 1719 2600 Cyrillo
1745 2565 1814 2592 inter
1828 2570 1879 2590 etc-

1095 2618 1176 2645 leros,
1193 2613 1298 2644 vinctis,
1316 2613 1480 2646 Romamque
1507 2611 1540 2638 ad
1567 2611 1748 2638 innocentium
1777 2609 1876 2640 missis,

1094 2658 1186 2686 scribit
1200 2657 1232 2684 ad
1246 2657 1426 2684 Innocentium
1441 2657 1512 2684 illam
1524 2657 1661 2691 epistolam
1676 2656 1751 2690 cujus
1764 2655 1877 2684 initium,

1096 2703 1188 2730 Omnes
1203 2703 1314 2730 homines
1328 2703 1420 2736 sciunt,
1436 2702 1583 2729 humillime
1598 2706 1700 2736 petens,
1727 2706 1755 2729 ut
1781 2701 1831 2728 sibi
1853 2703 1879 2726 et

1095 2749 1222 2777 Eudoxia:
1247 2749 1321 2775 venia
1335 2749 1510 2783 impertiatur,
1526 2748 1655 2782 amboque
1671 2748 1697 2774 iu
1712 2746 1879 2778 communio-

1095 2803 1156 2822 nem
1170 2795 1339 2830 rccipiantur.
1355 2795 1467 2833 Scripsit
1479 2796 1557 2822 etiam
1571 2794 1689 2821 Eudoxia
1704 2794 1736 2822 ad
1750 2794 1880 2821 Innocen-

1099 2840 1174 2874 tium,
1189 2844 1215 2867 et
1229 2839 1355 2867 Arcadius
1367 2839 1400 2866 ad
1411 2840 1554 2867 Honorium
1571 2839 1688 2866 fratrem.
1703 2838 1885 2868 Innocentius,
