2024 3106
125 157 204 178 XXXVII

123 208 226 242 acceptis
238 206 317 233 literis
332 203 435 232 Arcadii
452 206 477 229 ct
493 200 634 231 Ettdeim,
664 198 757 225 scribit
786 195 891 227 Proeto,

123 253 239 288 Cyticeno
253 251 384 285 episcopo.
410 253 438 275 ut
459 243 716 278 Constantinopolim
742 242 839 273 veniat,
869 244 895 267 et

124 299 284 333 imperatores
307 296 332 322 in
345 293 561 322 communionem
577 289 703 324 recipiat;
730 286 896 319 Arcadioque

123 343 231 372 rescribit
245 349 328 377 gnece
343 340 434 371 etiam,
458 343 487 364 ut
508 335 623 368 ridetur,
647 333 787 369 epistolam
812 331 894 362 illam,

123 392 206 419 Ratnm
217 389 288 417 habui
300 387 383 415 zelum
393 391 499 414 vestrum
510 382 648 411 secundum
663 381 751 412 Deum,
763 384 789 407 et
802 377 896 405 Procio

121 439 191 465 etiam
204 437 334 473 prmcepit,
348 439 376 462 ut
388 440 478 461 curam
493 430 620 464 suscipiat
631 426 755 455 Ecclesia:
767 425 897 452 Constan-

123 472 300 519 tinopolitana‘,
312 482 393 509 donec
408 480 440 506 de
452 478 524 506 rebus
538 475 613 504 Attici
627 475 754 502 decretum
765 472 806 499 sit.

155 543 162 558 ι
176 532 341 560 Confrdcnter
354 529 424 560 dico,
441 531 524 554 totum
538 524 588 551 hoc
601 521 734 557 negotium
747 525 839 554 parum
851 525 894 544 re-

121 585 158 606 cte
171 577 327 612 temporibus
342 575 467 605 ditisum,
480 577 559 606 atque
573 569 641 597 adeo
656 568 731 602 plane
743 565 898 592 inca/utrem

121 633 181 652 esse.
194 624 256 651 Nam
276 623 403 657 primum,
424 620 446 646 si
462 622 565 645 mortua
587 620 628 643 est
642 613 762 641 Eudoxio
785 610 898 638 triennio

121 677 174 698 ante
187 675 294 696 mortem
309 667 431 697 Joannis,
441 664 511 700 quod
522 669 614 690 omnes
628 665 732 688 veteres
745 662 807 685 ante
816 657 898 684 Geor-

120 717 182 752 gium
192 715 305 742 historici
324 720 376 740 uno
388 717 519 739 consensu
532 708 680 738 affirmant;
698 704 831 732 neminem
844 702 900 729 fore

121 768 176 797 puto
190 767 237 788 tam
252 759 386 795 perfrict.e
403 756 507 788 frontis,
521 754 566 789 qtti
579 752 647 780 ausit
665 758 762 786 negare
777 747 900 783 supposi-

121 809 182 834 titias
198 814 254 834 esse
267 812 364 833 omnes
380 803 427 830 bas
444 800 580 836 epistulas.
597 798 693 825 Verum
715 801 742 823 ut
761 795 855 823 demus
875 794 900 820 id

122 859 281 883 \‘cruznesse,
297 849 372 886 quod
388 857 419 876 ex
436 845 630 874 recentioribus
643 843 761 871 nonnulli
775 841 900 872 afferunt,

121 903 168 926 tres
179 903 280 925 menses
294 894 468 930 superstitem
481 892 561 919 fuisse
575 889 679 921 ioanni,
698 896 730 915 ne
745 888 782 914 sic
795 886 900 922 quidem

121 952 255 980 temporum
271 944 345 970 ratio
359 940 503 969 constabit.
522 938 597 965 Addo
609 937 689 964 etiam
703 934 807 962 Arcadii
829 940 901 960 mor-

121 979 174 1024 tem,
188 999 253 1026 qum,
270 994 304 1017 ul
316 997 349 1016 ex
370 987 444 1015 {ustis
457 985 569 1021 publicis
589 986 699 1018 apparet
712 986 738 1008 ct
752 979 903 1008 testimonio

120 1038 223 1065 Socratis
236 1036 280 1063 lib.
299 1036 326 1067 7,
338 1042 362 1061 c.
375 1034 401 1063 i.
415 1031 526 1066 contigit
541 1030 626 1065 primo
638 1028 696 1056 Maii
711 1027 789 1054 Cuss.
805 1026 901 1060 i‘hilip-

122 1091 149 1118 po
159 1087 183 1110 et
193 1083 281 1116 Basso,
298 1087 371 1108 anno
381 1079 444 1111 408,
459 1078 509 1105 hoc
520 1081 570 1109 cst,
582 1076 697 1111 qttinqne
707 1073 852 1104 mensibus,
863 1071 903 1099 vel

123 1135 144 1156 ut
153 1130 191 1156 alii
205 1134 322 1164 septem,
344 1132 371 1153 et
384 1124 501 1152 sedecim
516 1123 609 1150 diebus
624 1125 683 1157 post
699 1124 811 1147 mortem
825 1118 906 1145 Joan-

123 1175 165 1208 nis,
187 1175 286 1202 mdium
317 1172 391 1199 hisce
413 1169 520 1204 ineptiis
544 1168 633 1195 locum
655 1166 816 1200 relmqucre.
838 1161 906 1196 Quid

123 1222 168 1248 ita?
180 1222 265 1249 Primo
275 1219 385 1248 duobus
398 1217 450 1244 illis
462 1214 634 1251 presbyteris,
647 1218 673 1239 et
683 1212 727 1240 uni
738 1211 851 1238 diacono
861 1216 906 1244 per

124 1272 214 1302 tempus
227 1265 338 1302 aliquod
356 1261 517 1290 manendum
545 1260 593 1287 fuit
612 1258 747 1289 Comanis,
761 1257 823 1284 dum
836 1255 906 1290 ju-sta

125 1319 186 1340 tanto
198 1313 265 1340 Patri
291 1311 475 1341 solverentur.
499 1307 561 1334 dum
577 1305 704 1333 solemnis
725 1303 769 1330 ille
789 1301 907 1328 onmium

124 1362 232 1388 ordinum
246 1358 376 1387 fortuitus
398 1358 546 1384 conventus
564 1353 751 1383 dimitteretur,
773 1349 906 1376 dum'ne-

124 1407 226 1435 cessaria
239 1402 412 1433 L'tntoitineri
425 1404 590 1436 pararentur.
607 1397 680 1432 Nego
691 1396 779 1430 itaque
791 1393 909 1429 potuisse

124 1461 161 1480 eos
173 1448 433 1484 Caristantinopoiim
452 1445 544 1473 venire
563 1448 625 1471 ante
644 1446 757 1470 mortem
771 1440 908 1468 Eudoxize.

125 1497 178 1524 Nam
189 1506 218 1525 cn
232 1498 356 1533 primum
379 1491 491 1530 proiecti
507 1494 577 1522 sunt,
601 1497 645 1523 per
659 1495 749 1515 novam
764 1486 871 1513 Romam
883 1485 909 1511 in

125 1551 226 1576 ueterem,
240 1543 333 1577 inquit
347 1542 507 1574 Anonylnus
521 1541 548 1564 et
557 1533 734 1570 Nieepborus,
750 1533 853 1560 etsitus
868 1539 910 1558 re-

125 1591 219 1624 pitinum
240 1588 350 1616 suadet.
374 1585 440 1614 Nam
462 1584 566 1611 Cucuso
585 1577 841 1613 Constantinopolim
861 1577 911 1604 iter

126 1642 160 1662 est
172 1637 308 1662 zodierutu
317 1632 535 1668 (Chrysostomus
543 1626 664 1662 epistolis
676 1625 708 1652 ad
723 1624 876 1651 Simeonem
885 1625 911 1648 et

127 1681 281 1715 llrisonem),
302 1685 389 1712 neque
401 1676 453 1703 dici
470 1674 566 1710 poterit
581 1672 689 1707 propius
701 1669 794 1697 abesse
807 1668 912 1696 Cncuso

129 1726 245 1758 Coniana,
257 1732 322 1752 curn
336 1722 401 1750 satis
417 1724 522 1748 constet
532 1718 661 1746 Joannem
676 1722 782 1750 semper
797 1714 829 1741 ad
843 1713 912 1740 ulte-

129 1774 190 1800 riora
204 1774 377 1808 deportatum
393 1768 473 1796 fuisse
486 1765 590 1794 exsilia.
609 1763 668 1790 iam
682 1759 913 1794 Constantinopoli

130 1805 345 1854 proﬁciscendum
362 1814 409 1842 fuit
424 1814 550 1843 Romam;
567 1809 731 1845 querimonia
745 1806 813 1842 apud
825 1805 913 1840 ponti-

132 1864 198 1891 ﬁcem
207 1862 368 1899 deponenda
379 1870 386 1894 ;
398 1857 598 1888 conveniendus
609 1854 763 1883 innocentio
773 1851 913 1883 lionorius,

131 1914 168 1947 qui
181 1913 260 1939 Roma
271 1911 328 1938 fere
336 1909 444 1939 aberat;
457 1904 597 1934 curanda:
607 1908 633 1930 et
643 1900 778 1929 mittendae
789 1899 916 1925 Constan-

134 1959 262 1994 tinopolim
275 1957 346 1985 binae
359 1955 411 1982 illa:
425 1953 509 1980 litera:
519 1971 527 1984 ,
545 1958 592 1977 vos:
605 1947 747 1983 sanguinis,
764 1950 801 1977 et,
818 1944 915 1975 nescio;

134 2009 169 2030 tot
178 1990 247 2039 prius
260 1997 492 2033 Constantinopoli
503 1993 666 2024 conficienda
678 1991 801 2023 Arcadio,
813 1990 918 2016 mitten-

135 2036 291 2078 dae-Arcadii
309 2049 406 2078 litem,
428 2052 511 2072 omnes
534 2042 656 2073 homines,
673 2044 700 2067 et
724 2038 850 2066 Eudoxire
865 2036 918 2063 Ro-

136 2107 209 2130 mam,
224 2099 310 2125 litera:
328 2101 405 2122 novae
421 2093 510 2120 Romze
527 2088 668 2117 exoranda:
693 2085 796 2116 Proclo,
813 2090 839 2111 et
856 2083 918 2109 mit-

138 2145 216 2172 tenda:
238 2143 381 2179 Cyzicum;
397 2140 454 2166 alia;
469 2138 576 2171 insuper
589 2134 718 2166 Arcadio,
734 2137 817 2158 ratum
832 2128 918 2160 habui,

140 2196 184 2218 etc.
200 2190 324 2218 Procium
339 2186 454 2220 denique
464 2183 568 2211 venisse
582 2180 679 2216 Cyzico
694 2177 820 2213 oportuit,
833 2181 859 2203 et
875 2175 922 2202 im-

140 2241 268 2270 peratores
283 2233 316 2261 ad
330 2231 543 2260 communionem
557 2226 678 2260 recipere
697 2225 771 2251 vivos
787 2229 814 2249 et
832 2221 923 2248 valen—

143 2287 191 2308 tes:
205 2282 299 2316 quibus
315 2277 429 2313 negotiis
440 2272 613 2310 expediendis
628 2279 680 2298 non
694 2270 810 2304 quinque
825 2271 869 2294 ant
881 2274 924 2293 sc-

143 2333 208 2360 ptcm
222 2332 338 2356 menses,
352 2322 448 2350 nedum
467 2325 531 2352 tres,
546 2317 594 2345 sed
606 2317 650 2344 vix
671 2316 802 2349 integrum
817 2312 923 2347 quidem

144 2372 269 2400 sufﬁceret
282 2370 428 2399 biennium.
440 2369 524 2402 Atque
538 2371 567 2392 ut
581 2363 767 2397 intelligamus,
781 2368 859 2395 quam
875 2363 926 2386 tar-

145 2419 175 2446 da
187 2420 236 2446 sint
246 2416 398 2446 Occidentis
408 2414 520 2445 auxilia;
537 2412 629 2447 prima:
638 2414 696 2444 post
705 2408 828 2435 exsilium
841 2411 927 2441 postc-

147 2466 198 2492 rius
210 2465 314 2493 Joannis
325 2464 412 2490 litera:
426 2460 546 2492 Honorii,
558 2456 628 2493 apud
644 2455 790 2483 Palladium
805 2458 831 2481 ct
845 2452 928 2480 Geor-

148 2512 225 2544 gium,
242 2519 294 2538 non
316 2512 382 2536 sunt
400 2507 505 2541 perlata:
522 2500 788 2535 Constantinopolim,
805 2499 854 2526 nisi
870 2502 929 2532 post

152 2558 290 2588 biennium;
303 2556 326 2583 si
340 2553 446 2590 quidem
462 2551 572 2584 Atticus,
587 2554 615 2576 ut
634 2553 674 2576 est
688 2547 757 2582 apud
772 2544 928 2577 Palladium,

155 2608 215 2629 tunc
226 2603 300 2631 fuerit
310 2601 463 2636 episcopus,
477 2605 537 2624 cum
548 2595 626 2631 legati
641 2593 806 2629 appellerent
817 2592 928 2625 Atbyra.

158 2647 212 2674 imo
231 2648 263 2676 illi
287 2648 338 2682 ipsi
363 2644 487 2679 episcopi,
500 2641 665 2670 Gaudentius
683 2644 710 2667 et
726 2638 860 2670 Aimilius,
875 2637 929 2664 Ro-

160 2702 237 2721 ntanm
254 2693 324 2721 sedis
337 2691 434 2723 vicarii,
449 2689 553 2717 nonnisi
574 2695 620 2714 sex
641 2685 778 2713 mensibus
797 2683 862 2710 illud
882 2684 932 2710 iter

161 2740 237 2767 semel
250 2739 429 2768 confecerunt,
445 2740 510 2763 teste
525 2735 624 2764 Leone,
641 2731 719 2758 velut
732 2730 788 2762 alii,
804 2733 931 2764 quatuor:

165 2785 228 2818 quod
239 2786 279 2813 hic
293 2784 430 2812 minimum
443 2782 483 2808 bis
497 2782 593 2808 factum
609 2777 735 2812 oportuit,
755 2780 850 2810 praeter
869 2779 934 2801 tctu-

167 2838 215 2864 pus
228 2831 297 2860 illud.
316 2827 386 2864 quod
399 2827 484 2854 itineri
497 2824 620 2853 Cumanis
638 2820 893 2854 Constantinopolim
909 2823 936 2846 et

170 2875 257 2907 Cyltco
270 2872 517 2907 Constantinopolim
534 2869 698 2898 tribuendum
715 2872 763 2895 est.
779 2865 843 2893 Nam
865 2865 934 2900 quod

553 140 596 168 9E
616 135 860 167 SCRIPTOiliBL‘S
878 135 998 164 RERUM
1019 135 1264 164 CiiRYSOSTOlii.

1638 145 1739 166 XX‘(\'|H

951 195 988 221 ait
1000 196 1164 231 Anonymt:s,
1185 195 1281 222 det-ima
1294 195 1333 222 die
1346 196 1380 222 tul
1395 195 1635 231 Constantinopolim
1655 203 1750 232 ptrue-1

951 248 1041 269 nerunt
1051 243 1134 278 (puta,
1147 243 1273 270 Romame
1283 242 1354 270 sedis
1362 243 1459 275 vicarii,
1468 242 1643 276 Gaudentius,
1655 243 1741 271 Emi-

951 288 1012 321 iius,
1029 289 1104 322 etc.),
1120 293 1184 323 puto
1198 293 1314 316 erratum
1328 295 1388 315 esse
1402 287 1428 314 in
1443 295 1564 321 numero,
1584 296 1670 324 neque
1686 290 1739 316 ulla

952 334 1031 361 modo
1043 334 1248 367 admittendum,
1265 334 1347 368 utqui
1361 338 1475 368 quatuor
1490 341 1597 361 menses
1612 335 1637 362 in
1652 336 1737 362 reditu

951 381 1174 414 consumpserint,
1183 380 1250 406 intra
1260 379 1352 407 decent
1361 379 1418 407 dies
1437 387 1470 407 eo
1480 381 1738 416 appulerint.Quare,

952 430 982 451 ut
1001 425 1064 452 nihil
1080 424 1149 452 aliud
1169 425 1220 457 sit,
1243 425 1297 459 ipsa
1319 429 1406 452 tamen
1427 429 1578 460 temporum
1602 427 1670 454 ratio
1690 427 1739 456 hoc

953 470 1118 497 mendacium
1139 475 1230 505 aperte
1252 469 1359 497 refellit.
1380 470 1437 498 iittc
1459 471 1570 504 accedit,
1594 472 1664 506 quod
1687 481 1739 501 nvu

951 517 1017 544 alios
1031 516 1144 544 habeant
1158 521 1305 544 assertores
1326 517 1445 551 epistolae
1465 517 1526 550 ilhc,
1545 525 1623 552 quam
1644 525 1739 546 recen-

954 562 1048 593 tiores,
1072 570 1158 596 neque
1171 569 1219 590 eos
1238 570 1348 590 omnes:
1363 570 1424 589 nam
1438 563 1510 598 apud
1524 563 1657 597 Photium,
1671 564 1741 591 Leo-

952 615 1023 639 nem,
1039 607 1179 640 Zonaram,
1195 607 1388 642 Mctaphrasten
1403 608 1484 635 altum
1498 608 1532 635 de
1549 608 1581 636 iis
1596 609 1740 641 silentiumr,

955 662 1040 689 neque
1053 654 1146 682 eodem
1162 655 1230 689 apud
1245 662 1290 682 eos
1304 654 1392 687 modo,
1404 655 1450 682 sed
1468 655 1495 682 in
1506 663 1598 691 magna
1615 657 1743 683 varietate

953 705 978 728 ct
992 701 1178 728 inconstantia.
1192 701 1256 728 Nam
1269 701 1321 727 alio
1335 701 1414 728 modo
1424 701 1520 729 habent
1530 701 1668 737 Georgius,
1678 702 1742 738 Gly-

953 754 1008 780 cas,
1033 752 1059 774 ct
1080 746 1258 781 Nicephorus;
1274 747 1327 774 aiio
1343 748 1497 783 Anonymus
1517 752 1544 775 et
1565 748 1612 775 ius
1633 748 1742 776 σιτευο-

955 792 1113 824 Romanum,
1126 797 1153 819 ut
1166 800 1197 820 ex
1213 793 1410 827 comparatione
1423 792 1591 820 manifestum
1605 794 1665 821 erit.
1677 794 1743 821 Nam

954 838 1023 872 apud
1044 843 1158 871 veteres,
1174 838 1270 873 quibus
1285 847 1327 866 res
1341 846 1400 866 esse
1415 839 1505 866 debuit
1522 840 1669 873 notissima,
1686 840 1745 868 Pni-

955 883 1063 917 iadium,
1079 884 1122 919 qui
1139 884 1229 911 Roma:
1242 884 1285 911 diu
1300 884 1363 911 vixit
1377 885 1441 919 (ubi,
1454 885 1494 912 vel
1506 893 1520 911 a
1534 893 1573 918 se,
1585 885 1648 913 vela
1659 886 1746 913 Theo-

955 929 1022 957 doro
1038 930 1164 957 Romanm
1178 929 1303 957 Ερριρςὶω
1316 929 1439 963 diacono,
1452 930 1508 958 inec
1521 931 1608 958 omnia
1623 930 1746 958 facillime

957 979 1060 1010 poterat
1080 975 1245 1009 resciscere),
1269 975 1457 1008 Sozomenum,
1477 975 1521 1010 qui
1543 976 1632 1003 literas
1654 984 1746 1003 omnes

957 1021 1098 1056 diligenter
1114 1026 1245 1048 scrutatus
1257 1021 1371 1053 videtur,
1388 1026 1552 1056 cmtcrosqne
1563 1022 1676 1049 ﬁdenter
1688 1023 1747 1050 dico

958 1067 1058 1094 nuiium
1071 1075 1130 1094 esse
1141 1068 1250 1094 istarum
1263 1068 1398 1095 literarum
1412 1068 1561 1102 vestigium,
1578 1069 1676 1096 nullam
1691 1077 1748 1096 um-

958 1114 1042 1141 bram.
1059 1113 1149 1148 Neque
1165 1121 1208 1140 res
1230 1118 1287 1141 erat
1305 1121 1384 1149 parva
1404 1118 1447 1140 aut
1461 1115 1665 1147 contemnenda,
1688 1122 1747 1150 qua!

956 1157 1048 1185 debuit
1063 1159 1101 1186 vel
1116 1159 1198 1193 potuit
1213 1159 1309 1191 omitti,
1324 1158 1498 1193 Imperatores
1519 1158 1633 1186 Orientis
1647 1167 1662 1186 a
1676 1159 1746 1186 Pon—

960 1205 1029 1231 trtice
1041 1204 1160 1231 Romano
1175 1204 1430 1237 excommunicatos,
1444 1204 1589 1236 absolutos,
1607 1210 1671 1238 etc.,
1687 1213 1747 1232 eum

961 1250 998 1276 rei
1015 1250 1097 1276 multo
1116 1250 1236 1282 minoris,
1258 1250 1398 1277 Theodosii
1422 1251 1560 1284 prmsentis
1582 1258 1596 1277 a
1620 1256 1751 1286 prasscnto

961 1295 1102 1322 Ambrosio
1117 1296 1229 1323 ecclesia
1245 1303 1291 1322 sua
1308 1295 1432 1330 prohibiti
1446 1295 1530 1330 plentn
1545 1296 1597 1323 sint
1608 1303 1701 1324 omnes
1712 1296 1752 1324 iti~

961 1341 1060 1369 storiaz.
1077 1341 1186 1368 Accedit
1199 1342 1308 1375 insuper
1321 1341 1354 1368 ad
1373 1341 1465 1368 barum
1481 1341 1651 1376 epistularum
1673 1343 1750 1370 [idem

960 1387 1126 1420 elevandum,
1139 1387 1209 1422 quod
1219 1387 1311 1415 Grazee
1326 1392 1427 1414 tantum
1441 1387 1546 1422 scriptae
1561 1387 1710 1421 videantur,
1724 1394 1750 1415 ct

960 1438 1034 1461 ecrte
1053 1433 1191 1460 character
1210 1433 1266 1468 ipse
1287 1433 1434 1460 ercuium
1450 1433 1564 1468 aliquem
1579 1434 1752 1461 semidoctum

962 1487 1015 1507 non
1038 1479 1150 1507 obscure
1171 1479 1250 1513 sapit,
1274 1487 1334 1506 cum
1357 1478 1526 1506 innocentius
1545 1480 1671 1514 epistolas
1691 1487 1753 1507 snas

962 1526 1042 1553 etiam
1054 1526 1079 1553 in
1096 1525 1230 1553 Orientem
1247 1525 1342 1552 missas
1354 1525 1452 1552 soleret
1466 1526 1569 1552 nonnisi
1585 1525 1678 1553 Latine
1689 1534 1754 1553 exa-

963 1579 1033 1604 rare,
1046 1575 1073 1597 ut
1084 1575 1187 1598 constat
1198 1578 1212 1598 e
1224 1570 1364 1598 Sozomeni
1378 1570 1444 1597 libro
1455 1573 1558 1597 octavo.
1571 1569 1628 1597 Jam
1639 1575 1665 1597 et
1679 1569 1752 1602 illud,

964 1622 991 1644 nt
1001 1621 1072 1652 puto,
1082 1615 1187 1647 falsum,
1199 1615 1232 1643 de
1242 1615 1367 1649 adempto
1376 1615 1463 1642 Attica
1475 1615 1639 1649 episcnpatn,
1647 1619 1673 1642 et
1682 1622 1755 1642 corn-

965 1664 1043 1691 missa
1061 1662 1154 1690 Proclo
1178 1661 1417 1694 administratione,
1433 1668 1493 1688 cum
1515 1664 1542 1688 et
1561 1667 1646 1688 annos
1663 1661 1754 1695 viginti

965 1711 1081 1738 tenuisse
1097 1709 1276 1744 episcopatum
1300 1712 1405 1735 constet
1424 1707 1552 1739 Atticum,
1575 1714 1689 1740 cumque
1710 1714 1757 1741 pcr-

966 1763 1061 1784 manus
1076 1755 1203 1787 Sisinnio,
1218 1754 1350 1785 Nestorio,
1367 1753 1553 1780 ltiaximiniano
1568 1753 1717 1784 tradidisse,
1729 1759 1757 1779 ut

967 1801 1072 1829 nonnisi
1087 1805 1162 1828 sexto
1183 1803 1242 1834 post
1257 1799 1385 1826 Joannem
1399 1799 1458 1825 loco
1479 1798 1588 1826 Procius
1607 1797 1634 1825 in
1648 1805 1680 1825 ea
1693 1797 1757 1825 sede

967 1847 1135 1875 successerit.
1152 1846 1210 1880 Ego
1224 1845 1285 1880 quid
1306 1845 1331 1871 in
1346 1845 1395 1871 hac
1408 1852 1437 1871 re
1451 1843 1514 1870 mitti
1529 1843 1664 1878 probabile
1685 1843 1759 1870 video

968 1895 1055 1926 batur,
1073 1893 1154 1920 libere
1167 1891 1220 1919 dixi
1235 1891 1369 1926 :judicent
1382 1890 1462 1917 docti.

1008 1949 1017 1965 ι
1037 1939 1106 1967 inter
1118 1946 1214 1965 errores
1229 1937 1359 1963 historicos
1371 1936 1475 1970 Georgii
1491 1937 1570 1962 etiam
1586 1934 1648 1961 illud
1664 1942 1758 1962 nume-

970 1994 1010 2018 το,
1028 1984 1097 2020 quod
1113 1988 1224 2010 mortem
1239 1982 1384 2009 innocentii
1408 1981 1522 2016 priorem
1539 1980 1626 2008 facere
1639 1979 1760 2007 videatur

971 2037 1057 2059 morte
1076 2029 1233 2064 Theophili:
1250 2029 1321 2063 quod
1343 2033 1433 2063 aperte
1456 2026 1550 2054 falsum
1568 2031 1618 2053 est.
1642 2026 1760 2053 Mortuus

972 2082 1012 2105 est
1027 2077 1097 2105 enim
1112 2074 1285 2110 Theophilus,
1300 2078 1366 2101 teste
1380 2073 1489 2100 Socrate
1506 2072 1552 2100 lib.
1565 2072 1591 2105 7,
1605 2079 1629 2098 ο.
1642 2071 1668 2103 7,
1685 2072 1759 2099 Coss.
1774 2101 1776 2105 ,

974 2124 1091 2152 lionorio
1101 2123 1116 2150 9
1130 2126 1157 2149 et
1170 2108 1320 2148 Theodosio
1333 2119 1360 2152 5,
1373 2118 1423 2146 hoc
1433 2123 1484 2151 est,
1499 2125 1570 2145 anno
1585 2117 1688 2145 Domini
1699 2118 1761 2144 ΜΞ.
1775 2108 1778 2134 λ

974 2170 1016 2197 dic
1028 2169 1063 2196 ‘23
1074 2167 1195 2196 Octobris
1212 2176 1218 2192 :
1238 2165 1418 2198 Innocentius,
1433 2168 1461 2191 ut
1476 2171 1508 2190 ex
1517 2161 1606 2193 Fastis
1614 2164 1763 2199 pontifieiis

976 2219 1057 2250 patet,
1069 2213 1173 2240 nonnisi
1187 2211 1249 2245 diti,
1264 2210 1305 2238 vel
1317 2210 1379 2238 415.
1395 2208 1470 2243 Quod
1482 2209 1503 2236 si
1514 2209 1557 2236 cui
1567 2207 1662 2234 mirum
1675 2206 1764 2233 videa-
1778 2224 1779 2230 η

977 2266 1028 2292 tur,
1041 2267 1100 2287 cum
1116 2257 1278 2292 Theophilus
1290 2255 1406 2291 quinque
1418 2261 1502 2281 annos
1516 2252 1611 2280 Joanni
1626 2252 1764 2286 supervix-

977 2307 1037 2338 erit,
1052 2304 1220 2332 innocontius
1234 2306 1304 2332 octo.
1320 2300 1382 2336 quid
1394 2300 1438 2333 sit,
1450 2299 1519 2334 quod
1530 2297 1671 2325 consilium
1687 2304 1768 2323 omne

977 2351 1104 2386 abiecerit
1117 2348 1284 2376 innocentius
1299 2346 1332 2373 de
1350 2344 1466 2380 cogenda
1480 2343 1582 2379 synodo
1594 2341 1769 2370 Thessaloni-

979 2405 1027 2430 etc,
1049 2396 1092 2424 cui
1106 2395 1236 2422 interesse
1251 2391 1426 2426 Theophilum
1443 2393 1513 2416 tanta
1528 2387 1669 2415 severitate
1687 2392 1715 2414 et
1736 2390 1772 2414 ri-

979 2452 1043 2479 gore
1053 2442 1172 2470 edixerat
1185 2444 1246 2466 ante
1259 2442 1371 2466 mortem
1388 2435 1420 2472 (si
1435 2435 1474 2462 fas
1489 2439 1531 2462 est
1547 2432 1669 2470 credere)
1686 2434 1770 2461 Area-

981 2490 1041 2517 dius
1061 2487 1170 2523 epistola
1190 2484 1259 2520 apud
1280 2483 1434 2518 Georgium,
1449 2481 1524 2516 cujus
1547 2480 1661 2513 initium,
1679 2479 1774 2506 Omnia

982 2538 1094 2567 climata,
1110 2541 1194 2567 netpre
1209 2532 1290 2559 ullum
1311 2531 1344 2558 de
1362 2537 1393 2557 eo
1415 2533 1505 2563 postea
1527 2528 1638 2555 verbum
1658 2526 1751 2553 fecerit
1769 2535 1773 2553 :

983 2582 1098 2610 iortasse
1112 2579 1137 2607 id
1152 2579 1248 2606 factum
1264 2581 1313 2608 est,
1326 2576 1386 2611 quia
1398 2574 1527 2602 Arcadius
1540 2573 1618 2608 paulo
1627 2576 1686 2607 post
1696 2571 1774 2600 Joan.

985 2636 1046 2656 nom
1060 2627 1222 2657 decesserat,
1238 2623 1312 2658 cujus
1325 2629 1407 2657 opera
1421 2624 1542 2654 etJussu,
1559 2618 1595 2646 uti
1607 2625 1636 2645 ea
1653 2616 1774 2644 terebant

986 2680 1115 2709 tempora,
1131 2676 1284 2706 cogeretur;
1300 2669 1341 2695 vel
1355 2666 1425 2702 quod
1440 2674 1470 2693 ea
1492 2665 1546 2692 sint
1564 2667 1706 2692 consecuta
1722 2662 1775 2688 rei-

987 2721 1097 2757 publicae
1114 2725 1242 2753 tempora,
1258 2715 1405 2751 prmsertim
1422 2713 1447 2740 itt
1461 2710 1614 2742 Occidente,
1632 2709 1715 2735 Roma
1728 2715 1775 2734 ca-

987 2774 1042 2804 pta,
1059 2767 1130 2794 italia
1151 2765 1264 2799 direpta,
1279 2761 1387 2789 vastatis
1401 2758 1555 2794 provinciis,
1574 2764 1632 2790 quae
1650 2753 1691 2781 rei
1710 2761 1776 2780 con-

989 2813 1144 2842 stantiSsimi
1158 2811 1205 2839 viri
1221 2814 1336 2837 mentem
1352 2811 1460 2836 nossent
1471 2813 1485 2833 a
1497 2804 1592 2832 mineri
1604 2810 1665 2830 cura
1679 2801 1711 2831 ad
1721 2808 1774 2828 ma-

990 2863 1074 2898 jorem
1090 2863 1188 2887 metum
1205 2855 1351 2885 traducere.
