2024 3106
239 140 319 162 XXXIX

279 192 420 226 Hucusque
432 191 466 220 de
479 191 604 228 Georgio.
621 192 649 220 ln
661 192 769 228 reliquis
781 200 827 220 ero
839 193 955 226 brevior,
969 193 1030 229 quia

242 238 367 273 pleraque
379 238 467 266 omnia
482 237 538 266 fere
551 238 649 266 habent
663 247 723 266 eum
737 239 851 275 Georgio
867 241 1030 275 communia,

241 291 329 318 neque
340 291 429 319 operm
439 285 553 319 pretium
564 285 644 312 fuerit
659 284 752 313 iisdem
766 285 873 320 ineptiis
885 285 1036 314 refutandis

239 328 283 357 bis
292 330 437 357 immorari.
452 330 506 358 Leo
516 330 677 358 breviarium
690 331 767 358 nobis
774 331 846 359 dedit
856 331 972 367 Georgii,
983 332 1032 359 nisi

245 375 311 410 quod
326 375 351 402 iu
365 375 418 402 illis
433 376 553 410 epistolis
564 375 707 412 Georgium
718 382 854 412 sequatur,
870 378 964 405 saltem
980 385 1033 405 non

241 420 388 452 abbreviet,
402 425 428 447 ut
443 429 527 456 neque
550 421 661 449 Photius
682 422 708 449 in
731 423 847 457 epitome
859 423 1032 459 Gregoriana,

242 466 309 494 Cod.
325 466 370 494 96.
385 467 472 494 Potuit
486 472 557 496 certe
567 468 626 496 sine
639 468 737 496 damno
749 470 834 497 omitti
848 479 855 498 :
869 471 1036 506 nequeenim

243 513 343 548 aliquid
354 513 468 549 Georgio
478 514 588 547 addidit,
602 520 700 550 praeter
709 516 963 545 aﬂ'eetatamalicubi
973 517 1034 553 styli

246 559 434 587 obscuritatem
446 569 454 587 :
465 560 515 587 nisi
529 561 599 596 quod
613 561 645 588 ad
659 563 787 596 reliquam
803 562 913 591 Joannis
925 563 1035 599 gloriam

247 604 312 632 inde
322 612 416 640 magna
428 606 562 633 videretur
572 606 639 633 facta
653 607 781 641 accessio,
794 608 863 642 quod
873 612 974 636 tantum
985 609 1037 636 lm-

249 656 398 685 peratorem
415 651 523 679 laudum
537 659 643 679 suarum
655 659 804 687 prmconem
819 654 949 682 invenerit
965 655 1038 682 Ano-

249 704 345 733 nymus
360 705 439 724 unum
453 702 498 725 aut
517 699 628 725 alterum
650 698 730 726 habet
744 707 861 727 errorem
878 701 1037 735 peculiarem

247 747 275 770 et
293 749 380 769 suum.
397 743 514 770 Primum
528 749 569 771 est
581 744 661 771 latutn
676 745 740 772 satis
753 749 781 772 et
794 753 912 773 crassum
930 747 1040 774 menda-

247 789 328 821 cium,
346 790 416 824 quod
431 790 569 818 Libanium
589 790 668 819 faciat
687 792 720 819 ad
740 792 872 820 Iulianum
883 793 937 828 jam
952 794 1040 829 Augu-

248 838 317 860 stum
331 835 474 868 dicentem,
490 836 623 864 neminem
636 837 740 864 illorum
757 846 911 873 magnorum
926 840 1041 873 philoso-

249 880 363 915 phorum
378 881 480 909 Joanne
490 883 654 917 superiorem
668 891 738 916 esse,
753 892 786 912 ne
800 892 923 920 magnum
935 886 1040 920 quidem

251 926 326 954 illum
341 931 368 955 et
381 927 499 955 divinum
512 927 659 963 Platonem,
678 937 726 956 nec
740 930 765 956 in
777 930 927 965 eloquentia
944 931 1041 959 Demo-

249 972 389 1006 sthenem;
402 973 473 1008 quod
487 978 516 1001 ut
528 982 620 1001 verum
637 979 728 1010 postea
741 975 822 1003 fuisse
836 976 938 1010 demus,
951 977 984 1005 ad
997 977 1044 1005 Ju-

250 1017 350 1045 lianum
364 1024 435 1046 certe
454 1019 505 1047 dici
519 1028 571 1047 tton
591 1021 685 1054 potuit,
701 1022 745 1056 qui
758 1027 877 1050 mortuus
888 1027 928 1051 est
941 1023 1044 1052 Joanne

251 1063 293 1090 vix
306 1071 336 1091 ac
349 1071 382 1091 ne
396 1065 438 1092 vix
451 1065 556 1100 quidem
569 1071 691 1094 octavum
705 1068 791 1095 aetatis
802 1075 900 1096 annum
912 1069 1042 1105 ingresso;

254 1113 280 1136 ut
291 1110 441 1138 exclamare
453 1111 542 1144 libeat,

374 1159 402 1181 Et
409 1157 467 1188 quid
479 1164 527 1182 non
535 1159 623 1184 Gracia
631 1160 733 1184 mendax

315 1197 392 1222 Audet
399 1198 424 1222 in
433 1198 584 1230 bistoria....,

256 1240 404 1273 prmsertim
422 1241 470 1267 ista
480 1242 630 1269 recentior!
646 1242 712 1270 Huic
724 1243 811 1270 simile
821 1250 852 1271 ac
865 1251 932 1277 pene
944 1251 1048 1279 germa-

256 1292 318 1312 num
330 1289 381 1317 est,
396 1284 552 1321 Gregorium
566 1287 770 1322 Nazianzenum,
786 1296 824 1316 sc.
836 1289 899 1316 dum
910 1290 997 1318 adhuc
1006 1298 1049 1318 es-

255 1334 296 1357 set
309 1329 460 1359 Patriarcha
471 1331 502 1359 ϐ.
517 1332 558 1366 P.,
573 1340 633 1360 cum
645 1333 795 1361 Theodosio
808 1334 901 1370 Magno
911 1342 1048 1365 sermones

259 1383 351 1404 serere
365 1377 398 1404 de
410 1377 519 1406 Joannis
534 1379 698 1407 orationibus
710 1379 878 1413 Statuarum;
892 1389 952 1409 cum
967 1384 1049 1410 notis-

257 1422 353 1449 simum
369 1423 414 1456 sit,
431 1423 589 1459 Gregorium
603 1425 724 1454 abdicato
738 1426 901 1461 episcopatu,
917 1432 944 1455 et
957 1428 1048 1456 relicta

257 1467 497 1505 Constantinopoli,
512 1470 538 1498 in
548 1471 740 1507 Cappadociam
754 1473 927 1508 concessisse,
940 1474 997 1509 ipso
1005 1482 1049 1502 se-

258 1515 352 1543 cunda;
374 1516 470 1551 synodi
493 1521 623 1553 tempore,
639 1526 709 1547 anno
731 1519 834 1547 Domini
856 1520 916 1553 581.
943 1521 1050 1550 vixdum

257 1560 372 1590 diacono
383 1562 496 1598 Joanne.
512 1569 539 1593 et
549 1572 634 1594 annos
648 1566 787 1595 minimum
801 1572 901 1600 septem
915 1572 977 1595 ante
986 1571 1052 1596 temo

837 136 1005 164 MARTYRII
1023 135 1240 165 ANTIOCHENI.
1837 143 1867 164 κι

1084 199 1133 226 pus
1145 198 1300 218 eversarum
1315 195 1472 219 statuarum.
1488 192 1529 220 Ad
1548 192 1674 221 miracula
1690 193 1758 228 quod
1773 197 1870 228 spectat

1084 237 1147 264 licet
1158 244 1248 264 eorunt
1264 236 1417 272 diligentem
1431 237 1614 266 collectiOnem
1635 238 1728 266 iecisse
1746 239 1868 273 Georgius

1086 286 1178 318 posset
1192 281 1285 315 videri,
1303 284 1367 310 satis
1381 288 1468 310 tamen
1485 284 1601 317 amplum
1616 284 1722 319 reliquit
1736 285 1870 318 Anonymo

1085 328 1260 364 spicilegium.
1276 328 1349 356 Visio
1364 328 1493 363 Gregorio
1506 329 1642 365 ’l'heulogo
1657 330 1724 357 facta
1742 330 1775 357 de
1794 329 1872 358 Joan-

1086 382 1120 402 ne
1134 382 1193 409 cap.
1209 375 1258 405 57;
1269 374 1303 401 de
1314 374 1344 402 S.
1360 374 1442 402 Paulo
1455 374 1563 402 Joannis
1577 376 1754 410 expositiones
1765 377 1808 402 lub
1823 376 1873 410 for-

1087 428 1129 447 ma
1144 428 1265 455 corporea
1278 419 1452 447 confit-mante
1463 428 1522 454 cap.
1537 420 1585 451 59;
1600 421 1668 456 quod
1685 421 1798 448 Joannes
1814 419 1875 448 Pro-

1087 465 1130 493 clo
1140 466 1335 493 successionem
1347 466 1372 492 in
1384 465 1446 493 sede
1458 465 1487 493 C.
1500 467 1530 493 Ρ.
1543 466 1728 501 prwdicitcap.
1741 465 1877 499 60:10am

1089 510 1131 537 nis
1157 510 1309 545 i'requentes
1330 513 1443 538 ὀπτασίαι
1467 510 1536 538 inter
1563 512 1673 546 synaxin
1694 511 1876 539 celebrandam

1089 562 1148 590 cap.
1165 555 1209 588 72,
1230 555 1273 588 75,
1298 556 1347 587 74;
1363 556 1494 591 apparitio
1515 556 1638 589 Audrere,
1661 556 1790 593 Stacltyos
1809 561 1835 584 et
1849 556 1877 584 Β.

1090 602 1206 637 Virginis
1219 609 1278 636 cap.
1293 602 1344 633 79;
1356 602 1492 636 przcdictio
1507 602 1574 629 facta
1587 602 1682 630 Nicaea:
1701 603 1735 631 de
1756 603 1878 630 Mauricio

1092 649 1254 684 lmperatore
1262 656 1320 683 cap.
1332 649 1396 680 107;
1407 649 1521 676 visiones
1531 650 1610 677 Marci
1619 656 1645 677 et
1652 650 1744 685 Cyr-illi
1752 659 1810 686 cap.
1823 650 1878 683 19.8,

1095 695 1163 727 H9;
1181 700 1280 722 tremor
1302 695 1415 729 sepulcri
1441 695 1567 722 Eudoxio:
1587 703 1645 730 cap.
1669 696 1732 728 152,
1755 700 1781 724 et
1795 696 1882 723 nescio

1094 748 1153 775 qua!
1167 740 1235 767 facta
1251 740 1377 767 miracula
1388 740 1413 766 in
1428 741 1593 767 translatione
1607 741 1782 776 reliquiarum,
1795 750 1853 776 qua:
1867 749 1880 768 a

1094 786 1227 814 Vestitore
1238 791 1371 813 mutuattts
1381 791 1437 814 est:
1451 786 1508 814 haec
1522 787 1619 819 omnia,
1632 788 1751 822 inquam,
1767 789 1882 823 ejusdem

1095 834 1198 862 ordinis
1214 834 1317 869 locique
1332 839 1393 862 sunt
1408 842 1467 862 cum
1484 835 1537 862 illis
1549 836 1608 862 aliis
1621 835 1790 871 Georginnis.
1810 833 1884 868 Quod

1095 881 1118 908 si
1134 881 1197 908 illttd
1212 882 1309 916 Ephori
1330 881 1398 915 apud
1412 881 1570 909 Strabonem
1584 881 1619 909 de
1637 883 1748 909 oraculo
1762 881 1886 914 Delphico

1097 927 1238 962 scripturi:
1251 927 1370 962 ineptum
1384 934 1443 954 esse
1455 927 1488 954 de
1501 928 1608 955 oraculo
1618 929 1737 955 omnium
1749 927 1886 955 verissimo

1097 978 1228 1006 acturum,
1249 973 1358 1001 incertis
1375 974 1526 1001 rumoribus
1541 979 1567 1002 et
1586 975 1783 1002 narrationibus
1802 974 1888 1001 minus

1098 1019 1279 1054 probabilibus
1294 1019 1493 1054 indulgere:si,
1515 1020 1632 1055 inquam,
1650 1020 1700 1047 hoc
1723 1021 1757 1048 iis
1776 1019 1889 1047 venisset

1099 1065 1126 1092 in
1141 1069 1267 1095 mentem,
1281 1065 1327 1099 qui
1347 1072 1390 1092 res
1405 1065 1450 1092 Dei
1470 1069 1497 1092 et
1517 1065 1641 1092 Ecclesia:
1654 1065 1803 1100 posteritati
1817 1067 1890 1092 erant

1101 1110 1298 1143 transmissuri;
1315 1118 1367 1137 non
1392 1110 1462 1137 ltanc
1484 1115 1634 1145 corruptam
1658 1115 1890 1138 monumentorum

1101 1157 1180 1185 tidem
1197 1157 1325 1184 immensa
1339 1157 1453 1192 ﬁngendi
1475 1156 1582 1184 libidine
1598 1157 1693 1183 merito
1707 1163 1891 1192 quercrctnur.

1099 1202 1150 1231 Sed
1165 1203 1259 1230 desino
1269 1203 1368 1230 inutiiis
1381 1202 1506 1237 querela},
1515 1202 1582 1230 etad
1596 1202 1797 1237 Metaphrastcn
1808 1208 1895 1230 trans-

1100 1255 1150 1280 eo,
1165 1247 1198 1275 ad
1208 1256 1288 1284 quem
1299 1248 1446 1285 quidquam
1475 1253 1567 1276 notare
1586 1256 1640 1276 non
1661 1256 1729 1283 opus
1757 1253 1807 1276 est.
1829 1245 1894 1275 Nihil

1103 1292 1174 1320 enim
1189 1292 1280 1326 habet,
1296 1293 1365 1328 quod
1386 1301 1438 1321 non
1460 1298 1506 1321 aut
1524 1294 1593 1329 apud
1607 1293 1754 1329 Georgium
1770 1294 1892 1329 reperies.

1103 1343 1148 1366 aut
1162 1339 1232 1374 apud
1242 1339 1422 1374 Anonymum,
1435 1347 1514 1375 quem
1528 1339 1584 1368 fere
1598 1341 1732 1375 exprimit.
1753 1341 1895 1376 Anonymo

1103 1385 1174 1412 enim
1196 1392 1256 1412 cum
1281 1385 1459 1420 Metaphraste
1482 1393 1575 1413 sensus
1597 1386 1653 1413 fere
1674 1393 1791 1420 semper,
1815 1385 1894 1413 verba

1104 1430 1183 1458 etiam
1198 1431 1352 1466 plerumque
1366 1436 1428 1459 sunt
1442 1431 1601 1458 communia.
1617 1432 1703 1466 Atque
1714 1431 1773 1458 luce
1785 1439 1818 1459 ex
1831 1430 1896 1458 ιιιυί-

1106 1477 1139 1504 tis
1147 1476 1275 1504 adnotare
1281 1478 1367 1505 visum
1379 1482 1418 1504 est
1429 1477 1462 1504 ad
1473 1481 1594 1504 auctores
1602 1484 1689 1505 rerum
1701 1476 1896 1513 Chrysostomi:

1104 1529 1163 1557 qum
1175 1522 1323 1556 doctorum,
1336 1527 1365 1551 ut
1375 1522 1555 1558 dixi,judicio,
1569 1527 1598 1551 ut
1608 1530 1666 1551 mea
1680 1530 1788 1558 quoque
1795 1523 1897 1554 omnia.

1107 1569 1259 1602 permitto.»
