2024 3106
136 127 179 148 xu
678 117 722 145 DE
741 117 770 146 S.
789 115 925 145 JOANNE
944 114 1211 145 CHRYSOSTOMO.

1714 122 1771 145 ιω

138 192 1762 216 W

525 284 887 344 MARTYRII
935 281 1388 343 ANTIOCHENI

262 431 702 480 PANEGYRICUM
739 432 787 478 S.
825 432 1084 479 JOANNIS
1120 429 1545 477 CHRYSOSTOMI
1582 420 1643 475 (⁸).

183 710 255 738 Inter
271 708 357 736 varios
380 708 466 735 sancti
480 706 592 734 Joannis
605 706 780 742 Chrysostomi
791 707 851 734 vitta
872 707 939 733 scri-

148 760 233 791 ptores
251 754 360 790 quidam
383 757 420 780 est
454 752 560 781 Grcccus
587 753 739 788 Anonymus
760 761 776 779 a
791 751 890 779 Savilio
912 751 939 778 in

150 806 239 829 octavo
253 799 374 828 editionis
389 807 444 826 sua:
459 804 528 825 tomo
548 798 680 834 vulgatus,
693 807 768 834 quem
789 802 877 824 tamen
892 805 940 832 po-

152 853 260 875 stremus
268 845 445 881 Chrysostomi
459 845 542 872 editor
556 845 777 880 Montfauconius.
789 851 940 878 quanquam

151 893 216 928 ctylo
233 900 283 919 non
294 893 469 924 invenustum,
488 891 610 917 recudere
625 890 790 921 noluit.quia
808 889 872 915 nihil
888 889 942 923 fere

153 940 184 966 ab
202 947 231 966 eo
247 939 282 965 ad
306 938 435 973 majorem
456 937 606 972 argumenti
627 937 750 963 notitiam
766 935 879 970 conferri
894 943 943 968 pu-

153 986 226 1012 tavit.
240 986 363 1011 Attamen
380 984 428 1010 hoc
440 991 534 1010 novum
550 990 631 1018 neque
642 982 704 1009 levis
718 982 841 1008 momenti
858 981 884 1007 in
898 980 943 1006 illo

153 1035 218 1063 erat,
235 1034 342 1057 notante
364 1030 446 1058 etiam
464 1029 669 1064 Montfauconio,
692 1030 760 1063 quod
777 1028 882 1054 nomina
899 1035 943 1053 xu

154 1082 289 1104 auctorum
305 1075 443 1107 recitabat,
460 1083 476 1101 a
497 1075 589 1110 quibus
611 1082 651 1101 res
673 1078 751 1109 gestte
770 1073 944 1108 Chrysostomi

153 1122 339 1150 commendata:
360 1121 455 1147 litteris
477 1120 600 1156 fuerunt,
617 1125 696 1155 alque
710 1119 754 1145 hos
768 1119 835 1145 inter
854 1118 944 1145 Antio-

154 1168 261 1195 chenum
276 1167 458 1202 patriarcham
483 1166 640 1200 Martyrium
665 1165 799 1199 ponebat;
819 1165 853 1191 ad
869 1172 945 1199 quem

154 1214 281 1249 Anonymi
310 1213 395 1240 locum
419 1212 590 1239 Bollandiani
619 1212 678 1247 (die
708 1211 740 1238 M
768 1209 944 1245 Septembris.

154 1264 174 1286 ι.
198 1259 242 1292 ιγ,
262 1267 288 1294 p.
305 1259 367 1290 406,
385 1258 434 1286 col.
454 1258 480 1294 2)
497 1258 535 1285 sic
557 1261 768 1284 commentantur
786 1264 794 1283 :
819 1266 827 1281 ι
845 1255 946 1282 Flor-uit

154 1302 297 1337 Martyrius
309 1302 406 1329 swculo
420 1310 445 1334 ν,
461 1306 486 1329 et
508 1306 693 1336 consequenter
707 1301 771 1328 satis
785 1301 946 1335 propinquus

155 1350 210 1372 erat
231 1346 390 1380 temporibus
411 1345 584 1380 Chrysostomi
612 1345 646 1372 ad
673 1350 745 1380 gesta
775 1345 856 1378 ipsius
879 1347 945 1370 recte

156 1390 305 1415 enarranda
316 1397 325 1420 ;
338 1389 383 1415 sed
400 1388 465 1415 nihil
479 1389 635 1424 scriptorum
651 1389 707 1421 ejus
721 1388 845 1413 innotuit.
864 1397 872 1412 ι
892 1385 946 1422 Ego

155 1442 215 1462 vero
229 1435 401 1461 memineram
422 1443 462 1461 me
481 1439 543 1461 ante
557 1433 702 1467 complures
724 1441 807 1459 annos
822 1433 907 1458 videri-
920 1433 947 1458 in

157 1479 249 1508 Leanis
272 1480 364 1507 Allatii
385 1480 483 1507 schedis
502 1479 690 1507 Vallicellianis
718 1480 844 1514 scriptum
874 1479 948 1506 breve

158 1526 278 1562 Hartyrii
291 1527 329 1554 De
338 1526 398 1554 Vita
411 1526 596 1562 Chrysostomi
612 1535 619 1553 :
634 1534 703 1553 nunc
717 1531 817 1554 autem.
830 1534 861 1553 ne
875 1526 949 1553 rivu—

159 1572 213 1599 lum
236 1573 330 1599 omisso
353 1573 425 1607 fonte
443 1576 622 1603 consectarer,
643 1571 756 1598 codicem
776 1571 839 1598 mihi
860 1575 950 1597 notum

163 1617 315 1645 Vaticanum
331 1618 433 1652 inspexi
447 1617 526 1652 (unde
537 1616 652 1644 Allatius
663 1624 763 1651 quoque
778 1621 806 1642 ut
824 1621 886 1650 puto
903 1624 950 1643 e1:-

161 1665 279 1700 scripsit)
292 1665 442 1700 antiquum,
458 1663 612 1696 miscellam,
628 1663 671 1690 ubi
690 1664 759 1689 inter
777 1667 871 1690 cetera
884 1663 952 1689 hanc

161 1709 280 1745 Martyrii
297 1710 441 1745 pretiosam
461 1708 622 1745 gemmulam
639 1708 723 1742 reperi
744 1715 803 1734 cum
824 1715 853 1734 eo
876 1706 952 1733 titulo

162 1764 235 1791 quem
255 1757 283 1783 in
298 1756 384 1791 fronte
397 1755 519 1782 editionis
542 1755 632 1781 recito.
653 1753 708 1781 Hoc
728 1762 774 1789 ego
795 1754 849 1780 viso
865 1752 950 1785 titulo,

162 1803 249 1828 statim
264 1802 368 1837 agnovi,
384 1810 437 1828 non
449 1801 586 1828 historiam
599 1801 703 1836 proprie
711 1809 756 1827 seu
771 1800 953 1836 biographiam

164 1846 346 1882 Chrysostomi,
361 1847 405 1874 sed
427 1847 614 1882 panegyricum
633 1855 649 1873 a
665 1845 793 1881 Martyrio
815 1846 951 1880 scriptum,

165 1894 230 1928 quod
243 1902 315 1929 teque
341 1893 461 1920 nonnulli
488 1894 536 1920 alii
562 1894 678 1929 fecerunt
695 1893 728 1920 ab
755 1893 801 1919 illo
820 1893 954 1927 Anonymo

167 1940 310 1972 memorati,
328 1948 352 1966 υ.
370 1947 410 1974 yr.
434 1939 543 1966 Proclus
558 1943 582 1966 et
596 1938 675 1966 Joan.
697 1938 891 1969 Damascenus,
908 1938 953 1973 qui

167 1985 334 2016 orationibus,
353 1994 419 2019 quas
439 1993 493 2020 pra:
509 1985 629 2012 manibus
643 1985 777 2018 habemus,
793 1984 954 2019 Chrysosto-

167 2039 235 2057 mum
250 2032 454 2058 celebraverunt.
468 2031 644 2058 Nihilominus
659 2031 816 2057 auctoritate
830 2029 953 2064 Martyrii

168 2082 313 2111 permotus,
331 2078 376 2113 qui
398 2085 496 2104 coaevus
517 2077 700 2112 Chrysostomo
726 2077 785 2112 fuit,
810 2079 834 2102 et
858 2075 953 2102 codicis

170 2123 245 2150 etiam
270 2124 379 2150 raritati
396 2124 497 2155 timens,
514 2124 558 2159 qui
582 2132 641 2150 cum
664 2123 774 2158 fortasse
797 2122 830 2148 sit
852 2121 954 2153 unicus,

170 2175 288 2204 pereunte
300 2178 340 2201 eo,
350 2169 492 2204 Hartyn'us
501 2169 581 2196 simul
595 2169 701 2205 periret,
717 2167 789 2195 nolui
805 2168 868 2194 mihi
879 2175 956 2201 pror-

171 2223 210 2242 sus
225 2216 292 2243 elabi
305 2216 400 2243 edendi
416 2216 463 2242 hoc
478 2217 604 2251 scripturn
616 2215 798 2246 occasionem;
809 2213 856 2240 etsi
872 2219 899 2240 ut
914 2213 956 2239 di-

172 2261 203 2287 cit
214 2262 314 2292 titulus.
328 2267 408 2297 atque
422 2262 477 2297 ipse
491 2267 574 2289 textus
588 2262 760 2292 demonstrat,
776 2259 879 2286 nonnisi
893 2267 957 2293 pars

172 2313 297 2341 postrema
312 2309 475 2335 tauaationis
487 2312 534 2335 est.

205 2354 242 2381 Ad
255 2353 382 2392 Martyrii
404 2359 509 2381 atatem
527 2356 595 2390 quod
615 2353 719 2385 attinet,
735 2351 860 2379 Boschius
872 2351 955 2387 (Patr.

172 2399 294 2428 Antioch.
312 2408 339 2427 n.
354 2399 453 2436 XLIII)
474 2400 572 2436 aliique
588 2399 705 2426 historici
725 2399 823 2433 factum
841 2406 899 2424 eum
913 2405 959 2432 pa-

175 2446 312 2473 triarcham
327 2447 462 2473 observant
478 2446 547 2473 circa
561 2453 660 2472 annum
675 2444 736 2477 459,
752 2444 890 2471 decessisse
907 2452 958 2470 au-

176 2496 222 2519 tem
235 2501 305 2519 anno
312 2492 373 2519 471.
385 2491 454 2527 Ergo
462 2492 523 2527 quia
532 2491 729 2526 Chrysostomus
743 2490 816 2517 haud
831 2489 899 2516 ultra
910 2497 959 2516 an-

176 2544 234 2564 num
245 2538 295 2565 407
304 2538 386 2564 vitam
396 2537 528 2573 produxit,
537 2537 656 2572 sequitur
668 2540 696 2562 ut
707 2535 854 2570 Martyrius
867 2535 959 2562 adole-

177 2590 244 2610 scens
253 2583 396 2610 admodum
408 2583 586 2618 Chrysostomo
603 2582 711 2610 abeunte
726 2581 817 2617 fuerit.
832 2581 912 2615 Atqui
931 2582 959 2609 in

180 2629 328 2657 laudatione
343 2639 370 2657 n.
395 2631 412 2658 ι
437 2631 520 2658 adhuc
538 2630 729 2665 quodammodo
752 2628 895 2664 Martyrius
914 2629 961 2656 dte

181 2673 242 2700 bitat
256 2683 318 2702 num
346 2683 435 2710 reapse
454 2676 592 2703 exstinctus
618 2679 682 2702 esset
709 2674 961 2709 Chrysastomus,an

185 2715 274 2744 alicubi
294 2727 310 2745 a
329 2720 529 2753 persecutoribus
553 2720 722 2748 occultatus:
738 2727 798 2756 ergo
816 2721 961 2748 orationem

219 2818 253 2848 ta)
271 2819 327 2849 Μιι,
344 2817 482 2846 Bibliotheca
492 2828 551 2847 nova
565 2823 628 2849 PP..
642 2824 660 2847 t.
676 2822 707 2852 Π,
717 2830 742 2855 p.
758 2822 812 2848 565.

988 706 1056 732 hanc
1067 706 1123 733 sine
1136 705 1213 733 dubio
1227 705 1302 740 longe
1319 709 1380 731 ante
1397 704 1574 739 episcopatum
1586 711 1663 732 suum
1677 705 1780 741 scripsit

989 751 1151 787 Martyrius;
1165 758 1317 786 quanquam
1328 750 1350 777 is
1364 751 1392 777 in
1408 750 1484 777 titulo
1499 755 1522 777 et
1535 758 1604 777 nunc
1616 755 1640 778 et
1655 750 1718 778 olim
1729 752 1783 787 epi-

990 799 1061 834 scopi
1075 806 1169 825 nomen
1184 798 1260 833 gerit,
1278 801 1306 824 ut
1317 796 1467 824 auctoribus
1484 805 1590 832 operum
1604 802 1661 832 post
1675 798 1782 832 adeptos

991 845 1099 871 honores
1128 844 1227 879 passim
1252 844 1359 870 accidit.
1375 842 1521 878 Ca'tcroqui
1539 851 1620 870 causa
1645 843 1782 871 dubitandi

992 888 1023 914 de
1036 887 1121 914 sancti
1136 888 1185 914 viri
1199 887 1270 914 obitu
1292 895 1343 914 non
1359 891 1414 914 tam
1441 895 1467 914 re
1486 887 1577 923 aliqua
1592 887 1721 923 probabili
1741 889 1782 914 ni-

993 933 1106 965 tebutur,
1132 941 1212 968 quam
1231 933 1336 968 piorum
1362 933 1511 960 amantium
1535 933 1663 961 desiderio
1682 934 1785 961 diutino

992 978 1198 1011 sustentabatur,
1219 979 1263 1014 qui
1290 978 1370 1005 talem
1384 979 1532 1013 episcopum
1551 987 1583 1005 ac
1601 983 1746 1013 parentem,
1761 980 1785 1006 si

993 1023 1050 1058 ﬁeri
1065 1030 1158 1058 posset,
1176 1024 1268 1051 abiisse
1280 1024 1503 1060 nolebant,deque
1517 1033 1546 1051 eo
1565 1033 1681 1052 rumores
1698 1025 1785 1052 varios

995 1069 1068 1095 inani
1081 1070 1272 1104 exspectatione
1287 1069 1405 1097 serebant
1417 1070 1492 1104 quasi
1503 1069 1530 1095 in
1541 1070 1645 1104 angulis
1660 1069 1786 1104 Scythicis

995 1114 1079 1140 adhuc
1094 1115 1206 1146 viveret;
1217 1114 1296 1141 veluti
1312 1113 1423 1147 exempli
1438 1122 1517 1140 causa
1533 1122 1595 1150 gens
1612 1114 1740 1141 Lusitana
1755 1115 1787 1142 ds

996 1159 1145 1188 Sebastiani
1160 1161 1227 1196 regis
1250 1161 1277 1187 in
1302 1160 1393 1195 prcelio
1411 1161 1536 1195 Africano
1551 1161 1678 1188 occisione
1697 1161 1789 1188 diutis-

996 1207 1059 1234 sime
1068 1207 1206 1234 dubitavit.
1224 1207 1294 1234 Illud
1309 1207 1376 1234 serio
1390 1208 1652 1234 animadvertendum
1665 1208 1789 1243 est,quod

996 1252 1137 1287 Μαι-[νήπιε
1151 1253 1257 1288 quidam
1271 1252 1577 1288 Constantinopolitanus
1595 1254 1721 1280 diaconus
1734 1253 1790 1280 Ro-

998 1307 1069 1325 mam
1097 1299 1132 1325 ad
1149 1298 1329 1326 Innocentium
1352 1307 1399 1333 pro
1419 1299 1596 1334 Chrysostomi
1617 1308 1698 1327 causa
1721 1299 1790 1327 venit

999 1343 1113 1379 (."0"lf..
1131 1344 1183 1372 Vit.
1206 1345 1319 1380 Chrys.,
1336 1353 1362 1380 p.
1388 1346 1461 1381 15.5).
1488 1346 1580 1373 Utrum
1607 1350 1697 1372 tamen
1723 1345 1792 1372 idem

997 1397 1073 1416 nomo
1095 1390 1183 1425 fuerit,
1197 1390 1241 1425 qui
1267 1390 1454 1417 Antiochenam
1470 1395 1559 1425 postea
1580 1391 1733 1418 cathedram
1749 1399 1792 1418 oc-

999 1435 1114 1468 cupavit,
1131 1435 1194 1461 mihi
1210 1443 1260 1461 non
1274 1436 1341 1462 satis
1361 1435 1451 1470 liquet.
1467 1435 1493 1463 ls
1511 1441 1547 1463 est
1563 1441 1630 1463 certe
1648 1436 1792 1471 Martyrius

999 1485 1085 1507 noster
1098 1489 1174 1515 quem
1194 1479 1221 1507 S.
1242 1479 1338 1507 Petrus
1356 1480 1511 1513 Damianus,
1530 1489 1618 1515 opusc.
1637 1489 1692 1514 xix,
1711 1481 1737 1514 1,
1754 1481 1792 1508 De

999 1526 1167 1553 abdicatione
1184 1526 1279 1560 episc.,
1295 1527 1389 1561 refert,
1412 1530 1517 1561 propter
1529 1526 1678 1553 dissidentis
1705 1525 1792 1554 inobe‘

1000 1573 1128 1599 dientiam
1145 1571 1234 1607 populi
1250 1573 1402 1598 cathedram
1417 1572 1545 1599 dimisisse
1558 1572 1722 1600 dicentemu
1737 1571 1792 1599 Cle-

1001 1627 1030 1646 ro
1045 1627 1095 1645 non
1109 1618 1222 1650 subdito,
1238 1623 1262 1645 st
1273 1617 1369 1653 populo
1384 1618 1532 1650 dissidenti,
1540 1623 1564 1645 et
1576 1617 1699 1645 Ecclesia:
1713 1626 1793 1653 squa-

1002 1664 1065 1691 lenti
1089 1664 1259 1696 abrenuntio,
1277 1671 1382 1690 servans
1407 1663 1523 1690 mihimet
1547 1663 1688 1690 sacerdotii
1707 1662 1792 1699 digni-

1003 1714 1094 1738 tatem.
1114 1718 1123 1736 ι

1039 1754 1107 1782 Pars
1129 1755 1193 1786 lucc,
1218 1762 1295 1790 quam
1322 1763 1367 1782 nos
1383 1755 1565 1790 comperimus,
1578 1755 1736 1792 Panegyrici
1753 1765 1795 1784 es:-

1004 1806 1098 1832 trema,
1109 1805 1238 1833 versatur,
1259 1805 1287 1827 ut
1301 1809 1352 1836 par
1369 1806 1435 1832 erat,
1452 1801 1479 1828 in
1495 1802 1617 1829 extremis
1636 1802 1795 1830 sanctissimi

1003 1847 1054 1874 viri
1071 1847 1156 1878 rebus,
1167 1847 1274 1882 ejusque
1288 1847 1367 1874 veluti
1378 1849 1535 1883 martyrium
1550 1848 1673 1880 celebrat,
1689 1853 1796 1884 propter

1004 1893 1205 1929 injustissimam
1221 1893 1397 1929 improborum
1420 1894 1555 1920 hominum
1579 1895 1798 1930 persecutionem.

1008 1939 1145 1967 Hominem
1162 1939 1262 1967 nullum
1287 1940 1443 1967 nominatim
1465 1939 1583 1975 appellat
1604 1945 1704 1974 auctor,
1721 1945 1749 1968 ut
1764 1941 1802 1969 de-

1007 1985 1149 2012 uiventibus
1179 1985 1375 2021 potentibusque
1399 1985 1456 2020 ﬁeri
1474 1986 1548 2018 solet,
1572 1987 1617 2013 sed
1641 1995 1684 2014 eos
1709 1991 1798 2015 tamen

1008 2032 1086 2058 claris
1111 2032 1176 2058 satis
1202 2031 1329 2060 coloribus
1349 2033 1486 2068 designat,
1502 2033 1685 2069 prtecipueque
1709 2042 1797 2062 senem

1008 2078 1145 2105 Arsacium
1152 2082 1176 2104 et
1190 2077 1498 2114 Atticum,(3hrysostomi
1513 2078 1602 2106 ambos
1612 2083 1702 2106 contra
1718 2087 1798 2107 cano-

1009 2125 1096 2152 nicam
1111 2124 1229 2160 regulam
1237 2133 1404 2152 successores.
1414 2124 1466 2152 Sed
1478 2125 1505 2152 in
1516 2125 1631 2152 Atticum
1645 2126 1799 2161 gravissima

1010 2170 1147 2201 invehitur,
1165 2178 1240 2205 quem
1252 2170 1352 2205 alioqui
1366 2171 1463 2205 passim
1475 2171 1591 2198 historite
1605 2171 1730 2198 denotant
1740 2180 1798 2199 am-

1010 2216 1140 2247 bitiosum,
1157 2215 1328 2250 versipellem,
1343 2217 1461 2252 vafrttm,
1475 2224 1600 2252 quemque
1620 2216 1760 2244 Palladius
1771 2217 1799 2244 in

1011 2261 1119 2297 Dialogo
1133 2261 1167 2289 de
1186 2261 1246 2289 Vita
1267 2261 1375 2297 Chrys.,
1391 2270 1450 2296 cap.
1474 2262 1519 2296 il,
1537 2262 1655 2289 omnium
1675 2263 1800 2290 adversus

1011 2307 1220 2343 Chrysostomum
1248 2307 1412 2335 molitionum
1437 2308 1499 2334 dicit
1525 2307 1663 2342 artiﬁcem.
1686 2307 1721 2335 Et
1739 2309 1802 2344 quia

1010 2354 1120 2386 Atticus,
1137 2360 1192 2388 post
1214 2354 1358 2381 aduersarii
1378 2354 1419 2381 sui
1440 2353 1547 2386 obitum,
1569 2353 1671 2380 nullum
1687 2353 1800 2389 lapidem

1012 2408 1064 2427 non
1090 2400 1218 2432 movebat,
1237 2399 1382 2434 prtcsertim
1406 2398 1624 2426 assentationibus
1640 2403 1664 2425 et
1685 2400 1800 2435 pecunia

1012 2446 1171 2478 diribitione,
1192 2450 1219 2472 ut
1237 2445 1361 2472 mortales
1383 2453 1470 2472 omnes
1492 2445 1521 2472 in
1539 2453 1616 2471 sitam
1630 2450 1734 2480 partem
1751 2451 1804 2473 tra-

1013 2493 1100 2524 heret,
1117 2492 1150 2518 ab
1169 2491 1218 2518 hac
1241 2491 1384 2527 Martyrius
1400 2499 1464 2526 pace
1478 2495 1503 2518 et
1523 2491 1706 2518 communione
1728 2491 1804 2519 valde

1013 2538 1130 2565 alienant
1144 2546 1170 2565 se
1184 2538 1257 2570 dicit,
1273 2543 1429 2572 cwterosque
1450 2545 1538 2564 omnes
1556 2536 1670 2563 deterret
1685 2544 1695 2564 :
1710 2537 1738 2564 in
1752 2543 1804 2572 qua

1012 2592 1077 2612 sane
1092 2584 1221 2611 discordia
1233 2584 1278 2610 diu
1289 2583 1474 2610 consentientes
1487 2581 1578 2609 habuit
1593 2584 1648 2607 tum
1658 2580 1806 2608 Orientales

1015 2634 1071 2658 tum
1091 2630 1171 2657 etiam
1194 2629 1372 2657 Occidentales
1398 2629 1542 2664 episcopos,
1561 2634 1608 2654 nec
1634 2634 1688 2652 non
1721 2626 1808 2662 ipsam

1015 2675 1163 2704 Romanam
1179 2676 1276 2709 sedem,
1291 2683 1349 2712 quin
1365 2675 1467 2702 nonnisi
1484 2682 1553 2710 wgre
1565 2679 1673 2705 seroque
1692 2671 1809 2699 Atticum

1015 2722 1051 2749 ad
1063 2721 1272 2748 communionem
1285 2728 1361 2748 suam
1373 2720 1480 2755 recepit.
