2052 3113
194 112 240 132 xu
751 105 794 131 DE
814 105 841 132 S.
862 105 987 133 JOANNI‘

1041 105 1281 135 HRYSOSTOMO.

1762 118 1823 140 κινι

194 181 1810 207 ἶῌ-’ῄ-ῌ-ἯῌΞἮ
1057 184 1177 188 _—‘
1331 187 1626 195 ᾖξ’-’.⁵

488 267 696 313 SANCTI
736 268 947 314 PATRIS
984 271 1202 317 NOSTBI
1244 275 1541 322 MARTYBII

817 367 840 394 Ε
843 368 983 397 PISCOPI
994 369 1198 398 ANTIOCHI

327 443 376 472 EX
395 443 620 474 LAUDATIONE
640 444 674 472 ΙΝ
694 444 857 473 SANCTUM
873 445 1014 474 PATREM
1031 447 1199 476 NOSTRUM
1221 449 1380 477 JOANNEM
1400 452 1683 481 CilliYSOb‘TOMUM

645 489 946 520 ARCIHEPISCOPUM
965 492 1356 524 CONSTANTINOPOLEOS.

226 639 317 667 LSed
342 639 529 676 iam:tempus
552 648 602 667 nos
630 645 708 668 vocat
730 642 763 669 ad
785 641 872 669 Patris
887 648 984 677 marty-

191 687 259 713 rium
277 695 284 712 :
301 686 462 721 martyrium
475 707 481 719 ,
499 686 620 721 inquam,
649 687 720 721 quod
738 687 845 715 Patrem
874 689 983 723 quidem

194 735 247 769 ipsa
265 734 301 761 rei
318 738 416 761 natura
431 738 553 766 coronat,
575 734 623 761 Dei
644 742 709 762 vero
725 744 859 763 summam
876 737 984 772 sapien-

193 781 252 807 tiam
280 780 486 815 potentiamque
512 780 685 815 depraedicat,
712 783 757 816 qui
784 783 930 810 utilitatem
949 791 983 810 cx

192 826 276 854 noxiis
290 827 441 854 extundere
456 827 543 854 novit.
553 827 660 854 Etenim
674 835 735 855 cum
753 829 793 855 vir
805 834 918 856 sanctus
935 830 984 857 hac

191 881 220 901 se
238 881 338 901 corona
360 874 472 910 dignum
487 874 582 901 haberi
599 876 778 909 percuperet',
796 883 885 911 neque
902 876 927 904 id
945 881 984 904 ta-

192 927 251 947 men
267 925 391 955 tempora
408 919 602 952 concederent,
620 926 764 955 postquam
781 921 881 957 impius
894 923 985 950 cultus

192 966 319 1001 depulsus
331 966 392 997 fuit,
405 974 469 993 vera
484 971 574 993 autem
590 966 682 1002 religio
698 971 784 994 totum
800 968 892 995 orbem
904 976 986 996 occu-

192 1012 263 1047 pavit
275 1021 282 1038 :
295 1012 417 1047 martyrii
431 1019 516 1047 genus
530 1012 665 1046 quoddam
679 1012 839 1040 adinvenirc
852 1034 858 1045 ,
870 1014 941 1048 quod
960 1015 985 1040 ei

193 1058 314 1086 homines
334 1058 415 1086 ovina
436 1058 507 1093 pelle
521 1059 610 1086 induti
625 1058 728 1094 (Matth.
746 1067 792 1091 vn,
812 1060 866 1095 15),
886 1060 986 1088 vellent

193 1105 302 1137 nollent,
318 1104 461 1136 inferrent,
472 1112 564 1132 nonne
579 1105 678 1132 divinte
694 1105 835 1140 sapientia:
848 1107 987 1140 potenticc—

192 1159 242 1186 que
258 1158 328 1186 opus
344 1150 512 1178 credendum
537 1151 602 1178 est?
621 1150 764 1184 Quomodo
785 1153 866 1188 igitur
888 1153 946 1181 haec
961 1155 986 1181 ei

193 1204 289 1224 corona
307 1201 435 1224 contexta
449 1196 501 1224 fuit
516 1197 528 1224 ?

225 1243 252 1270 2.
274 1243 304 1270 In
320 1243 373 1270 hoc
386 1243 484 1276 medio,
495 1248 525 1271 ut
537 1244 602 1276 dixi,
612 1252 704 1272 rerum
717 1253 809 1277 cursu,
824 1253 855 1272 ex
872 1250 986 1280 utraque

193 1289 245 1317 vita
256 1289 364 1317 decedit
380 1297 478 1322 senex;
493 1289 516 1317 is
532 1290 577 1324 qui
599 1291 627 1317 in
649 1291 701 1318 hac
722 1291 777 1318 vita
798 1291 869 1318 illam
885 1292 985 1319 amise-

193 1341 242 1367 rat,
259 1340 286 1362 et
299 1343 352 1362 una
368 1343 429 1362 cum
454 1336 499 1363 illa
520 1336 591 1363 hanc
612 1337 711 1365 amisit.
726 1337 822 1369 Fitque
846 1341 906 1372 post
924 1345 986 1365 eum

195 1382 359 1417 (episcopus)
375 1381 430 1413 ille,
445 1381 491 1416 qui
505 1389 554 1416 per
573 1379 647 1406 illum
659 1385 689 1404 ea
702 1379 985 1413 quaesibiplacueraut

193 1432 288 1454 cuncta
302 1427 404 1454 fecerat
418 1435 424 1459 ;
439 1430 539 1461 putans
553 1426 664 1461 quidem
677 1426 772 1459 latere,
793 1426 930 1454 neminem
947 1430 986 1454 ta-

193 1481 253 1500 men
272 1473 370 1500 latens.
397 1472 446 1499 Hic
463 1480 527 1508 ergo
542 1472 632 1499 stultis
647 1477 749 1507 gratus,
766 1477 793 1499 et
815 1472 929 1500 blandus
943 1477 986 1500 at-

193 1526 245 1554 que
273 1518 457 1545 assentatione
488 1517 666 1549 redundans,
688 1518 794 1545 cunctis
818 1519 986 1552 persuadens

194 1565 259 1592 nihil
271 1566 327 1600 jam
353 1572 495 1599 superesse
518 1572 614 1591 eorum
626 1571 686 1598 quae
703 1568 767 1590 tunc
785 1563 886 1591 fecerat
901 1573 907 1596 ;
924 1572 986 1591 cum

193 1611 283 1645 iurare
298 1618 367 1644 opus
380 1614 452 1637 esset
466 1609 534 1637 nihil
553 1617 647 1637 eorum
666 1609 736 1636 scire
749 1617 810 1644 quze
832 1614 896 1636 tunc
912 1609 987 1636 diec-

195 1660 244 1688 ret,
259 1654 435 1682 Atheniensis
450 1662 548 1689 nempe
562 1654 667 1682 daemon
678 1675 685 1686 ,
700 1654 797 1681 Atticae
810 1655 986 1689 superstitio-

194 1701 235 1729 nis
253 1701 424 1737 symbolum;
446 1700 499 1733 hic,
523 1700 644 1735 inquam,
662 1701 764 1735 duplici
796 1700 867 1728 fama
893 1702 987 1728 audita

193 1746 401 1782 percellebatur,
419 1746 508 1781 primo
531 1745 565 1773 de
587 1746 675 1773 sancti
699 1746 749 1772 viri
767 1745 847 1773 factis
862 1747 986 1782 egregiis,

194 1802 252 1828 qua
273 1794 300 1820 in
316 1793 426 1821 deserto
439 1792 520 1819 etiam
534 1793 700 1821 constitutus
712 1793 848 1828 patrabat,
858 1794 989 1828 plurimas

194 1839 334 1866 hominum
349 1837 454 1864 animas
468 1845 501 1864 ex
515 1837 691 1864 barbarorum
706 1837 831 1865 manibus
853 1839 990 1866 redimens

194 1883 288 1918 paucis
311 1883 362 1910 illis
376 1890 409 1909 ac
421 1882 594 1917 pauperculis
608 1890 669 1916 quae
681 1883 705 1909 ei
722 1888 883 1918 supererant
903 1884 990 1911 facul-

195 1929 294 1956 tatibus
304 1937 310 1961 ;
320 1929 387 1956 alias
399 1935 490 1956 autem
504 1928 603 1956 diaboli
615 1929 719 1964 laqueis
728 1929 857 1965 eripiens,
866 1938 897 1957 ea
909 1939 990 1966 quam

194 1975 244 2002 sibi
260 1974 352 2002 labore
369 1979 397 2002 et
421 1974 467 2001 Dei
489 1974 623 2001 beneficio
637 1980 843 2008 comparaverat
863 1967 990 2011 eloquen-

195 2020 231 2047 tia
244 2028 252 2051 ;
265 2020 363 2054 partim
375 2019 492 2053 denique
508 2018 580 2046 fame
597 2024 625 2046 et
644 2019 739 2047 exsilio
758 2020 873 2048 afﬂictos
889 2025 990 2048 sanctae

194 2059 281 2093 viduae
295 2065 420 2093 nutriens
433 2065 556 2097 cibariis;
571 2066 738 2093 monasteria
750 2067 815 2101 quin
829 2067 910 2094 etiam
924 2075 990 2095 con-

195 2113 261 2140 dens
272 2113 299 2139 in
314 2112 470 2148 regionibus
481 2111 553 2139 caede
564 2115 592 2138 ct
606 2112 701 2146 rapina
716 2112 807 2140 vivere
820 2113 906 2140 solitis
916 2123 922 2146 ;
932 2122 991 2149 qua:

196 2158 286 2185 omnia
309 2157 462 2184 universam
485 2164 593 2191 quoque
616 2157 769 2185 Antiochiae
791 2158 929 2185 civitatem
958 2159 991 2187 ad

196 2211 257 2231 eum
269 2202 479 2231 transferebant.
494 2202 596 2230 Deinde
610 2203 834 2231 commovebatur
842 2203 992 2238 iustissimo

196 2249 379 2276 Romanorum
393 2247 506 2283 judicio,
527 2248 574 2282 qui
590 2255 688 2284 magna
710 2254 873 2284 congregata
886 2249 992 2284 episco-

197 2303 292 2330 porum
307 2294 491 2325 multitudine,
507 2294 638 2322 volebant
654 2295 728 2323 illisu
743 2303 840 2322 omnes
855 2300 930 2322 tanto
942 2303 993 2322 nu-

197 2350 270 2369 mero
303 2341 452 2377 grandique
484 2341 609 2376 impensa
638 2341 905 2376 Constantinopolim
933 2342 992 2369 sine

198 2396 273 2416 mora
287 2387 380 2415 venire
402 2387 476 2422 pacis
492 2387 582 2415 studio
599 2388 726 2422 impulsi;
747 2388 795 2416 sed
814 2393 904 2416 tamen
924 2395 992 2423 pau-

198 2479 276 2513 eujus
289 2485 356 2513 opes
377 2477 413 2505 ad
430 2485 527 2505 manus
547 2478 632 2504 sancti
649 2477 699 2504 viri
716 2477 823 2507 dolat-.13,
845 2477 872 2503 in
887 2484 991 2512 paupe-

199 2522 243 2541 res
257 2518 284 2540 et
298 2513 422 2548 captivos
436 2513 638 2540 redundabant.

235 2549 269 2583 (ε)
296 2548 441 2575 Antiochia
457 2548 608 2583 praesertim
633 2547 685 2575 civi
709 2555 758 2574 suo
781 2547 889 2574 favebat
900 2547 992 2583 Chry-

200 2589 328 2616 sostomo,
347 2584 426 2617 cuius
441 2583 586 2610 uberrima:
606 2583 770 2617 eloquentiae
785 2582 865 2609 toties
882 2582 993 2617 plause~

200 2624 251 2647 rat.
265 2619 306 2646 Ad
320 2616 507 2646 Antiochenos
519 2625 604 2653 prope
618 2616 778 2644 innumeras
790 2616 912 2653 misitiab
923 2616 993 2644 exsi-

201 2655 237 2682 lio
254 2658 366 2682 sanctus
381 2654 423 2680 vir
437 2652 575 2688 epistolas,
594 2656 624 2688 ut
637 2653 736 2679 dicitur
750 2653 776 2679 in
792 2653 852 2688 ejus
863 2652 936 2679 Vita.

238 2691 270 2725 (f)
287 2689 421 2725 intelligit
433 2687 580 2716 concilium
598 2687 751 2715 Romanum
768 2688 818 2715 sub
834 2687 994 2715 Innocentio

201 2723 339 2760 pro‘causa
351 2723 550 2759 Chrysostomi.

238 2763 274 2794 (ξι)
292 2760 393 2786 Horum
410 2757 520 2787 nomina
539 2759 666 2795 leguntur
684 2759 754 2793 apud
766 2757 915 2786 Palladiqu
929 2757 996 2784 Dia-

201 2795 251 2830 log.
267 2803 326 2830 cap.
343 2795 370 2821 ft.

237 2833 273 2863 tltl
294 2830 361 2857 (Ind.
379 2832 442 2861 τοῖς.

1038 643 1077 670 cis
1092 643 1193 678 aliquot
1210 649 1376 672 censuerunt
1389 649 1467 672 antea
1492 646 1717 674 committendum
1741 657 1826 685 nego-

1038 689 1115 721 tium,
1134 694 1160 716 et
1186 690 1305 724 quinque
1323 690 1423 718 electos
1446 692 1555 719 decreto
1570 693 1728 728 episcopos,
1745 694 1827 722 duos-

1036 744 1089 770 que
1106 744 1137 763 ex
1158 744 1254 771 magna
1276 737 1361 764 Roma
1374 740 1555 774 presbyteros,
1571 748 1622 767 una
1638 749 1699 768 cum
1715 742 1768 769 illis
1780 743 1828 778 qui

1037 781 1100 808 hinc
1111 781 1144 807 ad
1157 781 1293 808 Romanos
1309 782 1422 817 profecti
1438 789 1516 811 erant
1527 785 1671 821 episcopis,
1681 787 1826 819 miserunt.

1037 827 1104 854 nihil
1128 828 1200 854 aliud
1225 829 1259 855 ab
1279 829 1442 864 imperatore
1463 832 1612 866 petituros,
1631 841 1711 867 quam
1732 835 1827 869 synodi

1037 874 1205 901 celebranda:
1222 874 1377 909 decretique
1403 883 1436 903 eo
1457 884 1539 911 super
1563 878 1671 913 negotio
1694 879 1828 907 condendi

1037 917 1203 951 facultatem,
1220 926 1270 946 nec
1285 927 1337 946 non
1354 920 1448 955 synodi
1465 925 1572 956 tempus
1588 930 1619 950 ac
1636 924 1756 952 modum.

1073 965 1098 991 5.
1119 964 1187 992 Cum
1208 965 1298 999 itaque
1327 973 1355 992 se
1377 971 1501 994 cerneret
1529 968 1678 1004 (Atticus)
1702 973 1829 1004 tanquam

1038 1009 1132 1044 grandi
1150 1009 1232 1036 lluctu
1246 1009 1287 1036 his
1307 1010 1408 1037 auditis
1423 1011 1555 1046 utrinque
1583 1013 1683 1047 obrui;
1710 1018 1738 1041 et
1753 1015 1829 1043 ilbnn

1039 1054 1303 1090 (Chrysostomum)
1319 1056 1428 1090 quidem
1445 1058 1478 1084 ad
1493 1065 1629 1086 summum
1646 1059 1755 1087 virtutis
1771 1061 1830 1088 cul-

1038 1109 1100 1128 men
1117 1101 1263 1136 glorizeque
1288 1102 1399 1136 elatum,
1430 1103 1480 1131 hos
1507 1109 1599 1132 autem
1629 1105 1777 1140 instantes,
1802 1112 1830 1135 et

1039 1147 1170 1183 synodum
1199 1148 1311 1175 omnino
1328 1149 1510 1176 necessariam
1535 1151 1665 1184 dicentes,
1689 1156 1770 1187 atque
1794 1154 1830 1181 ita

1038 1198 1196 1220 censentem
1223 1194 1305 1221 etiam
1337 1194 1523 1230 imperatoris,
1542 1197 1672 1231 majorem
1697 1198 1829 1232 fratrem;

1039 1241 1103 1276 quid
1124 1241 1200 1276 agit?
1213 1241 1287 1269 illum
1303 1242 1409 1275 adiens,
1425 1251 1505 1277 quem
1520 1243 1600 1278 paulo
1611 1249 1674 1272 aute
1687 1246 1830 1280 appellavi,

1038 1287 1181 1314 inimicum
1201 1288 1331 1316 Ecclesiae
1349 1289 1457 1320 ducem,
1480 1290 1575 1317 suadet
1589 1291 1612 1318 ei
1628 1297 1656 1318 ut
1669 1290 1833 1319 Occidenta-

1037 1333 1076 1361 les
1091 1334 1200 1369 quidem
1215 1334 1368 1370 episcopos,
1387 1340 1482 1370 utpotc
1506 1337 1533 1363 in
1556 1337 1678 1364 alienam.
1701 1338 1833 1366 ditionem

1038 1378 1185 1414 ingressos,
1202 1387 1263 1407 cum
1283 1380 1430 1415 ignominia
1448 1383 1567 1416 expellat
1582 1391 1589 1415 ;
1606 1387 1714 1410 nostros
1742 1387 1832 1411 autent

1037 1425 1083 1459 qui
1099 1424 1284 1452 Romanorum
1314 1426 1444 1455 auxilium
1473 1428 1695 1462 imploraverant,
1718 1436 1768 1455 ceu
1787 1429 1833 1464 qui

1039 1470 1182 1505 imperium
1199 1476 1322 1502 nostrum
1337 1471 1526 1508 judiciumque
1549 1473 1692 1506 laesissent,
1720 1474 1746 1500 in
1763 1475 1835 1502 exsi-

1039 1515 1104 1542 lium
1122 1516 1264 1548 mitteret;
1283 1516 1333 1550 ipsi
1345 1522 1437 1545 autem
1455 1522 1549 1546 sancto
1562 1519 1618 1545 viro
1635 1519 1731 1546 mortis
1747 1527 1834 1555 genus

1039 1561 1219 1596 asperrimum
1234 1561 1416 1595 adinveniret,
1428 1571 1509 1598 quam
1522 1571 1577 1591 non
1588 1563 1691 1591 ferrum
1708 1564 1832 1597 inferret,

1039 1607 1086 1634 sed
1101 1606 1173 1633 ferro
1187 1607 1274 1635 multo
1292 1608 1433 1635 molestior
1450 1608 1479 1635 in
1494 1609 1668 1644 longinquam
1694 1609 1832 1644 regionem

1040 1652 1178 1684 abductio,
1196 1658 1224 1680 et
1237 1654 1347 1681 morbus
1366 1654 1484 1690 physica
1509 1655 1631 1690 corporis
1652 1655 1834 1684 imbecillitati

1040 1699 1213 1734 eonjunctus.
1227 1699 1290 1727 llzcc
1300 1700 1354 1727 duo
1367 1700 1404 1727 illi
1417 1700 1497 1727 simul
1508 1701 1702 1734 deliberarunt,
1714 1707 1741 1729 et
1751 1709 1834 1737 opera

1041 1745 1186 1773 subsecuta
1201 1749 1252 1772 est.
1267 1746 1299 1772 Et
1317 1745 1389 1780 quod
1404 1746 1513 1780 quidem
1531 1745 1564 1773 ad
1584 1745 1653 1773 alios
1667 1747 1774 1779 attinet,
1791 1754 1835 1774 res

1042 1799 1105 1820 cum
1122 1799 1205 1826 quem
1231 1792 1276 1819 ille
1300 1792 1385 1819 voluit
1398 1792 1501 1819 exitum
1521 1796 1600 1820 nacta
1624 1796 1688 1824 est;
1717 1797 1836 1828 tuncque

1043 1838 1163 1872 primum
1176 1838 1326 1873 legatorum
1351 1838 1543 1873 episcoporum
1570 1839 1615 1873 jus
1645 1839 1836 1867 conculcatum

1045 1882 1105 1915 fuit,
1120 1887 1148 1910 et
1162 1883 1271 1918 quidem
1283 1883 1358 1918 pacis
1373 1883 1564 1911 ecclesiastica
1583 1891 1664 1911 causa
1677 1887 1705 1911 et
1725 1884 1837 1912 univer-

1045 1928 1109 1955 salis
1123 1928 1277 1956 concordite
1292 1928 1448 1956 missorum.

1081 1976 1108 2002 4.
1127 1974 1196 2002 Ecce
1210 1979 1300 2001 autem
1315 1975 1406 2001 statim
1423 1975 1569 2002 mittuntur
1593 1975 1735 2004 carnifices
1756 1977 1836 2012 juve-

1045 2020 1093 2047 nili
1108 2020 1199 2047 furore
1208 2020 1345 2052 ardentes,
1357 2023 1384 2046 et
1396 2019 1465 2046 lucri
1477 2027 1570 2046 amore
1581 2019 1751 2054 inflammati,
1765 2022 1838 2056 quod

1046 2066 1086 2094 eis
1109 2065 1148 2092 rei
1163 2065 1270 2092 occasio
1293 2065 1462 2100 spondebat,
1482 2065 1586 2100 justum
1615 2065 1704 2093 virum
1730 2075 1762 2094 ea
1785 2075 1838 2102 qua

1047 2112 1149 2140 vellent
1165 2111 1269 2138 ratione
1288 2111 1441 2139 occidendi.
1459 2111 1546 2147 llique
1561 2116 1655 2146 postea
1678 2113 1780 2140 reversi
1804 2114 1837 2141 do

1048 2158 1135 2186 Patris
1151 2158 1228 2185 obitu
1243 2158 1369 2185 nuntium
1389 2157 1549 2190 attulerunt,
1573 2158 1652 2192 cuius
1667 2159 1777 2186 modum
1793 2159 1838 2186 alii

1046 2205 1124 2232 aliter
1138 2205 1311 2232 enarrabant.
1326 2204 1412 2231 Nobis
1436 2208 1510 2231 certe
1535 2204 1602 2239 quid
1624 2204 1658 2232 de
1688 2204 1735 2232 illo
1762 2205 1838 2232 obitu

1047 2250 1219 2278 sentiendum
1235 2250 1279 2282 sit,
1296 2257 1351 2276 non
1371 2249 1556 2284 persuadent:
1576 2254 1677 2283 utrum,
1694 2249 1740 2277 illo
1757 2250 1839 2277 inter-

1047 2296 1129 2327 fecto,
1146 2304 1203 2323 rem
1226 2295 1333 2330 publice
1346 2295 1454 2323 edicere
1476 2296 1610 2328 timeant,
1641 2303 1675 2322 an
1691 2303 1724 2323 eo
1740 2295 1838 2323 alicubi

1047 2341 1182 2369 occultato
1197 2341 1336 2374 redierint,
1363 2341 1432 2368 fama
1457 2341 1491 2369 de
1507 2341 1566 2376 ejus
1583 2341 1659 2368 obitu
1674 2348 1782 2376 sparsa,
1809 2347 1838 2369 ut

1048 2387 1140 2423 populi
1162 2395 1227 2423 erga
1251 2395 1316 2415 eum
1329 2388 1455 2415 studium.
1476 2387 1612 2415 sedarent.
1641 2387 1723 2415 Certe
1742 2387 1765 2415 si
1793 2387 1837 2415 ille

1081 2476 1112 2511 (ἰ)
1136 2476 1205 2504 Dicit
1222 2475 1376 2511 Honorium
1403 2476 1481 2510 imp.,
1498 2476 1577 2511 cujus
1595 2476 1775 2504 vehementes
1791 2477 1838 2503 lit-

1047 2515 1111 2539 terae
1128 2512 1161 2539 ad
1179 2511 1290 2538 fratrem
1310 2510 1455 2546 Arcadium
1473 2511 1506 2538 de
1523 2510 1577 2539 tota
1600 2512 1644 2538 illa
1657 2512 1786 2546 tragoedia
1812 2512 1839 2538 iu

1045 2554 1126 2573 causa
1144 2545 1330 2582 Chrysostomi
1356 2550 1463 2573 exstant
1480 2547 1562 2574 etiam
1588 2551 1660 2574 tomo
1674 2545 1710 2575 ιη
1725 2554 1839 2581 operum

1082 2617 1115 2651 (ἰ)
1137 2618 1202 2644 Erat
1220 2617 1265 2644 hic
1278 2617 1438 2644 Valerianus
1450 2616 1575 2644 militaris
1587 2617 1652 2650 dux,
1665 2617 1706 2644 vri
1722 2616 1838 2651 Optatus

1047 2652 1121 2679 urbis
1136 2652 1291 2687 praefectus,
1310 2653 1343 2680 de
1363 2660 1479 2686 quorum
1504 2652 1633 2680 alterutro
1650 2652 1792 2687 Martyrius
1813 2653 1840 2679 in

1051 2692 1126 2721 parte
1149 2687 1313 2714 laudationis
1336 2687 1435 2714 amissa
1458 2687 1572 2714 dixerat.
1602 2688 1638 2714 Dc
1661 2687 1703 2714 bis
1725 2687 1755 2714 in
1779 2687 1841 2715 Vita

1051 2723 1235 2757 Chrysostomi

1138 2758 1211 2798 .Lege
1222 2758 1378 2799 'i‘alladium
1400 2765 1459 2792 cap.
1475 2759 1520 2790 ΞΟ,
1539 2766 1590 2786 uec
1604 2766 1657 2785 nou
1676 2758 1772 2786 citatas
1785 2757 1837 2785 llo:

1051 2792 1122 2820 norii
1137 2792 1202 2828 imp.
1222 2793 1337 2823 litteras.
