2024 3106
783 49 798 65 δ

102 108 153 130 ιιικ

101 160 181 189 adhuc
197 161 334 195 superest,
349 167 403 188 nos
413 161 459 195 qui
478 169 573 188 sumus
587 168 647 196 ejus
659 160 757 189 fratres
778 160 882 189 videbi-

101 214 154 235 mus
167 206 315 241 aliquando
329 205 480 242 Josephum
495 207 523 234 ln
537 207 636 234 throno
647 207 788 235 sedentem
800 207 882 239 (Gen.

101 251 223 284 IL;u,26
254 251 342 286 sqq.)
371 256 400 279 et
427 251 575 286 spiritalem
595 252 750 279 alimoniam
778 253 884 279 cunctis

102 297 273 332 praebentem:
290 297 333 324 sin
350 298 373 325 is
387 306 481 333 reapse
493 298 526 326 ad
539 306 631 326 veram
645 299 727 325 vitam
743 298 882 334 migravit.

102 351 172 381 atque
184 344 217 372 ad
229 344 535 378 exoptatumChristum
548 345 676 379 perrexit,
690 345 822 372 habemus
836 351 884 378 pro

102 392 173 420 nobis
196 391 408 418 intercessorem
425 395 580 426 martyrem.
607 390 664 419 lloc
692 395 805 426 accepto
833 389 884 417 sibi

101 440 170 472 grato
192 436 287 463 nuntio
308 434 447 471 (Atticus),
475 435 613 470 voluptate
639 443 742 471 augens
763 434 885 469 corporis

102 483 288 512 tumiditatem.
305 482 401 509 induta
418 482 592 517 benignitatis
617 482 717 516 specie,
739 482 822 517 caepit
838 489 886 516 per

101 536 190 556 omnes
220 535 397 560 concursare,
425 527 517 555 fovere
546 535 578 555 ac
605 528 720 555 delinire
747 535 885 559 sermone,

101 581 161 609 quos
175 581 260 608 opere
276 573 445 606 laniaverat;
472 575 615 609 pecuniam
639 575 825 611 indigentibus
840 580 886 602 aut

101 619 273 653 poscentibus
285 619 359 648 dare.
376 620 490 655 genibus
500 628 594 648 eorum
608 621 714 648 advolvi
729 629 760 649 ac
780 621 885 656 suppli-

100 674 164 698 care,
182 666 283 701 quibus
297 666 365 693 nihil
382 666 454 694 aliud
469 667 591 702 praebere
606 675 635 695 se
651 675 730 703 posse
745 667 883 700 credebat,

101 717 195 746 rogans
210 718 308 745 nerupe
336 714 367 737 ut
384 711 487 745 justum
505 711 637 739 adversus
657 720 686 739 se
700 713 793 740 odium
809 712 888 740 omit-

101 759 195 785 terent,
213 758 240 781 et
254 755 345 790 iniqua
361 763 454 783 secum
468 756 584 784 amicitia
598 757 714 785 coirent.

131 801 154 828 5.
169 801 230 837 Ego
245 809 311 828 vero
325 802 414 837 ipsmn
428 803 468 830 sic
491 803 607 831 libenter
626 803 778 838 alloquerer
795 813 800 830 :
815 803 837 830 0
848 808 888 839 ty-

101 855 189 879 ranne,
204 848 306 875 videris
321 849 396 876 enim
424 849 508 881 mihi,
540 855 652 886 propter
676 858 706 878 ea
739 858 797 885 qua
821 851 886 886 agis,

103 894 146 922 hac
170 895 358 930 appellatione
383 896 511 930 gaudere,
531 904 584 931 qua
611 897 750 924 oculorum
776 897 888 925 audacia

102 940 261 968 medicinam
276 941 358 969 aﬂers
373 942 530 970 vulneribus
553 951 613 978 qure
631 944 689 980 ipse
709 943 822 971 fecisti?
847 944 889 971 vel

102 988 233 1020 quomodo
260 995 311 1022 pro
339 992 387 1015 tuo
411 988 535 1016 adulandi
563 997 648 1022 more,
681 990 782 1017 idcirco
809 996 889 1017 antea

102 1032 216 1067 injurius
247 1033 334 1065 fuisti,
361 1039 392 1061 ut
415 1034 512 1062 deinde
539 1035 654 1063 haberes
674 1036 702 1063 in
725 1043 780 1070 quo
804 1041 890 1063 artem

103 1082 167 1105 tuam
178 1079 350 1106 exerceres?
366 1080 437 1106 haud
454 1080 531 1107 aliter
546 1089 628 1115 quam
652 1081 675 1108 si
691 1081 753 1116 quis
768 1081 891 1109 medicus

102 1124 278 1158 plurimarum
297 1125 446 1153 herbarum
462 1126 638 1161 emplastrum
653 1127 763 1154 sinistra
779 1135 889 1163 gerens,

102 1169 206 1197 dextera
228 1171 339 1198 interim
371 1179 453 1198 manu
471 1172 609 1200 hominem
634 1173 708 1200 clava
727 1178 890 1208 percuteret,

102 1213 278 1250 diceretque:
305 1216 382 1244 Bono
399 1217 490 1244 animo
515 1222 588 1250 esto,
618 1218 797 1251 charissima;
828 1227 890 1246 nam

102 1261 202 1289 medela
219 1262 288 1289 mibi
302 1262 328 1289 in
346 1263 473 1290 manibus
488 1267 539 1291 est.
556 1264 588 1291 At
604 1265 687 1297 enim,
711 1269 784 1291 recte
799 1265 892 1292 admo-

104 1307 161 1335 dum
178 1309 225 1336 ille
243 1309 422 1344 responderet
435 1319 441 1337 :
454 1310 476 1338 Ο
491 1311 619 1346 pessime,
636 1319 684 1338 cur
697 1312 766 1339 mihi
780 1312 892 1339 medela:

103 1355 293 1382 necessitatem
307 1355 451 1391 imponis?
467 1356 521 1384 Cur
535 1362 625 1384 autem
645 1358 694 1385 tibi
714 1357 812 1385 inﬁrmi
831 1366 893 1385 cor-

104 1400 172 1434 poris
184 1409 281 1429 curam
298 1403 477 1434 committam,
492 1403 537 1437 qui
551 1411 648 1430 sanum
662 1412 723 1430 cum
743 1404 891 1435 inveneris,

103 1449 153 1472 tam
167 1448 240 1474 male
258 1448 373 1475 aﬂ'ecisti
385 1448 397 1474 ?
409 1449 473 1476 Mihi
488 1457 553 1484 ergo
565 1449 692 1476 videntur
706 1449 743 1476 illi
758 1449 893 1482 homines,

103 1493 146 1526 qui
158 1499 275 1529 propter
306 1494 377 1522 beati
398 1496 450 1522 viri
465 1495 568 1523 obitum
595 1495 628 1523 ad
656 1496 752 1523 horum
772 1503 896 1523 commu-

103 1538 209 1567 nionem
224 1541 371 1572 accedunt,
393 1545 420 1568 et
439 1549 486 1569 eos
508 1542 612 1576 pridem
631 1542 665 1569 ad
692 1542 792 1569 cmdem
808 1542 897 1577 impu—

103 1583 173 1617 lisse,
191 1591 278 1622 atque
293 1587 320 1614 id
344 1593 469 1622 posteros
493 1596 589 1616 omnes
616 1588 724 1620 docere,
744 1588 895 1623 cujusmodi

105 1629 130 1656 in
147 1631 197 1659 hac
212 1633 268 1659 vita
282 1633 384 1660 multos
409 1634 542 1661 exsistere
563 1634 640 1662 facile
657 1634 764 1667 accidit,
782 1639 812 1661 ut
834 1642 896 1662 cum

103 1675 240 1705 voluerint
259 1678 366 1712 justum
382 1679 523 1706 hominem
539 1680 685 1715 expellere,
703 1685 730 1708 et
745 1688 806 1708 cum
824 1680 897 1707 cala-

104 1722 181 1749 mitas
196 1724 290 1758 aliqua
308 1732 375 1751 oves
390 1725 558 1760 disperserit,
576 1727 700 1761 protinus
716 1727 791 1753 illum
811 1726 897 1754 inter-

103 1765 207 1800 ﬁciant,
225 1775 255 1797 ut
273 1770 371 1797 eodem
392 1771 498 1798 excidio
511 1771 635 1799 irretiant
657 1773 737 1799 ovile.
762 1772 832 1805 Quid
847 1772 896 1804 ais,

103 1819 119 1838 ο
132 1812 216 1841 homo
227 1815 240 1841 ?
255 1815 314 1842 Non
331 1816 541 1843 communicasti
557 1817 689 1844 hactenus
712 1822 824 1852 propter
845 1817 898 1844 ini-

103 1859 251 1893 quitatem,
272 1869 348 1889 nunc
368 1866 431 1896 post
457 1863 558 1890 caedem
586 1864 793 1896 communicas,
823 1864 899 1898 quasi

102 1907 192 1934 (“ardes
206 1909 384 1944 iniquitatem
399 1910 576 1945 purgaverit?
596 1910 667 1937 Num
682 1909 836 1938 Jezabelem
853 1918 900 1937 us-

105 1959 155 1986 que
170 1954 206 1981 ad
226 1955 314 1982 vinem
340 1955 463 1990 rapinam
482 1955 572 1986 odisti.
591 1959 734 1991 postquam
748 1960 839 1983 autem
856 1956 900 1983 illa

104 1997 262 2026 Nahuthem
279 2000 430 2032 interfecit,
446 1999 521 2034 quasi
542 2001 588 2027 hic
602 2000 716 2032 viveret,
732 2000 823 2027 odium
841 2007 901 2027 sce-

105 2042 178 2072 lestae
195 2045 310 2073 feminae
323 2045 475 2073 remisisti?
498 2046 551 2082 (III
563 2046 626 2081 Reg.
641 2054 696 2078 xxI,
713 2046 731 2073 (Ξ
745 2045 815 2081 sqq.)
832 2045 902 2079 Quid

105 2097 168 2125 ergo
186 2099 316 2127 agemus.
336 2092 424 2122 aiunt,
448 2096 555 2119 mortuo
575 2092 629 2127 jam
651 2091 783 2119 homine?
799 2092 902 2126 Exspe-

106 2140 189 2167 ctare,
206 2138 345 2172 inquam,
373 2142 482 2172 oportet
494 2138 597 2172 justum
623 2137 726 2165 Christi
751 2138 901 2172 iudicium,

107 2182 175 2214 quod
192 2183 309 2217 quidem
326 2183 386 2210 sine
399 2182 482 2210 dubio
493 2187 655 2210 eventurum
675 2191 756 2210 nemo
769 2183 902 2218 ambigat:

107 2228 207 2255 etenim
224 2229 300 2256 haud
318 2229 447 2256 humanae
461 2228 523 2256 vitae
538 2229 672 2261 terminis,
692 2236 782 2256 rerum
797 2236 905 2263 quoque

110 2271 187 2299 ﬁnem
204 2274 378 2302 concludere
396 2274 527 2302 Dominus
547 2275 631 2303 solet:
656 2281 750 2303 contra
766 2275 857 2310 potius
872 2275 906 2302 ab

110 2316 164 2351 ipsa
179 2327 281 2347 rerum
296 2321 489 2355 desperatione
504 2320 611 2348 initium
636 2329 745 2349 sumere
760 2331 767 2355 ;
784 2322 810 2349 id
833 2322 906 2357 quod

111 2362 271 2392 divinarum
285 2366 488 2400 Scripturarum
502 2366 661 2394 testimonio
673 2366 849 2394 conﬁrmabo.

144 2410 170 2436 6.
183 2410 374 2438 Devoraverat
390 2411 454 2438 olim
473 2411 621 2446 Josephum
641 2412 710 2439 mala
734 2412 801 2445 fera,
826 2417 909 2448 prout

112 2453 228 2483 fratrum
250 2457 323 2491 apud
341 2462 446 2492 patrem
460 2457 609 2485 afﬁrmabat
622 2458 708 2486 oratio
718 2460 725 2491 (
735 2458 798 2486 Cen.
811 2465 909 2491 xxxv",

114 2500 166 2530 53}.
181 2504 248 2529 Jam
262 2510 327 2530 vero
338 2503 390 2530 hos
403 2503 449 2537 qui
464 2503 539 2531 aliter
549 2504 682 2537 dixerant,
695 2503 775 2532 aliter
787 2509 906 2540 egerant,

114 2547 243 2575 subditos
261 2548 357 2576 habuit
370 2548 516 2583 Josephus,
541 2556 622 2584 seque
637 2550 782 2577 adorantes
796 2557 910 2584 conspe—

115 2593 162 2626 xit,
180 2599 211 2621 et
231 2595 408 2622 somniorum
434 2598 556 2622 veterum
580 2595 833 2631 interpretationem
860 2603 908 2623 ex-

118 2690 137 2712 t.
152 2685 213 2713 XII.
226 2693 258 2721 p.
278 2685 340 2721 διδ.
356 2689 384 2712 et
393 2693 464 2721 seqq.
476 2687 625 2715 Defendere
639 2686 764 2714 nituntur
778 2686 911 2715 Boschius

119 2721 168 2749 loc.
184 2720 235 2748 citi
254 2725 289 2748 et
301 2720 465 2749 Ballandiaui
479 2723 509 2749 ad
523 2723 593 2750 diem
607 2724 624 2749 8
636 2721 765 2750 Januarii.

153 2757 191 2790 (c)
207 2756 254 2782 An
282 2755 402 2782 fortaSSe
425 2764 470 2789 pro
484 2757 580 2784 πάλινῖ
605 2757 683 2785 Tunc
707 2757 781 2786 dicas
800 2766 808 2785 :
824 2762 849 2785 et
870 2766 913 2785 eos

121 2798 211 2819 unus
227 2790 268 2817 ad
284 2790 386 2816 eadem
407 2789 537 2824 impellere.

156 2827 195 2862 (ar)
211 2825 292 2853 Num
305 2832 356 2859 pro
371 2824 535 2860 λυπήσαντες
543 2829 666 2864 ποιμένα,
679 2827 916 2863 διασπεῖραι,ειο.ἳ

629 86 696 128 ’ωε
714 101 743 129 s.
762 101 897 129 JOANNE
914 101 1182 132 cuuvsosrouo.

1707 115 1724 138 ι

938 166 1030 196 pertos
1045 163 1120 198 (Gen.
1137 171 1213 194 mu,
1229 163 1286 197 26).
1304 163 1363 199 Ipse
1376 168 1477 193 autem.
1491 169 1552 198 post
1565 163 1695 193 creditam
1707 173 1724 194 α

938 211 1014 242 patre
1030 216 1136 239 necem.
1156 208 1237 244 regiis
1250 208 1487 244 curribuslugeuti
1504 210 1623 237 occurrit
1640 210 1724 245 (Ceu.

938 260 1010 284 xLVI,
1027 253 1062 281 29
1073 253 1093 287 ).
1110 253 1168 280 Mox
1183 254 1227 281 hic
1242 255 1311 281 idem
1330 254 1463 289 Just-phus
1482 255 1602 282 moriens
1621 257 1726 284 univer-

939 305 995 325 sam
1008 306 1083 326 suam
1096 300 1296 335 cognationem,
1307 308 1405 336 magno
1415 308 1530 328 numero
1540 302 1595 336 jam
1606 306 1724 334 auctam,

938 343 1036 370 durmn
1066 343 1202 380 Egyptiis
1241 345 1382 371 servitium
1415 345 1576 372 servituram
1618 346 1727 381 reliquit

940 388 950 422 (
964 387 1048 415 Exod.
1063 398 1110 420 vn,
1128 391 1144 417 0
1163 398 1222 424 sqq.
1232 390 1252 424 ).
1264 390 1356 425 Neque
1371 395 1459 417 tamen
1469 396 1579 426 propter
1593 392 1651 426 eius
1667 393 1728 420 obi-

940 437 996 460 tum
1012 434 1146 469 quispiam
1175 435 1295 463 lsraelita
1323 436 1410 464 factus
1434 442 1477 465 est
1500 437 1653 474 Egyptius.
1679 439 1727 466 sed

939 479 1077 514 aliquanto
1105 481 1275 515 perferentes
1303 483 1444 510 servitium
1472 487 1604 518 tempore,
1630 484 1728 520 Moysis

939 532 1023 560 opera
1038 525 1064 552 in
1079 526 1327 561 splendidissimam
1346 528 1499 556 libertatem
1514 530 1641 557 vindicati
1668 530 1728 557 fue-

940 574 1023 603 runt;
1046 575 1074 597 et
1088 571 1133 606 qui
1151 576 1231 599 antea
1248 581 1282 600 ne
1305 573 1439 608 respirare
1456 574 1565 609 quidem
1590 575 1640 602 sub
1657 575 1731 603 labos

939 615 1016 644 ribus
1033 622 1169 652 poterant,
1185 619 1283 647 deinde
1300 619 1340 646 eis
1354 620 1479 648 universa
1494 625 1618 648 creatura
1643 622 1729 649 servi~

939 663 989 695 vit,
1005 663 1069 691 dum
1090 665 1217 693 videlicet
1239 666 1373 702 benignus
1394 666 1466 694 Deus
1483 669 1620 703 gressibus
1635 676 1730 696 eorum

939 716 1015 737 mare
1030 715 1157 746 tanquam
1175 716 1274 739 terram
1287 712 1430 743 exhibuit;
1445 713 1600 741 sitientibus
1623 714 1730 741 deserta

940 760 968 784 et
999 757 1128 792 iuaquosa
1162 759 1219 786 loca
1252 759 1361 795 pelagus
1388 759 1500 791 eilecit;
1536 760 1590 787 cibi
1625 760 1731 795 cupidis

941 810 1038 837 panem
1049 804 1075 830 in
1084 804 1160 832 coclis
1168 805 1336 832 elaboratum
1346 805 1450 841 depluit
1461 806 1555 842 (Erod.
1568 815 1612 838 xv,
1622 808 1633 834 'l
1645 807 1729 842 sqq.).

944 847 993 874 llis
1006 856 1088 883 porro
1098 857 1186 884 neque
1195 850 1301 881 urbem,
1316 858 1405 885 neque
1416 851 1515 883 forum,
1531 859 1620 886 neque
1636 851 1734 881 domos

942 893 1032 920 adhuc
1047 894 1221 926 habentibus,
1241 895 1288 922 sed
1306 894 1334 922 in
1349 899 1423 922 vasta
1438 902 1530 922 eremo
1547 888 1635 931 gregis
1647 896 1733 924 instar

943 939 1032 966 adhuc
1047 940 1228 971 versantibus,
1247 940 1302 967 dux
1325 940 1417 975 populi
1448 940 1554 977 Moyses
1583 942 1616 969 ad
1641 946 1734 977 patres

943 993 1007 1012 suos
1021 986 1175 1020 apponitur.
1193 986 1262 1018 Quid
1285 994 1350 1021 ergo
1372 987 1415 1015 his
1437 988 1570 1022 agendum
1595 993 1663 1020 erat,
1686 987 1733 1022 qui

943 1038 992 1066 per
1010 1031 1118 1067 Moysen
1132 1032 1292 1066 promissam
1307 1033 1502 1068 exspectabant
1525 1041 1622 1068 capere
1644 1034 1732 1060 lucre-

944 1075 1055 1103 ditatcm
1070 1076 1160 1103 ?i\'um
1177 1077 1202 1103 in
1219 1077 1377 1112 Egyptum,
1394 1077 1437 1105 dic
1451 1077 1527 1109 mihi,
1542 1077 1733 1112 desperatione

944 1121 1136 1149 redeundum?
1162 1123 1197 1150 At
1227 1128 1301 1150 certe
1330 1124 1436 1150 illorum
1464 1124 1604 1151 stultitiam
1630 1124 1734 1152 risisset

944 1166 1042 1202 Moysis
1057 1168 1084 1194 in
1103 1176 1214 1196 munere
1230 1177 1372 1197 successor
1387 1169 1478 1202 Josue,
1500 1170 1545 1205 qui
1567 1170 1734 1206 alienigena<

946 1221 1005 1241 rum
1022 1215 1103 1242 urbes
1116 1216 1251 1244 iurenihus
1265 1217 1445 1244 communitas
1459 1217 1540 1252 cepit,
1560 1217 1641 1244 modo
1655 1217 1736 1244 tuba-

945 1268 1006 1288 rum
1030 1262 1120 1288 souitu
1149 1262 1214 1297 (los.
1235 1271 1272 1295 vt,
1292 1263 1301 1290 l
1320 1271 1378 1298 sqq.
1391 1262 1411 1298 ),
1427 1263 1508 1290 modo
1533 1263 1736 1298 exspectatione

946 1309 1134 1336 tanttmnuodo
1149 1309 1190 1336 vel
1211 1309 1375 1344 prmsentia:
1401 1309 1518 1344 denique
1538 1314 1566 1336 et
1590 1309 1736 1336 nonnullos

946 1352 1014 1379 vidit
1029 1353 1173 1380 artiﬁciosa
1188 1353 1283 1382 fraude
1300 1359 1420 1387 utentes,
1436 1360 1465 1383 ut
1481 1360 1638 1390 spontaneis
1651 1355 1737 1383 servi-

948 1399 1014 1425 tutis
1026 1399 1119 1434 jugum
1136 1399 1269 1427 subirent.

983 1445 1009 1472 7.
1024 1445 1096 1472 Elias
1113 1445 1257 1480 aliquando
1272 1446 1362 1473 aiebat
1376 1446 1463 1473 solum
1479 1454 1509 1474 se
1532 1447 1655 1474 relictum
1681 1447 1738 1482 (qui

948 1491 1005 1518 Deo
1019 1491 1133 1518 serviret
1145 1493 1163 1525 ),
1181 1499 1296 1526 moxque
1313 1492 1413 1526 reperit
1426 1496 1535 1519 centum
1549 1493 1697 1528 prophetas
1709 1493 1738 1520 in

949 1538 1086 1573 speluncis
1100 1538 1234 1571 viventes,
1257 1538 1415 1573 audivitque
1442 1538 1586 1566 Dominum
1612 1539 1663 1566 sibi
1695 1539 1739 1566 di-

949 1589 1056 1611 centem
1071 1593 1077 1611 :
1094 1583 1204 1619 Reliqua
1222 1584 1285 1611 milu'
1302 1584 1350 1619 feci
1364 1592 1410 1611 sea;
1426 1583 1510 1610 millia
1533 1583 1677 1616 hominum,
1694 1584 1740 1619 qui

949 1638 1016 1666 genu
1032 1629 1111 1656 Bauli
1124 1638 1174 1656 non
1188 1631 1317 1664 ﬂexerunt
1334 1628 1388 1663 (III
1404 1629 1466 1666 Reg.
1485 1638 1540 1662 xIx,
1558 1630 1612 1664 18).
1629 1630 1740 1658 Postre-

951 1683 995 1702 mo
1011 1676 1068 1711 ipse
1076 1683 1156 1702 curru
1166 1675 1211 1703 illo
1225 1683 1384 1708 conscenso,
1394 1676 1533 1712 igneisque
1548 1675 1597 1703 alis
1607 1676 1634 1703 in
1642 1676 1741 1704 coelum

951 1721 1055 1753 volatus,
1072 1721 1199 1748 Elisteum
1215 1721 1320 1755 habuit,
1340 1722 1386 1758 qui
1401 1723 1428 1750 in
1444 1730 1473 1750 se
1488 1722 1573 1750 Eliam
1590 1730 1742 1757 repraesen-

953 1766 1030 1797 tavit,
1046 1767 1099 1793 imo
1128 1767 1214 1801 major
1238 1767 1374 1794 interdum
1393 1767 1466 1795 visus
1491 1771 1544 1800 est,
1573 1771 1653 1802 prout
1683 1767 1742 1802 ipse

953 1813 1056 1848 optavit
1071 1813 1118 1846 (IV
1136 1813 1198 1849 Reg.
1216 1822 1247 1846 ll,
1266 1813 1313 1849 9).
1341 1813 1406 1841 Sine
1431 1814 1513 1841 dubio
1537 1821 1611 1841 nunc
1635 1821 1743 1848 quoque

953 1859 1018 1886 latet
1035 1859 1136 1887 alicubi
1159 1860 1283 1891 Elisazus.
1307 1860 1354 1895 qui
1373 1860 1462 1887 Patris
1482 1860 1601 1888 meloten
1621 1859 1741 1887 sustulit.

954 1905 1035 1939 Quid,
1050 1914 1108 1938 oro,
1129 1906 1150 1933 si
1165 1911 1193 1933 tu
1220 1906 1263 1934 illa
1277 1910 1357 1934 aetate
1382 1907 1508 1939 vixisses,
1537 1914 1590 1941 qua
1614 1905 1743 1933 Servatur

954 1952 1090 1986 apparuit,
1105 1956 1186 1986 atque
1211 1953 1247 1980 ita
1273 1961 1335 1980 cum
1364 1953 1494 1988 apostolis
1519 1960 1641 1984 versans,
1667 1951 1742 1979 illum

955 1998 1063 2032 quidem
1079 1998 1237 2026 cruciﬁxum
1252 1998 1380 2031 vidisses,
1404 1998 1578 2026 cruciﬁxores
1602 2002 1694 2025 autem
1719 2002 1744 2025 te

956 2046 1104 2073 imitantes
1125 2046 1248 2073 audisses
1262 2051 1290 2074 et
1312 2045 1478 2073 assentando
1502 2045 1635 2077 dicentes,
1653 2045 1744 2072 omnia

957 2096 1045 2120 morte
1059 2093 1213 2120 necessario
1225 2092 1308 2124 liniri,
1318 2100 1383 2120 num
1395 2092 1428 2119 ad
1439 2092 1586 2127 apostolos,
1597 2091 1640 2119 dic
1654 2091 1744 2123 sodes,

957 2139 1089 2167 accedens
1104 2140 1230 2167 hortatus
1242 2146 1289 2166 eos
1303 2146 1389 2171 esses,
1406 2143 1437 2166 ut
1455 2138 1586 2173 Caipham
1612 2137 1745 2165 conveni-

957 2190 1030 2219 rent,
1044 2190 1132 2214 actam
1147 2193 1204 2213 rem
1219 2185 1371 2217 laudarent,
1396 2184 1534 2211 dexteram
1549 2184 1620 2210 illam
1634 2182 1746 2211 christi-

958 2233 1047 2260 cidam
1062 2232 1272 2260 oscularentur?
1287 2231 1352 2258 Sine
1368 2230 1452 2258 dubio
1472 2230 1524 2257 hoc
1539 2229 1592 2257 illis
1605 2236 1660 2256 non
1682 2236 1748 2264 per-

959 2277 1113 2304 suasisses:
1131 2280 1158 2303 tu
1175 2284 1240 2304 vero
1259 2276 1311 2303 hoc
1331 2275 1403 2303 facto
1429 2274 1549 2310 Spiritus
1564 2274 1636 2301 dono
1663 2276 1748 2301 temet

960 2322 1104 2357 privasses.
1121 2326 1149 2349 et
1164 2321 1316 2349 innumeris
1340 2321 1393 2347 illis
1414 2320 1501 2351 bouis,
1520 2327 1577 2354 qua:
1594 2326 1639 2346 nec
1655 2317 1746 2345 oculus

960 2369 1034 2401 uidit,
1058 2376 1140 2404 neque
1168 2368 1240 2394 auris
1271 2366 1386 2399 audivit,
1417 2373 1499 2400 neque
1514 2365 1541 2391 in
1568 2372 1613 2390 cor
1636 2362 1747 2390 hominis

962 2415 1132 2441 ascenderunt
1147 2413 1155 2449 (
1167 2413 1179 2440 l
1193 2413 1253 2441 Cor.
1268 2421 1297 2446 ιι,
1312 2413 1360 2447 9),
1388 2419 1448 2447 qua:
1475 2410 1602 2438 videlicet
1626 2408 1746 2437 cruciﬁxi

962 2457 1074 2485 donavit
1089 2457 1167 2485 nobis
1181 2457 1344 2492 benignitas.

998 2503 1024 2531 8.
1041 2503 1107 2536 Qua:
1120 2511 1181 2530 cum
1195 2503 1231 2530 ita
1244 2502 1309 2535 sint,
1324 2509 1359 2529 ne
1373 2509 1448 2529 nunc
1470 2500 1580 2535 quidem
1603 2500 1748 2535 desperare

963 2549 1036 2580 licet,
1051 2549 1157 2580 fratres,
1173 2549 1207 2576 de
1223 2549 1270 2576 Dei
1282 2548 1392 2576 auxilio.
1406 2547 1459 2575 Sed
1471 2547 1625 2575 necessario
1635 2545 1749 2574 dicenda

964 2595 1043 2623 nobis
1057 2600 1120 2624 sunt
1135 2596 1217 2623 verba
1237 2595 1386 2631 priscorum
1399 2594 1613 2622 adolescentium
1626 2593 1746 2623 illorum.

1001 2689 1036 2723 (ε)
1052 2689 1122 2717 Num
1137 2697 1186 2724 pro
1205 2688 1330 2724 μακρόνῖ

1003 2726 1034 2762 (ι’)
1054 2724 1219 2762 ῦειὶιιιοιινὶιτςιε
1233 2724 1308 2751 dicit.
1471 2755 1482 2762 _
1513 2759 1519 2762 _
1574 2753 1601 2762 γ,
1614 2752 1637 2762 ,ξ
1657 2751 1680 2762 ,ε

1051 2751 1318 2791 Μεταλλάσσοντα,
1334 2766 1383 2794 pro
1401 2764 1455 2792 quo
1469 2755 1583 2783 fortasse
1593 2752 1640 2782 hic
1653 2751 1754 2781 dicitur

968 2795 1181 2827 ὑπαλλάξαντες.
