2052 3113
126 146 187 167 ιτη

125 202 187 230 tus,
205 200 234 224 et
255 195 313 232 ipse
333 204 442 232 quoque
465 196 600 224 ethnicus.
621 197 814 225 Verumtamen
839 197 931 225 divina

125 243 218 280 gratia
240 247 422 278 compunctus
440 244 475 272 ad
490 239 855 272 ecclesiasticos.conventus
875 251 932 272 cce-

124 290 170 325 pit
184 289 328 322 accedere,
341 294 369 317 et
383 289 540 317 divinarqu
553 289 756 325 Scripturarum
771 290 933 318 lectionibus

125 335 289 362 interesse:
308 343 375 369 quas
390 343 453 362 cum
478 335 595 363 libenter
617 336 735 369 audiret,
756 336 852 363 harum
872 344 932 363 ma-

125 380 222 416 gistris
249 381 419 414 adhaerebat,
449 381 540 409 divina
572 382 742 417 providentia
770 383 929 410 illustratus.

125 426 230 454 Sancto
258 432 352 454 autem
376 432 505 463 suscepto
527 427 555 454 iu
576 429 643 456 urbe
657 428 752 456 Amida
765 429 901 463 baptismo
915 437 930 456 a

123 472 240 501 Baiano
253 474 395 508 episcopo,
411 475 503 501 statim
518 475 604 502 lector
623 475 763 502 ordinatus
776 478 818 502 est
832 475 930 502 Antio-

123 519 198 547 chiae
212 527 228 546 a
244 519 386 547 Pcemenio
401 521 462 556 ejus
473 521 549 548 urbis
561 521 699 557 episcopo.

159 579 189 605 ‘2.
205 579 242 606 Et
253 579 319 614 quia
339 579 396 614 jam
413 579 528 607 innuere
546 579 679 614 cmpimus
707 579 741 606 de
760 579 827 613 justi
849 580 929 614 hujus

125 623 349 655 insidiatoribus,
368 625 467 652 horum
484 624 604 659 profecto
627 625 754 659 princeps
769 625 819 652 fuit
837 625 928 652 Eudo-

125 669 169 698 xia
196 669 310 697 Arcadii
339 677 417 702 uror,
445 669 545 697 deinde
576 674 637 704 post
664 669 738 696 illam
759 669 928 704 Theophilus

126 715 301 743 Alexandriae
317 716 473 751 episcopus,
491 721 546 743 tum
565 716 690 743 similiter
711 715 883 748 Severianus,
901 720 928 743 et

127 768 189 788 cum
208 769 242 788 eo
256 761 376 788 Aeacius
400 767 482 796 atque
502 761 680 797 Porphyrius;
697 762 723 788 hi
738 762 847 796 quidem
868 762 927 797 cpi-

127 808 203 842 scopi
233 815 267 834 ac
291 807 417 834 nonnulli
443 808 499 840 alii,
520 808 554 835 de
570 808 668 842 quibus
691 812 784 842 postea
805 808 928 835 dicturus

128 861 197 882 sum.
216 854 389 888 Colloquitur
410 859 502 881 autem
528 854 599 881 circa
625 854 756 882 Joannem
777 859 804 881 et
822 862 883 888 quae
902 854 927 881 ei

132 905 284 928 evenerunt
298 901 401 933 omnia,
414 908 476 927 cum
490 900 631 927 Theodoro
646 908 749 935 magna:
763 899 856 927 licium
868 899 928 927 dia-

131 952 209 976 cono,
223 945 264 972 vir
279 945 390 979 quidam
407 945 573 980 spectabilis,
590 946 699 972 nomine
713 945 864 978 Palladius;
880 945 927 980 qui

128 990 246 1026 primum
260 991 361 1018 deserti
375 991 469 1018 multis
483 991 561 1018 annis
574 991 670 1022 incola,
682 991 811 1026 deinceps
823 991 927 1026 episco-

127 1043 190 1073 patu
213 1038 242 1065 in
264 1037 391 1073 Bithynia
412 1042 526 1065 ornatus
552 1036 612 1064 fuit.
629 1037 703 1064 Idem
719 1037 763 1064 hic
778 1037 926 1064 multorum

128 1091 234 1119 quoque
250 1082 363 1110 Patrum
379 1083 496 1110 virtutes
515 1083 676 1117 descripsit;
699 1087 726 1109 et
746 1083 808 1117 quia
826 1082 925 1110 Joanni

128 1129 267 1157 familiaris
282 1129 344 1162 fuit,
359 1129 477 1156 carceris
489 1136 637 1156 aerumnam
648 1129 788 1156 mensibus
798 1129 925 1156 undecim

128 1183 223 1211 passus
250 1178 294 1202 est
327 1175 356 1202 in
385 1174 534 1202 tenebroso
563 1174 698 1201 cubiculo.
734 1173 801 1201 Volo
834 1175 925 1210 igitur,

129 1226 259 1256 quantum
276 1227 346 1248 meae
367 1219 508 1247 facultatis
529 1224 580 1253 est,
594 1228 638 1247 res
652 1220 765 1247 Joannis
780 1220 857 1248 vobis
876 1229 926 1248 ex-

130 1273 239 1301 ponere.

162 1327 187 1354 5.
207 1326 331 1354 Joannes
346 1325 436 1361 itaque
457 1327 528 1354 duro
541 1326 602 1354 vita:
614 1334 723 1362 genere,
740 1334 794 1361 quo
815 1327 840 1354 in
859 1327 925 1354 urbe

130 1373 264 1406 utebatur,
283 1381 340 1400 non
355 1377 513 1404 contentus,
530 1372 557 1399 in
573 1373 710 1407 proximos
727 1377 833 1400 montes
848 1381 925 1400 sece-

129 1421 203 1452 dens,
227 1420 264 1447 ibi
294 1420 401 1455 corpori
427 1418 582 1447 edomando
604 1419 723 1447 studium
740 1419 922 1455 impendebat.

129 1466 177 1494 Sed
197 1466 273 1494 enim
288 1466 316 1493 in
332 1466 387 1494 imo
399 1469 498 1493 ventre
509 1471 654 1501 percussus
674 1465 782 1501 frigore,
797 1473 859 1492 cum
875 1466 925 1493 sibi

129 1512 285 1539 ministrare
301 1511 455 1540 necessaria
468 1519 524 1538 non
537 1515 637 1546 p055et,
651 1519 744 1538 rursus
758 1511 785 1538 in
799 1511 926 1538 Ecclesia:

128 1564 235 1595 portum
263 1566 294 1587 se
317 1559 429 1594 recepit,
447 1558 538 1587 divina
555 1565 616 1585 eum
634 1558 775 1585 commode
790 1558 873 1593 gratia
892 1557 925 1586 ad

129 1606 152 1633 id
168 1606 239 1641 quod
256 1607 342 1641 magis
353 1607 482 1642 proderat
498 1607 663 1642 perducente
676 1615 683 1633 :
697 1606 781 1641 ﬁtque
795 1606 927 1635 diaconus

128 1652 291 1684 Antiochiae,
306 1653 362 1687 jam
375 1660 424 1680 ore
439 1652 500 1687 ejus
518 1651 678 1679 mirabiliter
699 1656 793 1679 contra
808 1652 926 1680 hmreses

129 1701 291 1730 resonante;
307 1705 368 1724 mox
379 1701 407 1724 et
421 1698 563 1733 presbyter
576 1697 760 1725 constituitur.
777 1697 926 1734 Denuoque

127 1752 215 1772 sermo
232 1744 288 1776 ille,
305 1743 360 1771 sale
371 1744 498 1771 conditus
513 1743 622 1779 (Colon.
639 1752 676 1777 Iv,
688 1743 728 1779 6),
749 1745 926 1779 tempestivus

127 1799 193 1819 sane
213 1799 248 1819 ex
271 1798 319 1829 ore
341 1790 427 1825 ipsius
450 1790 585 1825 prodibat,
602 1791 691 1825 primo
707 1790 816 1825 quidem
831 1796 925 1819 contra

127 1837 262 1872 superbos
276 1840 304 1863 et
315 1835 482 1872 irreligiosos
498 1843 530 1863 ac
544 1843 694 1871 pauperum
710 1843 823 1869 osores;
844 1842 925 1872 atque

126 1882 152 1910 in
165 1883 207 1910 his
224 1882 395 1918 argumentis
409 1890 574 1918 magnopere
588 1883 741 1910 exsultabat
757 1888 864 1916 orator;
876 1884 924 1911 ad.

124 1932 240 1964 eratque
269 1928 294 1956 ei
319 1928 509 1964 quotidianum
540 1929 714 1961 auditorium,
742 1934 924 1958 concurrente

125 1974 253 2002 utilitatis
286 1982 343 2002 suae
374 1982 457 2002 causa
492 1975 602 2010 populo,
637 1976 783 2011 cunctique
809 1984 871 2004 eum
892 1977 925 2003 li-

124 2021 224 2048 benter
242 2021 400 2055 audiebant,
423 2021 600 2057 ejusdemque
620 2021 699 2049 dictis
720 2029 824 2049 morem
848 2030 919 2050 pere-

124 2067 203 2095 bant.

160 2127 189 2155 4.
203 2127 276 2154 Ecce
289 2131 382 2154 autem
393 2126 439 2155 illo
451 2131 572 2163 tempore
583 2128 705 2163 contigit,
728 2132 758 2155 ut
776 2129 810 2156 ab
827 2129 924 2156 huma-

123 2180 168 2200 na:
182 2173 247 2200 vita:
261 2173 418 2200 turbinibus
432 2173 574 2201 Nectarius
589 2174 742 2206 decederet,
768 2173 925 2202 Constanti-

125 2218 259 2254 nopoleos
277 2219 445 2254 episcopus,
464 2226 497 2246 ac
516 2219 631 2254 proinde
650 2219 728 2247 multi
744 2220 925 2248 sacerdotium

125 2265 194 2292 illud
220 2265 421 2300 propemodum
448 2270 644 2298 mercarentur,
669 2273 759 2301 neque
788 2266 926 2294 modicum

126 2310 271 2338 dissidium
286 2310 377 2338 fieret.
397 2309 475 2338 Tunc
493 2309 610 2338 Arcadio
631 2310 787 2346 imperatori
811 2311 926 2338 relatum

126 2356 179 2384 fuit
193 2356 227 2383 de
241 2355 356 2383 Joannis
371 2356 527 2391 praestantia
541 2364 548 2382 :
560 2356 605 2391 qui
621 2357 711 2384 statim
729 2357 763 2383 ad
774 2357 926 2384 Antiochiae

128 2403 288 2438 praefectum
305 2402 425 2438 scripsit,
439 2406 469 2430 ut
483 2403 585 2438 absque
598 2403 713 2439 strepitu
728 2403 781 2430 ullo
794 2403 926 2431 Joannem

128 2449 161 2478 ad
174 2456 204 2476 se
222 2449 355 2481 mitteret,
382 2455 482 2476 cavens
500 2456 534 2476 ne
549 2449 591 2476 vel
613 2448 701 2484 ipsum
722 2449 860 2476 hominem
884 2448 926 2476 vel

129 2495 330 2523 Antiochenam
346 2494 485 2523 civitatem
500 2495 630 2522 turbaret.
647 2495 710 2523 Fuit
727 2499 818 2523 autem
834 2503 926 2522 exem-

131 2540 189 2576 plar
210 2541 334 2576 epistolae
353 2541 430 2569 hoc:
449 2550 459 2567 ι
477 2541 608 2569 Arcadius
621 2546 761 2577 augustus,
781 2541 924 2577 gloriosus,

132 2585 232 2615 Victori
251 2587 367 2623 patricio
381 2591 409 2615 et
423 2587 552 2623 prmfeulo
563 2587 682 2616 Orientis
697 2588 756 2616 haec
769 2589 813 2616 aio
832 2596 839 2615 :
856 2587 926 2621 Quia

134 2634 255 2662 nonnulli
281 2634 367 2670 inepti
390 2634 490 2662 inscite
503 2633 630 2662 videntur
640 2642 815 2666 concurrere,
835 2639 863 2662 et
876 2642 926 2662 ne-

137 2727 255 2756 Orienh'a.
268 2728 389 2757 Pronius
402 2728 470 2756 mihi
484 2732 543 2757 erat
556 2728 677 2757 scribere
691 2729 719 2756 ’0

139 2761 248 2792 Orontis.
273 2763 329 2792 Sed
344 2763 487 2792 insolitum
507 2763 560 2799 hoc
571 2761 837 2799 videbatur'hulgb
855 2764 927 2799 apud

138 2803 255 2827 auctores
267 2800 426 2835 στρατηγὸς
439 2799 490 2834 τῆς
510 2797 654 2835 Ἀνατολῆς
672 2799 714 2826 vel
729 2800 778 2835 τῆς
785 2797 926 2834 Ἕω).οὣ

141 2835 235 2870 tcquui
251 2834 392 2863 Palladius
416 2842 524 2870 quoque
541 2834 608 2862 dicit
623 2834 769 2863 Arcadium
783 2835 926 2870 scripsisse

139 2873 167 2900 ad
178 2869 355 2906 praefectum;
372 2870 422 2897 sed
433 2869 479 2896 alii
495 2870 634 2906 biographi
648 2871 681 2898 ad
692 2869 850 2898 Flavianum
864 2870 923 2906 epi-

723 2729 827 2765 Ράντθλδ
844 2728 870 2757 id
885 2731 927 2765 εει

515 139 559 167 DE
578 139 660 167 VITA
677 138 722 167 ET
742 138 881 168 EXSILIO
898 141 927 168 5.
946 140 1089 170 JOANNIS
1108 142 1364 172 CHRYSOSTOMI.

1711 150 1777 172 Lvttl

989 206 1042 234 que
1068 199 1218 233 dedeceris,
1241 208 1330 236 neque
1351 205 1451 235 metus,
1465 208 1555 236 neque
1574 199 1779 235 vituperationis

986 244 1120 272 rationem
1136 245 1280 277 habentes.
1304 246 1491 282 episcopatum
1521 245 1571 273 sibi
1601 245 1712 273 concedi
1729 253 1779 273 vo-

985 290 1056 323 lunt,
1074 299 1124 318 nos
1149 291 1198 319 Dei
1219 292 1308 319 timori
1323 300 1432 327 semper
1452 292 1642 326 obsequentes,
1664 290 1724 322 hos,
1748 298 1779 319 re

986 344 1042 363 non
1063 336 1216 372 impetrata,
1235 337 1410 364 dimittimus.
1437 336 1496 364 Tibi
1526 342 1616 364 autem
1632 337 1682 364 hac
1702 344 1777 364 sacra

985 382 1097 417 epistola
1119 387 1210 410 nostra
1223 383 1360 418 praecipio,
1377 387 1407 409 ut
1419 390 1480 410 cum
1496 382 1570 410 omni
1587 382 1778 417 tranquillitate

983 428 1076 455 mittas
1100 429 1153 456 huc
1176 429 1308 456 Joannem
1327 430 1526 465 presbyterum,
1543 429 1608 464 quin
1630 437 1687 456 rem
1704 429 1778 464 quis-

984 482 1065 509 quam
1084 474 1236 502 Antiochize
1261 475 1414 510 suspicetur
1434 480 1481 503 aut
1494 475 1603 503 sentiat.
1617 474 1695 507 Quod
1710 474 1737 502 si'
1749 479 1777 502 tu

984 521 1141 548 mandatum
1155 521 1261 556 egregie
1277 520 1437 556 perfeceris,
1450 529 1583 548 summam
1595 529 1610 548 a
1625 521 1703 548 nobis
1718 520 1777 548 lau-

983 566 1045 594 dem
1061 567 1172 594 referes.
1189 577 1198 592 ι
1216 567 1263 594 His
1280 567 1357 594 lectis
1372 567 1516 602 prtefectus
1531 567 1663 594 Joannem
1679 567 1777 594 invitat

983 616 1013 639 ut
1027 617 1101 639 extra
1115 612 1141 639 in
1152 612 1290 640 suburbiis
1302 612 1420 643 adesset,
1432 619 1512 646 quem
1525 619 1587 638 mox
1602 611 1628 638 in
1642 611 1776 645 publicam

983 658 1094 685 rhedam
1111 658 1278 693 impositum,
1301 658 1363 684 data
1384 657 1465 684 etiam
1488 657 1595 690 lectica,
1618 656 1776 684 Constanti-

981 702 1100 737 nopolim
1114 702 1206 730 mittit.
1220 702 1372 736 Statimque
1384 702 1526 729 ordinatur
1537 701 1689 736 cpiscopus,
1704 703 1777 727 erat.

980 756 1033 784 que
1049 749 1178 776 facultate
1194 749 1308 776 ducendi
1324 748 1569 783 splendidissimus,
1586 747 1779 774 immisericor-

980 795 1029 822 des
1043 795 1141 822 divites
1153 795 1262 830 Deoque
1282 795 1401 830 ingratos
1420 794 1556 821 liberrime
1570 800 1696 829 arguens.
1710 791 1777 825 Quae.

980 840 1071 867 omnia
1097 839 1316 867 dissolutioribus
1342 838 1498 866 hominibus
1521 838 1673 865 molestiam
1701 843 1776 864 crea-

979 885 1054 912 bant.

1016 932 1042 959 5.
1058 931 1140 959 Porro
1157 930 1314 958 indesincns
1330 930 1428 958 diaboli
1447 929 1547 958 invidia
1576 929 1666 957 ofﬁcio
1680 936 1776 957 rursus

979 977 1090 1013 proprio
1105 977 1196 1004 functa
1210 982 1261 1005 est.
1281 976 1387 1004 Etenim
1409 976 1581 1004 Alexandriae
1600 984 1656 1004 rem
1677 976 1775 1010 hujus-

980 1024 1051 1051 modi
1076 1023 1134 1050 fieri
1161 1023 1273 1058 contigit
1294 1031 1300 1049 :
1322 1030 1422 1058 nempe
1442 1021 1613 1049 'I'heodotem
1638 1021 1775 1049 Theodori

979 1068 1104 1104 praetoris
1125 1075 1246 1096 sororem
1266 1067 1340 1095 mille
1361 1075 1489 1095 nummos
1510 1067 1576 1095 dare
1591 1067 1695 1094 Isidoro
1712 1074 1776 1102 prc—

980 1114 1088 1150 sbytero
1114 1118 1142 1142 et
1166 1114 1237 1149 apud
1257 1113 1379 1141 eamdem
1400 1112 1543 1140 ecclesiam
1566 1112 1704 1147 hospitum
1731 1119 1774 1139 ex-

979 1160 1092 1196 ceptori,
1108 1164 1138 1187 ut
1154 1159 1318 1195 pauperibus
1331 1158 1517 1186 distribueret.
1538 1157 1589 1185 Hic
1609 1165 1674 1185 vero
1691 1157 1774 1184 Isido-

978 1214 1025 1234 rus
1037 1210 1148 1234 sanctus
1163 1205 1205 1232 vir
1220 1209 1279 1232 erat
1292 1208 1321 1232 et
1334 1204 1480 1236 discretus,
1494 1211 1576 1238 quem
1593 1203 1689 1231 beatus
1704 1210 1773 1238 papa

978 1253 1144 1281 Athanasius
1167 1252 1354 1288 presbyterum
1381 1250 1494 1278 fecerat.
1517 1249 1578 1278 Jam
1605 1257 1671 1277 vero
1705 1256 1774 1285 papa

979 1298 1158 1333 Theophilus,
1172 1305 1201 1325 re
1216 1297 1333 1333 cognita,
1349 1296 1511 1324 accersitum
1524 1295 1657 1323 Isidorum
1667 1295 1700 1323 de
1709 1301 1776 1322 auro

978 1343 1131 1372 sciscitatus
1143 1347 1194 1371 est.
1217 1343 1267 1370 Hic
1281 1342 1384 1378 liquido
1395 1342 1539 1370 veritatem
1556 1341 1700 1368 confessus
1715 1341 1752 1368 ait
1766 1348 1773 1366 :

982 1399 990 1415 ι
1010 1389 1179 1416 Thcodolem
1194 1396 1254 1423 quae
1271 1388 1393 1420 dederat,
1410 1395 1438 1415 se
1458 1388 1607 1422 adjurasse,
1629 1387 1776 1422 quominus

978 1434 1005 1463 id
1026 1435 1073 1462 tibi
1098 1435 1243 1465 traderem,
1262 1433 1310 1461 sed
1325 1433 1468 1468 egentibus
1491 1432 1582 1468 potius
1603 1432 1774 1468 impcrtirer'.

977 1481 1073 1508 melior
1085 1485 1127 1507 est
1141 1481 1225 1511 enim,
1238 1480 1285 1512 ait,
1299 1479 1488 1509 beneficentia.
1503 1486 1583 1513 quam
1599 1478 1643 1506 illa
1657 1486 1717 1513 qua:
1728 1485 1776 1505 vos

978 1526 1119 1553 exstruitis
1143 1525 1267 1553 aediﬁcia.
1293 1534 1302 1550 ι
1324 1524 1374 1552 Hic
1402 1532 1467 1551 vero
1488 1524 1628 1552 iracundia
1656 1524 1775 1554 furebat,

978 1572 1106 1600 dentibus
1120 1572 1251 1599 adversus
1264 1571 1396 1598 Isidorum
1412 1570 1580 1598 infrendens.
1597 1570 1619 1597 A
1633 1578 1774 1598 communi

979 1625 1043 1653 ergo
1054 1617 1132 1645 hoste
1146 1622 1297 1644 commotus
1312 1616 1480 1650 Theophilus
1495 1615 1604 1650 scripsit
1618 1620 1712 1643 contra
1726 1615 1774 1643 ab-

978 1665 1069 1692 batem
1089 1664 1222 1691 Isitlorum
1247 1662 1405 1691 Sodomitici
1427 1661 1520 1697 ﬂagitii
1539 1661 1774 1693 criminationem,

978 1710 1057 1745 eique
1071 1710 1103 1738 ad
1117 1718 1146 1738 se
1157 1713 1254 1737 vocato
1265 1709 1331 1737 dixit
1345 1717 1351 1735 :
1370 1719 1380 1735 ε
1398 1709 1500 1736 Isidore
1516 1708 1610 1739 abbas,
1624 1707 1775 1735 chartulam

979 1756 1049 1783 hanc
1060 1756 1134 1783 dedit
1148 1755 1214 1782 mihi
1227 1755 1335 1790 quidam
1347 1755 1478 1782 adversus
1490 1758 1532 1786 te;
1552 1759 1648 1780 verum
1663 1760 1714 1788 ego
1725 1760 1775 1788 per

977 1803 1062 1830 multa
1081 1802 1235 1834 distractus,
1252 1801 1380 1828 oblivioni
1396 1800 1570 1832 tradideram,
1591 1807 1666 1826 nunc
1684 1804 1774 1826 tamen

978 1848 1056 1876 aliam
1078 1855 1204 1883 quarens
1231 1846 1392 1878 chartulam,
1416 1847 1486 1874 hanc
1512 1845 1692 1881 deprehendi,
1715 1852 1775 1880 quae

978 1897 1045 1924 mihi
1066 1895 1267 1924 accusationem
1285 1895 1332 1923 tibi
1346 1895 1491 1931 irrogatam
1515 1894 1543 1921 in
1562 1899 1683 1922 mentem
1698 1901 1775 1921 revo-

978 1941 1058 1968 cavit.
1079 1949 1088 1966 ›
1110 1940 1256 1975 Cuijustus
1269 1939 1312 1967 ille
1325 1940 1366 1967 vir
1385 1939 1564 1975 respondens,
1578 1939 1614 1966 ait
1632 1948 1638 1966 :
1657 1949 1667 1965 ‹
1684 1938 1774 1966 Domi-

978 1994 1013 2014 ne
1024 1994 1102 2021 papa.
1118 1989 1147 2013 tu
1165 1986 1274 2020 quidem
1285 1986 1385 2013 oblitus
1402 1993 1449 2018 es;
1465 1985 1511 2013 sed
1527 1989 1618 2012 tamen
1631 1988 1774 2012 accusator

979 2032 1024 2060 ubi
1036 2031 1094 2059 est?
1111 2041 1120 2057 ι
1139 2031 1195 2064 Ille,
1215 2042 1224 2057 ‹
1235 2031 1330 2064 Adest,
1348 2040 1357 2056 ι
1374 2031 1477 2066 inquit;
1488 2035 1625 2065 vocatque
1639 2029 1776 2065 Theophi-

978 2079 1152 2107 lussororem
1182 2086 1271 2112 suam,
1302 2082 1330 2105 et
1362 2077 1396 2106 de
1429 2078 1563 2105 instructa
1597 2075 1776 2112 sycophantia

979 2128 1082 2153 monet.
1117 2125 1163 2152 Illa
1188 2125 1222 2152 ad
1252 2124 1362 2152 viduam
1389 2123 1535 2158 quamdam
1568 2123 1666 2158 pergit,
1696 2122 1776 2156 eique

979 2172 1103 2207 pecuniae.
1129 2176 1233 2199 cei-tum
1258 2178 1404 2198 numerum
1427 2169 1519 2201 tradit,
1545 2173 1576 2197 ut
1592 2169 1676 2196 filium
1697 2175 1776 2196 suum

979 2218 1013 2246 ad
1026 2218 1247 2245 calumniandum
1261 2217 1365 2245 Isidoro
1376 2217 1518 2244 subornct.
1530 2215 1594 2243 Ilzec
1606 2220 1697 2242 autem
1718 2221 1775 2241 rem

979 2269 1064 2292 totam
1080 2264 1184 2292 Isidoro
1193 2264 1296 2300 pandit,
1311 2263 1459 2290 ostendens
1478 2261 1558 2289 simul
1575 2269 1635 2296 quae,
1654 2260 1776 2295 accepis-

980 2316 1022 2339 set
1033 2311 1114 2338 dona.
1128 2310 1213 2345 Igitur
1226 2309 1309 2336 abbas
1324 2308 1444 2336 Isidorus
1457 2307 1589 2334 innocens
1604 2310 1632 2333 et
1644 2305 1777 2332 immacu-

979 2356 1062 2388 latus,
1077 2355 1137 2387 hac,
1155 2354 1313 2382 teutatiouis
1338 2360 1429 2385 causa,
1452 2357 1530 2387 capta
1554 2350 1689 2382 mercede,
1712 2349 1777 2377 dum

980 2402 1148 2438 Theophilus
1178 2401 1275 2428 falsum
1303 2399 1435 2436 judicium
1466 2398 1574 2426 auferre
1606 2400 1704 2432 negat,
1742 2395 1777 2423 ab

981 2448 1071 2484 iniqua
1086 2447 1261 2484 sycophantia
1277 2446 1440 2477 recedendo,
1454 2443 1632 2472 intolerandis
1643 2442 1777 2478 impositis

980 2495 1008 2522 in
1036 2495 1132 2523 faciem
1156 2493 1326 2524 verberibus,
1349 2496 1378 2519 et
1399 2494 1569 2522 cruentatus,
1589 2489 1646 2517 suis
1669 2495 1776 2524 quoque

980 2541 1062 2568 rebus
1079 2540 1221 2576 spoliatus,
1238 2543 1266 2566 et
1280 2537 1394 2566 ecclesia
1407 2537 1522 2571 eiectus,
1540 2536 1733 2571 perseverante
1747 2533 1774 2560 in

980 2595 1029 2616 sua
1044 2587 1146 2615 malitia
1160 2585 1323 2622 'l'heopbilo,
1343 2585 1376 2612 ad
1393 2583 1487 2611 Nitriae
1501 2586 1609 2610 montes
1623 2580 1696 2609 unde
1711 2578 1775 2607 olim

980 2635 1127 2662 advenerat
1140 2633 1270 2668 perrexit.

980 2735 1101 2763 scopum.

988 2797 991 2798 ν
1015 2764 1061 2798 (Π
1073 2762 1139 2798 Cod.
1153 2761 1246 2798 etv};
1260 2759 1401 2798 pqavtgu,
1418 2757 1501 2798 quod
1514 2764 1564 2798 εερ
1586 2751 1775 2798 nonrcxplilgo.

979 2786 1151 2860 Adtiocbiam
1160 2786 1278 2832 quidem
1283 2786 1452 2831 appellatam
1464 2786 1601 2821 interdum
1614 2786 1776 2824 Μεγαλάω-

998 2842 1022 2860 ιν
1034 2840 1146 2860 scimus.

998 2842 1022 2860 ιν
1034 2840 1146 2861 56111⁸1118.
