2052 3113
111 143 152 166 ut]
516 134 559 160 DE
580 134 657 159 VI'IA
677 132 719 160 ΕΤ
739 133 876 158 Ελδεωυ
899 131 927 158 S.
946 131 1089 160 JUANNIS
1108 134 1358 160 (lllIIYbUS'IUMI.

142 195 170 222 ὓ.
191 194 281 228 Atque
302 193 355 220 hac
372 192 498 219 violentia
519 195 633 226 patrata,
649 190 828 223 sejunxcrunt
847 197 876 216 se
891 197 906 215 a

109 238 265 274 Theophilo
276 237 388 272 Egypti
405 235 523 271 episcopi
537 238 651 269 septem,
668 234 786 261 Joannes
799 233 906 260 Ternu-

110 285 199 316 theos,
227 281 354 308 Zosimus
385 279 525 311 Sethroiti,
551 278 704 305 Alexander
741 277 904 312 Oxyrynchi,

110 327 273 354 Chaeremon
306 324 419 356 Pelusii,
452 323 565 350 Nonnus
597 322 752 354 Athribeos,
781 321 906 348 Dulcetes

110 371 248 402 Paraleos,
273 368 406 403 Serapion
428 366 523 399 Panis;
541 366 632 402 Libyae
649 369 739 392 autem
762 369 827 396 tres,
851 364 906 391 Lu-

111 415 204 442 cianus
227 413 385 444 Paraetonii,
411 411 596 439 Clementinus
619 410 795 442 Marmaricae,
813 409 906 436 Menas

111 459 216 487 Damae.
249 459 317 486 Item
340 457 432 485 clerici
457 455 625 484 Alexandria:
652 463 767 482 numero
798 454 903 490 viginti,

110 503 216 533 diaconi
245 503 350 530 scilicet
379 510 411 530 ac
436 501 595 537 presbyteri.
615 501 648 528 Hi
665 509 729 536 ergo
752 500 906 536 congregati

111 547 311 583 depositionem
346 547 491 582 Theophili
525 546 647 573 criminis
674 553 738 581 ergo
770 545 902 576 fecerunt,

110 599 226 626 eamque
248 591 380 626 scriptam
407 591 565 618 Innocentio
590 598 665 626 papa:
687 590 799 617 Romam
821 590 905 617 mise-

111 642 184 669 runt,
194 641 225 664 ut
238 637 364 664 eamdem
379 636 498 672 generali
509 629 611 671 judicio
627 635 776 670 perﬁceret,
794 635 905 663 Interim

111 681 231 709 Isidorus
254 682 282 708 in
305 680 401 708 Nitriae
427 686 520 708 monte
537 681 702 715 quiescebat,
723 680 767 707 ubi
789 681 822 707 ab
838 681 905 707 ado-

110 725 241 753 lescentia
264 733 313 753 sua
338 730 438 753 aseeta:
462 734 537 753 more
566 725 679 757 vixerat,
708 725 792 752 Deum
815 725 905 752 omnia

110 775 269 797 cernentem
294 778 387 797 orans.
411 769 579 804 Theophilus
600 774 690 796 autem
710 769 806 796 factam
822 770 871 796 sibi
890 778 904 797 a

110 815 167 841 suis
190 814 393 849 depositionem
413 821 589 850 cognoscens,
615 814 679 848 quid
700 814 750 841 sibi
771 814 904 849 agendum

110 858 180 886 foret
193 859 360 894 ambigebat.

146 905 171 932 7.
187 905 224 931 At
237 913 305 940 papa
320 904 509 937 Innocentius,
519 909 629 939 accepta
638 904 781 938 Theophili
794 904 904 939 deposi-

111 949 194 980 tione,
211 953 366 976 commotus
382 949 538 981 huiusmodi
554 948 698 983 epistolam
713 948 824 979 scribit:
839 958 847 973 ι
860 948 905 975 In-

111 993 253 1019 nocentius
271 1000 381 1027 magna:
403 992 497 1019 Roma
519 993 627 1027 pra-sul,
643 992 718 1019 fratri
742 992 903 1027 Theophila.

109 1036 205 1064 Audivi
218 1037 342 1071 quaedam
359 1045 374 1064 a
386 1041 413 1064 te
427 1037 535 1072 indigne
550 1036 630 1068 facta,
643 1041 723 1071 teque
737 1037 845 1068 damno,
861 1041 906 1063 ut-

111 1086 173 1116 pote
184 1081 229 1116 qui
245 1081 390 1116 tyrannicc
402 1085 495 1108 etnon
511 1081 629 1116 legitime
644 1084 669 1108 te
685 1080 809 1116 gesseris.
823 1081 906 1116 Igitur

111 1125 239 1151 canonice
249 1125 327 1159 juxta
338 1124 539 1152 ecclesiasticas
555 1124 660 1159 regulas
675 1124 716 1151 fac
729 1132 808 1160 agere
820 1125 885 1151 velis
897 1133 905 1158 ;

111 1173 138 1195 et
156 1176 215 1203 qua:
232 1168 382 1195 crudeliter
395 1169 512 1203 gessisti,
529 1171 642 1204 corrige.
660 1169 759 1195 Desine
772 1169 827 1203 jam
848 1177 906 1195 ma—

111 1213 209 1243 lorum,
225 1220 259 1239 ne
283 1220 328 1239 me
357 1212 491 1248 synodum
514 1212 703 1247 episcoporum
727 1219 904 1246 convocante,

109 1257 213 1292 judicio
228 1261 358 1291 tanquam
375 1264 438 1284 rcus
447 1257 609 1292 percellaris.
625 1267 634 1281 ι
650 1257 696 1283 Ille
709 1265 773 1284 vero
788 1258 905 1287 vicissim

111 1301 148 1328 ita
163 1300 352 1327 rescribebat:
375 1310 384 1326 ‹
401 1300 569 1335 Theophilus
591 1301 735 1335 episcopus
757 1300 838 1327 Marci
862 1309 906 1328 se-

112 1345 172 1372 dem
188 1349 296 1377 teuens,
308 1345 473 1372 Innocentio
486 1353 561 1380 papae
572 1345 674 1372 Romaa.
685 1345 740 1380 Ego
747 1354 801 1372 non
812 1346 906 1373 desino

112 1398 158 1417 eos
173 1390 220 1425 qui
237 1390 365 1417 Ecclesiae
382 1390 520 1425 negotium
531 1390 669 1417 facessunt
685 1391 872 1423 ulcisci.Quod
883 1391 905 1418 si

112 1439 140 1461 tu
150 1442 273 1461 meorum
303 1434 478 1461 inimicorum
498 1433 645 1461 calumnias
663 1434 773 1469 recipis,
797 1435 906 1463 nonnisi

114 1483 214 1506 temere
229 1479 263 1506 de
278 1479 388 1505 illorum
405 1478 524 1514 querelis
538 1479 659 1513 judicare
676 1479 822 1507 videberis.
840 1480 906 1508 Mihi

112 1533 219 1560 quoque
234 1525 313 1552 adest
327 1525 490 1560 evangelica:
505 1525 578 1552 sedis
593 1525 732 1560 majestas,
751 1530 778 1553 et
796 1535 845 1561 per
859 1535 906 1554 ur-

113 1573 160 1599 bes
174 1572 313 1599 innumeri
331 1571 451 1606 episcopi
464 1581 471 1604 ;
492 1572 591 1606 quibus
606 1573 784 1607 congregatis,
802 1573 847 1600 tibi
862 1582 907 1601 re-

114 1618 216 1649 sistam,
233 1622 262 1644 et
291 1617 497 1652 usurpationem
519 1622 592 1645 tuam
617 1618 813 1646 condemnabo.
831 1619 906 1653 Vale,

114 1668 141 1691 et
167 1664 332 1690 sententiam
359 1663 484 1690 immuta.
499 1663 528 1690 Si
540 1663 645 1696 minus,
660 1664 730 1697 vale,
751 1665 798 1692 sed
816 1665 906 1692 infeli-

114 1717 170 1736 cem
184 1709 289 1736 exitum
300 1713 468 1744 exspectato.
485 1719 494 1734 ι

147 1755 173 1782 8.
189 1755 238 1782 IIis
253 1756 375 1790 acceptis
390 1756 487 1783 litteris
511 1764 580 1791 papa
597 1757 783 1789 Innocentius,
806 1765 908 1784 convo-

113 1802 179 1829 catis
195 1802 325 1829 omnibus
341 1802 425 1829 Italia
440 1802 584 1838 episcopis,
600 1803 744 1838 Theophili
758 1804 907 1838 depositio-

113 1857 173 1875 nem
188 1849 264 1881 fecit,
280 1857 363 1884 quam
375 1849 477 1876 dudum
491 1849 609 1884 Egyptii
623 1850 741 1885 episcopi
758 1851 906 1883 miserant;

113 1894 211 1930 singuli
227 1895 355 1922 videlicet
369 1895 428 1922 Itali
444 1896 553 1930 proprio
569 1896 699 1931 sulfragio
722 1896 797 1923 illum
823 1897 908 1931 depo-

112 1946 226 1968 suerunt
245 1951 251 1967 :
267 1949 349 1976 quam
361 1942 523 1969 sententiam
537 1942 712 1970 Innocentius
726 1943 760 1970 ad
775 1943 908 1970 Joannem

111 1987 390 2023 Constantinopoleos
402 1988 636 2023 archiepiscopum
657 1989 754 2020 misit...
767 1988 792 2016 Is
816 1993 907 2015 autem

112 2034 331 2069 propinquarum
343 2034 394 2062 sibi
408 2035 549 2070 regionum
564 2035 707 2070 episcopos
729 2043 906 2071 congregans,

112 2079 260 2114 Theophili
278 2080 482 2107 damnationem
502 2081 631 2113 ostendit,
657 2080 704 2115 qui
726 2088 821 2108 omnes
844 2081 909 2108 huic

113 2126 355 2160 subscripserunt;
370 2133 457 2161 eaque
473 2127 601 2161 deinceps
613 2127 712 2154 tradita
726 2126 841 2154 Arcadio
855 2127 908 2153 im-

114 2171 232 2204 peratori
249 2170 310 2197 fuit.
324 2171 388 2198 Erat
397 2175 487 2198 autem
499 2171 677 2206 depositionis
689 2172 826 2206 exemplar
839 2172 907 2199 hoc:

119 2225 127 2241 ι
145 2215 301 2244 Convocata
318 2223 350 2243 ex
372 2216 499 2244 universa
513 2217 589 2244 Italia
605 2225 653 2252 per
668 2216 715 2246 Dei
740 2219 865 2253 gratiam,
882 2223 910 2245 et

117 2268 277 2298 congregata
288 2264 417 2298 synodus,
432 2271 492 2291 cum
513 2272 611 2299 magno
630 2265 755 2292 maximat
773 2265 846 2292 Petri
867 2273 909 2292 ca-

117 2309 218 2336 thedrae
232 2310 359 2344 praesule,
377 2309 494 2337 Arcadio
520 2311 688 2345 imperatori,
704 2315 731 2338 et
751 2311 847 2338 Joanni
863 2319 909 2338 ar-

115 2353 300 2389 chiepiscopo,
319 2358 346 2381 et
359 2355 536 2390 suﬂraganeis
551 2357 610 2390 ejus
624 2357 767 2384 universis.
789 2357 907 2392 {Equum

117 2407 170 2427 non
193 2404 245 2433 est,
274 2405 305 2428 ut
330 2401 382 2428 sub
397 2401 524 2437 religioso
546 2410 629 2438 regno
643 2407 689 2430 tuo
701 2403 807 2430 Pharao
825 2403 907 2438 Moysi

118 2446 271 2480 pnevaleat,
300 2454 391 2482 neque
419 2451 449 2474 ut
467 2455 533 2483 gens
560 2448 607 2475 Dei
635 2449 720 2477 electa
737 2449 908 2477 conﬁciendo

118 2491 199 2519 latere
212 2497 239 2520 et
253 2501 382 2520 saxorum
397 2494 526 2521 oneribus
545 2498 678 2521 atteratur
690 2495 784 2531 (Exod.
804 2504 823 2528 ι,
847 2496 906 2530 ll);

117 2545 166 2564 nec
180 2538 300 2573 denique
310 2539 415 2574 magica
431 2539 503 2566 fraus
513 2540 620 2574 jubenti
641 2540 726 2576 digito
741 2541 788 2568 Dei
811 2541 907 2568 decer-

118 2588 164 2612 tet.
180 2585 407 2622 Quandoquidem
425 2587 515 2623 itaque
530 2588 588 2615 haec
600 2589 692 2616 omnia
705 2588 858 2624 Theophilo
869 2589 908 2615 in-

117 2636 224 2663 sunt,et
236 2633 551 2668 innocuumjustumquc
566 2635 725 2669 sanguinem
737 2634 816 2667 fudit,
826 2639 907 2669 atque

118 2678 297 2712 evangelicum
311 2679 468 2706 cathedram
483 2680 564 2715 impie
578 2684 604 2707 et
620 2684 717 2715 praeter
730 2688 848 2708 canones
864 2681 907 2708 de-

119 2722 286 2756 honestavit;
305 2732 359 2751 nos
382 2726 546 2760 congregati,
573 2731 602 2752 et
620 2726 774 2760 judicantes
788 2727 822 2753 de
840 2725 907 2753 faci-

119 2768 229 2796 noribus
248 2769 327 2804 ejus,
344 2778 405 2805 qua:
419 2770 526 2806 {Egyptl
554 2775 581 2798 et
611 2771 700 2807 Libyre
726 2772 857 2807 episcopi,
880 2777 907 2800 et

151 2849 186 2884 (ὁ)
202 2849 269 2878 Cod.
290 2851 321 2877 τὸ
338 2851 510 2887 πρόσταγμα.

1695 145 1749 168 IXII

958 189 1148 218 Alexandrinae
1163 191 1289 218 Ecclesia:
1304 190 1395 218 clerici
1416 192 1588 228 deplorantes
1603 193 1749 224 denuntia-

957 240 1067 269 verunt,
1094 240 1229 271 quatenus
1256 236 1439 264 venerabilem
1463 238 1589 265 abbatem
1614 239 1748 268 Isidorum

957 283 1155 318 presbyterum,
1169 283 1332 310 omnimodis
1344 283 1500 311 excruciare
1509 292 1563 311 non
1577 289 1618 312 est
1629 285 1748 317 veritus;

957 329 1040 361 hunc,
1061 329 1174 364 jubente
1199 328 1273 356 Petri
1301 328 1436 364 coryphazi
1463 330 1635 363 auctoritate,
1650 337 1748 358 ornatu

957 374 1102 409 episcopali
1128 382 1160 402 ac
1175 374 1288 401 nomine
1313 373 1496 408 Theophilum
1520 382 1624 407 carere,
1652 383 1748 403 omnes

957 420 1136 448 decrevimus.
1157 420 1211 448 Vos
1240 429 1304 449 vero
1327 423 1466 458 przecipite
1489 425 1518 448 ut
1543 422 1595 449 hoc
1607 422 1747 449 decretum

957 465 1064 500 publice
1088 470 1274 501 proponatur;
1297 471 1325 494 et
1351 472 1381 495 ut
1402 468 1449 503 qui
1464 467 1535 495 facta
1549 467 1621 494 illius
1640 467 1747 495 denun-

957 511 1034 544 tiant,
1051 512 1150 539 libellis
1173 512 1291 546 ﬁrment,
1306 518 1385 549 prout
1404 514 1650 546 denuntiaverant;
1667 519 1748 548 atque

957 556 1073 591 ipsemet
1085 557 1118 584 de
1130 557 1292 585 criminibus
1304 559 1444 586 convictus
1460 566 1488 585 se
1503 566 1594 586 coram
1610 558 1704 590 sistat;
1720 562 1748 584 ιι

956 601 1002 628 ille
1027 602 1109 629 etiam
1123 603 1167 637 qui
1183 611 1230 638 pro
1246 611 1278 631 co
1297 604 1467 639 apocrisiarii
1483 612 1596 631 munere
1614 604 1746 639 fungitur,

956 649 1024 676 urbe
1034 649 1193 684 expellatur.
1210 650 1277 676 Nam
1290 650 1311 677 si
1326 651 1378 678 hoc
1396 650 1529 677 laudabile
1543 651 1676 685 judicium
1689 649 1749 677 sine

957 696 1153 731 impedimento
1181 697 1317 729 decurret,
1343 696 1466 732 profecto
1491 696 1634 731 apparebit
1653 699 1748 723 contra

956 741 1075 768 divinam
1088 742 1289 776 humanamque
1299 742 1385 778 legem
1398 749 1524 777 peccasse
1537 741 1744 776 Theophilum.»

990 788 1016 816 9.
1029 787 1148 822 Accepta
1169 787 1302 815 Arcadius
1319 788 1478 815 authentica
1500 795 1576 823 papxr.
1595 787 1746 815 Innocentii

957 834 1112 866 sententia,
1135 834 1223 870 primo
1240 835 1350 869 quidem
1374 835 1551 870 apocrisiario
1578 834 1748 861 Alexandrina

956 880 1114 916 presbytero
1145 880 1233 908 accito
1262 881 1400 916 exemplar
1429 880 1541 908 tradidit
1572 879 1749 915 depositionis

957 925 1111 961 Theophili,
1139 926 1268 961 illumque
1283 926 1474 954 Alexandriam
1487 925 1590 954 dimisit
1611 925 1690 960 plane
1705 925 1749 951 in-

957 971 1091 999 honorum
1102 993 1109 1005 ,
1135 975 1165 1000 ut
1181 973 1272 1000 omnia
1288 972 1442 1007 Theophilo
1462 972 1635 1007 signiﬁcaret.
1651 971 1686 998 At
1705 971 1750 999 hic

956 1017 1048 1045 dolore
1060 1018 1185 1051 aﬂectus,
1199 1026 1251 1045 nec
1265 1019 1411 1054 quidquam
1426 1019 1557 1046 adversus
1577 1017 1641 1045 talia
1654 1020 1748 1044 contra

957 1070 985 1090 se
1005 1070 1086 1090 ausos
1107 1070 1187 1098 agere
1209 1063 1317 1095 valens,
1334 1063 1540 1098 apocrisiarium
1558 1062 1585 1088 in
1610 1069 1747 1089 carcerem

956 1108 1046 1139 trusit,
1064 1108 1157 1135 volens
1169 1108 1374 1143 magistratuum
1391 1109 1497 1135 tradere
1513 1107 1649 1135 tribunali.
1669 1107 1748 1140 Quod

957 1153 1046 1181 facere
1060 1154 1173 1185 veritus,
1190 1154 1268 1189 petiit
1284 1154 1318 1181 ab
1335 1154 1504 1181 Alexandria:
1516 1153 1630 1188 prmside
1648 1154 1749 1181 milita-

957 1208 1014 1227 rem
1028 1208 1148 1233 manum,
1165 1208 1218 1235 qua
1234 1204 1356 1227 uteretur
1371 1200 1500 1227 adversus
1513 1199 1656 1226 seditiosos
1672 1207 1750 1234 quos-

957 1245 1018 1272 dam
1033 1246 1078 1280 qui
1094 1245 1203 1281 }Egypti
1217 1246 1380 1273 monasteria
1398 1245 1558 1277 vastabant;
1579 1245 1750 1280 quingentis—

957 1299 1010 1326 que
1024 1291 1136 1318 armatis
1155 1291 1285 1326 acceptis,
1301 1295 1384 1318 noctu
1403 1291 1430 1317 in
1446 1294 1567 1318 montem
1582 1298 1611 1317 se
1624 1290 1748 1322 contulit,

957 1337 1127 1371 graviterque
1140 1337 1243 1364 baculis
1259 1336 1378 1371 pulsavit
1392 1337 1540 1364 monachos
1555 1336 1600 1370 qui
1625 1336 1750 1363 abbatem

957 1383 1091 1410 Isidorum
1105 1388 1266 1418 receperant
1282 1388 1395 1418 septem,
1411 1383 1564 1416 Hieracem,
1580 1383 1750 1416 Dioscorum,

957 1428 1141 1461 Ammonium,
1155 1429 1285 1458 Isaacum.
1300 1429 1467 1461 Inisthoron,
1479 1429 1616 1462 Tithoem,
1629 1434 1656 1456 et
1667 1429 1748 1456 alium

957 1474 1078 1501 Isaacum
1092 1483 1098 1506 ;
1126 1483 1242 1509 cumque
1266 1475 1351 1502 multo
1368 1475 1461 1502 labore
1476 1475 1602 1502 abbatem
1616 1474 1748 1501 Isidorum

958 1519 1170 1553 conquisissent,
1186 1527 1241 1546 non
1257 1519 1423 1546 invenerunt
1440 1528 1446 1545 :
1460 1519 1534 1546 hunc
1545 1519 1645 1554 quippe
1658 1527 1750 1545 mona-

957 1564 1002 1591 chi
1016 1564 1042 1590 iu
1057 1569 1168 1599 puteum
1183 1565 1285 1592 siccum
1299 1564 1482 1599 conjecerant.
1503 1564 1580 1591 Tunc
1601 1565 1749 1592 sarmentis

958 1609 1073 1644 sumptis
1086 1609 1255 1643 Theophilus
1270 1609 1351 1636 cellas
1362 1609 1469 1636 illorum
1485 1616 1546 1635 eum
1565 1609 1641 1635 omni
1662 1609 1750 1643 supel-

957 1655 1044 1683 lectile
1060 1655 1254 1682 concremavit.
1272 1656 1359 1690 Atque
1373 1655 1409 1682 ita
1424 1658 1567 1690 postquam
1585 1654 1679 1682 insana
1690 1655 1750 1690 ejus

958 1701 998 1728 ira
1010 1701 1144 1734 detonuit,
1160 1700 1351 1728 Alexandriam
1366 1701 1522 1728 revertitur.

994 1747 1036 1774 10.
1063 1746 1098 1773 At
1120 1747 1242 1781 praedicti
1268 1747 1394 1774 monachi
1412 1747 1514 1775 amisso
1537 1747 1675 1783 patientiae
1694 1754 1751 1773 sua:

958 1801 1043 1826 more,
1061 1793 1252 1820 Alexandriam
1272 1796 1407 1820 venerunt
1431 1793 1522 1820 linteis
1545 1793 1693 1828 praecincti,
1709 1792 1751 1819 lu-

959 1844 1106 1876 gentesquc
1125 1843 1209 1867 totam
1222 1839 1337 1874 plateam
1353 1840 1542 1867 circumibant.
1561 1839 1664 1873 Quibus
1677 1839 1751 1866 cives

958 1887 1111 1922 conspectis
1122 1908 1129 1918 ,
1148 1886 1211 1921 quia
1226 1886 1336 1920 quinam
1350 1889 1443 1913 essent
1468 1886 1593 1913 homines
1606 1888 1748 1915 noverant,

959 1940 1124 1968 magnopere
1152 1940 1245 1959 eorum
1263 1939 1344 1958 causa
1364 1932 1528 1959 doluerunt:
1558 1931 1750 1966 concurritque

960 1979 1102 2006 universus
1113 1986 1175 2006 rum
1191 1978 1251 2013 igne
1266 1979 1394 2013 populus.
1409 1982 1436 2005 et
1448 1978 1592 2012 Theophili
1608 1977 1751 2005 habitacu-

960 2025 1015 2052 lum
1033 2032 1153 2052 cremare
1169 2027 1320 2059 coeperunt.
1339 2024 1409 2059 Ergo
1424 2024 1467 2051 his
1483 2026 1580 2051 cuncta
1602 2023 1629 2050 in
1644 2023 1750 2058 episco-

962 2071 1006 2106 pio
1018 2071 1256 2106 depopulantibus,
1271 2075 1298 2098 et
1309 2071 1364 2105 jam
1375 2071 1408 2098 ad
1418 2071 1522 2098 cimelia
1533 2077 1644 2097 manum
1659 2070 1751 2097 inten-

959 2117 1095 2149 dentibus,
1111 2117 1238 2144 Nieolaus
1252 2121 1351 2152 praetor
1366 2117 1487 2152 periculo
1502 2115 1615 2143 territus
1626 2137 1633 2148 ,
1652 2115 1686 2142 ad
1703 2122 1750 2142 eos

959 2162 1087 2194 accurrit,
1119 2166 1149 2190 ut
1170 2163 1258 2190 turbis
1283 2170 1341 2189 rem
1372 2165 1535 2189 excusaret:
1567 2161 1610 2188 cui
1628 2161 1680 2188 illa:
1695 2168 1750 2188 non

959 2209 1163 2244 acquieverunt,
1183 2208 1364 2236 vociferantes
1377 2212 1405 2235 et
1421 2207 1567 2235 tumultum
1582 2207 1751 2234 concitantes

959 2255 1088 2282 adversus
1100 2253 1283 2288 Theophilum
1297 2274 1303 2286 ,
1318 2254 1398 2288 eique
1418 2253 1477 2280 sine
1493 2253 1693 2280 intermissione
1707 2253 1750 2280 in-

959 2300 1118 2328 clamantes.
1140 2299 1216 2325 Tune
1238 2303 1336 2333 prattor
1366 2304 1529 2333 magnopere
1549 2299 1747 2328 consternatus,

959 2346 1096 2381 cogitabat
1106 2345 1287 2379 Theophilum
1313 2344 1438 2370 manibus
1460 2343 1567 2369 illorum
1580 2341 1748 2377 permittere.

959 2393 1059 2420 Verum
1075 2392 1120 2419 hic
1135 2391 1255 2419 abditum
1271 2398 1300 2418 se
1315 2389 1484 2417 continuitin
1500 2389 1602 2424 piscina
1615 2396 1701 2423 usque
1716 2388 1750 2415 ad

959 2445 1111 2474 vesperam.
1130 2437 1212 2464 Porro
1228 2441 1328 2471 prretor
1344 2436 1453 2463 indutos
1475 2433 1644 2461 vestimentis
1658 2441 1750 2460 mona-

959 2486 1026 2513 chos
1040 2506 1047 2518 ,
1063 2478 1376 2519 curruique'impositos,
1392 2481 1527 2517 pedestris
1542 2481 1601 2515 ipse
1612 2479 1689 2507 duxit
1702 2486 1750 2506 eos

961 2532 987 2559 in
1001 2531 1170 2567 praetorium.
1183 2529 1223 2557 Ibi
1238 2537 1333 2556 rursus
1343 2528 1429 2555 turbae
1438 2531 1527 2554 vestes
1542 2534 1605 2554 suas
1613 2526 1641 2554 in
1650 2526 1748 2554 cmlum

957 2577 1104 2612 jactahant,
1124 2575 1232 2610 jurante
1248 2582 1297 2610 per
1319 2574 1496 2609 imperatores
1523 2576 1648 2607 prmtore,
1676 2570 1748 2606 quod

960 2622 1130 2657 Theophilus
1143 2620 1286 2648 consilium
1304 2627 1382 2646 suum
1395 2618 1505 2645 minime
1519 2617 1569 2645 sibi
1580 2616 1745 2651 aperuisset,

958 2668 1004 2696 sed
1018 2668 1131 2694 obtentu
1151 2666 1329 2702 quorumdam
1355 2665 1491 2691 latronum
1510 2662 1673 2689 monasteria
1697 2668 1746 2688 va-

959 2714 1097 2746 stantium,
1125 2720 1217 2740 sccum
1245 2711 1438 2745 assumpsisset
1461 2709 1578 2736 militare
1603 2707 1744 2734 auxilium.

958 2760 1035 2793 Quod
1052 2760 1073 2786 si
1087 2759 1274 2794 presbyterum
1283 2757 1415 2784 Isidorum
1426 2755 1507 2784 vultis
1522 2757 1657 2790 pastorem
1684 2753 1744 2780 loco
