2024 3106
99 91 175 125 Ἴων

123 143 278 179 Theophili.
305 143 439 172 voluntati
457 149 552 173 vestrae
569 146 681 181 parebo.
711 151 739 174 et
764 145 917 182 Theophila

121 191 217 225 ejecto,
238 190 372 218 lsidorum
401 191 478 219 vobis
496 191 651 227 praeﬁciam.
677 191 829 227 Statimque
844 193 916 220 idem

121 235 247 264 Nicolaus
273 240 376 271 praetor
403 237 527 265 tribunos
542 237 696 273 militesque
724 238 817 271 mittit,
846 244 875 266 ut
889 239 916 265 in

82 295 85 297 μ
121 281 198 317 equis
212 281 346 309 Isidorum
359 282 487 310 abbatem
500 283 676 310 adducerent.
692 283 727 310 At
744 291 808 311 vero
824 283 916 311 Theo-

120 327 210 363 philus
224 331 334 362 sumpto
345 327 463 355 mendici
474 328 578 361 habitu,
595 328 622 356 in
641 329 813 356 sacerdotum
826 329 915 365 regio-

115 380 181 400 nem
195 373 322 406 mittitur,
335 373 402 401 dum
421 373 546 401 Nieolaus
557 378 658 409 praetor
673 375 808 402 concitata
822 375 914 402 omnia

118 421 215 448 sedare
238 420 330 448 studet
349 430 355 447 :
375 421 487 456 largitus
514 421 620 448 caeteris
634 421 794 456 vagantibus
818 429 914 448 mona-

117 467 178 495 chis
194 468 276 500 dona,
293 472 325 495 ut
349 468 460 496 domum
485 471 655 495 revertentes
667 468 778 503 paciﬁca
791 469 914 504 apprime

117 514 288 546 nuntiarent,
305 514 370 541 dato
381 514 464 542 etiam
477 514 630 542 defensore.

153 560 196 586 li.
219 559 303 595 Igitur
316 559 427 595 cognita
442 559 560 587 Isidorus
571 559 655 587 abbas
679 565 761 587 causa
783 559 818 587 ob
831 560 912 595 quam

116 604 310 641 quarehatur,
328 604 400 632 linea
421 609 495 632 veste
517 605 640 638 indutus,
669 613 685 632 a
709 605 826 640 quodam
849 606 911 640 pagi

115 651 234 687 praeside
249 651 421 679 commodata
431 671 438 683 ,
466 650 571 686 sibique
588 651 694 678 cucullo
707 651 910 686 circumposlto,

113 697 191 724 venit
212 697 241 724 in
254 696 402 724 Mareotem
422 696 598 730 citharizans,
617 704 684 724 cane
696 696 778 724 etiam
801 704 831 724 se
845 697 912 725 sub-

112 746 259 777 sequente.
279 741 397 775 Quidam
412 750 476 770 vero
489 743 618 770 tribunus
633 742 745 770 nomine
759 742 911 770 Canthara-

112 789 165 816 dns
179 788 288 816 obviam
303 788 328 815 ei
345 788 443 820 factus.
457 788 523 816 dixit
539 797 545 814 :
562 798 572 814 ε
587 788 656 816 Vere
669 793 697 815 tu
711 796 825 824 magnus
843 789 886 816 vir
902 799 908 816 :

112 837 240 868 potesne,
267 837 430 868 accepturus
454 833 600 868 pecuniam
617 832 756 868 multaque
784 839 908 864 munera,

112 879 304 907 demonstrare
319 879 398 906 nobis
413 879 538 906 abbatem
558 878 714 906 Isidorum?
728 888 736 903 I
754 877 788 905 At
803 877 847 905 ille
863 886 909 905 co-

114 934 171 953 ram
184 925 232 953 illo
245 933 275 953 se
286 925 386 953 sistens
400 932 463 952 cum
477 924 576 957 catulo,
593 924 676 959 coepit
690 924 724 951 ad
740 924 851 951 cithara:
865 931 910 951 so-

113 972 201 999 nitum
217 971 318 998 saltare
333 979 340 996 :
356 978 439 1005 quem
454 977 514 997 mox
532 970 686 1005 despiciens
702 969 840 1001 tribunus,
859 976 910 996 nec

109 1017 167 1052 jam
184 1017 242 1044 ullo
265 1017 349 1044 verbo
364 1016 502 1051 dignatus,
520 1016 644 1043 recessit.
659 1014 704 1042 Sic
734 1014 782 1047 illi,
798 1022 826 1041 re
840 1014 909 1041 inl'e-

111 1067 167 1095 cta,
182 1062 217 1089 ab
233 1062 336 1089 Isidoro
352 1061 455 1088 reversi
466 1066 540 1088 sunt.
559 1061 636 1088 Tunc
651 1060 819 1095 Theophilus
829 1060 909 1087 donis

112 1109 219 1143 placato
244 1112 373 1143 pnetore,
402 1107 512 1142 reliquis
530 1106 612 1134 etiam
634 1106 757 1141 partibus
771 1106 908 1141 congiario

112 1154 187 1185 dato,
203 1152 347 1187 magniﬁce
362 1152 391 1179 in
407 1152 503 1179 urbem
518 1151 658 1184 remeavit,
685 1159 841 1187 quanquam
857 1151 907 1189 ipsi

112 1199 150 1225 ab
162 1206 194 1226 eo
209 1197 346 1225 munerati
362 1197 578 1225 detestabantur.

153 1245 193 1272 l2.
210 1244 322 1272 Interim
355 1243 482 1271 monachi
510 1243 547 1270 illi
576 1251 591 1270 a
614 1243 766 1278 Theophilo
796 1243 905 1278 pulsati,

113 1290 198 1317 multa
211 1297 228 1317 a
241 1289 336 1317 multis
348 1289 400 1316 viae
410 1289 529 1316 subsidia
541 1289 624 1321 nacti,
638 1288 752 1324 profecti
764 1293 828 1316 sunt
842 1289 906 1315 Ille-

114 1335 247 1371 rosoiyma
262 1335 297 1362 ad
313 1334 455 1362 Silvanum
469 1334 506 1362 ibi
523 1335 693 1369 episcopum,
709 1334 744 1361 ad
765 1335 843 1369 cujus
858 1341 906 1369 pe-

113 1374 160 1405 des
172 1378 329 1405 accidentes
344 1385 402 1405 rem
413 1385 473 1413 qua:
485 1378 536 1406 sibi
547 1383 677 1406 evenerat
687 1382 838 1414 exponunt.
855 1378 905 1405 Mi-

113 1429 187 1452 ratus
201 1423 247 1451 ille
270 1424 356 1451 mittit
369 1424 420 1452 viae
431 1424 558 1452 comitem
572 1425 732 1453 Iuvenalem
748 1425 902 1452 diaconum.

114 1466 145 1497 Et
158 1474 224 1497 tunc
238 1469 349 1497 demum
364 1469 398 1497 ad
414 1469 518 1505 regium
537 1470 696 1497 comitatum
706 1474 841 1497 venerunt
855 1470 905 1497 ho-

113 1516 209 1548 mines,
230 1515 278 1551 qui
293 1522 365 1550 saepe
379 1523 441 1542 cum
454 1515 622 1543 daemonibus
643 1516 858 1549 decertaverant,
879 1521 907 1543 et

112 1561 271 1588 cellularum
300 1565 412 1588 suarum
442 1560 546 1588 foribus
573 1569 713 1596 nunquam
735 1561 903 1596 prodierant.

111 1605 203 1642 Itaque
218 1607 248 1634 hi
264 1607 392 1635 monachi
408 1606 670 1642 Constantinopolim
685 1607 765 1634 delati
778 1627 786 1640 ,
803 1611 904 1634 etcum

111 1650 215 1681 Joanne
229 1653 378 1689 congressi,
394 1653 473 1681 donis
488 1653 521 1680 ab
532 1660 565 1680 eo
580 1658 643 1680 sunt
660 1653 760 1680 allecti.
779 1652 905 1688 Hospitio

110 1704 199 1726 autem
216 1699 333 1734 recepit,
357 1704 385 1726 et
414 1698 517 1726 aliatim
543 1698 695 1726 necessaria
721 1698 904 1733 suppeditavit

109 1742 246 1780 Olympias
265 1744 428 1777 diaconissa,
453 1749 580 1779 tanquam
607 1745 710 1772 sanctis
735 1743 902 1776 hominibus,

109 1797 169 1825 quae
195 1791 340 1818 facultates
362 1798 427 1817 suas
441 1798 535 1818 omnes
548 1790 692 1826 egentibus
711 1790 902 1826 elargiebatur,

107 1842 135 1863 et
154 1837 273 1864 ascetico
301 1837 427 1864 instituto
459 1836 605 1872 probisque
629 1836 751 1864 moribus
775 1837 904 1872 praeclare

108 1881 240 1918 fulgebat,
260 1887 373 1916 eratque
387 1882 485 1909 Joanni
512 1882 657 1910 admodum
683 1883 766 1910 chara
792 1886 904 1917 propter

107 1929 169 1956 vita;
187 1929 361 1956 sanctitatem
389 1932 417 1956 et
439 1928 588 1956 secundum
606 1929 691 1956 Deum
716 1929 903 1956 conversatio-

107 1980 188 2005 nem;
205 1981 268 2000 nam
290 1977 384 2001 sancta
399 1973 537 2000 communi
562 1973 764 2000 existimatione
783 1973 903 2001 habeba-

106 2022 160 2046 tur.
176 2019 320 2047 Iuvenalis
333 2024 424 2046 autem
436 2018 541 2046 litteras
557 2019 715 2054 imperatori
738 2019 857 2052 tradidit,
874 2025 902 2048 et

105 2064 173 2092 alias
191 2065 304 2098 Joanni,
330 2066 376 2100 qui
398 2065 500 2101 pariter
518 2073 534 2092 a
549 2073 578 2093 se
593 2070 719 2101 acceptas
743 2066 900 2101 imperatori

106 2111 233 2138 reddidit.
250 2106 374 2138 Territus
393 2119 457 2139 vero
472 2112 619 2148 imperator
636 2113 705 2140 nihil
730 2113 839 2148 quidem
855 2122 900 2141 re-

106 2157 202 2191 galiter
218 2157 308 2185 facere
319 2158 415 2190 voluit,
432 2163 551 2186 attamen
563 2160 695 2195 synodum
713 2159 769 2187 fieri
786 2160 900 2187 manda-

107 2202 142 2228 vit
154 2223 161 2234 ,
175 2201 349 2239 Romamque
364 2204 399 2231 ad
414 2204 600 2232 Innocentium
618 2213 714 2241 papam
729 2206 832 2234 litteras
846 2207 898 2233 mi-

106 2249 146 2279 sit,
162 2257 283 2284 quarum
295 2250 355 2278 haec
365 2250 531 2278 continentia
545 2251 595 2279 l‘uit
607 2261 612 2278 :

139 2295 182 2323 I5.
204 2305 214 2322 ι
227 2295 332 2329 Victor,
344 2296 487 2332 gloriosus,
497 2297 570 2328 felix.
580 2297 793 2326 Arcadiusl’atri
803 2302 897 2326 nostro

105 2339 232 2368 salutem.
256 2340 370 2368 Divinas
395 2341 510 2377 syllabas
535 2343 569 2370 ad
597 2345 791 2379 patemitatem
820 2348 896 2372 tuam

105 2386 231 2414 misimus
249 2395 298 2423 per
310 2387 490 2423 Molpentium
504 2389 632 2417 devotum
647 2390 853 2425 magistrianum
868 2394 896 2417 et

104 2432 270 2466 adiutorem,
282 2434 434 2466 hortantes,
447 2434 478 2461 ut
487 2439 581 2463 coacta
593 2443 669 2463 more
684 2435 764 2463 solito
780 2437 892 2471 synodo,

105 2475 136 2502 de
149 2476 213 2504 istis
231 2477 398 2505 calamitosis
420 2477 610 2507 Alexandrinis
622 2480 758 2508 ano-ise
775 2480 892 2515 iudices;

106 2526 133 2548 ut
143 2523 284 2558 depositio
295 2523 438 2560 Theophili
455 2525 488 2553 ab
499 2525 543 2552 his
553 2525 609 2560 jam
623 2525 703 2559 facta,
714 2527 749 2554 ab
762 2525 894 2555 Occiden-

106 2566 204 2596 talibus
232 2576 341 2604 quoque
370 2570 505 2606 episcopis
531 2572 686 2607 generalius
717 2573 891 2601 decernatur.

104 2611 325 2649 Nostroqnoque
339 2615 416 2643 fratri
428 2620 456 2643 et
482 2618 656 2653 conregnanti
679 2618 808 2651 Honorio,
838 2619 893 2646 lilio

106 2663 160 2690 tuo,
176 2659 290 2695 scripsi,
304 2665 334 2687 ut
347 2665 376 2688 te
388 2666 464 2698 roget
476 2670 530 2698 quo
543 2662 675 2691 libentius
690 2664 741 2692 hoc
764 2665 892 2700 nullaque

105 2702 269 2740 interposita
283 2713 357 2733 mora
372 2707 504 2740 perﬁcias.
520 2708 605 2744 Igitur
620 2716 676 2741 eos,
691 2710 737 2744 qui
761 2711 891 2738 sanctita-

138 2796 172 2831 φ)
186 2797 259 2824 (Σύ-1.
279 2799 416 2831 toga-Nix;
437 2819 439 2822 .

224 2852 368 2882 ΡΑτιιοι.
389 2853 440 2883 (in.
464 2853 586 2886 XLVII.

517 85 560 114 DE
578 87 659 115 VITA
679 86 722 114 ET
742 86 880 116 EXSILIO
899 88 927 116 Si
950 87 1093 118 IOANNIS
1111 85 1362 120 CIIRYSOSTOIII.

1693 101 1757 124 LXVI

973 152 1026 176 tem
1042 154 1115 177 tuam
1134 151 1349 186 appellaverunt,
1368 151 1475 188 Egypti
1496 157 1524 181 et
1548 152 1637 190 Libyae
1652 154 1760 190 episeo-

971 202 1030 228 pos,
1048 200 1075 223 et
1088 195 1265 225 Alexandrini
1279 197 1345 225 cleri
1363 198 1492 233 reliquos,
1520 199 1667 228 transmitti
1688 201 1759 236 jussi

970 241 1004 268 ad
1019 241 1089 270 hanc
1108 244 1209 278 regiam
1228 245 1334 277 urbem,
1358 249 1389 272 ut
1412 245 1601 274 demonstrent
1625 255 1686 282 quae
1709 246 1761 283 ipsi

969 290 1101 315 o‘r‘etenus
1112 289 1191 316 aiunt
1203 289 1428 318 irrationabiliter
1441 295 1501 319 acta
1514 291 1598 320 fuisse
1613 301 1620 320 :
1634 299 1686 321 nec
1703 298 1759 322 non

969 337 998 360 et
1011 333 1097 369 ipsam
1110 333 1288 369 Theodotem,
1299 344 1360 371 quae
1375 337 1458 366 totius
1473 338 1512 366 rei
1524 339 1656 375 originem
1671 341 1757 368 novit.

967 378 1035 407 Nam
1051 380 1075 407 si
1089 380 1202 409 collecta
1222 382 1372 410 secundum
1387 382 1472 411 Deum
1486 385 1607 420 synodus
1624 390 1674 421 per
1685 385 1759 422 lega-

969 427 1011 451 tos
1043 428 1122 459 tuos,
1150 426 1270 454 evidenti
1305 427 1538 456 demonstratione
1572 432 1756 466 compererit,

968 468 1149 505 Theophilum
1165 472 1217 500 hoc
1229 473 1322 500 errore
1341 479 1402 500 esse
1418 472 1586 509 prolapsum,
1605 475 1628 503 is
1653 473 1757 504 nullam

967 515 1154 545 defensionem
1167 522 1215 545 aut
1228 518 1433 547 excusationem
1448 519 1602 555 habiturus,
1617 521 1652 549 de
1666 524 1757 551 sacer-

966 564 1040 592 dotio
1054 574 1070 594 a
1087 562 1165 595 vobis
1175 567 1307 603 deiectus,
1326 576 1389 596 cum
1412 569 1502 603 pomis
1524 565 1594 603 aliis,
1622 567 1760 606 reliquum.

966 613 1028 642 vitae
1040 622 1097 642 suae
1109 620 1216 651 tempus
1228 616 1338 652 exiget,
1353 616 1529 653 divinamque
1553 618 1656 652 pariter
1674 618 1755 646 ultio-

965 669 1029 689 nem
1047 667 1142 698 postea
1155 664 1322 699 experietur,
1339 669 1483 700 propterea
1500 666 1573 701 quod
1596 673 1640 694 res
1654 666 1756 695 decem

965 715 1006 738 tes
1022 711 1181 739 indecenter
1200 713 1450 741 commaculaverit.
1472 713 1632 749 Dignaberis
1646 713 1753 750 itaque,

964 759 1107 788 benedicte
1121 761 1210 795 Pater,
1227 762 1261 789 ad
1277 762 1422 798 episcopos
1448 763 1476 790 iu
1501 764 1616 800 singulis
1640 764 1755 792 urbibus

963 808 997 837 de
1010 817 1086 837 more
1107 809 1238 845 degentes
1266 810 1394 844 scribere,
1412 815 1443 838 ut
1469 812 1538 840 istuc
1568 813 1753 845 conveniant,

964 868 1017 888 una
1030 868 1094 888 cum
1111 861 1180 894 illis,
1200 870 1269 897 quos
1296 866 1326 889 tu
1353 862 1528 898 deputaveris
1554 858 1651 901 legatis
1677 864 1754 898 tuis;

962 918 1051 946 neque
1067 911 1142 938 enim
1163 911 1236 940 hanc
1248 920 1306 940 rem
1329 913 1561 941 inconsideratam
1576 919 1658 950 atque
1673 915 1753 943 ineas

962 960 1096 995 ploratam
1108 969 1168 989 esse
1182 962 1328 997 patiemur.
1347 973 1357 988 ι
1375 963 1463 991 Fratri
1480 971 1589 1000 quoque
1599 973 1650 993 suo
1661 965 1755 993 Hono-

963 1011 1005 1038 rio
1031 1010 1126 1038 scribit
1140 1012 1273 1040 Arcadius
1298 1013 1357 1041 haec
1374 1022 1380 1040 :
1399 1023 1408 1040 ‹
1423 1013 1650 1051 Quandoquidem
1673 1016 1754 1045 nobis

961 1061 1032 1089 circa
1046 1069 1089 1089 res
1099 1062 1219 1098 imperii,
1235 1067 1265 1090 ut
1277 1067 1354 1099 puto,
1367 1065 1517 1100 occupatis,
1534 1065 1602 1093 clam
1615 1066 1754 1103 Theophi-

962 1113 1003 1139 lus
1018 1120 1087 1148 papa
1101 1113 1232 1141 honorem
1246 1114 1370 1142 deterere
1384 1120 1500 1143 conatus
1513 1120 1565 1149 est,
1582 1121 1660 1144 curet
1672 1117 1753 1145 beni-

961 1164 1021 1190 vola
1058 1168 1104 1191 tua
1142 1164 1298 1192 iratemitas
1331 1174 1459 1202 magnum
1493 1168 1683 1195 Innocentium
1709 1176 1753 1196 ro-

960 1221 1038 1249 gare.
1056 1218 1087 1241 ut
1106 1220 1255 1243 convocata
1283 1216 1386 1252 synodo
1414 1216 1505 1244 ﬁdeles
1532 1225 1596 1246 suos
1624 1218 1752 1246 otilciales

960 1263 1132 1292 laudabiliter
1149 1265 1270 1300 deputet.
1290 1275 1299 1291 ι

997 1315 1039 1343 ti.
1055 1315 1156 1344 Scribit
1176 1317 1258 1344 etiam
1281 1317 1474 1346 Alexandriam
1498 1312 1610 1347 Nicolao
1635 1320 1697 1348 duci
1723 1327 1751 1348 et

959 1366 1104 1402 augustali,
1121 1371 1265 1402 utramque
1279 1367 1439 1404 dignitatem
1458 1370 1582 1397 tenenti:
1616 1380 1625 1398 ι
1644 1371 1704 1399 Non
1726 1375 1753 1405 te

959 1424 1072 1452 prorsus
1084 1418 1160 1451 latet,
1175 1418 1249 1453 quod
1264 1418 1436 1454 superiorum
1452 1419 1606 1447 antistitum
1631 1423 1753 1457 tyrannis

958 1472 1040 1503 atque
1054 1468 1165 1496 audacia
1194 1469 1267 1496 vires
1282 1468 1389 1503 imperii
1416 1469 1512 1505 fregit,
1542 1475 1570 1498 et
1598 1472 1626 1498 in
1655 1478 1753 1500 omnes

958 1523 1052 1554 gentes
1067 1523 1211 1556 propagata
1229 1525 1279 1547 est.
1297 1519 1458 1555 Hujusmodi
1474 1521 1575 1556 aliquid
1590 1529 1664 1550 nunc
1682 1530 1750 1558 quo-

957 1577 1011 1605 que
1036 1569 1160 1598 evenisse
1190 1570 1352 1603 cernimus;
1382 1577 1471 1605 neque
1500 1572 1574 1599 enim
1600 1572 1752 1603 taeebimus

958 1629 1048 1649 coram
1063 1621 1131 1649 adeo
1145 1625 1285 1650 crescente
1298 1622 1370 1657 apud
1399 1627 1425 1650 te
1449 1623 1520 1651 malo
1548 1628 1576 1651 et
1604 1619 1750 1660 imperium

957 1673 1166 1701 dehonestante.
1180 1673 1245 1701 Han:
1259 1673 1293 1701 ad
1311 1678 1338 1702 te
1359 1674 1514 1708 scribimus;
1533 1676 1596 1709 quia
1618 1676 1681 1704 istic
1696 1685 1749 1705 no-

957 1728 1015 1752 stro
1029 1725 1140 1752 nomine
1154 1728 1318 1760 potestatem
1335 1725 1461 1760 viresque
1478 1731 1585 1760 tenens,
1603 1735 1654 1756 nos
1669 1729 1749 1756 mini-

957 1783 1000 1803 me
1015 1776 1114 1803 imitari
1127 1775 1247 1807 videris;
1275 1775 1323 1803 sed
1351 1776 1429 1803 donis
1459 1776 1586 1810 inhians,
1619 1779 1748 1807 mandata

957 1833 1016 1852 mea
1031 1825 1195 1860 aspernaris,
1212 1831 1240 1853 et
1253 1830 1376 1853 nostram
1387 1834 1497 1854 omnem
1512 1827 1646 1856 illustrem
1662 1828 1749 1865 digni-

957 1880 1040 1903 tatem
1055 1876 1132 1903 ﬂocci
1151 1875 1227 1903 lacis.
1253 1875 1435 1909 Quamobrem
1461 1877 1674 1914 indignationem
1694 1887 1746 1908 non

955 1932 1040 1955 stram
1061 1935 1116 1956 non
1132 1927 1254 1963 effugies,
1271 1931 1365 1962 utpote
1382 1927 1429 1963 qui
1451 1928 1672 1957 sublimissimam
1693 1937 1746 1958 no-

955 1984 1038 2007 stram
1054 1979 1267 2014 magnitudinem
1282 1979 1358 2014 pensi
1372 1986 1427 2006 non
1440 1979 1581 2009 habueris.
1600 1980 1698 2009 Statim
1713 1988 1748 2010 ac

955 2030 1036 2066 igitur
1052 2037 1142 2058 sacras
1155 2037 1187 2057 ac
1214 2029 1383 2057 venerabiles
1398 2029 1502 2057 litteras
1530 2035 1648 2064 nostras,
1676 2037 1744 2067 quas

953 2081 1067 2108 devotus
1081 2079 1180 2107 Bassus
1198 2079 1295 2112 tradet,
1311 2080 1460 2115 acceperis,
1475 2080 1549 2108 nulla
1566 2088 1641 2109 mora
1655 2081 1742 2110 inter-

952 2132 1052 2168 posita.
1069 2131 1182 2160 omnino
1209 2135 1290 2166 prout
1319 2131 1368 2159 tibi
1384 2131 1531 2164 scribitur,
1559 2132 1662 2167 absque
1689 2133 1744 2160 ulla

952 2179 1129 2216 indulgentia.
1145 2178 1326 2214 Theophilum
1340 2183 1468 2213 tanquam
1484 2187 1562 2206 reum
1578 2179 1633 2208 huc
1652 2184 1742 2208 trans-

951 2224 1052 2261 mittes,
1068 2228 1174 2255 nullum
1187 2227 1238 2263 ipsi
1268 2227 1400 2254 honorem
1416 2232 1464 2254 aut
1489 2227 1634 2256 comitatus
1659 2228 1741 2256 obstat

950 2278 1044 2314 quium
1059 2277 1203 2306 adhibens.
1229 2275 1370 2312 Velimque
1397 2276 1476 2309 scias.
1503 2276 1576 2312 quod
1602 2276 1654 2304 nisi
1682 2277 1742 2306 bzec

949 2331 1080 2361 perquam
1093 2329 1219 2353 accurate
1233 2324 1373 2360 multoque
1388 2330 1449 2352 cum
1466 2328 1541 2352 metu
1563 2331 1685 2360 peragas,
1706 2324 1740 2352 do

950 2375 1006 2410 ipsa
1022 2374 1076 2403 vita
1092 2379 1138 2402 tua
1152 2381 1184 2402 ac
1199 2373 1287 2402 salute
1298 2371 1504 2409 periclitaberis.
1523 2367 1592 2400 Tum
1606 2376 1635 2400 et
1647 2372 1738 2400 Theo-

948 2418 1015 2459 phili
1036 2427 1208 2452 accusatores
1221 2442 1229 2454 ,
1252 2423 1311 2450 sive
1339 2421 1460 2457 episcopi
1483 2421 1538 2448 sint
1557 2421 1614 2450 sive
1634 2421 1736 2451 clerici.

947 2477 1010 2501 cum
1026 2472 1176 2505 Theodoto,
1193 2471 1227 2500 ad
1240 2478 1291 2499 nos
1304 2470 1402 2502 mitte:
1417 2477 1482 2497 nam
1495 2469 1572 2504 juxta
1587 2469 1636 2498 Dei
1652 2470 1737 2507 legem

947 2524 1040 2549 coacta
1051 2520 1180 2556 synodus,
1197 2520 1240 2547 his
1254 2519 1381 2547 omnibus
1400 2517 1552 2548 ventilatis.
1580 2518 1692 2554 dignum
1708 2527 1738 2545 se

946 2570 1004 2606 ipsa
1024 2569 1157 2605 judicium
1184 2569 1257 2604 justo
1289 2567 1486 2603 pronuntiabit.
1525 2576 1534 2593 ι
1561 2567 1642 2596 Missa
1672 2573 1736 2595 sunt

946 2617 1066 2646 etiamin
1082 2616 1238 2652 pmvincias
1249 2623 1346 2644 omnes
1359 2615 1567 2644 oommonitoria
1586 2613 1621 2643 ad
1644 2615 1735 2650 regio-

945 2674 1011 2694 num
1025 2665 1177 2701 episcopos,
1194 2668 1226 2692 ut
1237 2664 1272 2692 ad
1293 2663 1472 2699 iudicandum
1495 2663 1570 2698 juxta
1592 2666 1735 2691 accusato-

945 2723 1004 2743 rum
1019 2713 1250 2749 expostulationes
1262 2712 1450 2741 convenirent.
