  <div class='ocr_page' id='page_1' title='image "/cluster/home/n/w/nwhite01/storage/ocr_20150623/47-48/njp.32101077772612/046.png"; bbox 0 0 2052 3113; ppageno 0'>
   <div class='ocr_carea' id='block_1_1' title="bbox 158 106 217 127">
    <p class='ocr_par' dir='ltr' id='par_1_1' title="bbox 158 106 217 127">
     <span class='ocr_line' id='line_1_1' title="bbox 158 106 217 127; baseline 0 0"><span class='ocrx_word' id='word_1_1' title='bbox 158 106 217 127; x_wconf 70' lang='lat' dir='ltr'><strong>LXII</strong></span> 
     </span>
    </p>
   </div>
   <div class='ocr_carea' id='block_1_2' title="bbox 191 154 948 193">
    <p class='ocr_par' dir='ltr' id='par_1_2' title="bbox 191 154 948 193">
     <span class='ocr_line' id='line_1_2' title="bbox 191 154 948 193; baseline -0.005 -9"><span class='ocrx_word' id='word_1_2' title='bbox 191 157 234 184; x_wconf 75' lang='lat' dir='ltr'><strong>t5.</strong></span> <span class='ocrx_word' id='word_1_3' title='bbox 269 155 421 184; x_wconf 72' lang='lat' dir='ltr'><strong>Antiochia:</strong></span> <span class='ocrx_word' id='word_1_4' title='bbox 449 159 540 182; x_wconf 84' lang='lat' dir='ltr'><strong>autem</strong></span> <span class='ocrx_word' id='word_1_5' title='bbox 570 154 714 193; x_wconf 88' lang='lat' dir='ltr'><strong>episcopus</strong></span> <span class='ocrx_word' id='word_1_6' title='bbox 745 154 856 181; x_wconf 80' lang='lat' dir='ltr'><strong>rescivit</strong></span> <span class='ocrx_word' id='word_1_7' title='bbox 884 154 948 188; x_wconf 90' lang='lat' dir='ltr'><strong>quid</strong></span> 
     </span>
    </p>
   </div>
   <div class='ocr_carea' id='block_1_3' title="bbox 154 200 948 237">
    <p class='ocr_par' dir='ltr' id='par_1_3' title="bbox 154 200 948 237">
     <span class='ocr_line' id='line_1_3' title="bbox 154 200 948 237; baseline -0.005 -7"><span class='ocrx_word' id='word_1_8' title='bbox 154 202 299 233; x_wconf 83' lang='lat' dir='ltr'><strong>moliretur</strong></span> <span class='ocrx_word' id='word_1_9' title='bbox 315 201 447 233; x_wconf 81' lang='lat' dir='ltr'><strong>Eudoxia,</strong></span> <span class='ocrx_word' id='word_1_10' title='bbox 464 209 525 236; x_wconf 80' lang='lat' dir='ltr'><strong>qua:</strong></span> <span class='ocrx_word' id='word_1_11' title='bbox 540 200 639 228; x_wconf 89' lang='lat' dir='ltr'><strong>Joanni</strong></span> <span class='ocrx_word' id='word_1_12' title='bbox 656 200 764 237; x_wconf 69' lang='lat' dir='ltr'><strong>infensa</strong></span> <span class='ocrx_word' id='word_1_13' title='bbox 787 204 858 231; x_wconf 84' lang='lat' dir='ltr'><strong>erat.</strong></span> <span class='ocrx_word' id='word_1_14' title='bbox 884 207 948 235; x_wconf 84' lang='lat' dir='ltr'><strong>pro-</strong></span> 
     </span>
    </p>
   </div>
   <div class='ocr_carea' id='block_1_4' title="bbox 155 244 949 284">
    <p class='ocr_par' dir='ltr' id='par_1_4' title="bbox 155 244 949 284">
     <span class='ocr_line' id='line_1_4' title="bbox 155 244 949 284; baseline -0.005 -9"><span class='ocrx_word' id='word_1_15' title='bbox 155 251 248 284; x_wconf 84' lang='lat' dir='ltr'><strong>pterea</strong></span> <span class='ocrx_word' id='word_1_16' title='bbox 261 247 333 282; x_wconf 88' lang='lat' dir='ltr'><strong>quod</strong></span> <span class='ocrx_word' id='word_1_17' title='bbox 349 246 516 284; x_wconf 83' lang='lat' dir='ltr'><strong>reprehensa</strong></span> <span class='ocrx_word' id='word_1_18' title='bbox 535 246 632 276; x_wconf 86' lang='lat' dir='ltr'><strong>fuerat.</strong></span> <span class='ocrx_word' id='word_1_19' title='bbox 649 246 723 273; x_wconf 77' lang='lat' dir='ltr'><strong>velut</strong></span> <span class='ocrx_word' id='word_1_20' title='bbox 737 245 801 273; x_wconf 88' lang='lat' dir='ltr'><strong>olim</strong></span> <span class='ocrx_word' id='word_1_21' title='bbox 816 244 949 277; x_wconf 81' lang='lat' dir='ltr'><strong>Herodias</strong></span> 
     </span>
    </p>
   </div>
   <div class='ocr_carea' id='block_1_5' title="bbox 152 290 949 326">
    <p class='ocr_par' dir='ltr' id='par_1_5' title="bbox 152 290 949 326">
     <span class='ocr_line' id='line_1_5' title="bbox 152 290 949 326; baseline -0.006 -4"><span class='ocrx_word' id='word_1_22' title='bbox 152 300 172 326; x_wconf 25' lang='grc' dir='ltr'><strong>γι</strong></span> <span class='ocrx_word' id='word_1_23' title='bbox 191 293 298 321; x_wconf 86' lang='lat' dir='ltr'><strong>Joanne</strong></span> <span class='ocrx_word' id='word_1_24' title='bbox 312 291 446 326; x_wconf 83' lang='lat' dir='ltr'><strong>Baptista,</strong></span> <span class='ocrx_word' id='word_1_25' title='bbox 461 299 515 318; x_wconf 88' lang='lat' dir='ltr'><strong>una</strong></span> <span class='ocrx_word' id='word_1_26' title='bbox 542 299 603 319; x_wconf 89' lang='lat' dir='ltr'><strong>cum</strong></span> <span class='ocrx_word' id='word_1_27' title='bbox 631 290 738 319; x_wconf 93' lang='lat' dir='ltr'><strong>llerode</strong></span> <span class='ocrx_word' id='word_1_28' title='bbox 757 291 803 326; x_wconf 87' lang='lat' dir='ltr'><strong>qui</strong></span> <span class='ocrx_word' id='word_1_29' title='bbox 821 290 894 317; x_wconf 91' lang='lat' dir='ltr'><strong>illam</strong></span> <span class='ocrx_word' id='word_1_30' title='bbox 910 290 949 317; x_wconf 91' lang='lat' dir='ltr'><strong>in-</strong></span> 
     </span>
    </p>
   </div>
   <div class='ocr_carea' id='block_1_6' title="bbox 157 337 948 373">
    <p class='ocr_par' dir='ltr' id='par_1_6' title="bbox 157 337 948 373">
     <span class='ocr_line' id='line_1_6' title="bbox 157 337 948 373; baseline -0.005 -6"><span class='ocrx_word' id='word_1_31' title='bbox 157 342 229 367; x_wconf 86' lang='lat' dir='ltr'><strong>ceste</strong></span> <span class='ocrx_word' id='word_1_32' title='bbox 241 338 294 365; x_wconf 84' lang='lat' dir='ltr'><strong>sibi</strong></span> <span class='ocrx_word' id='word_1_33' title='bbox 310 338 525 373; x_wconf 84' lang='lat' dir='ltr'><strong>desponsaverat</strong></span> <span class='ocrx_word' id='word_1_34' title='bbox 540 345 601 372; x_wconf 71' lang='lat' dir='ltr'><strong>qua:</strong></span> <span class='ocrx_word' id='word_1_35' title='bbox 615 345 677 365; x_wconf 89' lang='lat' dir='ltr'><strong>cum</strong></span> <span class='ocrx_word' id='word_1_36' title='bbox 691 337 774 364; x_wconf 88' lang='lat' dir='ltr'><strong>fratre</strong></span> <span class='ocrx_word' id='word_1_37' title='bbox 789 337 849 372; x_wconf 84' lang='lat' dir='ltr'><strong>ejus</strong></span> <span class='ocrx_word' id='word_1_38' title='bbox 867 345 948 372; x_wconf 84' lang='lat' dir='ltr'><strong>copu-</strong></span> 
     </span>
    </p>
   </div>
   <div class='ocr_carea' id='block_1_7' title="bbox 152 381 946 418">
    <p class='ocr_par' dir='ltr' id='par_1_7' title="bbox 152 381 946 418">
     <span class='ocr_line' id='line_1_7' title="bbox 152 381 946 418; baseline -0.003 -7"><span class='ocrx_word' id='word_1_39' title='bbox 152 383 207 414; x_wconf 77' lang='lat' dir='ltr'><strong>lata</strong></span> <span class='ocrx_word' id='word_1_40' title='bbox 218 383 322 415; x_wconf 85' lang='lat' dir='ltr'><strong>fuerat,</strong></span> <span class='ocrx_word' id='word_1_41' title='bbox 342 388 371 410; x_wconf 90' lang='lat' dir='ltr'><strong>ut</strong></span> <span class='ocrx_word' id='word_1_42' title='bbox 390 383 490 410; x_wconf 89' lang='lat' dir='ltr'><strong>dicitur</strong></span> <span class='ocrx_word' id='word_1_43' title='bbox 516 383 543 410; x_wconf 93' lang='lat' dir='ltr'><strong>in</strong></span> <span class='ocrx_word' id='word_1_44' title='bbox 560 383 714 418; x_wconf 76' lang='lat' dir='ltr'><strong>Evangeliis</strong></span> <span class='ocrx_word' id='word_1_45' title='bbox 740 381 847 418; x_wconf 82' lang='lat' dir='ltr'><strong>(Marc.</strong></span> <span class='ocrx_word' id='word_1_46' title='bbox 863 391 900 414; x_wconf 85' lang='lat' dir='ltr'><strong>vl,</strong></span> <span class='ocrx_word' id='word_1_47' title='bbox 915 383 946 409; x_wconf 83' lang='lat' dir='ltr'><strong>i7</strong></span> 
     </span>
    </p>
   </div>
   <div class='ocr_carea' id='block_1_8' title="bbox 156 427 946 464">
    <p class='ocr_par' dir='ltr' id='par_1_8' title="bbox 156 427 946 464">
     <span class='ocr_line' id='line_1_8' title="bbox 156 427 946 464; baseline 0 -8"><span class='ocrx_word' id='word_1_48' title='bbox 156 437 214 464; x_wconf 88' lang='lat' dir='ltr'><strong>sqq.</strong></span> <span class='ocrx_word' id='word_1_49' title='bbox 224 430 244 461; x_wconf 58' lang='grc' dir='ltr'><strong>ἓ.</strong></span> <span class='ocrx_word' id='word_1_50' title='bbox 261 429 326 456; x_wconf 71' lang='lat' dir='ltr'><strong>Haec</strong></span> <span class='ocrx_word' id='word_1_51' title='bbox 340 433 432 459; x_wconf 86' lang='lat' dir='ltr'><strong>autem</strong></span> <span class='ocrx_word' id='word_1_52' title='bbox 448 429 499 456; x_wconf 88' lang='lat' dir='ltr'><strong>fuit</strong></span> <span class='ocrx_word' id='word_1_53' title='bbox 514 436 594 456; x_wconf 81' lang='lat' dir='ltr'><strong>causa</strong></span> <span class='ocrx_word' id='word_1_54' title='bbox 608 428 715 456; x_wconf 84' lang='lat' dir='ltr'><strong>discidii</strong></span> <span class='ocrx_word' id='word_1_55' title='bbox 731 427 802 456; x_wconf 89' lang='lat' dir='ltr'><strong>inter</strong></span> <span class='ocrx_word' id='word_1_56' title='bbox 814 427 946 456; x_wconf 84' lang='lat' dir='ltr'><strong>Joannem</strong></span> 
     </span>
    </p>
   </div>
   <div class='ocr_carea' id='block_1_9' title="bbox 151 474 944 510">
    <p class='ocr_par' dir='ltr' id='par_1_9' title="bbox 151 474 944 510">
     <span class='ocr_line' id='line_1_9' title="bbox 151 474 944 510; baseline -0.001 -7"><span class='ocrx_word' id='word_1_57' title='bbox 151 480 182 507; x_wconf 73' lang='lat' dir='ltr'><strong>et</strong></span> <span class='ocrx_word' id='word_1_58' title='bbox 197 475 349 506; x_wconf 82' lang='lat' dir='ltr'><strong>Eudoxiam</strong></span> <span class='ocrx_word' id='word_1_59' title='bbox 363 484 368 501; x_wconf 92' lang='lat'><strong>:</strong></span> <span class='ocrx_word' id='word_1_60' title='bbox 383 475 503 510; x_wconf 77' lang='lat' dir='ltr'><strong>Contigit</strong></span> <span class='ocrx_word' id='word_1_61' title='bbox 516 474 589 502; x_wconf 91' lang='lat' dir='ltr'><strong>enim</strong></span> <span class='ocrx_word' id='word_1_62' title='bbox 605 478 635 502; x_wconf 89' lang='lat' dir='ltr'><strong>ut</strong></span> <span class='ocrx_word' id='word_1_63' title='bbox 645 474 811 509; x_wconf 87' lang='lat' dir='ltr'><strong>imperatrix,</strong></span> <span class='ocrx_word' id='word_1_64' title='bbox 824 474 852 502; x_wconf 87' lang='lat' dir='ltr'><strong>in</strong></span> <span class='ocrx_word' id='word_1_65' title='bbox 872 474 944 509; x_wconf 82' lang='lat' dir='ltr'><strong>regia</strong></span> 
     </span>
    </p>
   </div>
   <div class='ocr_carea' id='block_1_10' title="bbox 155 520 946 556">
    <p class='ocr_par' dir='ltr' id='par_1_10' title="bbox 155 520 946 556">
     <span class='ocr_line' id='line_1_10' title="bbox 155 520 946 556; baseline -0.001 -8"><span class='ocrx_word' id='word_1_66' title='bbox 155 522 233 548; x_wconf 81' lang='lat' dir='ltr'><strong>vinea</strong></span> <span class='ocrx_word' id='word_1_67' title='bbox 248 521 402 553; x_wconf 81' lang='lat' dir='ltr'><strong>diversans,</strong></span> <span class='ocrx_word' id='word_1_68' title='bbox 417 521 446 548; x_wconf 94' lang='lat' dir='ltr'><strong>in</strong></span> <span class='ocrx_word' id='word_1_69' title='bbox 470 521 576 548; x_wconf 83' lang='lat' dir='ltr'><strong>vincam</strong></span> <span class='ocrx_word' id='word_1_70' title='bbox 589 520 698 548; x_wconf 65' lang='lat' dir='ltr'><strong>femina;</strong></span> <span class='ocrx_word' id='word_1_71' title='bbox 712 520 799 548; x_wconf 68' lang='lat' dir='ltr'><strong>vidua:</strong></span> <span class='ocrx_word' id='word_1_72' title='bbox 820 520 946 556; x_wconf 80' lang='lat' dir='ltr'><strong>ingrede-</strong></span> 
     </span>
    </p>
   </div>
   <div class='ocr_carea' id='block_1_11' title="bbox 151 566 946 605">
    <p class='ocr_par' dir='ltr' id='par_1_11' title="bbox 151 566 946 605">
     <span class='ocr_line' id='line_1_11' title="bbox 151 566 946 605; baseline -0.003 -10"><span class='ocrx_word' id='word_1_73' title='bbox 151 572 229 604; x_wconf 80' lang='lat' dir='ltr'><strong>retur</strong></span> <span class='ocrx_word' id='word_1_74' title='bbox 243 575 301 595; x_wconf 61' lang='lat' dir='ltr'><strong>sua:</strong></span> <span class='ocrx_word' id='word_1_75' title='bbox 312 567 433 605; x_wconf 68' lang='lat' dir='ltr'><strong>propriae</strong></span> <span class='ocrx_word' id='word_1_76' title='bbox 450 567 611 602; x_wconf 80' lang='lat' dir='ltr'><strong>proximam,</strong></span> <span class='ocrx_word' id='word_1_77' title='bbox 632 566 691 594; x_wconf 86' lang='lat' dir='ltr'><strong>sive</strong></span> <span class='ocrx_word' id='word_1_78' title='bbox 714 566 767 594; x_wconf 89' lang='lat' dir='ltr'><strong>hoc</strong></span> <span class='ocrx_word' id='word_1_79' title='bbox 782 570 882 604; x_wconf 81' lang='lat' dir='ltr'><strong>sponte</strong></span> <span class='ocrx_word' id='word_1_80' title='bbox 905 566 946 593; x_wconf 74' lang='lat' dir='ltr'><strong>fe-</strong></span> 
     </span>
    </p>
   </div>
   <div class='ocr_carea' id='block_1_12' title="bbox 152 613 945 651">
    <p class='ocr_par' dir='ltr' id='par_1_12' title="bbox 152 613 945 651">
     <span class='ocr_line' id='line_1_12' title="bbox 152 613 945 651; baseline -0.003 -10"><span class='ocrx_word' id='word_1_81' title='bbox 152 614 221 651; x_wconf 76' lang='lat' dir='ltr'><strong>cerit</strong></span> <span class='ocrx_word' id='word_1_82' title='bbox 238 614 298 641; x_wconf 83' lang='lat' dir='ltr'><strong>sive</strong></span> <span class='ocrx_word' id='word_1_83' title='bbox 315 621 392 645; x_wconf 85' lang='lat' dir='ltr'><strong>casu,</strong></span> <span class='ocrx_word' id='word_1_84' title='bbox 410 616 439 650; x_wconf 82' lang='lat' dir='ltr'><strong>et</strong></span> <span class='ocrx_word' id='word_1_85' title='bbox 455 621 536 640; x_wconf 86' lang='lat' dir='ltr'><strong>uvam</strong></span> <span class='ocrx_word' id='word_1_86' title='bbox 552 613 615 641; x_wconf 88' lang='lat' dir='ltr'><strong>inde</strong></span> <span class='ocrx_word' id='word_1_87' title='bbox 639 613 810 649; x_wconf 56' lang='lat' dir='ltr'><strong>praecideret.</strong></span> <span class='ocrx_word' id='word_1_88' title='bbox 827 613 863 651; x_wconf 67' lang='lat' dir='ltr'><strong>Et</strong></span> <span class='ocrx_word' id='word_1_89' title='bbox 882 613 945 650; x_wconf 80' lang='lat' dir='ltr'><strong>ipsa</strong></span> 
     </span>
    </p>
   </div>
   <div class='ocr_carea' id='block_1_13' title="bbox 154 658 945 696">
    <p class='ocr_par' dir='ltr' id='par_1_13' title="bbox 154 658 945 696">
     <span class='ocr_line' id='line_1_13' title="bbox 154 658 945 696; baseline -0.001 -10"><span class='ocrx_word' id='word_1_90' title='bbox 154 659 264 694; x_wconf 84' lang='lat' dir='ltr'><strong>quidem</strong></span> <span class='ocrx_word' id='word_1_91' title='bbox 279 659 390 687; x_wconf 82' lang='lat' dir='ltr'><strong>aiebat:</strong></span> <span class='ocrx_word' id='word_1_92' title='bbox 409 668 419 684; x_wconf 75' lang='grc' dir='ltr'><strong><em>ι</em></strong></span> <span class='ocrx_word' id='word_1_93' title='bbox 439 658 589 690; x_wconf 79' lang='lat' dir='ltr'><strong>inscienter</strong></span> <span class='ocrx_word' id='word_1_94' title='bbox 605 659 659 686; x_wconf 90' lang='lat' dir='ltr'><strong>huc</strong></span> <span class='ocrx_word' id='word_1_95' title='bbox 670 666 732 694; x_wconf 84' lang='lat' dir='ltr'><strong>sum</strong></span> <span class='ocrx_word' id='word_1_96' title='bbox 747 658 881 696; x_wconf 79' lang='lat' dir='ltr'><strong>ingressa,</strong></span> <span class='ocrx_word' id='word_1_97' title='bbox 897 658 945 686; x_wconf 84' lang='lat' dir='ltr'><strong>sed</strong></span> 
     </span>
    </p>
   </div>
   <div class='ocr_carea' id='block_1_14' title="bbox 152 704 944 743">
    <p class='ocr_par' dir='ltr' id='par_1_14' title="bbox 152 704 944 743">
     <span class='ocr_line' id='line_1_14' title="bbox 152 704 944 743; baseline -0.001 -11"><span class='ocrx_word' id='word_1_98' title='bbox 152 709 244 732; x_wconf 83' lang='lat' dir='ltr'><strong>tamen</strong></span> <span class='ocrx_word' id='word_1_99' title='bbox 261 705 342 733; x_wconf 86' lang='lat' dir='ltr'><strong>vinea</strong></span> <span class='ocrx_word' id='word_1_100' title='bbox 357 705 476 732; x_wconf 71' lang='lat' dir='ltr'><strong>dominae</strong></span> <span class='ocrx_word' id='word_1_101' title='bbox 490 704 688 743; x_wconf 68' lang='lat' dir='ltr'><strong>suusdeinceps</strong></span> <span class='ocrx_word' id='word_1_102' title='bbox 709 704 803 740; x_wconf 84' lang='lat' dir='ltr'><strong>nequit</strong></span> <span class='ocrx_word' id='word_1_103' title='bbox 818 704 923 734; x_wconf 77' lang='lat' dir='ltr'><strong>restitui</strong></span> <span class='ocrx_word' id='word_1_104' title='bbox 937 712 944 736; x_wconf 91' lang='lat'><strong>;</strong></span> 
     </span>
    </p>
   </div>
   <div class='ocr_carea' id='block_1_15' title="bbox 150 749 942 789">
    <p class='ocr_par' dir='ltr' id='par_1_15' title="bbox 150 749 942 789">
     <span class='ocr_line' id='line_1_15' title="bbox 150 749 942 789; baseline -0.004 -11"><span class='ocrx_word' id='word_1_105' title='bbox 150 750 201 783; x_wconf 75' lang='lat' dir='ltr'><strong>sed</strong></span> <span class='ocrx_word' id='word_1_106' title='bbox 216 750 297 777; x_wconf 83' lang='lat' dir='ltr'><strong>aliam</strong></span> <span class='ocrx_word' id='word_1_107' title='bbox 309 758 360 789; x_wconf 84' lang='lat' dir='ltr'><strong>pro</strong></span> <span class='ocrx_word' id='word_1_108' title='bbox 373 750 418 777; x_wconf 88' lang='lat' dir='ltr'><strong>illa</strong></span> <span class='ocrx_word' id='word_1_109' title='bbox 426 750 496 778; x_wconf 81' lang='lat' dir='ltr'><strong>dabo</strong></span> <span class='ocrx_word' id='word_1_110' title='bbox 509 750 667 786; x_wconf 88' lang='lat' dir='ltr'><strong>ampliorem</strong></span> <span class='ocrx_word' id='word_1_111' title='bbox 681 753 762 785; x_wconf 85' lang='lat' dir='ltr'><strong>atque</strong></span> <span class='ocrx_word' id='word_1_112' title='bbox 772 749 924 778; x_wconf 85' lang='lat' dir='ltr'><strong>meliorem.</strong></span> <span class='ocrx_word' id='word_1_113' title='bbox 933 759 942 775; x_wconf 68' lang='grc' dir='ltr'>ι</span> 
     </span>
    </p>
   </div>
   <div class='ocr_carea' id='block_1_16' title="bbox 154 795 944 829">
    <p class='ocr_par' dir='ltr' id='par_1_16' title="bbox 154 795 944 829">
     <span class='ocr_line' id='line_1_16' title="bbox 154 795 944 829; baseline 0.003 -6"><span class='ocrx_word' id='word_1_114' title='bbox 154 795 349 829; x_wconf 68' lang='lat' dir='ltr'><strong>Verumtamen</strong></span> <span class='ocrx_word' id='word_1_115' title='bbox 367 795 449 823; x_wconf 81' lang='lat' dir='ltr'><strong>vidua</strong></span> <span class='ocrx_word' id='word_1_116' title='bbox 477 803 532 824; x_wconf 93' lang='lat' dir='ltr'><strong>non</strong></span> <span class='ocrx_word' id='word_1_117' title='bbox 562 795 669 823; x_wconf 85' lang='lat' dir='ltr'><strong>admisit</strong></span> <span class='ocrx_word' id='word_1_118' title='bbox 693 795 869 827; x_wconf 82' lang='lat' dir='ltr'><strong>oblationem,</strong></span> <span class='ocrx_word' id='word_1_119' title='bbox 891 795 944 827; x_wconf 75' lang='lat' dir='ltr'><strong>sed</strong></span> 
     </span>
    </p>
   </div>
   <div class='ocr_carea' id='block_1_17' title="bbox 152 839 942 873">
    <p class='ocr_par' dir='ltr' id='par_1_17' title="bbox 152 839 942 873">
     <span class='ocr_line' id='line_1_17' title="bbox 152 839 942 873; baseline 0 -5"><span class='ocrx_word' id='word_1_120' title='bbox 152 839 286 868; x_wconf 80' lang='lat' dir='ltr'><strong>Joannem</strong></span> <span class='ocrx_word' id='word_1_121' title='bbox 306 841 446 873; x_wconf 84' lang='lat' dir='ltr'><strong>exoravit,</strong></span> <span class='ocrx_word' id='word_1_122' title='bbox 465 845 496 868; x_wconf 87' lang='lat' dir='ltr'><strong>ut</strong></span> <span class='ocrx_word' id='word_1_123' title='bbox 510 841 566 868; x_wconf 88' lang='lat' dir='ltr'><strong>&#39;sibi</strong></span> <span class='ocrx_word' id='word_1_124' title='bbox 589 841 668 868; x_wconf 84' lang='lat' dir='ltr'><strong>vinea</strong></span> <span class='ocrx_word' id='word_1_125' title='bbox 698 848 746 867; x_wconf 88' lang='lat' dir='ltr'><strong>sua</strong></span> <span class='ocrx_word' id='word_1_126' title='bbox 772 841 942 872; x_wconf 80' lang='lat' dir='ltr'><strong>redderetur.</strong></span> 
     </span>
    </p>
   </div>
   <div class='ocr_carea' id='block_1_18' title="bbox 154 885 944 922">
    <p class='ocr_par' dir='ltr' id='par_1_18' title="bbox 154 885 944 922">
     <span class='ocr_line' id='line_1_18' title="bbox 154 885 944 922; baseline 0 -8"><span class='ocrx_word' id='word_1_127' title='bbox 154 885 230 914; x_wconf 80' lang='lat' dir='ltr'><strong>Tunc</strong></span> <span class='ocrx_word' id='word_1_128' title='bbox 240 885 363 915; x_wconf 83' lang='lat' dir='ltr'><strong>Joannes</strong></span> <span class='ocrx_word' id='word_1_129' title='bbox 381 887 547 922; x_wconf 86' lang='lat' dir='ltr'><strong>imperatrici</strong></span> <span class='ocrx_word' id='word_1_130' title='bbox 565 890 707 915; x_wconf 66' lang='lat' dir='ltr'><strong>conventa:</strong></span> <span class='ocrx_word' id='word_1_131' title='bbox 730 886 840 914; x_wconf 79' lang='lat' dir='ltr'><strong>aiebat:</strong></span> <span class='ocrx_word' id='word_1_132' title='bbox 863 897 872 913; x_wconf 88' lang='grc'><strong><em>‹</em></strong></span> <span class='ocrx_word' id='word_1_133' title='bbox 893 887 944 914; x_wconf 84' lang='lat' dir='ltr'><strong>Mi-</strong></span> 
     </span>
    </p>
   </div>
   <div class='ocr_carea' id='block_1_19' title="bbox 153 931 945 968">
    <p class='ocr_par' dir='ltr' id='par_1_19' title="bbox 153 931 945 968">
     <span class='ocr_line' id='line_1_19' title="bbox 153 931 945 968; baseline 0.001 -9"><span class='ocrx_word' id='word_1_134' title='bbox 153 939 245 961; x_wconf 82' lang='lat' dir='ltr'><strong>serere</strong></span> <span class='ocrx_word' id='word_1_135' title='bbox 259 931 359 964; x_wconf 61' lang='lat' dir='ltr'><strong>vidua,</strong></span> <span class='ocrx_word' id='word_1_136' title='bbox 371 932 450 968; x_wconf 85' lang='lat' dir='ltr'><strong>eique</strong></span> <span class='ocrx_word' id='word_1_137' title='bbox 461 931 567 959; x_wconf 84' lang='lat' dir='ltr'><strong>vineam</strong></span> <span class='ocrx_word' id='word_1_138' title='bbox 581 931 705 958; x_wconf 85' lang='lat' dir='ltr'><strong>restitue.</strong></span> <span class='ocrx_word' id='word_1_139' title='bbox 716 941 725 956; x_wconf 76' lang='grc' dir='ltr'><strong><em>ι</em></strong></span> <span class='ocrx_word' id='word_1_140' title='bbox 736 931 770 958; x_wconf 81' lang='lat' dir='ltr'><strong>At</strong></span> <span class='ocrx_word' id='word_1_141' title='bbox 785 932 829 959; x_wconf 85' lang='lat' dir='ltr'><strong>illa</strong></span> <span class='ocrx_word' id='word_1_142' title='bbox 842 941 848 958; x_wconf 91' lang='lat'>:</span> <span class='ocrx_word' id='word_1_143' title='bbox 865 943 874 958; x_wconf 79' lang='grc' dir='ltr'>ι</span> <span class='ocrx_word' id='word_1_144' title='bbox 890 932 945 963; x_wconf 86' lang='lat' dir='ltr'><strong>Lex</strong></span> 
     </span>
    </p>
   </div>
   <div class='ocr_carea' id='block_1_20' title="bbox 153 976 945 1013">
    <p class='ocr_par' dir='ltr' id='par_1_20' title="bbox 153 976 945 1013">
     <span class='ocr_line' id='line_1_20' title="bbox 153 976 945 1013; baseline 0.001 -9"><span class='ocrx_word' id='word_1_145' title='bbox 153 981 203 1009; x_wconf 79' lang='lat' dir='ltr'><strong>est,</strong></span> <span class='ocrx_word' id='word_1_146' title='bbox 219 986 232 1009; x_wconf 67' lang='grc' dir='ltr'><strong><em>,ι</em></strong></span> <span class='ocrx_word' id='word_1_147' title='bbox 252 977 351 1012; x_wconf 81' lang='lat' dir='ltr'><strong>inquit,</strong></span> <span class='ocrx_word' id='word_1_148' title='bbox 367 987 377 1003; x_wconf 74' lang='grc' dir='ltr'>ι</span> <span class='ocrx_word' id='word_1_149' title='bbox 393 978 467 1013; x_wconf 77' lang='lat' dir='ltr'><strong>regia</strong></span> <span class='ocrx_word' id='word_1_150' title='bbox 481 981 522 1008; x_wconf 79' lang='lat' dir='ltr'><strong>ut,</strong></span> <span class='ocrx_word' id='word_1_151' title='bbox 535 984 589 1012; x_wconf 76' lang='lat' dir='ltr'><strong>quo</strong></span> <span class='ocrx_word' id='word_1_152' title='bbox 601 984 652 1004; x_wconf 87' lang='lat' dir='ltr'><strong>nos</strong></span> <span class='ocrx_word' id='word_1_153' title='bbox 665 976 856 1005; x_wconf 87' lang='lat' dir='ltr'><strong>intraverimus</strong></span> <span class='ocrx_word' id='word_1_154' title='bbox 864 982 945 1013; x_wconf 88' lang='lat' dir='ltr'><strong>atque</strong></span> 
     </span>
    </p>
   </div>
   <div class='ocr_carea' id='block_1_21' title="bbox 153 1022 945 1058">
    <p class='ocr_par' dir='ltr' id='par_1_21' title="bbox 153 1022 945 1058">
     <span class='ocr_line' id='line_1_21' title="bbox 153 1022 945 1058; baseline 0 -8"><span class='ocrx_word' id='word_1_155' title='bbox 153 1023 273 1055; x_wconf 84' lang='lat' dir='ltr'><strong>indidem</strong></span> <span class='ocrx_word' id='word_1_156' title='bbox 287 1023 407 1051; x_wconf 86' lang='lat' dir='ltr'><strong>fructum</strong></span> <span class='ocrx_word' id='word_1_157' title='bbox 423 1023 616 1058; x_wconf 86' lang='lat' dir='ltr'><strong>carpserimus,</strong></span> <span class='ocrx_word' id='word_1_158' title='bbox 631 1022 706 1050; x_wconf 91' lang='lat' dir='ltr'><strong>locus</strong></span> <span class='ocrx_word' id='word_1_159' title='bbox 722 1023 766 1050; x_wconf 91' lang='lat' dir='ltr'><strong>ille</strong></span> <span class='ocrx_word' id='word_1_160' title='bbox 780 1023 853 1051; x_wconf 90' lang='lat' dir='ltr'><strong>haud</strong></span> <span class='ocrx_word' id='word_1_161' title='bbox 875 1024 945 1051; x_wconf 88' lang='lat' dir='ltr'><strong>alte-</strong></span> 
     </span>
    </p>
   </div>
   <div class='ocr_carea' id='block_1_22' title="bbox 151 1069 944 1104">
    <p class='ocr_par' dir='ltr' id='par_1_22' title="bbox 151 1069 944 1104">
     <span class='ocr_line' id='line_1_22' title="bbox 151 1069 944 1104; baseline 0.003 -9"><span class='ocrx_word' id='word_1_162' title='bbox 151 1069 208 1095; x_wconf 89' lang='lat' dir='ltr'><strong>rius</strong></span> <span class='ocrx_word' id='word_1_163' title='bbox 221 1077 304 1104; x_wconf 84' lang='lat' dir='ltr'><strong>quam</strong></span> <span class='ocrx_word' id='word_1_164' title='bbox 328 1076 422 1104; x_wconf 79' lang='lat' dir='ltr'><strong>regum</strong></span> <span class='ocrx_word' id='word_1_165' title='bbox 454 1069 498 1096; x_wconf 90' lang='lat' dir='ltr'><strong>sit.</strong></span> <span class='ocrx_word' id='word_1_166' title='bbox 531 1069 659 1098; x_wconf 74' lang='lat' dir='ltr'><strong>Attamen</strong></span> <span class='ocrx_word' id='word_1_167' title='bbox 682 1076 732 1104; x_wconf 85' lang='lat' dir='ltr'><strong>pro</strong></span> <span class='ocrx_word' id='word_1_168' title='bbox 766 1070 811 1096; x_wconf 81' lang='lat' dir='ltr'><strong>illa</strong></span> <span class='ocrx_word' id='word_1_169' title='bbox 838 1070 944 1097; x_wconf 90' lang='lat' dir='ltr'><strong>vineam</strong></span> 
     </span>
    </p>
   </div>
   <div class='ocr_carea' id='block_1_23' title="bbox 152 1112 944 1150">
    <p class='ocr_par' dir='ltr' id='par_1_23' title="bbox 152 1112 944 1150">
     <span class='ocr_line' id='line_1_23' title="bbox 152 1112 944 1150; baseline 0.001 -10"><span class='ocrx_word' id='word_1_170' title='bbox 152 1113 302 1147; x_wconf 75' lang='lat' dir='ltr'><strong>quamlibet</strong></span> <span class='ocrx_word' id='word_1_171' title='bbox 317 1112 370 1140; x_wconf 87' lang='lat' dir='ltr'><strong>sibi</strong></span> <span class='ocrx_word' id='word_1_172' title='bbox 383 1113 493 1141; x_wconf 83' lang='lat' dir='ltr'><strong>habeat.</strong></span> <span class='ocrx_word' id='word_1_173' title='bbox 513 1122 522 1138; x_wconf 83' lang='grc'><strong>›</strong></span> <span class='ocrx_word' id='word_1_174' title='bbox 535 1113 631 1147; x_wconf 87' lang='lat' dir='ltr'><strong>Denuo</strong></span> <span class='ocrx_word' id='word_1_175' title='bbox 638 1113 727 1149; x_wconf 79' lang='lat' dir='ltr'><strong>igitur</strong></span> <span class='ocrx_word' id='word_1_176' title='bbox 739 1113 820 1141; x_wconf 83' lang='lat' dir='ltr'><strong>vidua</strong></span> <span class='ocrx_word' id='word_1_177' title='bbox 831 1114 944 1150; x_wconf 83' lang='lat' dir='ltr'><strong>molesta</strong></span> 
     </span>
    </p>
   </div>
   <div class='ocr_carea' id='block_1_24' title="bbox 151 1155 945 1194">
    <p class='ocr_par' dir='ltr' id='par_1_24' title="bbox 151 1155 945 1194">
     <span class='ocr_line' id='line_1_24' title="bbox 151 1155 945 1194; baseline -0.001 -7"><span class='ocrx_word' id='word_1_178' title='bbox 151 1155 248 1187; x_wconf 80' lang='lat' dir='ltr'><strong>Joanni</strong></span> <span class='ocrx_word' id='word_1_179' title='bbox 270 1163 340 1190; x_wconf 90' lang='lat' dir='ltr'><strong>erat,</strong></span> <span class='ocrx_word' id='word_1_180' title='bbox 353 1158 430 1194; x_wconf 85' lang='lat' dir='ltr'><strong>quasi</strong></span> <span class='ocrx_word' id='word_1_181' title='bbox 443 1158 545 1194; x_wconf 86' lang='lat' dir='ltr'><strong>aliquid</strong></span> <span class='ocrx_word' id='word_1_182' title='bbox 558 1159 594 1186; x_wconf 90' lang='lat' dir='ltr'><strong>ab</strong></span> <span class='ocrx_word' id='word_1_183' title='bbox 610 1158 783 1194; x_wconf 82' lang='lat' dir='ltr'><strong>imperatrice</strong></span> <span class='ocrx_word' id='word_1_184' title='bbox 799 1159 945 1194; x_wconf 77' lang='lat' dir='ltr'><strong>impetrare</strong></span> 
     </span>
    </p>
   </div>
   <div class='ocr_carea' id='block_1_25' title="bbox 153 1202 946 1239">
    <p class='ocr_par' dir='ltr' id='par_1_25' title="bbox 153 1202 946 1239">
     <span class='ocr_line' id='line_1_25' title="bbox 153 1202 946 1239; baseline 0.003 -10"><span class='ocrx_word' id='word_1_185' title='bbox 153 1203 262 1230; x_wconf 80' lang='lat' dir='ltr'><strong>valenti.</strong></span> <span class='ocrx_word' id='word_1_186' title='bbox 291 1202 417 1239; x_wconf 86' lang='lat' dir='ltr'><strong>Cumque</strong></span> <span class='ocrx_word' id='word_1_187' title='bbox 443 1203 490 1231; x_wconf 90' lang='lat' dir='ltr'><strong>hic</strong></span> <span class='ocrx_word' id='word_1_188' title='bbox 520 1203 645 1239; x_wconf 74' lang='lat' dir='ltr'><strong>fatigaret</strong></span> <span class='ocrx_word' id='word_1_189' title='bbox 672 1203 842 1236; x_wconf 86' lang='lat' dir='ltr'><strong>Eudoxiam,</strong></span> <span class='ocrx_word' id='word_1_190' title='bbox 871 1212 946 1232; x_wconf 89' lang='lat' dir='ltr'><strong>nunc</strong></span> 
     </span>
    </p>
   </div>
   <div class='ocr_carea' id='block_1_26' title="bbox 153 1246 945 1286">
    <p class='ocr_par' dir='ltr' id='par_1_26' title="bbox 153 1246 945 1286">
     <span class='ocr_line' id='line_1_26' title="bbox 153 1246 945 1286; baseline 0 -11"><span class='ocrx_word' id='word_1_191' title='bbox 153 1256 242 1286; x_wconf 68' lang='lat' dir='ltr'><strong>orans,</strong></span> <span class='ocrx_word' id='word_1_192' title='bbox 257 1256 334 1285; x_wconf 81' lang='lat' dir='ltr'><strong>nunc</strong></span> <span class='ocrx_word' id='word_1_193' title='bbox 347 1249 429 1276; x_wconf 85' lang='lat' dir='ltr'><strong>etiam</strong></span> <span class='ocrx_word' id='word_1_194' title='bbox 443 1246 504 1276; x_wconf 76' lang='lat' dir='ltr'><strong>cum</strong></span> <span class='ocrx_word' id='word_1_195' title='bbox 527 1248 656 1284; x_wconf 88' lang='lat' dir='ltr'><strong>parabola</strong></span> <span class='ocrx_word' id='word_1_196' title='bbox 682 1249 844 1281; x_wconf 87' lang='lat' dir='ltr'><strong>admonens,</strong></span> <span class='ocrx_word' id='word_1_197' title='bbox 872 1257 945 1285; x_wconf 85' lang='lat' dir='ltr'><strong>nun-</strong></span> 
     </span>
    </p>
   </div>
   <div class='ocr_carea' id='block_1_27' title="bbox 152 1294 945 1330">
    <p class='ocr_par' dir='ltr' id='par_1_27' title="bbox 152 1294 945 1330">
     <span class='ocr_line' id='line_1_27' title="bbox 152 1294 945 1330; baseline 0.003 -10"><span class='ocrx_word' id='word_1_198' title='bbox 152 1301 232 1330; x_wconf 91' lang='lat' dir='ltr'><strong>quam</strong></span> <span class='ocrx_word' id='word_1_199' title='bbox 251 1294 376 1321; x_wconf 80' lang='lat' dir='ltr'><strong>mulieris</strong></span> <span class='ocrx_word' id='word_1_200' title='bbox 391 1294 498 1322; x_wconf 85' lang='lat' dir='ltr'><strong>vineam</strong></span> <span class='ocrx_word' id='word_1_201' title='bbox 513 1295 548 1322; x_wconf 91' lang='lat' dir='ltr'><strong>ab</strong></span> <span class='ocrx_word' id='word_1_202' title='bbox 565 1294 739 1330; x_wconf 87' lang='lat' dir='ltr'><strong>imperatrice</strong></span> <span class='ocrx_word' id='word_1_203' title='bbox 752 1295 838 1322; x_wconf 89' lang='lat' dir='ltr'><strong>valuit</strong></span> <span class='ocrx_word' id='word_1_204' title='bbox 852 1299 945 1323; x_wconf 84' lang='lat' dir='ltr'><strong>extor-</strong></span> 
     </span>
    </p>
   </div>
   <div class='ocr_carea' id='block_1_28' title="bbox 152 1340 944 1378">
    <p class='ocr_par' dir='ltr' id='par_1_28' title="bbox 152 1340 944 1378">
     <span class='ocr_line' id='line_1_28' title="bbox 152 1340 944 1378; baseline 0.001 -12"><span class='ocrx_word' id='word_1_205' title='bbox 152 1347 245 1376; x_wconf 79' lang='lat' dir='ltr'><strong>quere.</strong></span> <span class='ocrx_word' id='word_1_206' title='bbox 263 1340 336 1378; x_wconf 80' lang='lat' dir='ltr'><strong>Ergo</strong></span> <span class='ocrx_word' id='word_1_207' title='bbox 352 1340 396 1367; x_wconf 88' lang='lat' dir='ltr'><strong>die</strong></span> <span class='ocrx_word' id='word_1_208' title='bbox 411 1340 538 1375; x_wconf 82' lang='lat' dir='ltr'><strong>quadam,</strong></span> <span class='ocrx_word' id='word_1_209' title='bbox 555 1340 718 1368; x_wconf 87' lang='lat' dir='ltr'><strong>adveniente</strong></span> <span class='ocrx_word' id='word_1_210' title='bbox 732 1340 767 1377; x_wconf 82' lang='lat' dir='ltr'><strong>ad</strong></span> <span class='ocrx_word' id='word_1_211' title='bbox 780 1348 839 1368; x_wconf 88' lang='lat' dir='ltr'><strong>eam</strong></span> <span class='ocrx_word' id='word_1_212' title='bbox 862 1340 944 1375; x_wconf 86' lang='lat' dir='ltr'><strong>hujus</strong></span> 
     </span>
    </p>
   </div>
   <div class='ocr_carea' id='block_1_29' title="bbox 153 1385 945 1422">
    <p class='ocr_par' dir='ltr' id='par_1_29' title="bbox 153 1385 945 1422">
     <span class='ocr_line' id='line_1_29' title="bbox 153 1385 945 1422; baseline 0.001 -9"><span class='ocrx_word' id='word_1_213' title='bbox 153 1385 189 1413; x_wconf 89' lang='lat' dir='ltr'><strong>rei</strong></span> <span class='ocrx_word' id='word_1_214' title='bbox 209 1393 292 1421; x_wconf 83' lang='lat' dir='ltr'><strong>causa</strong></span> <span class='ocrx_word' id='word_1_215' title='bbox 305 1385 421 1419; x_wconf 84' lang='lat' dir='ltr'><strong>Joanne,</strong></span> <span class='ocrx_word' id='word_1_216' title='bbox 449 1386 506 1421; x_wconf 88' lang='lat' dir='ltr'><strong>ipsa</strong></span> <span class='ocrx_word' id='word_1_217' title='bbox 528 1386 705 1422; x_wconf 84' lang='lat' dir='ltr'><strong>stipatoribus</strong></span> <span class='ocrx_word' id='word_1_218' title='bbox 723 1386 780 1420; x_wconf 87' lang='lat' dir='ltr'><strong>suis</strong></span> <span class='ocrx_word' id='word_1_219' title='bbox 806 1386 945 1414; x_wconf 84' lang='lat' dir='ltr'><strong>mandavit</strong></span> 
     </span>
    </p>
   </div>
   <div class='ocr_carea' id='block_1_30' title="bbox 152 1430 944 1468">
    <p class='ocr_par' dir='ltr' id='par_1_30' title="bbox 152 1430 944 1468">
     <span class='ocr_line' id='line_1_30' title="bbox 152 1430 944 1468; baseline 0.001 -11"><span class='ocrx_word' id='word_1_220' title='bbox 152 1435 182 1468; x_wconf 85' lang='lat' dir='ltr'><strong>ut</strong></span> <span class='ocrx_word' id='word_1_221' title='bbox 202 1430 276 1458; x_wconf 87' lang='lat' dir='ltr'><strong>fores</strong></span> <span class='ocrx_word' id='word_1_222' title='bbox 290 1431 423 1459; x_wconf 81' lang='lat' dir='ltr'><strong>adversus</strong></span> <span class='ocrx_word' id='word_1_223' title='bbox 439 1431 573 1468; x_wconf 80' lang='lat' dir='ltr'><strong>Joannem</strong></span> <span class='ocrx_word' id='word_1_224' title='bbox 591 1431 780 1468; x_wconf 80' lang='lat' dir='ltr'><strong>occluderent,</strong></span> <span class='ocrx_word' id='word_1_225' title='bbox 798 1431 944 1467; x_wconf 86' lang='lat' dir='ltr'><strong>quominus</strong></span> 
     </span>
    </p>
   </div>
   <div class='ocr_carea' id='block_1_31' title="bbox 152 1477 943 1515">
    <p class='ocr_par' dir='ltr' id='par_1_31' title="bbox 152 1477 943 1515">
     <span class='ocr_line' id='line_1_31' title="bbox 152 1477 943 1515; baseline 0.003 -12"><span class='ocrx_word' id='word_1_226' title='bbox 152 1477 366 1515; x_wconf 28' lang='lat' dir='ltr'><strong>ad&#39;loquendum</strong></span> <span class='ocrx_word' id='word_1_227' title='bbox 379 1477 575 1513; x_wconf 70' lang='lat' dir='ltr'><strong>ingrederetur.</strong></span> <span class='ocrx_word' id='word_1_228' title='bbox 590 1477 710 1514; x_wconf 83' lang='lat' dir='ltr'><strong>Joannes</strong></span> <span class='ocrx_word' id='word_1_229' title='bbox 721 1482 812 1505; x_wconf 90' lang='lat' dir='ltr'><strong>autem</strong></span> <span class='ocrx_word' id='word_1_230' title='bbox 824 1477 943 1505; x_wconf 76' lang='lat' dir='ltr'><strong>vicissim</strong></span> 
     </span>
    </p>
   </div>
   <div class='ocr_carea' id='block_1_32' title="bbox 154 1522 941 1560">
    <p class='ocr_par' dir='ltr' id='par_1_32' title="bbox 154 1522 941 1560">
     <span class='ocr_line' id='line_1_32' title="bbox 154 1522 941 1560; baseline 0.003 -12"><span class='ocrx_word' id='word_1_231' title='bbox 154 1527 248 1550; x_wconf 86' lang='lat' dir='ltr'><strong>vocato</strong></span> <span class='ocrx_word' id='word_1_232' title='bbox 259 1522 294 1550; x_wconf 86' lang='lat' dir='ltr'><strong>ad</strong></span> <span class='ocrx_word' id='word_1_233' title='bbox 314 1530 344 1559; x_wconf 85' lang='lat' dir='ltr'><strong>se</strong></span> <span class='ocrx_word' id='word_1_234' title='bbox 356 1523 480 1551; x_wconf 70' lang='lat' dir='ltr'><strong>ecclesia:</strong></span> <span class='ocrx_word' id='word_1_235' title='bbox 494 1524 641 1560; x_wconf 62' lang='lat' dir='ltr'><strong>praeposito</strong></span> <span class='ocrx_word' id='word_1_236' title='bbox 663 1522 803 1558; x_wconf 84' lang='lat' dir='ltr'><strong>mandavit</strong></span> <span class='ocrx_word' id='word_1_237' title='bbox 828 1523 922 1558; x_wconf 83' lang='lat' dir='ltr'><strong>dicens</strong></span> <span class='ocrx_word' id='word_1_238' title='bbox 935 1532 941 1550; x_wconf 91' lang='lat'><strong>:</strong></span> 
     </span>
    </p>
   </div>
   <div class='ocr_carea' id='block_1_33' title="bbox 155 1566 942 1606">
    <p class='ocr_par' dir='ltr' id='par_1_33' title="bbox 155 1566 942 1606">
     <span class='ocr_line' id='line_1_33' title="bbox 155 1566 942 1606; baseline 0.004 -14"><span class='ocrx_word' id='word_1_239' title='bbox 155 1576 164 1591; x_wconf 73' lang='grc' dir='ltr'><strong>ε</strong></span> <span class='ocrx_word' id='word_1_240' title='bbox 179 1566 247 1594; x_wconf 84' lang='lat' dir='ltr'><strong>Cum</strong></span> <span class='ocrx_word' id='word_1_241' title='bbox 261 1567 370 1605; x_wconf 84' lang='lat' dir='ltr'><strong>venerit</strong></span> <span class='ocrx_word' id='word_1_242' title='bbox 380 1567 512 1605; x_wconf 81' lang='lat' dir='ltr'><strong>Eudoxia,</strong></span> <span class='ocrx_word' id='word_1_243' title='bbox 527 1572 556 1605; x_wconf 83' lang='lat' dir='ltr'><strong>ut</strong></span> <span class='ocrx_word' id='word_1_244' title='bbox 567 1568 593 1594; x_wconf 95' lang='lat' dir='ltr'><strong>in</strong></span> <span class='ocrx_word' id='word_1_245' title='bbox 606 1567 750 1606; x_wconf 82' lang='lat' dir='ltr'><strong>ecclesiam</strong></span> <span class='ocrx_word' id='word_1_246' title='bbox 763 1568 942 1606; x_wconf 75' lang='lat' dir='ltr'><strong>ingrediatur,</strong></span> 
     </span>
    </p>
   </div>
   <div class='ocr_carea' id='block_1_34' title="bbox 151 1611 941 1651">
    <p class='ocr_par' dir='ltr' id='par_1_34' title="bbox 151 1611 941 1651">
     <span class='ocr_line' id='line_1_34' title="bbox 151 1611 941 1651; baseline 0.001 -12"><span class='ocrx_word' id='word_1_247' title='bbox 151 1611 193 1639; x_wconf 85' lang='lat' dir='ltr'><strong>fac</strong></span> <span class='ocrx_word' id='word_1_248' title='bbox 208 1612 308 1647; x_wconf 81' lang='lat' dir='ltr'><strong>januas</strong></span> <span class='ocrx_word' id='word_1_249' title='bbox 323 1620 415 1645; x_wconf 87' lang='lat' dir='ltr'><strong>coram</strong></span> <span class='ocrx_word' id='word_1_250' title='bbox 436 1613 564 1651; x_wconf 20' lang='lat' dir='ltr'><strong>occludias</strong></span> <span class='ocrx_word' id='word_1_251' title='bbox 576 1613 718 1649; x_wconf 77' lang='lat' dir='ltr'><strong>dicendo:</strong></span> <span class='ocrx_word' id='word_1_252' title='bbox 741 1623 750 1639; x_wconf 84' lang='grc'><strong><em>‹</em></strong></span> <span class='ocrx_word' id='word_1_253' title='bbox 770 1613 889 1651; x_wconf 83' lang='lat' dir='ltr'><strong>Joannes</strong></span> <span class='ocrx_word' id='word_1_254' title='bbox 904 1614 941 1641; x_wconf 88' lang='lat' dir='ltr'><strong>ita</strong></span> 
     </span>
    </p>
   </div>
   <div class='ocr_carea' id='block_1_35' title="bbox 152 1650 941 1697">
    <p class='ocr_par' dir='ltr' id='par_1_35' title="bbox 152 1650 941 1697">
     <span class='ocr_line' id='line_1_35' title="bbox 152 1650 941 1697; baseline 0.003 -13"><span class='ocrx_word' id='word_1_255' title='bbox 152 1657 327 1694; x_wconf 56' lang='lat' dir='ltr'><strong>mandavit.)</strong></span> <span class='ocrx_word' id='word_1_256' title='bbox 354 1658 444 1693; x_wconf 79' lang='lat' dir='ltr'><strong>Atque</strong></span> <span class='ocrx_word' id='word_1_257' title='bbox 458 1650 555 1686; x_wconf 81' lang='lat' dir='ltr'><strong>exinde</strong></span> <span class='ocrx_word' id='word_1_258' title='bbox 576 1659 648 1686; x_wconf 87' lang='lat' dir='ltr'><strong>aucti</strong></span> <span class='ocrx_word' id='word_1_259' title='bbox 677 1658 752 1697; x_wconf 78' lang='lat' dir='ltr'><strong>fuere</strong></span> <span class='ocrx_word' id='word_1_260' title='bbox 778 1667 941 1695; x_wconf 76' lang='lat' dir='ltr'><strong>magnopere</strong></span> 
     </span>
    </p>
   </div>
   <div class='ocr_carea' id='block_1_36' title="bbox 151 1702 748 1743">
    <p class='ocr_par' dir='ltr' id='par_1_36' title="bbox 151 1702 748 1743">
     <span class='ocr_line' id='line_1_36' title="bbox 151 1702 748 1743; baseline 0.003 -14"><span class='ocrx_word' id='word_1_261' title='bbox 151 1702 221 1730; x_wconf 88' lang='lat' dir='ltr'><strong>inter</strong></span> <span class='ocrx_word' id='word_1_262' title='bbox 231 1703 367 1741; x_wconf 82' lang='lat' dir='ltr'><strong>Joannem</strong></span> <span class='ocrx_word' id='word_1_263' title='bbox 380 1708 408 1732; x_wconf 89' lang='lat' dir='ltr'><strong>et</strong></span> <span class='ocrx_word' id='word_1_264' title='bbox 418 1705 567 1738; x_wconf 81' lang='lat' dir='ltr'><strong>Eudoxiam</strong></span> <span class='ocrx_word' id='word_1_265' title='bbox 590 1705 748 1743; x_wconf 81' lang='lat' dir='ltr'><strong>rumusculi.</strong></span> 
     </span>
    </p>
   </div>
   <div class='ocr_carea' id='block_1_37' title="bbox 186 1748 942 1786">
    <p class='ocr_par' dir='ltr' id='par_1_37' title="bbox 186 1748 942 1786">
     <span class='ocr_line' id='line_1_37' title="bbox 186 1748 942 1786; baseline 0.004 -10"><span class='ocrx_word' id='word_1_266' title='bbox 186 1749 228 1777; x_wconf 78' lang='grc'><strong>16.</strong></span> <span class='ocrx_word' id='word_1_267' title='bbox 241 1748 343 1777; x_wconf 74' lang='lat' dir='ltr'><strong>Sciens</strong></span> <span class='ocrx_word' id='word_1_268' title='bbox 358 1750 451 1785; x_wconf 86' lang='lat' dir='ltr'><strong>itaque</strong></span> <span class='ocrx_word' id='word_1_269' title='bbox 464 1750 616 1778; x_wconf 72' lang='lat' dir='ltr'><strong>Antiochia:</strong></span> <span class='ocrx_word' id='word_1_270' title='bbox 626 1751 709 1782; x_wconf 78' lang='lat' dir='ltr'><strong>valde</strong></span> <span class='ocrx_word' id='word_1_271' title='bbox 724 1758 812 1783; x_wconf 82' lang='lat' dir='ltr'><strong>senex</strong></span> <span class='ocrx_word' id='word_1_272' title='bbox 834 1752 942 1786; x_wconf 89' lang='lat' dir='ltr'><strong>episco-</strong></span> 
     </span>
    </p>
   </div>
   <div class='ocr_carea' id='block_1_38' title="bbox 151 1788 942 1833">
    <p class='ocr_par' dir='ltr' id='par_1_38' title="bbox 151 1788 942 1833">
     <span class='ocr_line' id='line_1_38' title="bbox 151 1788 942 1833; baseline 0.004 -11"><span class='ocrx_word' id='word_1_273' title='bbox 151 1802 201 1831; x_wconf 81' lang='lat' dir='ltr'><strong>pus</strong></span> <span class='ocrx_word' id='word_1_274' title='bbox 223 1795 354 1833; x_wconf 67' lang='lat' dir='ltr'><strong>Eudoxia:</strong></span> <span class='ocrx_word' id='word_1_275' title='bbox 373 1796 484 1823; x_wconf 87' lang='lat' dir='ltr'><strong>insidias</strong></span> <span class='ocrx_word' id='word_1_276' title='bbox 504 1800 532 1823; x_wconf 90' lang='lat' dir='ltr'><strong>et</strong></span> <span class='ocrx_word' id='word_1_277' title='bbox 553 1796 692 1829; x_wconf 83' lang='lat' dir='ltr'><strong>molimina</strong></span> <span class='ocrx_word' id='word_1_278' title='bbox 714 1788 942 1830; x_wconf 24' lang='lat' dir='ltr'><strong>adversusiloan-</strong></span> 
     </span>
    </p>
   </div>
   <div class='ocr_carea' id='block_1_39' title="bbox 150 1835 942 1877">
    <p class='ocr_par' dir='ltr' id='par_1_39' title="bbox 150 1835 942 1877">
     <span class='ocr_line' id='line_1_39' title="bbox 150 1835 942 1877; baseline 0.005 -10"><span class='ocrx_word' id='word_1_279' title='bbox 150 1847 223 1872; x_wconf 90' lang='lat' dir='ltr'><strong>nem,</strong></span> <span class='ocrx_word' id='word_1_280' title='bbox 239 1840 377 1868; x_wconf 87' lang='lat' dir='ltr'><strong>simulavit</strong></span> <span class='ocrx_word' id='word_1_281' title='bbox 390 1841 589 1872; x_wconf 83' lang='lat' dir='ltr'><strong>inﬁrmitatem,</strong></span> <span class='ocrx_word' id='word_1_282' title='bbox 605 1842 742 1877; x_wconf 82' lang='lat' dir='ltr'><strong>simulque</strong></span> <span class='ocrx_word' id='word_1_283' title='bbox 757 1842 834 1870; x_wconf 90' lang='lat' dir='ltr'><strong>senio</strong></span> <span class='ocrx_word' id='word_1_284' title='bbox 856 1835 942 1872; x_wconf 83' lang='lat' dir='ltr'><strong>semet</strong></span> 
     </span>
    </p>
   </div>
   <div class='ocr_carea' id='block_1_40' title="bbox 149 1880 941 1929">
    <p class='ocr_par' dir='ltr' id='par_1_40' title="bbox 149 1880 941 1929">
     <span class='ocr_line' id='line_1_40' title="bbox 149 1880 941 1929; baseline 0.004 -15"><span class='ocrx_word' id='word_1_285' title='bbox 149 1887 288 1924; x_wconf 78' lang='lat' dir='ltr'><strong>excusavit</strong></span> <span class='ocrx_word' id='word_1_286' title='bbox 299 1888 446 1923; x_wconf 87' lang='lat' dir='ltr'><strong>quominus</strong></span> <span class='ocrx_word' id='word_1_287' title='bbox 459 1888 492 1915; x_wconf 89' lang='lat' dir='ltr'><strong>ad</strong></span> <span class='ocrx_word' id='word_1_288' title='bbox 510 1888 605 1920; x_wconf 84' lang='lat' dir='ltr'><strong>urbem</strong></span> <span class='ocrx_word' id='word_1_289' title='bbox 621 1889 737 1921; x_wconf 82' lang='lat' dir='ltr'><strong>veniret,</strong></span> <span class='ocrx_word' id='word_1_290' title='bbox 755 1889 803 1920; x_wconf 83' lang='lat' dir='ltr'><strong>sed</strong></span> <span class='ocrx_word' id='word_1_291' title='bbox 818 1880 880 1929; x_wconf 79' lang='lat' dir='ltr'><strong>cum</strong></span> <span class='ocrx_word' id='word_1_292' title='bbox 901 1890 941 1920; x_wconf 87' lang='lat' dir='ltr'><strong>le-</strong></span> 
     </span>
    </p>
   </div>
   <div class='ocr_carea' id='block_1_41' title="bbox 149 1934 940 1975">
    <p class='ocr_par' dir='ltr' id='par_1_41' title="bbox 149 1934 940 1975">
     <span class='ocr_line' id='line_1_41' title="bbox 149 1934 940 1975; baseline 0.005 -15"><span class='ocrx_word' id='word_1_293' title='bbox 149 1937 212 1968; x_wconf 73' lang='lat' dir='ltr'><strong>gato</strong></span> <span class='ocrx_word' id='word_1_294' title='bbox 227 1940 279 1960; x_wconf 87' lang='lat' dir='ltr'><strong>suo</strong></span> <span class='ocrx_word' id='word_1_295' title='bbox 294 1934 368 1963; x_wconf 86' lang='lat' dir='ltr'><strong>misit</strong></span> <span class='ocrx_word' id='word_1_296' title='bbox 383 1934 506 1970; x_wconf 89' lang='lat' dir='ltr'><strong>quinque</strong></span> <span class='ocrx_word' id='word_1_297' title='bbox 521 1935 676 1971; x_wconf 83' lang='lat' dir='ltr'><strong>episcopos,</strong></span> <span class='ocrx_word' id='word_1_298' title='bbox 698 1936 847 1975; x_wconf 85' lang='lat' dir='ltr'><strong>Diogenem</strong></span> <span class='ocrx_word' id='word_1_299' title='bbox 868 1937 940 1975; x_wconf 77' lang='lat' dir='ltr'><strong>Apa-</strong></span> 
     </span>
    </p>
   </div>
   <div class='ocr_carea' id='block_1_42' title="bbox 149 1979 942 2020">
    <p class='ocr_par' dir='ltr' id='par_1_42' title="bbox 149 1979 942 2020">
     <span class='ocr_line' id='line_1_42' title="bbox 149 1979 942 2020; baseline 0.006 -14"><span class='ocrx_word' id='word_1_300' title='bbox 149 1986 234 2010; x_wconf 64' lang='lat' dir='ltr'><strong>meae,</strong></span> <span class='ocrx_word' id='word_1_301' title='bbox 261 1979 391 2013; x_wconf 72' lang='lat' dir='ltr'><strong>Acacium</strong></span> <span class='ocrx_word' id='word_1_302' title='bbox 420 1980 532 2009; x_wconf 68' lang='lat' dir='ltr'><strong>Beroaaz.</strong></span> <span class='ocrx_word' id='word_1_303' title='bbox 554 1980 640 2018; x_wconf 83' lang='lat' dir='ltr'><strong>Capto</strong></span> <span class='ocrx_word' id='word_1_304' title='bbox 665 1986 756 2012; x_wconf 87' lang='lat' dir='ltr'><strong>autem</strong></span> <span class='ocrx_word' id='word_1_305' title='bbox 787 1987 942 2020; x_wconf 81' lang='lat' dir='ltr'><strong>opportuno</strong></span> 
     </span>
    </p>
   </div>
   <div class='ocr_carea' id='block_1_43' title="bbox 150 2025 941 2066">
    <p class='ocr_par' dir='ltr' id='par_1_43' title="bbox 150 2025 941 2066">
     <span class='ocr_line' id='line_1_43' title="bbox 150 2025 941 2066; baseline 0.005 -14"><span class='ocrx_word' id='word_1_306' title='bbox 150 2030 273 2061; x_wconf 84' lang='lat' dir='ltr'><strong>tempore</strong></span> <span class='ocrx_word' id='word_1_307' title='bbox 289 2025 456 2054; x_wconf 84' lang='lat' dir='ltr'><strong>Severianus</strong></span> <span class='ocrx_word' id='word_1_308' title='bbox 482 2027 645 2066; x_wconf 82' lang='lat' dir='ltr'><strong>Gabalorum</strong></span> <span class='ocrx_word' id='word_1_309' title='bbox 673 2027 830 2066; x_wconf 78' lang='lat' dir='ltr'><strong>episcopus,</strong></span> <span class='ocrx_word' id='word_1_310' title='bbox 859 2033 887 2059; x_wconf 83' lang='lat' dir='ltr'><strong>et</strong></span> <span class='ocrx_word' id='word_1_311' title='bbox 913 2029 941 2056; x_wconf 88' lang='lat' dir='ltr'><strong>in</strong></span> 
     </span>
    </p>
   </div>
   <div class='ocr_carea' id='block_1_44' title="bbox 149 2071 940 2108">
    <p class='ocr_par' dir='ltr' id='par_1_44' title="bbox 149 2071 940 2108">
     <span class='ocr_line' id='line_1_44' title="bbox 149 2071 940 2108; baseline 0.006 -11"><span class='ocrx_word' id='word_1_312' title='bbox 149 2071 209 2098; x_wconf 84' lang='lat' dir='ltr'><strong>aula</strong></span> <span class='ocrx_word' id='word_1_313' title='bbox 225 2071 301 2098; x_wconf 86' lang='lat' dir='ltr'><strong>utilis</strong></span> <span class='ocrx_word' id='word_1_314' title='bbox 319 2072 355 2099; x_wconf 92' lang='lat' dir='ltr'><strong>ob</strong></span> <span class='ocrx_word' id='word_1_315' title='bbox 367 2080 445 2100; x_wconf 89' lang='lat' dir='ltr'><strong>suam</strong></span> <span class='ocrx_word' id='word_1_316' title='bbox 461 2073 633 2108; x_wconf 83' lang='lat' dir='ltr'><strong>sapientiam,</strong></span> <span class='ocrx_word' id='word_1_317' title='bbox 657 2073 805 2108; x_wconf 81' lang='lat' dir='ltr'><strong>postulavit</strong></span> <span class='ocrx_word' id='word_1_318' title='bbox 820 2078 851 2101; x_wconf 91' lang='lat' dir='ltr'><strong>ut</strong></span> <span class='ocrx_word' id='word_1_319' title='bbox 869 2074 940 2102; x_wconf 88' lang='lat' dir='ltr'><strong>idem</strong></span> 
     </span>
    </p>
   </div>
   <div class='ocr_carea' id='block_1_45' title="bbox 149 2117 942 2159">
    <p class='ocr_par' dir='ltr' id='par_1_45' title="bbox 149 2117 942 2159">
     <span class='ocr_line' id='line_1_45' title="bbox 149 2117 942 2159; baseline 0.003 -14"><span class='ocrx_word' id='word_1_320' title='bbox 149 2117 271 2146; x_wconf 84' lang='lat' dir='ltr'><strong>facerent</strong></span> <span class='ocrx_word' id='word_1_321' title='bbox 307 2117 511 2147; x_wconf 86' lang='lat' dir='ltr'><strong>Samosatorum</strong></span> <span class='ocrx_word' id='word_1_322' title='bbox 538 2119 684 2159; x_wconf 79' lang='lat' dir='ltr'><strong>episcopus</strong></span> <span class='ocrx_word' id='word_1_323' title='bbox 716 2119 886 2159; x_wconf 70' lang='lat' dir='ltr'><strong>Gemmulus,</strong></span> <span class='ocrx_word' id='word_1_324' title='bbox 914 2124 942 2149; x_wconf 86' lang='lat' dir='ltr'><strong>et</strong></span> 
     </span>
    </p>
   </div>
   <div class='ocr_carea' id='block_1_46' title="bbox 151 2163 941 2206">
    <p class='ocr_par' dir='ltr' id='par_1_46' title="bbox 151 2163 941 2206">
     <span class='ocr_line' id='line_1_46' title="bbox 151 2163 941 2206; baseline 0.003 -14"><span class='ocrx_word' id='word_1_325' title='bbox 151 2163 259 2200; x_wconf 76' lang='lat' dir='ltr'><strong>Edessa:</strong></span> <span class='ocrx_word' id='word_1_326' title='bbox 281 2164 463 2199; x_wconf 85' lang='lat' dir='ltr'><strong>Theodosius.</strong></span> <span class='ocrx_word' id='word_1_327' title='bbox 488 2165 570 2194; x_wconf 83' lang='lat' dir='ltr'><strong>Venit</strong></span> <span class='ocrx_word' id='word_1_328' title='bbox 593 2165 676 2205; x_wconf 80' lang='lat' dir='ltr'><strong>etiam</strong></span> <span class='ocrx_word' id='word_1_329' title='bbox 694 2166 805 2206; x_wconf 61' lang='lat' dir='ltr'><strong>Leonas</strong></span> <span class='ocrx_word' id='word_1_330' title='bbox 828 2166 941 2205; x_wconf 66' lang='lat' dir='ltr'><strong>Ancyra:</strong></span> 
     </span>
    </p>
   </div>
   <div class='ocr_carea' id='block_1_47' title="bbox 150 2204 940 2250">
    <p class='ocr_par' dir='ltr' id='par_1_47' title="bbox 150 2204 940 2250">
     <span class='ocr_line' id='line_1_47' title="bbox 150 2204 940 2250; baseline 0.005 -14"><span class='ocrx_word' id='word_1_331' title='bbox 150 2209 296 2245; x_wconf 87' lang='lat' dir='ltr'><strong>episcopus</strong></span> <span class='ocrx_word' id='word_1_332' title='bbox 308 2209 367 2247; x_wconf 87' lang='lat' dir='ltr'><strong>ipse</strong></span> <span class='ocrx_word' id='word_1_333' title='bbox 381 2218 490 2246; x_wconf 88' lang='lat' dir='ltr'><strong>quoque</strong></span> <span class='ocrx_word' id='word_1_334' title='bbox 504 2211 600 2239; x_wconf 90' lang='lat' dir='ltr'><strong>Joanni</strong></span> <span class='ocrx_word' id='word_1_335' title='bbox 610 2204 734 2250; x_wconf 79' lang='lat' dir='ltr'><strong>infestus</strong></span> <span class='ocrx_word' id='word_1_336' title='bbox 748 2220 755 2244; x_wconf 84' lang='lat'>;</span> <span class='ocrx_word' id='word_1_337' title='bbox 771 2204 797 2240; x_wconf 86' lang='lat' dir='ltr'><strong>hi</strong></span> <span class='ocrx_word' id='word_1_338' title='bbox 811 2211 940 2250; x_wconf 86' lang='lat' dir='ltr'><strong>nimirum</strong></span> 
     </span>
    </p>
   </div>
   <div class='ocr_carea' id='block_1_48' title="bbox 150 2257 940 2293">
    <p class='ocr_par' dir='ltr' id='par_1_48' title="bbox 150 2257 940 2293">
     <span class='ocr_line' id='line_1_48' title="bbox 150 2257 940 2293; baseline 0.005 -12"><span class='ocrx_word' id='word_1_339' title='bbox 150 2262 254 2287; x_wconf 87' lang='lat' dir='ltr'><strong>omnes,</strong></span> <span class='ocrx_word' id='word_1_340' title='bbox 267 2258 396 2291; x_wconf 87' lang='lat' dir='ltr'><strong>tanquam</strong></span> <span class='ocrx_word' id='word_1_341' title='bbox 414 2264 447 2284; x_wconf 83' lang='lat' dir='ltr'><strong>ex</strong></span> <span class='ocrx_word' id='word_1_342' title='bbox 462 2262 614 2293; x_wconf 87' lang='lat' dir='ltr'><strong>compacto,</strong></span> <span class='ocrx_word' id='word_1_343' title='bbox 631 2258 734 2287; x_wconf 87' lang='lat' dir='ltr'><strong>inimici</strong></span> <span class='ocrx_word' id='word_1_344' title='bbox 759 2262 837 2286; x_wconf 85' lang='lat' dir='ltr'><strong>erant</strong></span> <span class='ocrx_word' id='word_1_345' title='bbox 857 2257 940 2286; x_wconf 90' lang='lat' dir='ltr'><strong>Joan-</strong></span> 
     </span>
    </p>
   </div>
   <div class='ocr_carea' id='block_1_49' title="bbox 149 2301 940 2343">
    <p class='ocr_par' dir='ltr' id='par_1_49' title="bbox 149 2301 940 2343">
     <span class='ocr_line' id='line_1_49' title="bbox 149 2301 940 2343; baseline 0.005 -15"><span class='ocrx_word' id='word_1_346' title='bbox 149 2301 201 2329; x_wconf 89' lang='lat' dir='ltr'><strong>nis.</strong></span> <span class='ocrx_word' id='word_1_347' title='bbox 214 2301 341 2330; x_wconf 85' lang='lat' dir='ltr'><strong>Nicolaus</strong></span> <span class='ocrx_word' id='word_1_348' title='bbox 355 2311 421 2331; x_wconf 88' lang='lat' dir='ltr'><strong>vero</strong></span> <span class='ocrx_word' id='word_1_349' title='bbox 433 2303 578 2343; x_wconf 64' lang='lat' dir='ltr'><strong>praefectus</strong></span> <span class='ocrx_word' id='word_1_350' title='bbox 594 2304 640 2339; x_wconf 91' lang='lat' dir='ltr'><strong>qui</strong></span> <span class='ocrx_word' id='word_1_351' title='bbox 656 2303 837 2343; x_wconf 75' lang='lat' dir='ltr'><strong>Theophilum</strong></span> <span class='ocrx_word' id='word_1_352' title='bbox 853 2304 940 2332; x_wconf 89' lang='lat' dir='ltr'><strong>addu-</strong></span> 
     </span>
    </p>
   </div>
   <div class='ocr_carea' id='block_1_50' title="bbox 141 2347 940 2386">
    <p class='ocr_par' dir='ltr' id='par_1_50' title="bbox 141 2347 940 2386">
     <span class='ocr_line' id='line_1_50' title="bbox 141 2347 940 2386; baseline 0.004 -11"><span class='ocrx_word' id='word_1_353' title='bbox 141 2347 235 2379; x_wconf 41' lang='lat' dir='ltr'><strong>uoehat,</strong></span> <span class='ocrx_word' id='word_1_354' title='bbox 255 2349 448 2378; x_wconf 83' lang='lat' dir='ltr'><strong>interminatus</strong></span> <span class='ocrx_word' id='word_1_355' title='bbox 474 2349 498 2377; x_wconf 90' lang='lat' dir='ltr'><strong>ei</strong></span> <span class='ocrx_word' id='word_1_356' title='bbox 515 2355 568 2381; x_wconf 91' lang='lat' dir='ltr'><strong>est,</strong></span> <span class='ocrx_word' id='word_1_357' title='bbox 588 2350 659 2385; x_wconf 78' lang='lat' dir='ltr'><strong>quod</strong></span> <span class='ocrx_word' id='word_1_358' title='bbox 687 2349 830 2386; x_wconf 74' lang='lat' dir='ltr'><strong>gentilium</strong></span> <span class='ocrx_word' id='word_1_359' title='bbox 855 2358 940 2386; x_wconf 93' lang='lat' dir='ltr'><strong>pecu-</strong></span> 
     </span>
    </p>
   </div>
   <div class='ocr_carea' id='block_1_51' title="bbox 149 2389 939 2431">
    <p class='ocr_par' dir='ltr' id='par_1_51' title="bbox 149 2389 939 2431">
     <span class='ocr_line' id='line_1_51' title="bbox 149 2389 939 2431; baseline 0.005 -12"><span class='ocrx_word' id='word_1_360' title='bbox 149 2392 222 2429; x_wconf 74' lang='lat' dir='ltr'><strong>niam</strong></span> <span class='ocrx_word' id='word_1_361' title='bbox 236 2393 407 2429; x_wconf 84' lang='lat' dir='ltr'><strong>diripuisset,</strong></span> <span class='ocrx_word' id='word_1_362' title='bbox 428 2403 487 2430; x_wconf 70' lang='lat' dir='ltr'><strong>quae</strong></span> <span class='ocrx_word' id='word_1_363' title='bbox 501 2395 551 2431; x_wconf 87' lang='lat' dir='ltr'><strong>ipsi</strong></span> <span class='ocrx_word' id='word_1_364' title='bbox 569 2389 698 2423; x_wconf 80' lang='lat' dir='ltr'><strong>mandato</strong></span> <span class='ocrx_word' id='word_1_365' title='bbox 709 2397 782 2431; x_wconf 78' lang='lat' dir='ltr'><strong>regio</strong></span> <span class='ocrx_word' id='word_1_366' title='bbox 795 2396 939 2424; x_wconf 88' lang='lat' dir='ltr'><strong>commissa</strong></span> 
     </span>
    </p>
   </div>
   <div class='ocr_carea' id='block_1_52' title="bbox 149 2435 939 2477">
    <p class='ocr_par' dir='ltr' id='par_1_52' title="bbox 149 2435 939 2477">
     <span class='ocr_line' id='line_1_52' title="bbox 149 2435 939 2477; baseline 0.005 -13"><span class='ocrx_word' id='word_1_367' title='bbox 149 2437 244 2475; x_wconf 77' lang='lat' dir='ltr'><strong>fuerat.</strong></span> <span class='ocrx_word' id='word_1_368' title='bbox 265 2438 301 2467; x_wconf 85' lang='lat' dir='ltr'><strong>At</strong></span> <span class='ocrx_word' id='word_1_369' title='bbox 316 2435 488 2477; x_wconf 83' lang='lat' dir='ltr'><strong>Theophilus</strong></span> <span class='ocrx_word' id='word_1_370' title='bbox 512 2448 561 2476; x_wconf 92' lang='lat' dir='ltr'><strong>per</strong></span> <span class='ocrx_word' id='word_1_371' title='bbox 591 2440 736 2477; x_wconf 79' lang='lat' dir='ltr'><strong>Georgium</strong></span> <span class='ocrx_word' id='word_1_372' title='bbox 756 2442 877 2476; x_wconf 72' lang='lat' dir='ltr'><strong>praefecti</strong></span> <span class='ocrx_word' id='word_1_373' title='bbox 906 2449 939 2468; x_wconf 88' lang='lat' dir='ltr'><strong>ex</strong></span> 
     </span>
    </p>
   </div>
   <div class='ocr_carea' id='block_1_53' title="bbox 149 2479 939 2523">
    <p class='ocr_par' dir='ltr' id='par_1_53' title="bbox 149 2479 939 2523">
     <span class='ocr_line' id='line_1_53' title="bbox 149 2479 939 2523; baseline 0.004 -12"><span class='ocrx_word' id='word_1_374' title='bbox 149 2491 240 2512; x_wconf 77' lang='lat' dir='ltr'><strong>sorore</strong></span> <span class='ocrx_word' id='word_1_375' title='bbox 252 2491 393 2523; x_wconf 82' lang='lat' dir='ltr'><strong>nepotem,</strong></span> <span class='ocrx_word' id='word_1_376' title='bbox 408 2486 525 2522; x_wconf 84' lang='lat' dir='ltr'><strong>impleta</strong></span> <span class='ocrx_word' id='word_1_377' title='bbox 545 2487 652 2522; x_wconf 90' lang='lat' dir='ltr'><strong>utrique</strong></span> <span class='ocrx_word' id='word_1_378' title='bbox 668 2492 810 2518; x_wconf 84' lang='lat' dir='ltr'><strong>crumena.</strong></span> <span class='ocrx_word' id='word_1_379' title='bbox 833 2479 939 2519; x_wconf 84' lang='lat' dir='ltr'><strong>dilatio-</strong></span> 
     </span>
    </p>
   </div>
   <div class='ocr_carea' id='block_1_54' title="bbox 148 2527 939 2573">
    <p class='ocr_par' dir='ltr' id='par_1_54' title="bbox 148 2527 939 2573">
     <span class='ocr_line' id='line_1_54' title="bbox 148 2527 939 2573; baseline 0.004 -16"><span class='ocrx_word' id='word_1_380' title='bbox 148 2537 210 2558; x_wconf 85' lang='lat' dir='ltr'><strong>nem</strong></span> <span class='ocrx_word' id='word_1_381' title='bbox 224 2527 354 2570; x_wconf 75' lang='lat' dir='ltr'><strong>obtinuit,</strong></span> <span class='ocrx_word' id='word_1_382' title='bbox 369 2529 458 2561; x_wconf 86' lang='lat' dir='ltr'><strong>donec</strong></span> <span class='ocrx_word' id='word_1_383' title='bbox 469 2533 577 2570; x_wconf 67' lang='lat' dir='ltr'><strong>.‘Egypti</strong></span> <span class='ocrx_word' id='word_1_384' title='bbox 592 2533 767 2573; x_wconf 82' lang='lat' dir='ltr'><strong>cellarienses</strong></span> <span class='ocrx_word' id='word_1_385' title='bbox 783 2534 895 2573; x_wconf 84' lang='lat' dir='ltr'><strong>_speci_es</strong></span> <span class='ocrx_word' id='word_1_386' title='bbox 911 2537 939 2564; x_wconf 85' lang='lat' dir='ltr'><strong>et</strong></span> 
     </span>
    </p>
   </div>
   <div class='ocr_carea' id='block_1_55' title="bbox 149 2571 937 2619">
    <p class='ocr_par' dir='ltr' id='par_1_55' title="bbox 149 2571 937 2619">
     <span class='ocr_line' id='line_1_55' title="bbox 149 2571 937 2619; baseline 0.005 -15"><span class='ocrx_word' id='word_1_387' title='bbox 149 2575 231 2606; x_wconf 75' lang='lat' dir='ltr'><strong>ludia:</strong></span> <span class='ocrx_word' id='word_1_388' title='bbox 243 2574 406 2613; x_wconf 84' lang='lat' dir='ltr'><strong>condituras</strong></span> <span class='ocrx_word' id='word_1_389' title='bbox 417 2584 565 2617; x_wconf 79' lang='lat' dir='ltr'><strong>coemeret,</strong></span> <span class='ocrx_word' id='word_1_390' title='bbox 581 2571 687 2619; x_wconf 79' lang='lat' dir='ltr'><strong>quibus</strong></span> <span class='ocrx_word' id='word_1_391' title='bbox 705 2571 789 2608; x_wconf 82' lang='lat' dir='ltr'><strong>naves</strong></span> <span class='ocrx_word' id='word_1_392' title='bbox 800 2571 937 2619; x_wconf 76' lang='lat' dir='ltr'><strong>oneravit,</strong></span> 
     </span>
    </p>
   </div>
   <div class='ocr_carea' id='block_1_56' title="bbox 149 2625 939 2666">
    <p class='ocr_par' dir='ltr' id='par_1_56' title="bbox 149 2625 939 2666">
     <span class='ocr_line' id='line_1_56' title="bbox 149 2625 939 2666; baseline 0.006 -16"><span class='ocrx_word' id='word_1_393' title='bbox 149 2629 208 2651; x_wconf 87' lang='lat' dir='ltr'><strong>cum</strong></span> <span class='ocrx_word' id='word_1_394' title='bbox 222 2625 361 2662; x_wconf 82' lang='lat' dir='ltr'><strong>episcopis</strong></span> <span class='ocrx_word' id='word_1_395' title='bbox 371 2631 400 2653; x_wconf 90' lang='lat' dir='ltr'><strong>et</strong></span> <span class='ocrx_word' id='word_1_396' title='bbox 411 2626 576 2662; x_wconf 73' lang='lat' dir='ltr'><strong>presbyteris</strong></span> <span class='ocrx_word' id='word_1_397' title='bbox 588 2634 620 2654; x_wconf 90' lang='lat' dir='ltr'><strong>ac</strong></span> <span class='ocrx_word' id='word_1_398' title='bbox 636 2626 759 2654; x_wconf 82' lang='lat' dir='ltr'><strong>diaconis</strong></span> <span class='ocrx_word' id='word_1_399' title='bbox 771 2630 855 2666; x_wconf 71' lang='lat' dir='ltr'><strong>atque</strong></span> <span class='ocrx_word' id='word_1_400' title='bbox 870 2625 939 2655; x_wconf 85' lang='lat' dir='ltr'><strong>alio-</strong></span> 
     </span>
    </p>
   </div>
   <div class='ocr_carea' id='block_1_57' title="bbox 149 2671 938 2708">
    <p class='ocr_par' dir='ltr' id='par_1_57' title="bbox 149 2671 938 2708">
     <span class='ocr_line' id='line_1_57' title="bbox 149 2671 938 2708; baseline 0.004 -13"><span class='ocrx_word' id='word_1_401' title='bbox 149 2675 205 2696; x_wconf 87' lang='lat' dir='ltr'><strong>rum</strong></span> <span class='ocrx_word' id='word_1_402' title='bbox 220 2671 299 2708; x_wconf 84' lang='lat' dir='ltr'><strong>turba</strong></span> <span class='ocrx_word' id='word_1_403' title='bbox 316 2672 403 2699; x_wconf 86' lang='lat' dir='ltr'><strong>multa</strong></span> <span class='ocrx_word' id='word_1_404' title='bbox 416 2680 423 2705; x_wconf 87' lang='lat'><strong>;</strong></span> <span class='ocrx_word' id='word_1_405' title='bbox 437 2677 520 2707; x_wconf 81' lang='lat' dir='ltr'><strong>atque</strong></span> <span class='ocrx_word' id='word_1_406' title='bbox 536 2672 572 2699; x_wconf 87' lang='lat' dir='ltr'><strong>ita</strong></span> <span class='ocrx_word' id='word_1_407' title='bbox 583 2672 658 2708; x_wconf 85' lang='lat' dir='ltr'><strong>gravi</strong></span> <span class='ocrx_word' id='word_1_408' title='bbox 673 2680 735 2699; x_wconf 88' lang='lat' dir='ltr'><strong>cum</strong></span> <span class='ocrx_word' id='word_1_409' title='bbox 761 2671 869 2699; x_wconf 82' lang='lat' dir='ltr'><strong>sarcina</strong></span> <span class='ocrx_word' id='word_1_410' title='bbox 887 2679 938 2698; x_wconf 88' lang='lat' dir='ltr'><strong>na-</strong></span> 
     </span>
    </p>
   </div>
   <div class='ocr_carea' id='block_1_58' title="bbox 148 2716 256 2752">
    <p class='ocr_par' dir='ltr' id='par_1_58' title="bbox 148 2716 256 2752">
     <span class='ocr_line' id='line_1_58' title="bbox 148 2716 256 2752; baseline 0.019 -10"><span class='ocrx_word' id='word_1_411' title='bbox 148 2716 256 2752; x_wconf 77' lang='lat' dir='ltr'><strong>vigavit.</strong></span> 
     </span>
    </p>
   </div>
   <div class='ocr_carea' id='block_1_59' title="bbox 557 95 1405 126">
    <p class='ocr_par' dir='ltr' id='par_1_59' title="bbox 557 95 1405 126">
     <span class='ocr_line' id='line_1_59' title="bbox 557 95 1405 126; baseline 0.001 -2"><span class='ocrx_word' id='word_1_412' title='bbox 557 97 601 124; x_wconf 81' lang='lat' dir='ltr'><strong>DE</strong></span> <span class='ocrx_word' id='word_1_413' title='bbox 625 95 703 125; x_wconf 77' lang='lat' dir='ltr'><strong>V&#39;lTA</strong></span> <span class='ocrx_word' id='word_1_414' title='bbox 724 95 766 123; x_wconf 83' lang='lat' dir='ltr'><strong>ET</strong></span> <span class='ocrx_word' id='word_1_415' title='bbox 784 96 919 124; x_wconf 74' lang='lat' dir='ltr'><strong>EXSILIO</strong></span> <span class='ocrx_word' id='word_1_416' title='bbox 940 96 968 123; x_wconf 86' lang='lat' dir='ltr'><strong>S.</strong></span> <span class='ocrx_word' id='word_1_417' title='bbox 989 95 1132 124; x_wconf 73' lang='lat' dir='ltr'><strong>JOANNIS</strong></span> <span class='ocrx_word' id='word_1_418' title='bbox 1151 97 1405 126; x_wconf 79' lang='lat' dir='ltr'><strong>CllRYSOS&#39;l&#39;OMl.</strong></span> 
     </span>
    </p>
   </div>
   <div class='ocr_carea' id='block_1_60' title="bbox 1733 107 1789 128">
    <p class='ocr_par' dir='ltr' id='par_1_60' title="bbox 1733 107 1789 128">
     <span class='ocr_line' id='line_1_60' title="bbox 1733 107 1789 128; baseline -0.018 -1"><span class='ocrx_word' id='word_1_419' title='bbox 1733 107 1789 128; x_wconf 70' lang='lat' dir='ltr'><strong>LXX</strong></span> 
     </span>
    </p>
   </div>
   <div class='ocr_carea' id='block_1_61' title="bbox 1036 153 1787 189">
    <p class='ocr_par' dir='ltr' id='par_1_61' title="bbox 1036 153 1787 189">
     <span class='ocr_line' id='line_1_61' title="bbox 1036 153 1787 189; baseline 0.003 -9"><span class='ocrx_word' id='word_1_420' title='bbox 1036 153 1080 181; x_wconf 76' lang='lat' dir='ltr'><strong>l7.</strong></span> <span class='ocrx_word' id='word_1_421' title='bbox 1097 153 1132 181; x_wconf 79' lang='lat' dir='ltr'><strong>At</strong></span> <span class='ocrx_word' id='word_1_422' title='bbox 1145 153 1263 181; x_wconf 78' lang='lat' dir='ltr'><strong>Eudoxio</strong></span> <span class='ocrx_word' id='word_1_423' title='bbox 1276 158 1385 189; x_wconf 88' lang='lat' dir='ltr'><strong>portum</strong></span> <span class='ocrx_word' id='word_1_424' title='bbox 1399 153 1557 182; x_wconf 85' lang='lat' dir='ltr'><strong>custodiens</strong></span> <span class='ocrx_word' id='word_1_425' title='bbox 1572 161 1620 189; x_wconf 91' lang='lat' dir='ltr'><strong>per</strong></span> <span class='ocrx_word' id='word_1_426' title='bbox 1636 154 1787 182; x_wconf 78' lang='lat' dir='ltr'><strong>Marianum</strong></span> 
     </span>
    </p>
   </div>
   <div class='ocr_carea' id='block_1_62' title="bbox 1000 199 1785 236">
    <p class='ocr_par' dir='ltr' id='par_1_62' title="bbox 1000 199 1785 236">
     <span class='ocr_line' id='line_1_62' title="bbox 1000 199 1785 236; baseline 0.001 -10"><span class='ocrx_word' id='word_1_427' title='bbox 1000 199 1096 227; x_wconf 85' lang='lat' dir='ltr'><strong>domus</strong></span> <span class='ocrx_word' id='word_1_428' title='bbox 1112 208 1168 227; x_wconf 69' lang='lat' dir='ltr'><strong>sua:</strong></span> <span class='ocrx_word' id='word_1_429' title='bbox 1184 200 1352 236; x_wconf 75' lang='lat' dir='ltr'><strong>praefectum,</strong></span> <span class='ocrx_word' id='word_1_430' title='bbox 1368 199 1519 227; x_wconf 90' lang='lat' dir='ltr'><strong>lnnocentii</strong></span> <span class='ocrx_word' id='word_1_431' title='bbox 1538 200 1641 235; x_wconf 77' lang='lat' dir='ltr'><strong>legatos</strong></span> <span class='ocrx_word' id='word_1_432' title='bbox 1662 199 1697 227; x_wconf 86' lang='lat' dir='ltr'><strong>ad</strong></span> <span class='ocrx_word' id='word_1_433' title='bbox 1723 207 1785 235; x_wconf 79' lang='lat' dir='ltr'><strong>syn-</strong></span> 
     </span>
    </p>
   </div>
   <div class='ocr_carea' id='block_1_63' title="bbox 998 245 1788 281">
    <p class='ocr_par' dir='ltr' id='par_1_63' title="bbox 998 245 1788 281">
     <span class='ocr_line' id='line_1_63' title="bbox 998 245 1788 281; baseline 0.001 -9"><span class='ocrx_word' id='word_1_434' title='bbox 998 246 1080 272; x_wconf 92' lang='lat' dir='ltr'><strong>odum</strong></span> <span class='ocrx_word' id='word_1_435' title='bbox 1095 245 1247 279; x_wconf 80' lang='lat' dir='ltr'><strong>venientes,</strong></span> <span class='ocrx_word' id='word_1_436' title='bbox 1269 251 1331 281; x_wconf 88' lang='lat' dir='ltr'><strong>post</strong></span> <span class='ocrx_word' id='word_1_437' title='bbox 1348 251 1456 281; x_wconf 85' lang='lat' dir='ltr'><strong>ereptas</strong></span> <span class='ocrx_word' id='word_1_438' title='bbox 1472 246 1505 273; x_wconf 89' lang='lat' dir='ltr'><strong>iis</strong></span> <span class='ocrx_word' id='word_1_439' title='bbox 1522 246 1661 281; x_wconf 83' lang='lat' dir='ltr'><strong>epistolas,</strong></span> <span class='ocrx_word' id='word_1_440' title='bbox 1680 253 1788 274; x_wconf 85' lang='lat' dir='ltr'><strong>carcere</strong></span> 
     </span>
    </p>
   </div>
   <div class='ocr_carea' id='block_1_64' title="bbox 998 292 1790 329">
    <p class='ocr_par' dir='ltr' id='par_1_64' title="bbox 998 292 1790 329">
     <span class='ocr_line' id='line_1_64' title="bbox 998 292 1790 329; baseline 0.001 -9"><span class='ocrx_word' id='word_1_441' title='bbox 998 292 1132 320; x_wconf 87' lang='lat' dir='ltr'><strong>conclusit</strong></span> <span class='ocrx_word' id='word_1_442' title='bbox 1143 292 1169 320; x_wconf 93' lang='lat' dir='ltr'><strong>in</strong></span> <span class='ocrx_word' id='word_1_443' title='bbox 1182 292 1304 320; x_wconf 69' lang='lat' dir='ltr'><strong>Thraciae</strong></span> <span class='ocrx_word' id='word_1_444' title='bbox 1329 293 1452 328; x_wconf 84' lang='lat' dir='ltr'><strong>partibus</strong></span> <span class='ocrx_word' id='word_1_445' title='bbox 1463 313 1470 324; x_wconf 89' lang='lat'><strong>,</strong></span> <span class='ocrx_word' id='word_1_446' title='bbox 1487 292 1515 319; x_wconf 93' lang='lat' dir='ltr'><strong>in</strong></span> <span class='ocrx_word' id='word_1_447' title='bbox 1542 299 1604 320; x_wconf 84' lang='lat' dir='ltr'><strong>arce</strong></span> <span class='ocrx_word' id='word_1_448' title='bbox 1623 292 1790 329; x_wconf 78' lang='lat' dir='ltr'><strong>Athyrorum</strong></span> 
     </span>
    </p>
   </div>
   <div class='ocr_carea' id='block_1_65' title="bbox 998 338 1790 374">
    <p class='ocr_par' dir='ltr' id='par_1_65' title="bbox 998 338 1790 374">
     <span class='ocr_line' id='line_1_65' title="bbox 998 338 1790 374; baseline 0.001 -9"><span class='ocrx_word' id='word_1_449' title='bbox 998 338 1134 365; x_wconf 85' lang='lat' dir='ltr'><strong>maritima</strong></span> <span class='ocrx_word' id='word_1_450' title='bbox 1150 347 1211 367; x_wconf 91' lang='lat' dir='ltr'><strong>cum</strong></span> <span class='ocrx_word' id='word_1_451' title='bbox 1229 338 1355 374; x_wconf 63' lang='lat' dir='ltr'><strong>prmsidio</strong></span> <span class='ocrx_word' id='word_1_452' title='bbox 1372 338 1469 366; x_wconf 82' lang='lat' dir='ltr'><strong>valido.</strong></span> <span class='ocrx_word' id='word_1_453' title='bbox 1481 338 1542 372; x_wconf 89' lang='lat' dir='ltr'><strong>Quo</strong></span> <span class='ocrx_word' id='word_1_454' title='bbox 1561 338 1663 367; x_wconf 88' lang='lat' dir='ltr'><strong>factum</strong></span> <span class='ocrx_word' id='word_1_455' title='bbox 1687 344 1740 371; x_wconf 86' lang='lat' dir='ltr'><strong>est,</strong></span> <span class='ocrx_word' id='word_1_456' title='bbox 1758 343 1790 366; x_wconf 83' lang='lat' dir='ltr'><strong>ut</strong></span> 
     </span>
    </p>
   </div>
   <div class='ocr_carea' id='block_1_66' title="bbox 998 384 1788 422">
    <p class='ocr_par' dir='ltr' id='par_1_66' title="bbox 998 384 1788 422">
     <span class='ocr_line' id='line_1_66' title="bbox 998 384 1788 422; baseline 0.003 -11"><span class='ocrx_word' id='word_1_457' title='bbox 998 384 1104 413; x_wconf 87' lang='lat' dir='ltr'><strong>cunctis</strong></span> <span class='ocrx_word' id='word_1_458' title='bbox 1117 384 1353 422; x_wconf 79' lang='lat' dir='ltr'><strong>Constantinopoli</strong></span> <span class='ocrx_word' id='word_1_459' title='bbox 1367 385 1423 420; x_wconf 86' lang='lat' dir='ltr'><strong>jam</strong></span> <span class='ocrx_word' id='word_1_460' title='bbox 1438 386 1629 420; x_wconf 78' lang='lat' dir='ltr'><strong>praesentibus,</strong></span> <span class='ocrx_word' id='word_1_461' title='bbox 1652 393 1788 420; x_wconf 88' lang='lat' dir='ltr'><strong>nusquam</strong></span> 
     </span>
    </p>
   </div>
   <div class='ocr_carea' id='block_1_67' title="bbox 998 429 1787 466">
    <p class='ocr_par' dir='ltr' id='par_1_67' title="bbox 998 429 1787 466">
     <span class='ocr_line' id='line_1_67' title="bbox 998 429 1787 466; baseline 0.003 -10"><span class='ocrx_word' id='word_1_462' title='bbox 998 429 1078 465; x_wconf 75' lang='lat' dir='ltr'><strong>legati</strong></span> <span class='ocrx_word' id='word_1_463' title='bbox 1092 438 1169 465; x_wconf 67' lang='grc' dir='ltr'><strong>νίψω</strong></span> <span class='ocrx_word' id='word_1_464' title='bbox 1189 430 1303 460; x_wconf 78' lang='lat' dir='ltr'><strong>Romani</strong></span> <span class='ocrx_word' id='word_1_465' title='bbox 1318 435 1480 466; x_wconf 76' lang='lat' dir='ltr'><strong>apparerent</strong></span> <span class='ocrx_word' id='word_1_466' title='bbox 1496 439 1503 462; x_wconf 85' lang='lat'>;</span> <span class='ocrx_word' id='word_1_467' title='bbox 1533 430 1582 458; x_wconf 87' lang='lat' dir='ltr'><strong>sed</strong></span> <span class='ocrx_word' id='word_1_468' title='bbox 1614 438 1703 466; x_wconf 80' lang='lat' dir='ltr'><strong>neque</strong></span> <span class='ocrx_word' id='word_1_469' title='bbox 1734 431 1787 458; x_wconf 81' lang='lat' dir='ltr'><strong>nisi</strong></span> 
     </span>
    </p>
   </div>
   <div class='ocr_carea' id='block_1_68' title="bbox 997 476 1788 512">
    <p class='ocr_par' dir='ltr' id='par_1_68' title="bbox 997 476 1788 512">
     <span class='ocr_line' id='line_1_68' title="bbox 997 476 1788 512; baseline 0.003 -9"><span class='ocrx_word' id='word_1_470' title='bbox 997 477 1076 504; x_wconf 83' lang='lat' dir='ltr'><strong>valde</strong></span> <span class='ocrx_word' id='word_1_471' title='bbox 1101 484 1162 506; x_wconf 87' lang='lat' dir='ltr'><strong>sero</strong></span> <span class='ocrx_word' id='word_1_472' title='bbox 1189 477 1367 511; x_wconf 82' lang='lat' dir='ltr'><strong>Theophilus.</strong></span> <span class='ocrx_word' id='word_1_473' title='bbox 1397 476 1456 505; x_wconf 88' lang='lat' dir='ltr'><strong>Jam</strong></span> <span class='ocrx_word' id='word_1_474' title='bbox 1478 477 1611 509; x_wconf 83' lang='lat' dir='ltr'><strong>Arcadius</strong></span> <span class='ocrx_word' id='word_1_475' title='bbox 1637 477 1788 512; x_wconf 82' lang='lat' dir='ltr'><strong>imperator</strong></span> 
     </span>
    </p>
   </div>
   <div class='ocr_carea' id='block_1_69' title="bbox 998 521 1787 558">
    <p class='ocr_par' dir='ltr' id='par_1_69' title="bbox 998 521 1787 558">
     <span class='ocr_line' id='line_1_69' title="bbox 998 521 1787 558; baseline 0 -9"><span class='ocrx_word' id='word_1_476' title='bbox 998 521 1179 558; x_wconf 67' lang='lat' dir='ltr'><strong>Theophilum</strong></span> <span class='ocrx_word' id='word_1_477' title='bbox 1192 521 1243 549; x_wconf 91' lang='lat' dir='ltr'><strong>sibi</strong></span> <span class='ocrx_word' id='word_1_478' title='bbox 1257 522 1284 549; x_wconf 88' lang='lat' dir='ltr'><strong>in</strong></span> <span class='ocrx_word' id='word_1_479' title='bbox 1300 526 1478 556; x_wconf 88' lang='lat' dir='ltr'><strong>conspectum</strong></span> <span class='ocrx_word' id='word_1_480' title='bbox 1497 522 1591 549; x_wconf 83' lang='lat' dir='ltr'><strong>venire</strong></span> <span class='ocrx_word' id='word_1_481' title='bbox 1605 529 1717 557; x_wconf 84' lang='lat' dir='ltr'><strong>prorsus</strong></span> <span class='ocrx_word' id='word_1_482' title='bbox 1731 530 1787 551; x_wconf 86' lang='lat' dir='ltr'><strong>non</strong></span> 
     </span>
    </p>
   </div>
   <div class='ocr_carea' id='block_1_70' title="bbox 997 567 1788 604">
    <p class='ocr_par' dir='ltr' id='par_1_70' title="bbox 997 567 1788 604">
     <span class='ocr_line' id='line_1_70' title="bbox 997 567 1788 604; baseline 0.001 -10"><span class='ocrx_word' id='word_1_483' title='bbox 997 572 1039 595; x_wconf 79' lang='lat' dir='ltr'><strong>est</strong></span> <span class='ocrx_word' id='word_1_484' title='bbox 1051 575 1157 602; x_wconf 84' lang='lat' dir='ltr'><strong>passus.</strong></span> <span class='ocrx_word' id='word_1_485' title='bbox 1173 567 1225 597; x_wconf 85' lang='lat' dir='ltr'><strong>Sed</strong></span> <span class='ocrx_word' id='word_1_486' title='bbox 1240 567 1371 601; x_wconf 71' lang='lat' dir='ltr'><strong>Eudoxio,</strong></span> <span class='ocrx_word' id='word_1_487' title='bbox 1387 567 1523 602; x_wconf 80' lang='lat' dir='ltr'><strong>appellato</strong></span> <span class='ocrx_word' id='word_1_488' title='bbox 1537 568 1571 596; x_wconf 87' lang='lat' dir='ltr'><strong>ad</strong></span> <span class='ocrx_word' id='word_1_489' title='bbox 1593 575 1622 595; x_wconf 87' lang='lat' dir='ltr'><strong>se</strong></span> <span class='ocrx_word' id='word_1_490' title='bbox 1636 567 1788 604; x_wconf 81' lang='lat' dir='ltr'><strong>Theophila</strong></span> 
     </span>
    </p>
   </div>
   <div class='ocr_carea' id='block_1_71' title="bbox 997 613 1787 650">
    <p class='ocr_par' dir='ltr' id='par_1_71' title="bbox 997 613 1787 650">
     <span class='ocr_line' id='line_1_71' title="bbox 997 613 1787 650; baseline 0.003 -10"><span class='ocrx_word' id='word_1_491' title='bbox 997 613 1120 647; x_wconf 73' lang='lat' dir='ltr'><strong>aliisque,</strong></span> <span class='ocrx_word' id='word_1_492' title='bbox 1144 614 1277 649; x_wconf 88' lang='lat' dir='ltr'><strong>comperit</strong></span> <span class='ocrx_word' id='word_1_493' title='bbox 1292 621 1388 643; x_wconf 78' lang='lat' dir='ltr'><strong>omnes</strong></span> <span class='ocrx_word' id='word_1_494' title='bbox 1412 613 1509 643; x_wconf 87' lang='lat' dir='ltr'><strong>Joanni</strong></span> <span class='ocrx_word' id='word_1_495' title='bbox 1531 613 1671 642; x_wconf 89' lang='lat' dir='ltr'><strong>infensos:</strong></span> <span class='ocrx_word' id='word_1_496' title='bbox 1696 614 1787 650; x_wconf 88' lang='lat' dir='ltr'><strong>itaque</strong></span> 
     </span>
    </p>
   </div>
   <div class='ocr_carea' id='block_1_72' title="bbox 997 658 1787 696">
    <p class='ocr_par' dir='ltr' id='par_1_72' title="bbox 997 658 1787 696">
     <span class='ocr_line' id='line_1_72' title="bbox 997 658 1787 696; baseline 0.004 -11"><span class='ocrx_word' id='word_1_497' title='bbox 997 664 1024 686; x_wconf 88' lang='lat' dir='ltr'><strong>et</strong></span> <span class='ocrx_word' id='word_1_498' title='bbox 1042 666 1138 686; x_wconf 90' lang='lat' dir='ltr'><strong>omnes</strong></span> <span class='ocrx_word' id='word_1_499' title='bbox 1150 659 1233 692; x_wconf 86' lang='lat' dir='ltr'><strong>.donis</strong></span> <span class='ocrx_word' id='word_1_500' title='bbox 1249 658 1301 688; x_wconf 87' lang='lat' dir='ltr'><strong>sibi</strong></span> <span class='ocrx_word' id='word_1_501' title='bbox 1326 659 1455 687; x_wconf 82' lang='lat' dir='ltr'><strong>devinxit.</strong></span> <span class='ocrx_word' id='word_1_502' title='bbox 1477 659 1562 687; x_wconf 84' lang='lat' dir='ltr'><strong>Porro</strong></span> <span class='ocrx_word' id='word_1_503' title='bbox 1575 659 1693 687; x_wconf 82' lang='lat' dir='ltr'><strong>Joannes</strong></span> <span class='ocrx_word' id='word_1_504' title='bbox 1715 668 1787 696; x_wconf 85' lang='lat' dir='ltr'><strong>pene</strong></span> 
     </span>
    </p>
   </div>
   <div class='ocr_carea' id='block_1_73' title="bbox 994 703 1787 742">
    <p class='ocr_par' dir='ltr' id='par_1_73' title="bbox 994 703 1787 742">
     <span class='ocr_line' id='line_1_73' title="bbox 994 703 1787 742; baseline 0.005 -11"><span class='ocrx_word' id='word_1_505' title='bbox 994 703 1151 738; x_wconf 77' lang='lat' dir='ltr'><strong>iuveniliter</strong></span> <span class='ocrx_word' id='word_1_506' title='bbox 1171 711 1200 730; x_wconf 88' lang='lat' dir='ltr'><strong>se</strong></span> <span class='ocrx_word' id='word_1_507' title='bbox 1217 711 1330 742; x_wconf 78' lang='lat' dir='ltr'><strong>gerens,</strong></span> <span class='ocrx_word' id='word_1_508' title='bbox 1349 709 1443 737; x_wconf 86' lang='lat' dir='ltr'><strong>contra</strong></span> <span class='ocrx_word' id='word_1_509' title='bbox 1472 705 1614 740; x_wconf 83' lang='lat' dir='ltr'><strong>episcopos</strong></span> <span class='ocrx_word' id='word_1_510' title='bbox 1641 706 1700 734; x_wconf 71' lang='lat' dir='ltr'><strong>hmc</strong></span> <span class='ocrx_word' id='word_1_511' title='bbox 1730 706 1787 735; x_wconf 83' lang='lat' dir='ltr'><strong>fere</strong></span> 
     </span>
    </p>
   </div>
   <div class='ocr_carea' id='block_1_74' title="bbox 996 748 1786 790">
    <p class='ocr_par' dir='ltr' id='par_1_74' title="bbox 996 748 1786 790">
     <span class='ocr_line' id='line_1_74' title="bbox 996 748 1786 790; baseline 0.006 -15"><span class='ocrx_word' id='word_1_512' title='bbox 996 748 1157 776; x_wconf 81' lang='lat' dir='ltr'><strong>dictitabat:</strong></span> <span class='ocrx_word' id='word_1_513' title='bbox 1178 758 1191 779; x_wconf 58' lang='lat' dir='ltr'><strong><em>ﬁ</em></strong></span> <span class='ocrx_word' id='word_1_514' title='bbox 1220 748 1389 785; x_wconf 73' lang='lat' dir='ltr'><strong>Congregate</strong></span> <span class='ocrx_word' id='word_1_515' title='bbox 1409 751 1442 780; x_wconf 83' lang='lat' dir='ltr'><strong>ad</strong></span> <span class='ocrx_word' id='word_1_516' title='bbox 1471 759 1514 779; x_wconf 88' lang='lat' dir='ltr'><strong>mc</strong></span> <span class='ocrx_word' id='word_1_517' title='bbox 1535 752 1690 790; x_wconf 80' lang='lat' dir='ltr'><strong>sacerdotes</strong></span> <span class='ocrx_word' id='word_1_518' title='bbox 1709 752 1786 788; x_wconf 83' lang='lat' dir='ltr'><strong>igno-</strong></span> 
     </span>
    </p>
   </div>
   <div class='ocr_carea' id='block_1_75' title="bbox 997 795 1788 834">
    <p class='ocr_par' dir='ltr' id='par_1_75' title="bbox 997 795 1788 834">
     <span class='ocr_line' id='line_1_75' title="bbox 997 795 1788 834; baseline 0.001 -11"><span class='ocrx_word' id='word_1_519' title='bbox 997 796 1099 828; x_wconf 69' lang='lat' dir='ltr'><strong>miniaa,</strong></span> <span class='ocrx_word' id='word_1_520' title='bbox 1126 795 1222 831; x_wconf 32' lang='lat' dir='ltr'><strong>quilde</strong></span> <span class='ocrx_word' id='word_1_521' title='bbox 1239 795 1375 828; x_wconf 75' lang='lat' dir='ltr'><strong>Jezabelis</strong></span> <span class='ocrx_word' id='word_1_522' title='bbox 1394 804 1487 834; x_wconf 82' lang='lat' dir='ltr'><strong>mensa</strong></span> <span class='ocrx_word' id='word_1_523' title='bbox 1509 800 1665 827; x_wconf 79' lang='lat' dir='ltr'><strong>vescuntur.</strong></span> <span class='ocrx_word' id='word_1_524' title='bbox 1686 796 1788 829; x_wconf 75' lang='lat' dir='ltr'><strong>Quous-</strong></span> 
     </span>
    </p>
   </div>
   <div class='ocr_carea' id='block_1_76' title="bbox 996 841 1787 879">
    <p class='ocr_par' dir='ltr' id='par_1_76' title="bbox 996 841 1787 879">
     <span class='ocr_line' id='line_1_76' title="bbox 996 841 1787 879; baseline 0.003 -11"><span class='ocrx_word' id='word_1_525' title='bbox 996 850 1045 877; x_wconf 74' lang='lat' dir='ltr'><strong>que</strong></span> <span class='ocrx_word' id='word_1_526' title='bbox 1056 841 1213 879; x_wconf 68' lang='lat' dir='ltr'><strong>ciaudiratis</strong></span> <span class='ocrx_word' id='word_1_527' title='bbox 1230 842 1258 871; x_wconf 81' lang='lat' dir='ltr'><strong>in</strong></span> <span class='ocrx_word' id='word_1_528' title='bbox 1270 842 1336 872; x_wconf 75' lang='lat' dir='ltr'><strong>duas</strong></span> <span class='ocrx_word' id='word_1_529' title='bbox 1350 842 1466 878; x_wconf 66' lang='lat' dir='ltr'><strong>partes?</strong></span> <span class='ocrx_word' id='word_1_530' title='bbox 1479 841 1511 869; x_wconf 83' lang='lat' dir='ltr'><strong>Si</strong></span> <span class='ocrx_word' id='word_1_531' title='bbox 1531 848 1569 878; x_wconf 57' lang='lat' dir='ltr'><strong>est</strong></span> <span class='ocrx_word' id='word_1_532' title='bbox 1594 842 1674 876; x_wconf 72' lang='lat' dir='ltr'><strong>Deus,</strong></span> <span class='ocrx_word' id='word_1_533' title='bbox 1697 843 1787 877; x_wconf 74' lang='lat' dir='ltr'><strong>sequi-</strong></span> 
     </span>
    </p>
   </div>
   <div class='ocr_carea' id='block_1_77' title="bbox 997 880 1788 924">
    <p class='ocr_par' dir='ltr' id='par_1_77' title="bbox 997 880 1788 924">
     <span class='ocr_line' id='line_1_77' title="bbox 997 880 1788 924; baseline 0.003 -10"><span class='ocrx_word' id='word_1_534' title='bbox 997 888 1060 918; x_wconf 76' lang='lat' dir='ltr'><strong>mini</strong></span> <span class='ocrx_word' id='word_1_535' title='bbox 1074 896 1133 917; x_wconf 84' lang='lat' dir='ltr'><strong>eum</strong></span> <span class='ocrx_word' id='word_1_536' title='bbox 1153 887 1208 921; x_wconf 71' lang='lat'><strong>(11]</strong></span> <span class='ocrx_word' id='word_1_537' title='bbox 1223 887 1285 923; x_wconf 62' lang='lat' dir='ltr'><strong>Reg.</strong></span> <span class='ocrx_word' id='word_1_538' title='bbox 1300 880 1382 924; x_wconf 57' lang='grc' dir='ltr'>μἰἰι.</span> <span class='ocrx_word' id='word_1_539' title='bbox 1407 888 1439 918; x_wconf 70' lang='grc'><strong>21</strong></span> <span class='ocrx_word' id='word_1_540' title='bbox 1455 888 1464 924; x_wconf 82' lang='grc'>)</span> <span class='ocrx_word' id='word_1_541' title='bbox 1484 897 1491 915; x_wconf 89' lang='lat'><strong>:</strong></span> <span class='ocrx_word' id='word_1_542' title='bbox 1512 889 1558 917; x_wconf 85' lang='lat' dir='ltr'><strong>sin</strong></span> <span class='ocrx_word' id='word_1_543' title='bbox 1584 889 1641 924; x_wconf 88' lang='lat' dir='ltr'><strong>ipsa</strong></span> <span class='ocrx_word' id='word_1_544' title='bbox 1653 888 1788 917; x_wconf 81' lang='lat' dir='ltr'><strong>chabclis</strong></span> 
     </span>
    </p>
   </div>
   <div class='ocr_carea' id='block_1_78' title="bbox 996 927 1787 974">
    <p class='ocr_par' dir='ltr' id='par_1_78' title="bbox 996 927 1787 974">
     <span class='ocr_line' id='line_1_78' title="bbox 996 927 1787 974; baseline 0.001 -14"><span class='ocrx_word' id='word_1_545' title='bbox 996 941 1089 965; x_wconf 87' lang='lat' dir='ltr'><strong>mensa</strong></span> <span class='ocrx_word' id='word_1_546' title='bbox 1104 932 1176 960; x_wconf 83' lang='lat' dir='ltr'><strong>Deus</strong></span> <span class='ocrx_word' id='word_1_547' title='bbox 1202 937 1253 965; x_wconf 88' lang='lat' dir='ltr'><strong>est,</strong></span> <span class='ocrx_word' id='word_1_548' title='bbox 1280 927 1415 966; x_wconf 81' lang='lat' dir='ltr'><strong>comeditc</strong></span> <span class='ocrx_word' id='word_1_549' title='bbox 1434 938 1464 963; x_wconf 90' lang='lat' dir='ltr'><strong>_et</strong></span> <span class='ocrx_word' id='word_1_550' title='bbox 1487 935 1597 973; x_wconf 65' lang='lat' dir='ltr'><strong>vomite.</strong></span> <span class='ocrx_word' id='word_1_551' title='bbox 1629 943 1637 959; x_wconf 79' lang='grc' dir='ltr'><strong><em>ι</em></strong></span> <span class='ocrx_word' id='word_1_552' title='bbox 1662 933 1701 974; x_wconf 69' lang='lat' dir='ltr'><strong>At</strong></span> <span class='ocrx_word' id='word_1_553' title='bbox 1722 942 1787 973; x_wconf 52' lang='lat' dir='ltr'><strong>vero</strong></span> 
     </span>
    </p>
   </div>
   <div class='ocr_carea' id='block_1_79' title="bbox 996 978 1786 1018">
    <p class='ocr_par' dir='ltr' id='par_1_79' title="bbox 996 978 1786 1018">
     <span class='ocr_line' id='line_1_79' title="bbox 996 978 1786 1018; baseline 0.004 -13"><span class='ocrx_word' id='word_1_554' title='bbox 996 978 1116 1018; x_wconf 85' lang='lat' dir='ltr'><strong>episcopi</strong></span> <span class='ocrx_word' id='word_1_555' title='bbox 1146 979 1284 1014; x_wconf 70' lang='lat' dir='ltr'><strong>exemplar</strong></span> <span class='ocrx_word' id='word_1_556' title='bbox 1310 979 1456 1017; x_wconf 80' lang='lat' dir='ltr'><strong>concionis</strong></span> <span class='ocrx_word' id='word_1_557' title='bbox 1486 979 1605 1014; x_wconf 75' lang='lat' dir='ltr'><strong>Joannis</strong></span> <span class='ocrx_word' id='word_1_558' title='bbox 1629 980 1786 1016; x_wconf 81' lang='lat' dir='ltr'><strong>imperatori</strong></span> 
     </span>
    </p>
   </div>
   <div class='ocr_carea' id='block_1_80' title="bbox 996 1024 1787 1067">
    <p class='ocr_par' dir='ltr' id='par_1_80' title="bbox 996 1024 1787 1067">
     <span class='ocr_line' id='line_1_80' title="bbox 996 1024 1787 1067; baseline 0.003 -15"><span class='ocrx_word' id='word_1_559' title='bbox 996 1025 1182 1057; x_wconf 85' lang='lat' dir='ltr'><strong>tradiderunt,</strong></span> <span class='ocrx_word' id='word_1_560' title='bbox 1203 1024 1250 1059; x_wconf 90' lang='lat' dir='ltr'><strong>qui</strong></span> <span class='ocrx_word' id='word_1_561' title='bbox 1271 1025 1297 1052; x_wconf 90' lang='lat' dir='ltr'><strong>id</strong></span> <span class='ocrx_word' id='word_1_562' title='bbox 1323 1032 1487 1067; x_wconf 67' lang='lat' dir='ltr'><strong>magnopere</strong></span> <span class='ocrx_word' id='word_1_563' title='bbox 1507 1030 1618 1063; x_wconf 82' lang='lat' dir='ltr'><strong>propter</strong></span> <span class='ocrx_word' id='word_1_564' title='bbox 1636 1025 1787 1055; x_wconf 77' lang='lat' dir='ltr'><strong>Eudoxiam</strong></span> 
     </span>
    </p>
   </div>
   <div class='ocr_carea' id='block_1_81' title="bbox 995 1066 1786 1105">
    <p class='ocr_par' dir='ltr' id='par_1_81' title="bbox 995 1066 1786 1105">
     <span class='ocr_line' id='line_1_81' title="bbox 995 1066 1786 1105; baseline 0.001 -9"><span class='ocrx_word' id='word_1_565' title='bbox 995 1077 1065 1105; x_wconf 53' lang='lat' dir='ltr'><strong>aegre</strong></span> <span class='ocrx_word' id='word_1_566' title='bbox 1094 1069 1165 1096; x_wconf 90' lang='lat' dir='ltr'><strong>tulit.</strong></span> <span class='ocrx_word' id='word_1_567' title='bbox 1193 1066 1252 1096; x_wconf 83' lang='lat' dir='ltr'><strong>Mox</strong></span> <span class='ocrx_word' id='word_1_568' title='bbox 1287 1066 1422 1100; x_wconf 80' lang='lat' dir='ltr'><strong>Joannes</strong></span> <span class='ocrx_word' id='word_1_569' title='bbox 1441 1069 1571 1097; x_wconf 79' lang='lat' dir='ltr'><strong>adversus</strong></span> <span class='ocrx_word' id='word_1_570' title='bbox 1603 1070 1786 1105; x_wconf 84' lang='lat' dir='ltr'><strong>Theophilum</strong></span> 
     </span>
    </p>
   </div>
   <div class='ocr_carea' id='block_1_82' title="bbox 995 1113 1786 1150">
    <p class='ocr_par' dir='ltr' id='par_1_82' title="bbox 995 1113 1786 1150">
     <span class='ocr_line' id='line_1_82' title="bbox 995 1113 1786 1150; baseline 0 -8"><span class='ocrx_word' id='word_1_571' title='bbox 995 1115 1155 1148; x_wconf 87' lang='lat' dir='ltr'><strong>concionem</strong></span> <span class='ocrx_word' id='word_1_572' title='bbox 1172 1114 1301 1145; x_wconf 82' lang='lat' dir='ltr'><strong>habebat,</strong></span> <span class='ocrx_word' id='word_1_573' title='bbox 1330 1114 1367 1140; x_wconf 92' lang='lat' dir='ltr'><strong>ita</strong></span> <span class='ocrx_word' id='word_1_574' title='bbox 1388 1113 1500 1141; x_wconf 88' lang='lat' dir='ltr'><strong>dicens:</strong></span> <span class='ocrx_word' id='word_1_575' title='bbox 1523 1124 1531 1140; x_wconf 77' lang='grc' dir='ltr'>ι</span> <span class='ocrx_word' id='word_1_576' title='bbox 1556 1113 1623 1148; x_wconf 85' lang='lat' dir='ltr'><strong>Quis</strong></span> <span class='ocrx_word' id='word_1_577' title='bbox 1644 1113 1786 1150; x_wconf 58' lang='lat' dir='ltr'><strong>[Egyptius</strong></span> 
     </span>
    </p>
   </div>
   <div class='ocr_carea' id='block_1_83' title="bbox 996 1159 1787 1196">
    <p class='ocr_par' dir='ltr' id='par_1_83' title="bbox 996 1159 1787 1196">
     <span class='ocr_line' id='line_1_83' title="bbox 996 1159 1787 1196; baseline 0 -8"><span class='ocrx_word' id='word_1_578' title='bbox 996 1161 1044 1188; x_wconf 88' lang='lat' dir='ltr'><strong>Dei</strong></span> <span class='ocrx_word' id='word_1_579' title='bbox 1073 1166 1178 1188; x_wconf 85' lang='lat' dir='ltr'><strong>amator</strong></span> <span class='ocrx_word' id='word_1_580' title='bbox 1201 1166 1247 1188; x_wconf 82' lang='lat' dir='ltr'><strong>est</strong></span> <span class='ocrx_word' id='word_1_581' title='bbox 1283 1159 1507 1195; x_wconf 87' lang='lat' dir='ltr'><strong>(theophilus)?</strong></span> <span class='ocrx_word' id='word_1_582' title='bbox 1537 1159 1605 1194; x_wconf 76' lang='lat' dir='ltr'><strong>Quis</strong></span> <span class='ocrx_word' id='word_1_583' title='bbox 1632 1168 1719 1196; x_wconf 84' lang='lat' dir='ltr'><strong>porro</strong></span> <span class='ocrx_word' id='word_1_584' title='bbox 1739 1161 1787 1193; x_wconf 77' lang='lat' dir='ltr'><strong>Dei</strong></span> 
     </span>
    </p>
   </div>
   <div class='ocr_carea' id='block_1_84' title="bbox 996 1205 1786 1246">
    <p class='ocr_par' dir='ltr' id='par_1_84' title="bbox 996 1205 1786 1246">
     <span class='ocr_line' id='line_1_84' title="bbox 996 1205 1786 1246; baseline 0.003 -13"><span class='ocrx_word' id='word_1_585' title='bbox 996 1211 1101 1241; x_wconf 87' lang='lat' dir='ltr'><strong>amator</strong></span> <span class='ocrx_word' id='word_1_586' title='bbox 1119 1205 1321 1241; x_wconf 91' lang='lat' dir='ltr'><strong>(theophilus)</strong></span> <span class='ocrx_word' id='word_1_587' title='bbox 1340 1205 1528 1233; x_wconf 84' lang='lat' dir='ltr'><strong>detestabilem</strong></span> <span class='ocrx_word' id='word_1_588' title='bbox 1549 1213 1644 1238; x_wconf 79' lang='lat' dir='ltr'><strong>eorum</strong></span> <span class='ocrx_word' id='word_1_589' title='bbox 1670 1207 1786 1246; x_wconf 75' lang='lat' dir='ltr'><strong>gloriam</strong></span> 
     </span>
    </p>
   </div>
   <div class='ocr_carea' id='block_1_85' title="bbox 993 1250 1787 1294">
    <p class='ocr_par' dir='ltr' id='par_1_85' title="bbox 993 1250 1787 1294">
     <span class='ocr_line' id='line_1_85' title="bbox 993 1250 1787 1294; baseline 0.004 -15"><span class='ocrx_word' id='word_1_590' title='bbox 993 1250 1162 1294; x_wconf 55' lang='lat' dir='ltr'><strong>&#39;(eudoxiarn)</strong></span> <span class='ocrx_word' id='word_1_591' title='bbox 1171 1250 1272 1286; x_wconf 73' lang='lat' dir='ltr'><strong>(a),non</strong></span> <span class='ocrx_word' id='word_1_592' title='bbox 1280 1250 1451 1286; x_wconf 84' lang='lat' dir='ltr'><strong>abominatur</strong></span> <span class='ocrx_word' id='word_1_593' title='bbox 1463 1251 1474 1277; x_wconf 69' lang='grc' dir='ltr'><strong>ἶ)</strong></span> <span class='ocrx_word' id='word_1_594' title='bbox 1492 1261 1502 1277; x_wconf 69' lang='grc' dir='ltr'><strong><em>ι</em></strong></span> <span class='ocrx_word' id='word_1_595' title='bbox 1513 1251 1600 1287; x_wconf 80' lang='lat' dir='ltr'><strong>Atque</strong></span> <span class='ocrx_word' id='word_1_596' title='bbox 1615 1252 1692 1284; x_wconf 77' lang='lat' dir='ltr'><strong>hanc</strong></span> <span class='ocrx_word' id='word_1_597' title='bbox 1705 1254 1787 1283; x_wconf 83' lang='lat' dir='ltr'><strong>etiam</strong></span> 
     </span>
    </p>
   </div>
   <div class='ocr_carea' id='block_1_86' title="bbox 996 1295 1786 1332">
    <p class='ocr_par' dir='ltr' id='par_1_86' title="bbox 996 1295 1786 1332">
     <span class='ocr_line' id='line_1_86' title="bbox 996 1295 1786 1332; baseline 0.004 -8"><span class='ocrx_word' id='word_1_598' title='bbox 996 1297 1154 1325; x_wconf 81' lang='lat' dir='ltr'><strong>concionem</strong></span> <span class='ocrx_word' id='word_1_599' title='bbox 1172 1295 1328 1332; x_wconf 90' lang='lat' dir='ltr'><strong>imperatori</strong></span> <span class='ocrx_word' id='word_1_600' title='bbox 1344 1296 1535 1330; x_wconf 81' lang='lat' dir='ltr'><strong>tradiderunt;</strong></span> <span class='ocrx_word' id='word_1_601' title='bbox 1550 1305 1604 1332; x_wconf 87' lang='lat' dir='ltr'><strong>quo</strong></span> <span class='ocrx_word' id='word_1_602' title='bbox 1618 1298 1719 1327; x_wconf 90' lang='lat' dir='ltr'><strong>factum</strong></span> <span class='ocrx_word' id='word_1_603' title='bbox 1734 1303 1786 1332; x_wconf 79' lang='lat' dir='ltr'><strong>est.</strong></span> 
     </span>
    </p>
   </div>
   <div class='ocr_carea' id='block_1_87' title="bbox 996 1342 1787 1379">
    <p class='ocr_par' dir='ltr' id='par_1_87' title="bbox 996 1342 1787 1379">
     <span class='ocr_line' id='line_1_87' title="bbox 996 1342 1787 1379; baseline 0.006 -10"><span class='ocrx_word' id='word_1_604' title='bbox 996 1347 1027 1370; x_wconf 93' lang='lat' dir='ltr'><strong>ut</strong></span> <span class='ocrx_word' id='word_1_605' title='bbox 1057 1342 1207 1379; x_wconf 76' lang='lat' dir='ltr'><strong>indignatio</strong></span> <span class='ocrx_word' id='word_1_606' title='bbox 1237 1350 1251 1369; x_wconf 89' lang='lat' dir='ltr'><strong>a</strong></span> <span class='ocrx_word' id='word_1_607' title='bbox 1277 1342 1429 1377; x_wconf 86' lang='lat' dir='ltr'><strong>Thcophilo</strong></span> <span class='ocrx_word' id='word_1_608' title='bbox 1461 1343 1489 1370; x_wconf 91' lang='lat' dir='ltr'><strong>in</strong></span> <span class='ocrx_word' id='word_1_609' title='bbox 1515 1343 1647 1376; x_wconf 84' lang='lat' dir='ltr'><strong>Joannem</strong></span> <span class='ocrx_word' id='word_1_610' title='bbox 1677 1345 1787 1374; x_wconf 76' lang='lat' dir='ltr'><strong>decide~</strong></span> 
     </span>
    </p>
   </div>
   <div class='ocr_carea' id='block_1_88' title="bbox 995 1394 1047 1415">
    <p class='ocr_par' dir='ltr' id='par_1_88' title="bbox 995 1394 1047 1415">
     <span class='ocr_line' id='line_1_88' title="bbox 995 1394 1047 1415; baseline 0 0"><span class='ocrx_word' id='word_1_611' title='bbox 995 1394 1047 1415; x_wconf 89' lang='lat' dir='ltr'><strong>ret.</strong></span> 
     </span>
    </p>
   </div>
   <div class='ocr_carea' id='block_1_89' title="bbox 1030 1432 1787 1471">
    <p class='ocr_par' dir='ltr' id='par_1_89' title="bbox 1030 1432 1787 1471">
     <span class='ocr_line' id='line_1_89' title="bbox 1030 1432 1787 1471; baseline 0.004 -11"><span class='ocrx_word' id='word_1_612' title='bbox 1030 1433 1075 1460; x_wconf 78' lang='grc'><strong>18.</strong></span> <span class='ocrx_word' id='word_1_613' title='bbox 1103 1432 1180 1460; x_wconf 91' lang='lat' dir='ltr'><strong>Tunc</strong></span> <span class='ocrx_word' id='word_1_614' title='bbox 1196 1432 1316 1461; x_wconf 89' lang='lat' dir='ltr'><strong>Joannes</strong></span> <span class='ocrx_word' id='word_1_615' title='bbox 1330 1433 1399 1466; x_wconf 88' lang='lat' dir='ltr'><strong>duos</strong></span> <span class='ocrx_word' id='word_1_616' title='bbox 1412 1434 1446 1462; x_wconf 90' lang='lat' dir='ltr'><strong>de</strong></span> <span class='ocrx_word' id='word_1_617' title='bbox 1461 1435 1681 1470; x_wconf 84' lang='lat' dir='ltr'><strong>persecutionem</strong></span> <span class='ocrx_word' id='word_1_618' title='bbox 1696 1435 1787 1471; x_wconf 75' lang='lat' dir='ltr'><strong>passis</strong></span> 
     </span>
    </p>
   </div>
   <div class='ocr_carea' id='block_1_90' title="bbox 995 1478 1786 1512">
    <p class='ocr_par' dir='ltr' id='par_1_90' title="bbox 995 1478 1786 1512">
     <span class='ocr_line' id='line_1_90' title="bbox 995 1478 1786 1512; baseline 0 -6"><span class='ocrx_word' id='word_1_619' title='bbox 995 1478 1144 1511; x_wconf 86' lang='lat' dir='ltr'><strong>monachis,</strong></span> <span class='ocrx_word' id='word_1_620' title='bbox 1167 1479 1327 1506; x_wconf 90' lang='lat' dir='ltr'><strong>Dioscorum</strong></span> <span class='ocrx_word' id='word_1_621' title='bbox 1340 1484 1367 1506; x_wconf 90' lang='lat' dir='ltr'><strong>et</strong></span> <span class='ocrx_word' id='word_1_622' title='bbox 1383 1479 1537 1512; x_wconf 79' lang='lat' dir='ltr'><strong>ilieracem,</strong></span> <span class='ocrx_word' id='word_1_623' title='bbox 1549 1487 1647 1511; x_wconf 81' lang='lat' dir='ltr'><strong>eorum</strong></span> <span class='ocrx_word' id='word_1_624' title='bbox 1661 1487 1786 1508; x_wconf 74' lang='lat' dir='ltr'><strong>cursores</strong></span> 
     </span>
    </p>
   </div>
   <div class='ocr_carea' id='block_1_91' title="bbox 997 1523 1786 1560">
    <p class='ocr_par' dir='ltr' id='par_1_91' title="bbox 997 1523 1786 1560">
     <span class='ocr_line' id='line_1_91' title="bbox 997 1523 1786 1560; baseline 0.003 -10"><span class='ocrx_word' id='word_1_625' title='bbox 997 1523 1195 1558; x_wconf 85' lang='lat' dir='ltr'><strong>(periodeutas.</strong></span> <span class='ocrx_word' id='word_1_626' title='bbox 1212 1523 1388 1557; x_wconf 86' lang='lat' dir='ltr'><strong>visitatores),</strong></span> <span class='ocrx_word' id='word_1_627' title='bbox 1404 1523 1541 1558; x_wconf 83' lang='lat' dir='ltr'><strong>ordinavit</strong></span> <span class='ocrx_word' id='word_1_628' title='bbox 1554 1524 1737 1560; x_wconf 73' lang='lat' dir='ltr'><strong>presbyteros,</strong></span> <span class='ocrx_word' id='word_1_629' title='bbox 1748 1529 1786 1552; x_wconf 85' lang='lat' dir='ltr'><strong>.ut</strong></span> 
     </span>
    </p>
   </div>
   <div class='ocr_carea' id='block_1_92' title="bbox 994 1568 1785 1606">
    <p class='ocr_par' dir='ltr' id='par_1_92' title="bbox 994 1568 1785 1606">
     <span class='ocr_line' id='line_1_92' title="bbox 994 1568 1785 1606; baseline 0.003 -11"><span class='ocrx_word' id='word_1_630' title='bbox 994 1573 1093 1605; x_wconf 77' lang='lat' dir='ltr'><strong>sponte</strong></span> <span class='ocrx_word' id='word_1_631' title='bbox 1109 1569 1216 1604; x_wconf 92' lang='lat' dir='ltr'><strong>propria</strong></span> <span class='ocrx_word' id='word_1_632' title='bbox 1230 1569 1361 1604; x_wconf 88' lang='lat' dir='ltr'><strong>synodum</strong></span> <span class='ocrx_word' id='word_1_633' title='bbox 1380 1569 1413 1596; x_wconf 91' lang='lat' dir='ltr'><strong>de</strong></span> <span class='ocrx_word' id='word_1_634' title='bbox 1428 1568 1571 1606; x_wconf 81' lang='lat' dir='ltr'><strong>Theophili</strong></span> <span class='ocrx_word' id='word_1_635' title='bbox 1588 1569 1671 1605; x_wconf 79' lang='lat' dir='ltr'><strong>gestis</strong></span> <span class='ocrx_word' id='word_1_636' title='bbox 1685 1570 1785 1601; x_wconf 82' lang='lat' dir='ltr'><strong>edoce-</strong></span> 
     </span>
    </p>
   </div>
   <div class='ocr_carea' id='block_1_93' title="bbox 994 1611 1785 1649">
    <p class='ocr_par' dir='ltr' id='par_1_93' title="bbox 994 1611 1785 1649">
     <span class='ocr_line' id='line_1_93' title="bbox 994 1611 1785 1649; baseline 0.003 -8"><span class='ocrx_word' id='word_1_637' title='bbox 994 1618 1064 1641; x_wconf 90' lang='lat' dir='ltr'><strong>rent.</strong></span> <span class='ocrx_word' id='word_1_638' title='bbox 1093 1615 1129 1641; x_wconf 83' lang='lat' dir='ltr'><strong>At</strong></span> <span class='ocrx_word' id='word_1_639' title='bbox 1144 1613 1263 1641; x_wconf 77' lang='lat' dir='ltr'><strong>Eudoxio</strong></span> <span class='ocrx_word' id='word_1_640' title='bbox 1285 1613 1465 1647; x_wconf 86' lang='lat' dir='ltr'><strong>Theodotem,</strong></span> <span class='ocrx_word' id='word_1_641' title='bbox 1481 1622 1543 1649; x_wconf 68' lang='lat' dir='ltr'><strong>quae</strong></span> <span class='ocrx_word' id='word_1_642' title='bbox 1568 1611 1641 1642; x_wconf 82' lang='lat' dir='ltr'><strong>mille</strong></span> <span class='ocrx_word' id='word_1_643' title='bbox 1657 1623 1785 1643; x_wconf 86' lang='lat' dir='ltr'><strong>nummos</strong></span> 
     </span>
    </p>
   </div>
   <div class='ocr_carea' id='block_1_94' title="bbox 993 1658 1784 1696">
    <p class='ocr_par' dir='ltr' id='par_1_94' title="bbox 993 1658 1784 1696">
     <span class='ocr_line' id='line_1_94' title="bbox 993 1658 1784 1696; baseline 0.003 -10"><span class='ocrx_word' id='word_1_644' title='bbox 993 1658 1084 1691; x_wconf 76' lang='lat' dir='ltr'><strong>abbati</strong></span> <span class='ocrx_word' id='word_1_645' title='bbox 1107 1658 1211 1691; x_wconf 84' lang='lat' dir='ltr'><strong>Isidoro</strong></span> <span class='ocrx_word' id='word_1_646' title='bbox 1241 1658 1369 1690; x_wconf 86' lang='lat' dir='ltr'><strong>dederat,</strong></span> <span class='ocrx_word' id='word_1_647' title='bbox 1397 1658 1504 1696; x_wconf 77' lang='lat' dir='ltr'><strong>tradidit</strong></span> <span class='ocrx_word' id='word_1_648' title='bbox 1531 1659 1558 1686; x_wconf 93' lang='lat' dir='ltr'><strong>in</strong></span> <span class='ocrx_word' id='word_1_649' title='bbox 1583 1658 1784 1690; x_wconf 80' lang='lat' dir='ltr'><strong>matrimonium</strong></span> 
     </span>
    </p>
   </div>
   <div class='ocr_carea' id='block_1_95' title="bbox 993 1704 1784 1745">
    <p class='ocr_par' dir='ltr' id='par_1_95' title="bbox 993 1704 1784 1745">
     <span class='ocr_line' id='line_1_95' title="bbox 993 1704 1784 1745; baseline -0.001 -12"><span class='ocrx_word' id='word_1_650' title='bbox 993 1705 1166 1744; x_wconf 85' lang='lat' dir='ltr'><strong>Clemenlino</strong></span> <span class='ocrx_word' id='word_1_651' title='bbox 1192 1704 1268 1734; x_wconf 86' lang='lat' dir='ltr'><strong>urbis</strong></span> <span class='ocrx_word' id='word_1_652' title='bbox 1295 1704 1442 1739; x_wconf 65' lang='lat' dir='ltr'><strong>prtefecto,</strong></span> <span class='ocrx_word' id='word_1_653' title='bbox 1469 1705 1606 1740; x_wconf 83' lang='lat' dir='ltr'><strong>simulque</strong></span> <span class='ocrx_word' id='word_1_654' title='bbox 1641 1705 1784 1745; x_wconf 82' lang='lat' dir='ltr'><strong>episcopos</strong></span> 
     </span>
    </p>
   </div>
   <div class='ocr_carea' id='block_1_96' title="bbox 993 1749 1784 1791">
    <p class='ocr_par' dir='ltr' id='par_1_96' title="bbox 993 1749 1784 1791">
     <span class='ocr_line' id='line_1_96' title="bbox 993 1749 1784 1791; baseline 0.001 -13"><span class='ocrx_word' id='word_1_655' title='bbox 993 1751 1102 1786; x_wconf 62' lang='lat' dir='ltr'><strong>Egypti</strong></span> <span class='ocrx_word' id='word_1_656' title='bbox 1122 1754 1150 1778; x_wconf 90' lang='lat' dir='ltr'><strong>et</strong></span> <span class='ocrx_word' id='word_1_657' title='bbox 1174 1749 1273 1790; x_wconf 83' lang='lat' dir='ltr'><strong>Libyae,</strong></span> <span class='ocrx_word' id='word_1_658' title='bbox 1291 1758 1343 1778; x_wconf 90' lang='lat' dir='ltr'><strong>nec</strong></span> <span class='ocrx_word' id='word_1_659' title='bbox 1357 1758 1412 1778; x_wconf 92' lang='lat' dir='ltr'><strong>non</strong></span> <span class='ocrx_word' id='word_1_660' title='bbox 1429 1750 1544 1790; x_wconf 81' lang='lat' dir='ltr'><strong>clericos</strong></span> <span class='ocrx_word' id='word_1_661' title='bbox 1558 1751 1603 1787; x_wconf 81' lang='lat' dir='ltr'><strong>qui</strong></span> <span class='ocrx_word' id='word_1_662' title='bbox 1625 1750 1730 1791; x_wconf 78' lang='lat' dir='ltr'><strong>lsidoro</strong></span> <span class='ocrx_word' id='word_1_663' title='bbox 1744 1752 1784 1779; x_wconf 82' lang='lat' dir='ltr'><strong>fa-</strong></span> 
     </span>
    </p>
   </div>
   <div class='ocr_carea' id='block_1_97' title="bbox 994 1795 1784 1834">
    <p class='ocr_par' dir='ltr' id='par_1_97' title="bbox 994 1795 1784 1834">
     <span class='ocr_line' id='line_1_97' title="bbox 994 1795 1784 1834; baseline 0.003 -10"><span class='ocrx_word' id='word_1_664' title='bbox 994 1797 1103 1831; x_wconf 86' lang='lat' dir='ltr'><strong>vebant,</strong></span> <span class='ocrx_word' id='word_1_665' title='bbox 1121 1796 1156 1824; x_wconf 87' lang='lat' dir='ltr'><strong>ad</strong></span> <span class='ocrx_word' id='word_1_666' title='bbox 1171 1803 1199 1823; x_wconf 79' lang='lat' dir='ltr'><strong>se</strong></span> <span class='ocrx_word' id='word_1_667' title='bbox 1224 1796 1325 1823; x_wconf 87' lang='lat' dir='ltr'><strong>accitos</strong></span> <span class='ocrx_word' id='word_1_668' title='bbox 1346 1795 1426 1824; x_wconf 89' lang='lat' dir='ltr'><strong>donis</strong></span> <span class='ocrx_word' id='word_1_669' title='bbox 1448 1796 1597 1825; x_wconf 81' lang='lat' dir='ltr'><strong>cumulavit</strong></span> <span class='ocrx_word' id='word_1_670' title='bbox 1620 1806 1627 1825; x_wconf 93' lang='lat'><strong>:</strong></span> <span class='ocrx_word' id='word_1_671' title='bbox 1652 1802 1784 1834; x_wconf 82' lang='lat' dir='ltr'><strong>quotquot</strong></span> 
     </span>
    </p>
   </div>
   <div class='ocr_carea' id='block_1_98' title="bbox 993 1840 1784 1878">
    <p class='ocr_par' dir='ltr' id='par_1_98' title="bbox 993 1840 1784 1878">
     <span class='ocr_line' id='line_1_98' title="bbox 993 1840 1784 1878; baseline 0 -9"><span class='ocrx_word' id='word_1_672' title='bbox 993 1847 1083 1869; x_wconf 87' lang='lat' dir='ltr'><strong>autem</strong></span> <span class='ocrx_word' id='word_1_673' title='bbox 1097 1842 1148 1869; x_wconf 90' lang='lat' dir='ltr'><strong>sibi</strong></span> <span class='ocrx_word' id='word_1_674' title='bbox 1159 1841 1291 1878; x_wconf 89' lang='lat' dir='ltr'><strong>parebant</strong></span> <span class='ocrx_word' id='word_1_675' title='bbox 1305 1841 1330 1868; x_wconf 93' lang='lat' dir='ltr'><strong>in</strong></span> <span class='ocrx_word' id='word_1_676' title='bbox 1347 1840 1446 1876; x_wconf 80' lang='lat' dir='ltr'><strong>palatio</strong></span> <span class='ocrx_word' id='word_1_677' title='bbox 1458 1841 1623 1874; x_wconf 80' lang='lat' dir='ltr'><strong>habuitcurn</strong></span> <span class='ocrx_word' id='word_1_678' title='bbox 1637 1841 1784 1878; x_wconf 81' lang='lat' dir='ltr'><strong>dignitate.</strong></span> 
     </span>
    </p>
   </div>
   <div class='ocr_carea' id='block_1_99' title="bbox 993 1879 1785 1925">
    <p class='ocr_par' dir='ltr' id='par_1_99' title="bbox 993 1879 1785 1925">
     <span class='ocr_line' id='line_1_99' title="bbox 993 1879 1785 1925; baseline -0.001 -10"><span class='ocrx_word' id='word_1_679' title='bbox 993 1887 1152 1922; x_wconf 80' lang='lat' dir='ltr'><strong>resistentes</strong></span> <span class='ocrx_word' id='word_1_680' title='bbox 1168 1894 1233 1914; x_wconf 90' lang='lat' dir='ltr'><strong>vero</strong></span> <span class='ocrx_word' id='word_1_681' title='bbox 1248 1879 1470 1914; x_wconf 78' lang='lat' dir='ltr'><strong>Thessalonicam</strong></span> <span class='ocrx_word' id='word_1_682' title='bbox 1485 1879 1615 1925; x_wconf 72' lang='lat' dir='ltr'><strong>relegavit</strong></span> <span class='ocrx_word' id='word_1_683' title='bbox 1629 1895 1635 1914; x_wconf 86' lang='lat'><strong>:</strong></span> <span class='ocrx_word' id='word_1_684' title='bbox 1652 1887 1785 1925; x_wconf 84' lang='lat' dir='ltr'><strong>multique</strong></span> 
     </span>
    </p>
   </div>
   <div class='ocr_carea' id='block_1_100' title="bbox 993 1932 1782 1971">
    <p class='ocr_par' dir='ltr' id='par_1_100' title="bbox 993 1932 1782 1971">
     <span class='ocr_line' id='line_1_100' title="bbox 993 1932 1782 1971; baseline -0.001 -10"><span class='ocrx_word' id='word_1_685' title='bbox 993 1933 1124 1971; x_wconf 88' lang='lat' dir='ltr'><strong>episcopi,</strong></span> <span class='ocrx_word' id='word_1_686' title='bbox 1135 1932 1272 1964; x_wconf 86' lang='lat' dir='ltr'><strong>monachi,</strong></span> <span class='ocrx_word' id='word_1_687' title='bbox 1286 1932 1387 1964; x_wconf 86' lang='lat' dir='ltr'><strong>clerici,</strong></span> <span class='ocrx_word' id='word_1_688' title='bbox 1397 1932 1548 1968; x_wconf 71' lang='lat' dir='ltr'><strong>presbyteri</strong></span> <span class='ocrx_word' id='word_1_689' title='bbox 1569 1937 1650 1968; x_wconf 88' lang='lat' dir='ltr'><strong>atque</strong></span> <span class='ocrx_word' id='word_1_690' title='bbox 1665 1933 1782 1965; x_wconf 84' lang='lat' dir='ltr'><strong>diaconi.</strong></span> 
     </span>
    </p>
   </div>
   <div class='ocr_carea' id='block_1_101' title="bbox 993 1977 1783 2017">
    <p class='ocr_par' dir='ltr' id='par_1_101' title="bbox 993 1977 1783 2017">
     <span class='ocr_line' id='line_1_101' title="bbox 993 1977 1783 2017; baseline -0.003 -10"><span class='ocrx_word' id='word_1_691' title='bbox 993 1987 1045 2007; x_wconf 90' lang='lat' dir='ltr'><strong>nec</strong></span> <span class='ocrx_word' id='word_1_692' title='bbox 1059 1987 1114 2006; x_wconf 92' lang='lat' dir='ltr'><strong>non</strong></span> <span class='ocrx_word' id='word_1_693' title='bbox 1130 1983 1159 2006; x_wconf 88' lang='lat' dir='ltr'><strong>et</strong></span> <span class='ocrx_word' id='word_1_694' title='bbox 1170 1977 1289 2016; x_wconf 85' lang='lat' dir='ltr'><strong>virgines</strong></span> <span class='ocrx_word' id='word_1_695' title='bbox 1300 1985 1332 2006; x_wconf 87' lang='lat' dir='ltr'><strong>ac</strong></span> <span class='ocrx_word' id='word_1_696' title='bbox 1347 1982 1479 2017; x_wconf 57' lang='lat' dir='ltr'><strong>matrona</strong></span> <span class='ocrx_word' id='word_1_697' title='bbox 1493 1978 1701 2014; x_wconf 64' lang='lat' dir='ltr'><strong>honestissimae,</strong></span> <span class='ocrx_word' id='word_1_698' title='bbox 1714 1986 1783 2014; x_wconf 84' lang='lat' dir='ltr'><strong>qua:-</strong></span> 
     </span>
    </p>
   </div>
   <div class='ocr_carea' id='block_1_102' title="bbox 993 2022 1808 2059">
    <p class='ocr_par' dir='ltr' id='par_1_102' title="bbox 993 2022 1808 2059">
     <span class='ocr_line' id='line_1_102' title="bbox 993 2022 1808 2059; baseline -0.001 -7"><span class='ocrx_word' id='word_1_699' title='bbox 993 2031 1102 2059; x_wconf 87' lang='lat' dir='ltr'><strong>cunque</strong></span> <span class='ocrx_word' id='word_1_700' title='bbox 1116 2023 1143 2050; x_wconf 92' lang='lat' dir='ltr'><strong>in</strong></span> <span class='ocrx_word' id='word_1_701' title='bbox 1159 2022 1283 2059; x_wconf 87' lang='lat' dir='ltr'><strong>partibus</strong></span> <span class='ocrx_word' id='word_1_702' title='bbox 1297 2022 1411 2050; x_wconf 84' lang='lat' dir='ltr'><strong>Joannis</strong></span> <span class='ocrx_word' id='word_1_703' title='bbox 1432 2027 1534 2055; x_wconf 78' lang='lat' dir='ltr'><strong>essent,</strong></span> <span class='ocrx_word' id='word_1_704' title='bbox 1557 2023 1642 2051; x_wconf 89' lang='lat' dir='ltr'><strong>multa</strong></span> <span class='ocrx_word' id='word_1_705' title='bbox 1659 2023 1783 2051; x_wconf 80' lang='lat' dir='ltr'><strong>alllictio-</strong></span> <span class='ocrx_word' id='word_1_706' title='bbox 1805 2052 1808 2054; x_wconf 24' lang='grc' dir='ltr'>γ</span> 
     </span>
    </p>
   </div>
   <div class='ocr_carea' id='block_1_103' title="bbox 992 2060 1784 2104">
    <p class='ocr_par' dir='ltr' id='par_1_103' title="bbox 992 2060 1784 2104">
     <span class='ocr_line' id='line_1_103' title="bbox 992 2060 1784 2104; baseline -0.003 -6"><span class='ocrx_word' id='word_1_707' title='bbox 992 2078 1059 2098; x_wconf 93' lang='lat' dir='ltr'><strong>num</strong></span> <span class='ocrx_word' id='word_1_708' title='bbox 1076 2061 1228 2097; x_wconf 85' lang='lat' dir='ltr'><strong>certamina</strong></span> <span class='ocrx_word' id='word_1_709' title='bbox 1239 2068 1412 2104; x_wconf 86' lang='lat' dir='ltr'><strong>pertulerunt</strong></span> <span class='ocrx_word' id='word_1_710' title='bbox 1427 2077 1433 2095; x_wconf 74' lang='grc' dir='ltr'>ε</span> <span class='ocrx_word' id='word_1_711' title='bbox 1451 2060 1636 2103; x_wconf 85' lang='lat' dir='ltr'><strong>miserumque</strong></span> <span class='ocrx_word' id='word_1_712' title='bbox 1650 2072 1710 2096; x_wconf 89' lang='lat' dir='ltr'><strong>erat</strong></span> <span class='ocrx_word' id='word_1_713' title='bbox 1721 2075 1784 2096; x_wconf 80' lang='lat' dir='ltr'><strong>cer-</strong></span> 
     </span>
    </p>
   </div>
   <div class='ocr_carea' id='block_1_104' title="bbox 991 2112 1783 2149">
    <p class='ocr_par' dir='ltr' id='par_1_104' title="bbox 991 2112 1783 2149">
     <span class='ocr_line' id='line_1_104' title="bbox 991 2112 1783 2149; baseline -0.003 -6"><span class='ocrx_word' id='word_1_714' title='bbox 991 2124 1058 2146; x_wconf 80' lang='lat' dir='ltr'><strong>nere</strong></span> <span class='ocrx_word' id='word_1_715' title='bbox 1071 2120 1099 2144; x_wconf 87' lang='lat' dir='ltr'><strong>et</strong></span> <span class='ocrx_word' id='word_1_716' title='bbox 1121 2115 1216 2144; x_wconf 88' lang='lat' dir='ltr'><strong>audire</strong></span> <span class='ocrx_word' id='word_1_717' title='bbox 1239 2121 1271 2142; x_wconf 84' lang='lat' dir='ltr'><strong>ac</strong></span> <span class='ocrx_word' id='word_1_718' title='bbox 1292 2114 1384 2142; x_wconf 83' lang='lat' dir='ltr'><strong>dolere</strong></span> <span class='ocrx_word' id='word_1_719' title='bbox 1412 2113 1446 2142; x_wconf 93' lang='lat' dir='ltr'><strong>de</strong></span> <span class='ocrx_word' id='word_1_720' title='bbox 1466 2113 1509 2141; x_wconf 85' lang='lat' dir='ltr'><strong>sic</strong></span> <span class='ocrx_word' id='word_1_721' title='bbox 1533 2112 1625 2149; x_wconf 88' lang='lat' dir='ltr'><strong>inique</strong></span> <span class='ocrx_word' id='word_1_722' title='bbox 1646 2113 1783 2149; x_wconf 86' lang='lat' dir='ltr'><strong>oppressis</strong></span> 
     </span>
    </p>
   </div>
   <div class='ocr_carea' id='block_1_105' title="bbox 991 2160 1784 2197">
    <p class='ocr_par' dir='ltr' id='par_1_105' title="bbox 991 2160 1784 2197">
     <span class='ocr_line' id='line_1_105' title="bbox 991 2160 1784 2197; baseline -0.004 -7"><span class='ocrx_word' id='word_1_723' title='bbox 991 2162 1104 2193; x_wconf 84' lang='lat' dir='ltr'><strong>Joannis</strong></span> <span class='ocrx_word' id='word_1_724' title='bbox 1126 2161 1230 2194; x_wconf 86' lang='lat' dir='ltr'><strong>amicis,</strong></span> <span class='ocrx_word' id='word_1_725' title='bbox 1248 2160 1384 2197; x_wconf 87' lang='lat' dir='ltr'><strong>episcopis</strong></span> <span class='ocrx_word' id='word_1_726' title='bbox 1401 2165 1429 2188; x_wconf 86' lang='lat' dir='ltr'><strong>et</strong></span> <span class='ocrx_word' id='word_1_727' title='bbox 1453 2160 1632 2197; x_wconf 81' lang='lat' dir='ltr'><strong>presbyteris,</strong></span> <span class='ocrx_word' id='word_1_728' title='bbox 1650 2167 1714 2188; x_wconf 86' lang='lat' dir='ltr'><strong>cum</strong></span> <span class='ocrx_word' id='word_1_729' title='bbox 1729 2160 1784 2188; x_wconf 81' lang='lat' dir='ltr'><strong>dia-</strong></span> 
     </span>
    </p>
   </div>
   <div class='ocr_carea' id='block_1_106' title="bbox 992 2206 1783 2242">
    <p class='ocr_par' dir='ltr' id='par_1_106' title="bbox 992 2206 1783 2242">
     <span class='ocr_line' id='line_1_106' title="bbox 992 2206 1783 2242; baseline -0.005 -4"><span class='ocrx_word' id='word_1_730' title='bbox 992 2209 1078 2242; x_wconf 86' lang='lat' dir='ltr'><strong>conis,</strong></span> <span class='ocrx_word' id='word_1_731' title='bbox 1106 2208 1214 2236; x_wconf 85' lang='lat' dir='ltr'><strong>clericis</strong></span> <span class='ocrx_word' id='word_1_732' title='bbox 1235 2215 1267 2236; x_wconf 88' lang='lat' dir='ltr'><strong>ac</strong></span> <span class='ocrx_word' id='word_1_733' title='bbox 1282 2206 1434 2239; x_wconf 84' lang='lat' dir='ltr'><strong>monachis,</strong></span> <span class='ocrx_word' id='word_1_734' title='bbox 1453 2214 1522 2242; x_wconf 92' lang='lat' dir='ltr'><strong>quos</strong></span> <span class='ocrx_word' id='word_1_735' title='bbox 1536 2207 1564 2234; x_wconf 93' lang='lat' dir='ltr'><strong>in</strong></span> <span class='ocrx_word' id='word_1_736' title='bbox 1581 2206 1706 2235; x_wconf 89' lang='lat' dir='ltr'><strong>exsilium</strong></span> <span class='ocrx_word' id='word_1_737' title='bbox 1719 2214 1783 2234; x_wconf 90' lang='lat' dir='ltr'><strong>eru-</strong></span> 
     </span>
    </p>
   </div>
   <div class='ocr_carea' id='block_1_107' title="bbox 992 2252 1783 2289">
    <p class='ocr_par' dir='ltr' id='par_1_107' title="bbox 992 2252 1783 2289">
     <span class='ocr_line' id='line_1_107' title="bbox 992 2252 1783 2289; baseline -0.005 -5"><span class='ocrx_word' id='word_1_738' title='bbox 992 2256 1067 2286; x_wconf 87' lang='lat' dir='ltr'><strong>deles</strong></span> <span class='ocrx_word' id='word_1_739' title='bbox 1079 2255 1207 2289; x_wconf 84' lang='lat' dir='ltr'><strong>homines</strong></span> <span class='ocrx_word' id='word_1_740' title='bbox 1220 2254 1411 2284; x_wconf 81' lang='lat' dir='ltr'><strong>extrudebant.</strong></span> <span class='ocrx_word' id='word_1_741' title='bbox 1419 2252 1536 2286; x_wconf 87' lang='lat' dir='ltr'><strong>Quidam</strong></span> <span class='ocrx_word' id='word_1_742' title='bbox 1548 2252 1603 2281; x_wconf 90' lang='lat' dir='ltr'><strong>imo</strong></span> <span class='ocrx_word' id='word_1_743' title='bbox 1614 2252 1740 2281; x_wconf 84' lang='lat' dir='ltr'><strong>monachi</strong></span> <span class='ocrx_word' id='word_1_744' title='bbox 1751 2260 1783 2280; x_wconf 85' lang='lat' dir='ltr'><strong>ac</strong></span> 
     </span>
    </p>
   </div>
   <div class='ocr_carea' id='block_1_108' title="bbox 991 2297 1783 2338">
    <p class='ocr_par' dir='ltr' id='par_1_108' title="bbox 991 2297 1783 2338">
     <span class='ocr_line' id='line_1_108' title="bbox 991 2297 1783 2338; baseline -0.006 -7"><span class='ocrx_word' id='word_1_745' title='bbox 991 2302 1112 2338; x_wconf 80' lang='lat' dir='ltr'><strong>virgines</strong></span> <span class='ocrx_word' id='word_1_746' title='bbox 1125 2301 1244 2330; x_wconf 81' lang='lat' dir='ltr'><strong>ascetico</strong></span> <span class='ocrx_word' id='word_1_747' title='bbox 1263 2299 1327 2328; x_wconf 81' lang='lat' dir='ltr'><strong>vitae</strong></span> <span class='ocrx_word' id='word_1_748' title='bbox 1347 2307 1446 2336; x_wconf 83' lang='lat' dir='ltr'><strong>genere</strong></span> <span class='ocrx_word' id='word_1_749' title='bbox 1470 2299 1599 2330; x_wconf 87' lang='lat' dir='ltr'><strong>illustres,</strong></span> <span class='ocrx_word' id='word_1_750' title='bbox 1616 2297 1783 2327; x_wconf 76' lang='lat' dir='ltr'><strong>cruciatibus</strong></span> 
     </span>
    </p>
   </div>
   <div class='ocr_carea' id='block_1_109' title="bbox 991 2344 1782 2381">
    <p class='ocr_par' dir='ltr' id='par_1_109' title="bbox 991 2344 1782 2381">
     <span class='ocr_line' id='line_1_109' title="bbox 991 2344 1782 2381; baseline -0.006 -4"><span class='ocrx_word' id='word_1_751' title='bbox 991 2357 1023 2377; x_wconf 88' lang='lat' dir='ltr'><strong>ac</strong></span> <span class='ocrx_word' id='word_1_752' title='bbox 1038 2347 1181 2376; x_wconf 84' lang='lat' dir='ltr'><strong>tormentis</strong></span> <span class='ocrx_word' id='word_1_753' title='bbox 1196 2346 1392 2379; x_wconf 85' lang='lat' dir='ltr'><strong>multabantur,</strong></span> <span class='ocrx_word' id='word_1_754' title='bbox 1408 2345 1484 2374; x_wconf 86' lang='lat' dir='ltr'><strong>laicis</strong></span> <span class='ocrx_word' id='word_1_755' title='bbox 1494 2345 1604 2381; x_wconf 76' lang='lat' dir='ltr'><strong>demum</strong></span> <span class='ocrx_word' id='word_1_756' title='bbox 1619 2344 1726 2380; x_wconf 82' lang='lat' dir='ltr'><strong>piisque</strong></span> <span class='ocrx_word' id='word_1_757' title='bbox 1740 2344 1782 2373; x_wconf 87' lang='lat' dir='ltr'><strong>fe-</strong></span> 
     </span>
    </p>
   </div>
   <div class='ocr_carea' id='block_1_110' title="bbox 991 2389 1783 2428">
    <p class='ocr_par' dir='ltr' id='par_1_110' title="bbox 991 2389 1783 2428">
     <span class='ocr_line' id='line_1_110' title="bbox 991 2389 1783 2428; baseline -0.008 -5"><span class='ocrx_word' id='word_1_758' title='bbox 991 2395 1073 2424; x_wconf 85' lang='lat' dir='ltr'><strong>minis</strong></span> <span class='ocrx_word' id='word_1_759' title='bbox 1088 2395 1221 2422; x_wconf 90' lang='lat' dir='ltr'><strong>bonorum</strong></span> <span class='ocrx_word' id='word_1_760' title='bbox 1237 2393 1354 2428; x_wconf 81' lang='lat' dir='ltr'><strong>direptio</strong></span> <span class='ocrx_word' id='word_1_761' title='bbox 1369 2391 1592 2423; x_wconf 79' lang='lat' dir='ltr'><strong>denuntiabatur.</strong></span> <span class='ocrx_word' id='word_1_762' title='bbox 1613 2389 1676 2420; x_wconf 60' lang='lat' dir='ltr'><strong>Hae</strong></span> <span class='ocrx_word' id='word_1_763' title='bbox 1690 2389 1783 2419; x_wconf 81' lang='lat' dir='ltr'><strong>omnia</strong></span> 
     </span>
    </p>
   </div>
   <div class='ocr_carea' id='block_1_111' title="bbox 991 2437 1782 2477">
    <p class='ocr_par' dir='ltr' id='par_1_111' title="bbox 991 2437 1782 2477">
     <span class='ocr_line' id='line_1_111' title="bbox 991 2437 1782 2477; baseline -0.004 -9"><span class='ocrx_word' id='word_1_764' title='bbox 991 2440 1160 2477; x_wconf 19' lang='lat' dir='ltr'><strong>ab‘Eudoxia</strong></span> <span class='ocrx_word' id='word_1_765' title='bbox 1175 2443 1203 2467; x_wconf 83' lang='lat' dir='ltr'><strong>ot</strong></span> <span class='ocrx_word' id='word_1_766' title='bbox 1219 2438 1454 2475; x_wconf 72' lang='lat' dir='ltr'><strong>satellitibuseius</strong></span> <span class='ocrx_word' id='word_1_767' title='bbox 1461 2441 1555 2470; x_wconf 79' lang='lat' dir='ltr'><strong>contra</strong></span> <span class='ocrx_word' id='word_1_768' title='bbox 1567 2437 1782 2476; x_wconf 27' lang='lat' dir='ltr'><strong>Joannemvejus—</strong></span> 
     </span>
    </p>
   </div>
   <div class='ocr_carea' id='block_1_112' title="bbox 990 2483 1782 2523">
    <p class='ocr_par' dir='ltr' id='par_1_112' title="bbox 990 2483 1782 2523">
     <span class='ocr_line' id='line_1_112' title="bbox 990 2483 1782 2523; baseline -0.005 -8"><span class='ocrx_word' id='word_1_769' title='bbox 990 2487 1179 2523; x_wconf 81' lang='lat' dir='ltr'><strong>quefautores</strong></span> <span class='ocrx_word' id='word_1_770' title='bbox 1197 2485 1309 2514; x_wconf 81' lang='lat' dir='ltr'><strong>ﬁebant.</strong></span> <span class='ocrx_word' id='word_1_771' title='bbox 1325 2484 1414 2522; x_wconf 57' lang='lat' dir='ltr'><strong>Mue</strong></span> <span class='ocrx_word' id='word_1_772' title='bbox 1428 2484 1634 2520; x_wconf 21' lang='lat' dir='ltr'><strong>ita‘eveniebat,</strong></span> <span class='ocrx_word' id='word_1_773' title='bbox 1649 2488 1680 2512; x_wconf 88' lang='lat' dir='ltr'><strong>ut</strong></span> <span class='ocrx_word' id='word_1_774' title='bbox 1691 2483 1782 2512; x_wconf 82' lang='lat' dir='ltr'><strong>Theo-</strong></span> 
     </span>
    </p>
   </div>
   <div class='ocr_carea' id='block_1_113' title="bbox 990 2531 1780 2573">
    <p class='ocr_par' dir='ltr' id='par_1_113' title="bbox 990 2531 1780 2573">
     <span class='ocr_line' id='line_1_113' title="bbox 990 2531 1780 2573; baseline -0.003 -13"><span class='ocrx_word' id='word_1_775' title='bbox 990 2533 1082 2570; x_wconf 85' lang='lat' dir='ltr'><strong>philus</strong></span> <span class='ocrx_word' id='word_1_776' title='bbox 1098 2532 1295 2572; x_wconf 81' lang='lat' dir='ltr'><strong>absolveretur,</strong></span> <span class='ocrx_word' id='word_1_777' title='bbox 1305 2531 1432 2570; x_wconf 25' lang='lat' dir='ltr'><strong>‘Joanrpevs</strong></span> <span class='ocrx_word' id='word_1_778' title='bbox 1455 2535 1547 2570; x_wconf 73' lang='lat' dir='ltr'><strong>autem</strong></span> <span class='ocrx_word' id='word_1_779' title='bbox 1554 2538 1642 2569; x_wconf 53' lang='lat' dir='ltr'><strong>,causa</strong></span> <span class='ocrx_word' id='word_1_780' title='bbox 1651 2531 1780 2573; x_wconf 73' lang='lat' dir='ltr'><strong>caderet.</strong></span> 
     </span>
    </p>
   </div>
   <div class='ocr_carea' id='block_1_114' title="bbox 990 2576 1781 2618">
    <p class='ocr_par' dir='ltr' id='par_1_114' title="bbox 990 2576 1781 2618">
     <span class='ocr_line' id='line_1_114' title="bbox 990 2576 1781 2618; baseline -0.006 -11"><span class='ocrx_word' id='word_1_781' title='bbox 990 2580 1040 2607; x_wconf 85' lang='lat' dir='ltr'><strong>llic</strong></span> <span class='ocrx_word' id='word_1_782' title='bbox 1051 2584 1150 2618; x_wconf 67' lang='lat' dir='ltr'><strong>tamen</strong></span> <span class='ocrx_word' id='word_1_783' title='bbox 1175 2578 1285 2618; x_wconf 82' lang='lat' dir='ltr'><strong>interim</strong></span> <span class='ocrx_word' id='word_1_784' title='bbox 1299 2585 1316 2618; x_wconf 66' lang='grc' dir='ltr'><strong>ει</strong></span> <span class='ocrx_word' id='word_1_785' title='bbox 1338 2577 1471 2618; x_wconf 81' lang='lat' dir='ltr'><strong>conviciis</strong></span> <span class='ocrx_word' id='word_1_786' title='bbox 1485 2577 1616 2617; x_wconf 69' lang='lat' dir='ltr'><strong>adversus</strong></span> <span class='ocrx_word' id='word_1_787' title='bbox 1626 2576 1781 2617; x_wconf 52' lang='lat' dir='ltr'><strong>Eudoxiam</strong></span> 
     </span>
    </p>
   </div>
   <div class='ocr_carea' id='block_1_115' title="bbox 990 2615 1787 2666">
    <p class='ocr_par' dir='ltr' id='par_1_115' title="bbox 990 2615 1787 2666">
     <span class='ocr_line' id='line_1_115' title="bbox 990 2615 1787 2666; baseline -0.009 -13"><span class='ocrx_word' id='word_1_788' title='bbox 990 2633 1044 2653; x_wconf 90' lang='lat' dir='ltr'><strong>non</strong></span> <span class='ocrx_word' id='word_1_789' title='bbox 1060 2616 1203 2653; x_wconf 83' lang='lat' dir='ltr'><strong>desinebat</strong></span> <span class='ocrx_word' id='word_1_790' title='bbox 1217 2615 1243 2651; x_wconf 84' lang='lat' dir='ltr'><strong>in</strong></span> <span class='ocrx_word' id='word_1_791' title='bbox 1255 2615 1667 2666; x_wconf 14' lang='lat' dir='ltr'><strong>ecclesia’etrzpublioje&#39;ioqqens</strong></span> <span class='ocrx_word' id='word_1_792' title='bbox 1684 2631 1690 2649; x_wconf 87' lang='lat'><strong><em>:</em></strong></span> <span class='ocrx_word' id='word_1_793' title='bbox 1712 2631 1722 2648; x_wconf 73' lang='grc' dir='ltr'><strong>σ</strong></span> <span class='ocrx_word' id='word_1_794' title='bbox 1733 2621 1787 2665; x_wconf 36' lang='grc' dir='ltr'><strong>,Ειχ</strong></span> 
     </span>
    </p>
   </div>
   <div class='ocr_carea' id='block_1_116' title="bbox 989 2667 1780 2710">
    <p class='ocr_par' dir='ltr' id='par_1_116' title="bbox 989 2667 1780 2710">
     <span class='ocr_line' id='line_1_116' title="bbox 989 2667 1780 2710; baseline -0.009 -11"><span class='ocrx_word' id='word_1_795' title='bbox 989 2679 1086 2699; x_wconf 89' lang='lat' dir='ltr'><strong>rursus</strong></span> <span class='ocrx_word' id='word_1_796' title='bbox 1109 2670 1241 2700; x_wconf 81' lang='lat' dir='ltr'><strong>Herodias</strong></span> <span class='ocrx_word' id='word_1_797' title='bbox 1263 2669 1339 2703; x_wconf 86' lang='lat' dir='ltr'><strong>furit,</strong></span> <span class='ocrx_word' id='word_1_798' title='bbox 1364 2677 1459 2702; x_wconf 87' lang='lat' dir='ltr'><strong>rursus</strong></span> <span class='ocrx_word' id='word_1_799' title='bbox 1477 2669 1587 2701; x_wconf 81' lang='lat' dir='ltr'><strong>Jezabel</strong></span> <span class='ocrx_word' id='word_1_800' title='bbox 1603 2667 1721 2710; x_wconf 78' lang='lat' dir='ltr'><strong>Nabuthi</strong></span> <span class='ocrx_word' id='word_1_801' title='bbox 1741 2667 1780 2693; x_wconf 89' lang='lat' dir='ltr'><strong>vi-</strong></span> 
     </span>
    </p>
   </div>
   <div class='ocr_carea' id='block_1_117' title="bbox 990 2713 1779 2753">
    <p class='ocr_par' dir='ltr' id='par_1_117' title="bbox 990 2713 1779 2753">
     <span class='ocr_line' id='line_1_117' title="bbox 990 2713 1779 2753; baseline -0.006 -9"><span class='ocrx_word' id='word_1_802' title='bbox 990 2725 1068 2745; x_wconf 89' lang='lat' dir='ltr'><strong>neam</strong></span> <span class='ocrx_word' id='word_1_803' title='bbox 1083 2725 1178 2753; x_wconf 85' lang='lat' dir='ltr'><strong>rapere</strong></span> <span class='ocrx_word' id='word_1_804' title='bbox 1193 2717 1260 2744; x_wconf 91' lang='lat' dir='ltr'><strong>vult.</strong></span> <span class='ocrx_word' id='word_1_805' title='bbox 1278 2726 1286 2742; x_wconf 79' lang='lat' dir='ltr'><strong>l</strong></span> <span class='ocrx_word' id='word_1_806' title='bbox 1301 2717 1335 2744; x_wconf 89' lang='lat' dir='ltr'><strong>Et</strong></span> <span class='ocrx_word' id='word_1_807' title='bbox 1349 2716 1456 2744; x_wconf 90' lang='lat' dir='ltr'><strong>denuo:</strong></span> <span class='ocrx_word' id='word_1_808' title='bbox 1474 2725 1484 2742; x_wconf 71' lang='grc' dir='ltr'>ι</span> <span class='ocrx_word' id='word_1_809' title='bbox 1501 2715 1598 2743; x_wconf 85' lang='lat' dir='ltr'><strong>Nonne</strong></span> <span class='ocrx_word' id='word_1_810' title='bbox 1610 2714 1653 2742; x_wconf 85' lang='lat' dir='ltr'><strong>odi</strong></span> <span class='ocrx_word' id='word_1_811' title='bbox 1668 2713 1779 2749; x_wconf 84' lang='lat' dir='ltr'><strong>gloriam</strong></span> 
     </span>
    </p>
   </div>
   <div class='ocr_carea' id='block_1_118' title="bbox 180 2783 951 2823">
    <p class='ocr_par' dir='ltr' id='par_1_118' title="bbox 180 2784 951 2823">
     <span class='ocr_line' id='line_1_118' title="bbox 180 2784 951 2823; baseline 0.01 -13"><span class='ocrx_word' id='word_1_812' title='bbox 180 2784 359 2823; x_wconf 58' lang='lat' dir='ltr'><strong>(artudclmt</strong></span> <span class='ocrx_word' id='word_1_813' title='bbox 387 2785 596 2822; x_wconf 80' lang='lat' dir='ltr'><strong>Cbrysostomns</strong></span> <span class='ocrx_word' id='word_1_814' title='bbox 625 2786 681 2818; x_wconf 73' lang='lat' dir='ltr'><strong>hic.</strong></span> <span class='ocrx_word' id='word_1_815' title='bbox 713 2791 740 2813; x_wconf 75' lang='lat' dir='ltr'><strong>et</strong></span> <span class='ocrx_word' id='word_1_816' title='bbox 760 2790 866 2821; x_wconf 78' lang='lat' dir='ltr'><strong>postea.</strong></span> <span class='ocrx_word' id='word_1_817' title='bbox 891 2786 918 2813; x_wconf 82' lang='lat' dir='ltr'><strong>in</strong></span> <span class='ocrx_word' id='word_1_818' title='bbox 946 2794 951 2813; x_wconf 75' lang='grc' dir='ltr'><strong>ε</strong></span> 
     </span>
    </p>
   </div>
   <div class='ocr_carea' id='block_1_119' title="bbox 994 2783 1779 2823">
    <p class='ocr_par' dir='ltr' id='par_1_119' title="bbox 994 2783 1779 2823">
     <span class='ocr_line' id='line_1_119' title="bbox 994 2783 1779 2823; baseline -0.005 -9"><span class='ocrx_word' id='word_1_819' title='bbox 994 2787 1080 2823; x_wconf 80' lang='lat' dir='ltr'><strong>biguis</strong></span> <span class='ocrx_word' id='word_1_820' title='bbox 1102 2787 1242 2815; x_wconf 80' lang='lat' dir='ltr'><strong>vocabulis</strong></span> <span class='ocrx_word' id='word_1_821' title='bbox 1268 2786 1390 2821; x_wconf 69' lang='grc' dir='ltr'><strong>θεόφιλος</strong></span> <span class='ocrx_word' id='word_1_822' title='bbox 1415 2790 1442 2813; x_wconf 88' lang='lat' dir='ltr'><strong>et</strong></span> <span class='ocrx_word' id='word_1_823' title='bbox 1466 2783 1606 2820; x_wconf 67' lang='grc' dir='ltr'><strong>Θεόφιλος,</strong></span> <span class='ocrx_word' id='word_1_824' title='bbox 1631 2783 1737 2817; x_wconf 78' lang='grc' dir='ltr'><strong>εὐδοξία</strong></span> <span class='ocrx_word' id='word_1_825' title='bbox 1752 2787 1779 2810; x_wconf 80' lang='lat' dir='ltr'><strong>et</strong></span> 
     </span>
    </p>
   </div>
   <div class='ocr_carea' id='block_1_120' title="bbox 145 2817 265 2854">
    <p class='ocr_par' dir='ltr' id='par_1_120' title="bbox 145 2817 265 2854">
     <span class='ocr_line' id='line_1_120' title="bbox 145 2817 265 2854; baseline 0.008 -9"><span class='ocrx_word' id='word_1_826' title='bbox 145 2817 265 2854; x_wconf 70' lang='grc' dir='ltr'><strong>Εὺὼξζα.</strong></span> 
     </span>
    </p>
   </div>
  </div>
