2052 3113
157 177 242 199 LIIII]

160 228 346 265 (eudoxiam),
369 231 460 258 amavi
483 237 572 260 autem
595 234 770 269 ignominiam
792 235 949 272 (adoxiam)

161 275 243 310 (Eam.
260 284 317 309 xiv,
340 277 405 313 15)?
427 288 435 303 ι
453 279 486 306 Ει
501 283 590 307 tamen
608 280 666 308 hwc
683 286 742 309 erat
760 283 818 318 ipso
833 283 950 318 impera-

160 327 214 349 tore
228 323 376 356 potentior.

195 367 236 394 l9.
264 368 392 404 Episcopi
416 375 507 397 autem
526 370 650 405 Aeacius,
676 372 840 401 Severianus
868 379 948 410 atquc

158 413 335 448 Porphyrius,
354 415 470 450 ejusque
495 418 607 445 asseclm
632 419 678 454 qui
702 427 763 446 cum
797 420 948 456 Theophila

127 453 130 456 ⁴
156 460 361 495 conspirabant,
376 462 447 490 facta
464 463 581 491 coitione
603 464 795 500 imperatorem
810 474 948 495 convene-

155 510 220 533 runt
245 506 395 535 dicentes:
424 519 433 534 ι
457 509 580 543 Domine,
606 511 680 539 salvo
701 514 799 541 summi
824 515 947 549 praesulis

154 552 307 589 privilegio,
323 554 391 588 iube
403 563 454 582 nos
468 561 645 592 congregatos
661 558 694 585 de
710 559 762 586 hoc
776 560 885 595 negotio
900 568 947 587 co-

155 607 299 635 gnoscere,
314 600 386 628 datis
400 602 480 629 nobis
499 603 636 637 iudicibus
651 613 719 639 quos
732 610 777 633 tua
791 607 945 634 veneranda

155 646 283 681 maiestas
298 647 426 675 voluerit.
450 649 516 676 Nam
538 651 665 678 monachi
680 651 718 684 hi,
747 652 793 687 qui
809 653 945 688 supplices

152 691 286 720 adversus
297 694 479 730 Theophilum
491 696 595 724 libellos
608 698 775 730 obtulerunt,
785 698 945 735 Origenistas

152 742 226 771 sunt,
243 744 326 775 atque
341 748 387 768 eos
399 749 492 769 comm
506 743 632 771 omnibus
640 749 748 779 oportet
761 745 919 773 examinari.
931 756 940 771 ι

152 783 230 812 Tunc
244 785 393 821 imperator
409 795 534 817 seorsum
549 789 638 819 ductis
649 790 793 825 episcopis,
807 792 872 819 satis
886 792 943 819 cle-

150 838 258 860 menter
271 833 341 861 dixit
357 843 363 860 :
381 844 390 860 ι
406 834 496 868 Scitis,
506 843 523 863 o
538 836 639 868 Patres,
653 844 696 864 me
708 836 805 873 legisse
818 837 942 873 Origenis

152 877 317 905 Periure/ton
336 886 391 907 non
414 879 474 908 sine
499 880 699 908 admiratione?
729 892 737 907 ι
759 882 793 909 At
819 882 855 909 illi
875 883 942 910 nihil

150 924 353 959 responderunt
378 935 384 952 :
416 927 562 962 statimque
588 934 636 954 eos
660 927 770 960 dimisit,
796 936 942 964 parumper

149 970 308 998 scandalum
323 979 429 1006 passus.
446 972 534 1007 Atque
549 973 584 1000 ita
600 974 706 1006 accidit,
724 979 754 1002 ut
765 974 876 1002 Joannis
891 982 941 1002 ne-

148 1016 251 1051 gotium
263 1016 292 1044 in
306 1016 479 1047 manifestam
489 1019 705 1054 coniurationem
719 1020 941 1048 evaderet.Tunc

149 1061 298 1096 imperator
314 1063 422 1096 anxius,
440 1063 511 1091 circa
532 1063 626 1091 Romte
650 1064 751 1100 legatos
771 1066 938 1098 tristabatur,

147 1115 212 1135 sane
225 1108 337 1143 ignarus
350 1116 419 1143 quas
431 1109 482 1144 ipsi
502 1109 613 1137 insidias
627 1110 700 1145 passi
715 1116 817 1138 essent.
832 1111 940 1139 Mandat

147 1161 211 1189 ergo
226 1154 413 1188 pmsentibus
425 1155 571 1190 episcopis,
590 1160 620 1182 ut
632 1156 785 1192 congregati
801 1164 859 1184 rem
875 1164 939 1191 pro-

147 1199 261 1234 positam
277 1199 446 1232 examiuent,
461 1200 530 1228 datis
544 1200 692 1234 iudicibus.
704 1198 838 1236 Hesychio
845 1209 939 1229 sacro-

147 1252 206 1272 rum
222 1244 414 1280 praetoriorum
438 1244 576 1280 praefecto,
594 1250 621 1273 et
636 1245 785 1281 primorum
800 1252 938 1280 praesexa-

147 1296 235 1319 torum
249 1291 366 1319 ducibus
387 1291 525 1319 Maxentio
540 1299 572 1319 ac
586 1291 712 1324 Diodoro,
729 1299 790 1319 cum
810 1291 938 1327 Aquilino

145 1341 291 1372 quaestore,
308 1342 336 1364 et
349 1337 490 1364 nonnullis
509 1337 640 1372 patriciis.
664 1337 870 1373 Congregantur
885 1338 936 1365 ita-

145 1390 196 1418 que
211 1387 287 1410 extra
307 1383 403 1410 urbem
424 1383 452 1410 in
475 1383 639 1411 monasterio
655 1383 783 1412 Dorothei
796 1384 936 1419 cujusdam

144 1429 364 1456 archimandritas
381 1429 471 1465 magni
488 1437 551 1456 vere
573 1433 600 1457 et
622 1429 729 1463 eximii;
745 1437 862 1466 cumque
887 1431 936 1458 tri-

145 1474 227 1501 bunal
241 1474 276 1502 ab
295 1474 511 1502 archimandrita
522 1479 690 1506 exoraretur,
708 1479 738 1502 ut
754 1476 790 1503 ibi
816 1477 933 1510 sederet,

145 1519 289 1555 locumque
305 1520 468 1551 honoraret,
490 1525 652 1548 recusarunt
673 1521 779 1556 iudices
801 1521 933 1555 dicentes,

144 1565 232 1592 solere
254 1565 371 1600 synodos
395 1565 425 1592 in
445 1565 567 1593 ecclesiis
589 1570 618 1593 et
641 1573 696 1594 non
717 1566 745 1594 in
762 1567 934 1595 monasteriis

144 1612 310 1648 congregari.

178 1669 223 1697 20.
259 1669 405 1705 Aquilinus
425 1675 542 1705 quaestor
566 1671 633 1698 dixit
661 1679 667 1696 ε
694 1681 703 1696 ι
733 1671 805 1699 Editi
833 1671 933 1699 fuimus

144 1714 337 1742 controversia
351 1715 497 1750 cujusdam
512 1715 606 1743 arbitri
619 1724 626 1748 ;
642 1716 690 1744 sed
704 1717 814 1744 ubinam
831 1717 934 1752 episco-

143 1767 239 1794 porum
258 1760 427 1788 multitudo?
450 1761 561 1789 ubinam
583 1762 700 1789 senioris
720 1762 814 1790 Romae
834 1763 933 1798 legati?

143 1804 247 1833 Revera
262 1806 453 1833 demonstrant
464 1814 552 1841 neque
567 1807 697 1835 canonice
710 1815 799 1842 neque
814 1808 933 1844 legitime

143 1849 195 1877 huc
208 1851 381 1882 convenisse,
395 1851 444 1878 sed
460 1859 493 1878 ex
512 1852 639 1879 mandato
652 1852 744 1879 nescio
757 1860 819 1888 quo.
839 1862 848 1878 ι
862 1853 932 1880 Aca-

141 1895 199 1922 cius
209 1895 313 1923 Bermae
327 1896 396 1923 dixit
413 1905 419 1923 :
435 1906 444 1921 ‹
462 1896 648 1924 Sacratissima
670 1897 790 1933 Augusta
804 1899 933 1934 praecepit

142 1940 186 1967 hic
195 1940 253 1968 fieri
263 1941 437 1974 auditorium,
448 1947 559 1977 propter
569 1942 713 1970 discidium
722 1952 784 1971 cum
797 1944 911 1972 Joanne.
919 1955 928 1971 ι

141 1984 267 2018 Quaestor
290 1991 466 2022 exasperatus
480 1987 548 2015 dixit
565 1998 570 2015 :
589 1999 597 2014 (
616 1988 671 2016 Cur
691 1989 781 2017 dicere
803 1990 930 2022 voluisti,

140 2031 290 2067 Augustam
326 2033 467 2061 insolitum
492 2034 557 2068 quid
589 2034 728 2062 voluisse?
760 2035 829 2062 Num
856 2036 930 2063 solus

139 2076 259 2106 Joannes
272 2078 401 2115 Augustae
416 2081 604 2108 conviciatur?
618 2081 674 2109 Cur
688 2089 754 2109 vero
774 2083 929 2118 huiusmodi

139 2125 342 2153 accusationem
359 2126 404 2154 hic
419 2126 476 2154 fieri
496 2135 564 2162 opus
578 2128 639 2155 est?
653 2127 723 2156 Ecce
739 2133 768 2156 tu
788 2129 816 2156 in
835 2129 930 2165 primis

139 2171 313 2199 contumeliae
329 2178 469 2200 auctorem
483 2177 509 2200 te
525 2173 600 2202 facis.
616 2183 625 2199 ›
643 2173 862 2202 Archimandrita
876 2175 928 2203 ait:

144 2225 152 2241 ε
174 2215 244 2244 Vere
259 2217 368 2250 dixisti;
386 2218 444 2253 ipsa
458 2223 548 2246 autem
566 2219 619 2247 hoc
635 2220 814 2248 nihilominus
833 2226 929 2256 postu-

139 2261 212 2291 lavit.
240 2272 249 2288 ι
271 2263 306 2291 At
330 2263 474 2298 Aquilinus
500 2268 627 2300 tanquam
647 2265 715 2293 nihil
738 2266 872 2300 audisset,
892 2267 930 2294 ait

139 2306 274 2342 episcopis
300 2317 306 2335 :
324 2318 334 2333 ‹
360 2308 474 2344 Oportet
490 2309 544 2337 huc
564 2310 659 2338 adesse
678 2310 820 2341 Joannem.
841 2316 870 2339 ut
896 2320 929 2340 eo

139 2358 273 2387 prasente
296 2359 351 2382 tota
368 2355 482 2390 quaestio
497 2356 652 2384 ventiletur.
671 2366 680 2382 I
696 2357 757 2385 Mox
777 2357 930 2393 significant

138 2398 234 2426 Joanni
249 2407 300 2435 per
315 2400 383 2429 duos
398 2401 526 2434 clericos,
549 2402 595 2437 qui
610 2402 644 2430 ab
669 2403 728 2438 ipso
743 2403 856 2431 ecclesia
872 2403 928 2431 fue-

137 2449 198 2472 rant
210 2446 302 2481 eiecti,
323 2451 354 2474 ut
376 2447 411 2474 ad
429 2448 585 2483 synedrium
609 2449 729 2476 accedat.
755 2449 790 2477 At
808 2449 928 2478 Joannes

136 2489 175 2518 sic
189 2491 229 2519 eis
244 2493 386 2527 respondit
403 2503 409 2520 :
429 2503 438 2519 ‹
457 2493 516 2530 Non
532 2494 664 2522 canonico
687 2499 782 2523 tenore
807 2495 925 2528 utimini,

136 2539 180 2572 qui
195 2546 238 2566 me
255 2547 304 2575 per
318 2540 444 2568 inimicos
457 2541 581 2569 homines
595 2541 745 2576 appellatis,
778 2547 807 2570 ut
823 2542 925 2570 inimici

136 2583 167 2611 ad
183 2583 307 2613 inimicos
319 2586 497 2621 iudicandum
506 2587 650 2614 deducant.
664 2597 673 2612 ι
682 2587 843 2615 lienuerunt
853 2588 926 2615 simi-

136 2629 196 2658 liter
209 2633 257 2667 qui
279 2634 390 2661 stabant
407 2641 457 2668 pro
470 2634 574 2661 Joanne
587 2634 706 2669 episcopi
721 2638 814 2662 contra
833 2634 924 2662 Theo-

133 2676 248 2711 philum,
264 2678 389 2705 dicentes
405 2687 411 2704 :
432 2688 440 2704 ε
459 2679 540 2706 Extra
561 2686 663 2706 morem
679 2683 731 2710 est,
757 2684 786 2706 ut
805 2679 924 2706 Ecclesia

133 2727 232 2756 praeter
247 2731 366 2751 canones
382 2724 554 2757 dissolvatur,
571 2732 651 2759 quam
669 2724 800 2751 Dominus
813 2723 923 2759 proprio

134 2768 262 2804 sanguine
281 2769 436 2804 acquisivit.
454 2769 581 2805 Oportuit
595 2777 659 2805 ergo
675 2774 701 2797 te
720 2770 810 2804 potius
828 2769 922 2796 venire

133 2812 164 2839 ad
178 2822 228 2841 nos
240 2814 267 2842 in
289 2815 388 2842 urhcm
405 2815 484 2850 iustis
504 2816 608 2851 legibus
625 2815 850 2846 administratam,
867 2822 924 2841 non

569 175 611 202 DE
634 175 712 203 \‘lTA
735 176 778 204 ET
799 177 933 205 EXSILIO
954 179 982 206 S.
1001 179 1146 209 JOANNIS
1165 182 1420 212 CHRYSOSTOMI.

1712 196 1792 217 LXXIV

1001 244 1093 268 autem
1105 249 1217 269 evocare
1232 242 1305 270 foras
1317 243 1439 277 Abelem,
1455 250 1483 272 ut
1497 245 1564 272 Cain
1577 245 1650 273 fecit.
1665 246 1704 274 Tu
1718 249 1792 276 cnim

1002 292 1034 312 cx
1052 285 1133 313 unica
1146 287 1266 323 regione,
1279 296 1330 316 nos
1345 297 1377 316 ex
1392 289 1484 317 multis
1502 292 1688 325 provcnimus,
1705 298 1732 320 ct
1752 302 1781 321 se

1001 335 1074 365 ptem
1083 338 1164 367 supra
1175 334 1351 370 quadraginta
1361 337 1540 371 metropolit:e
1547 345 1656 371 sumus;
1667 347 1791 375 aequum-

1000 385 1053 412 que
1068 384 1110 406 est
1131 384 1161 407 ut
1185 381 1326 415 pauciores
1347 390 1362 409 a
1386 382 1509 417 pluribus
1523 389 1551 411 et
1574 385 1679 414 diversa
1704 388 1789 423 patria

1000 423 1077 456 ortis,
1092 425 1259 459 iudicentur.
1281 426 1348 459 Quae
1368 428 1389 455 si
1405 427 1524 463 ignoras,
1541 438 1614 457 nunc
1629 431 1713 461 disce.
1742 432 1788 463 Sin

1000 471 1138 505 tyrannice
1151 472 1218 507 agis,
1231 472 1299 500 nihil
1310 473 1358 500 tibi
1370 474 1499 510 proderit,
1516 480 1562 502 aut
1575 481 1627 504 tuae
1639 479 1789 512 tyrannidis

1000 516 1093 549 sociis,
1110 518 1236 546 Satanica
1258 519 1395 546 violentia.
1419 530 1428 545 ›
1446 520 1571 548 Attamen
1586 523 1727 557 Aquilinus
1750 525 1788 552 sic

997 561 1095 592 Joanni
1122 563 1257 592 intimavit
1275 574 1280 591 :
1303 576 1311 591 ι
1338 566 1396 593 Nisi
1414 567 1468 594 huc
1492 567 1573 601 adsis,
1594 573 1624 596 ut
1646 570 1787 598 ambarum

997 609 1114 643 partium
1130 610 1212 638 verba
1228 611 1379 645 audiamus,
1403 617 1531 648 tanquam
1554 614 1648 649 iudicii
1663 616 1788 644 deserto-

997 660 1053 680 rem
1070 659 1095 681 te
1111 654 1151 682 lex
1168 656 1341 685 condemnat.
1359 657 1436 690 Quod
1453 659 1474 686 si
1491 659 1589 692 adcris,
1609 669 1721 696 prorsus
1735 670 1787 690 no-

996 704 1082 726 strum
1106 701 1240 736 judicium
1265 710 1322 735 cos,
1351 705 1396 740 qui
1419 705 1489 734 male
1510 706 1536 734 id
1565 710 1784 744 provocaverint,

995 752 1148 781 coargucta

1029 792 1073 819 2i.
1088 792 1158 828 Ergo
1175 794 1285 823 advertit
1299 796 1417 824 Joannes
1434 799 1516 826 multa
1533 808 1593 827 cum
1610 802 1697 829 turba.
1715 802 1783 830 Tum

992 844 1136 879 iusserunt
1148 846 1255 881 iudices
1269 854 1298 876 ut
1314 849 1457 886 Theophili
1476 853 1589 881 comites
1602 859 1677 882 extra
1699 855 1783 890 pelle-

995 902 1100 931 rentur,
1126 903 1153 926 et
1168 900 1204 927 illi
1218 901 1330 930 Joannis
1343 911 1397 931 non
1419 904 1626 939 ingrederentur
1650 912 1783 943 :uterque

992 954 1082 976 autent
1096 951 1216 987 quinque
1228 953 1370 990 episcopos
1382 963 1475 983 secum
1492 957 1613 985 haberet.
1629 959 1661 986 Et
1673 960 1780 995 sapien-

994 997 1115 1027 tissxmus
1138 1000 1284 1035 Aquilinus
1306 1010 1367 1030 cum
1394 1004 1498 1039 reliquo
1525 1006 1656 1034 tribunali
1683 1007 1749 1035 dixit
1774 1018 1779 1035 :

995 1055 1004 1071 ‹
1019 1046 1208 1083 lngrediantur
1223 1052 1360 1085 monachi,
1373 1054 1418 1088 qui
1434 1053 1538 1082 libellos
1550 1056 1687 1091 supplices
1702 1056 1781 1084 exhi-

993 1097 1056 1125 bere
1073 1097 1175 1125 volunt.
1187 1107 1196 1124 ι
1207 1098 1237 1125 Hi
1245 1107 1308 1126 vero
1317 1099 1432 1135 ingressi
1442 1103 1699 1137 suntcumduohus,
1708 1113 1777 1141 quos

991 1142 1109 1171 Joannes
1127 1146 1303 1179 presbyteros
1325 1146 1498 1174 ordinaverat
1516 1158 1522 1175 :
1545 1156 1614 1184 quos
1631 1150 1776 1186 Aquilinus

990 1193 1110 1224 questor
1123 1190 1269 1224 aspiciens,
1289 1195 1315 1218 et
1327 1196 1436 1221 sanctos
1453 1193 1576 1222 homines
1596 1203 1657 1223 esse
1673 1198 1773 1229 sciens,

990 1236 1028 1262 ait
1039 1234 1209 1270 Theophila:
1226 1246 1235 1262 ‹
1251 1236 1272 1265 0
1292 1238 1421 1272 praeclare
1431 1239 1568 1275 episcope,
1589 1249 1713 1276 quamam
1726 1243 1775 1271 fuit

989 1294 1080 1320 causa,
1091 1292 1138 1315 aut
1152 1296 1212 1323 quae
1229 1289 1298 1318 ratio
1315 1290 1362 1318 tibi
1377 1294 1472 1325 suasit,
1490 1298 1520 1321 ut
1534 1293 1648 1328 sumptis
1656 1293 1780 1321 militari-

988 1334 1039 1362 bus
1061 1335 1144 1363 armis
1164 1341 1259 1364 contra
1275 1339 1325 1366 hos
1349 1341 1497 1368 monachos
1513 1341 1643 1377 impetum
1662 1342 1777 1376 faceres,

987 1390 1088 1418 eosque
1097 1384 1238 1419 spoliares,
1248 1386 1353 1415 baculis
1366 1388 1534 1422 verberares,
1546 1395 1574 1417 et
1583 1391 1778 1419 exterminare:

988 1442 1041 1461 una
1056 1443 1118 1463 cum
1133 1436 1237 1464 Isidoro
1252 1439 1410 1475 presbytero
1425 1449 1488 1468 vere
1503 1442 1614 1476 celebri,
1631 1442 1678 1471 Dei
1698 1444 1777 1472 timo-

987 1495 1044 1516 rem
1074 1494 1103 1516 et
1132 1490 1304 1519 dominorum
1330 1500 1437 1529 semper
1453 1495 1600 1523 timendam
1630 1497 1776 1526 vindictam

987 1542 1187 1569 contemnens?
1207 1552 1216 1568 ι
1239 1544 1280 1571 Ad
1302 1545 1360 1572 iniec
1377 1545 1545 1582 Theophilus
1563 1558 1570 1575 :
1597 1558 1605 1574 ι
1633 1549 1774 1585 Tanquam

986 1594 1130 1623 haereticos
1144 1600 1172 1623 et
1187 1596 1326 1625 dicecesim
1342 1606 1429 1626 meam
1445 1600 1643 1634 subvertentes,
1663 1602 1698 1629 ita
1720 1607 1775 1630 tra—

984 1643 1066 1671 ctavi.
1080 1652 1088 1668 »
1102 1643 1227 1677 Quaestor
1239 1645 1305 1673 dixit
1317 1655 1323 1672 :
1341 1656 1350 1671 ‹
1360 1646 1419 1675 Non
1432 1645 1555 1683 cogitasti
1566 1649 1647 1678 illud:
1661 1651 1774 1679 "tereti-

984 1703 1044 1722 cum
1058 1696 1188 1723 hominem
1201 1703 1258 1732 post
1270 1706 1350 1726 unum
1366 1704 1390 1727 et
1414 1700 1527 1729 alteram
1542 1704 1710 1732 monilionem
1729 1706 1774 1733 de—

984 1751 1038 1778 vita
1053 1750 1114 1786 (Tit.
1131 1752 1157 1784 5,
1175 1752 1238 1786 10);
1255 1760 1309 1780 non
1320 1758 1411 1781 autem
1427 1755 1582 1790 huiusmodi
1596 1757 1718 1787 cladibus
1732 1764 1774 1789 at-

984 1810 1037 1838 que
1057 1804 1220 1832 omnimodis
1234 1806 1311 1834 malis
1329 1807 1438 1835 obrue?
1455 1799 1467 1833 Δι
1489 1809 1656 1845 Theophilus
1676 1813 1772 1841 obmu-

985 1855 1045 1883 tuit.
1063 1856 1165 1884 Deinde
1180 1859 1322 1887 monachis
1338 1859 1408 1887 idem
1424 1866 1542 1896 quaestor
1557 1863 1594 1890 ait
1610 1873 1616 1890 :
1638 1873 1647 1889 ‹
1668 1864 1718 1897 Qui
1735 1871 1774 1894 tot

984 1917 1088 1945 pugnas
1103 1910 1258 1939 daemonum
1280 1914 1385 1948 experti
1399 1914 1474 1948 estis,
1492 1924 1565 1944 nunc
1580 1918 1717 1952 patientiae
1731 1920 1772 1947 vi-

983 1969 1075 1998 gorem
1089 1963 1233 1991 amisistis?
1255 1974 1264 1990 i
1282 1965 1321 1992 Illi
1336 1967 1535 2001 responderunt
1550 1978 1556 1995 :
1575 1979 1584 1994 ι
1601 1969 1772 1999 lntoleranda

983 2016 1024 2043 vis
1038 2023 1053 2043 a
1067 2017 1157 2052 priore
1169 2026 1246 2046 more
1256 2018 1392 2047 declinare
1407 2028 1456 2048 nos
1470 2022 1599 2056 compulit
1611 2031 1619 2056 ;
1632 2023 1689 2058 iam
1699 2024 1771 2052 enim

982 2077 998 2096 a
1014 2069 1191 2106 quadraginta
1215 2071 1293 2100 annis
1308 2072 1335 2100 in
1353 2081 1385 2100 eo
1408 2073 1562 2102 habitaculo
1584 2076 1769 2105 versabantur.

982 2121 1096 2158 insuper
1113 2128 1140 2151 et
1154 2124 1244 2160 inclyti
1258 2124 1350 2153 Patres
1368 2126 1464 2155 Petrus
1476 2135 1508 2155 ac
1521 2128 1690 2162 Timotheus,
1709 2138 1770 2157 cum

980 2185 1031 2205 nos
1049 2177 1216 2212 invisissent,
1235 2184 1263 2207 et
1276 2179 1378 2214 aliquot
1389 2180 1423 2207 de
1439 2180 1540 2208 nostris
1555 2188 1635 2215 quam
1651 2182 1773 2209 aestima-

982 2229 1051 2258 biles
1064 2236 1156 2259 essent
1168 2232 1351 2267 agnovissent,
1369 2232 1525 2260 nullatenus
1539 2233 1768 2261 nobis.adversati

980 2288 1055 2316 sunt,
1073 2284 1122 2312 sed
1132 2288 1159 2311 et
1169 2289 1276 2312 nostras
1290 2292 1384 2320 preces
1400 2284 1581 2318 ambiverunt,
1599 2293 1702 2320 nosque
1718 2286 1768 2314 ho-

979 2341 1110 2365 norantes
1123 2341 1150 2365 et
1165 2337 1367 2369 confirmantes,
1390 2346 1451 2365 mox
1476 2338 1597 2374 epistolis
1618 2339 1675 2366 suis
1690 2347 1767 2375 roga-

978 2393 1052 2422 runt,
1069 2393 1098 2416 nt
1110 2390 1138 2416 in
1148 2390 1275 2425 precibus
1287 2398 1422 2419 memores
1433 2390 1541 2418 illorum
1551 2399 1612 2419 esse
1625 2392 1765 2421 vellemus.

978 2441 1072 2477 Itaque
1085 2443 1142 2470 sive
1152 2442 1223 2477 quod
1235 2443 1492 2476 verberalifuimus,
1503 2443 1559 2472 sive
1567 2444 1639 2479 quod
1652 2446 1765 2480 expulsi,
1785 2461 1786 2466 η

978 2494 1004 2521 id
1025 2502 1106 2522 omne
1127 2495 1183 2522 Deo
1197 2495 1378 2528 dimittimus;
1394 2504 1480 2523 unum
1499 2497 1626 2532 petimus,
1644 2502 1673 2525 ut
1689 2499 1767 2526 nobis

978 2548 1162 2576 habitaculum
1178 2552 1301 2576 nostrum
1312 2549 1449 2582 reddatur,
1467 2555 1496 2577 ut
1512 2550 1564 2578 illic
1581 2551 1614 2578 ad
1630 2551 1767 2586 preniten-

977 2601 1040 2628 tiam
1056 2602 1191 2636 agendam
1202 2606 1309 2629 nosmet
1324 2601 1495 2637 recipiamus.
1519 2611 1527 2628 ι
1543 2603 1648 2631 Excelsi
1666 2608 1765 2638 prauo-

977 2663 1020 2682 res
1037 2663 1090 2681 una
1105 2662 1167 2681 cum
1191 2653 1317 2689 Aquilino
1343 2655 1470 2682 dixerunt
1493 2664 1498 2681 :
1523 2665 1532 2680 ι
1563 2656 1634 2683 Bene
1659 2655 1764 2687 facitis;

976 2706 1106 2742 scriptum
1122 2710 1163 2733 est
1185 2706 1258 2734 enim
1276 2716 1281 2733 :
1297 2707 1360 2739 Qui:
1383 2715 1428 2734 nos
1448 2707 1580 2742 separabit
1601 2717 1617 2734 (ι
1637 2708 1765 2735 charilala

977 2757 1073 2785 Christi
1096 2757 1181 2791 (Rom.
1204 2757 1230 2789 8,
1247 2757 1499 2793 55)?Quamobrem
1519 2763 1592 2786 recte
1604 2759 1762 2792 sentientes,

976 2811 1008 2837 ad
1037 2810 1179 2837 stationem
1204 2815 1321 2839 vestram
1344 2811 1515 2839 laudabiliter
1535 2812 1722 2840 revertemini.
1751 2819 1761 2838 ν

165 2894 199 2929 (ὑ)
224 2895 363 2922 Palladius
382 2895 408 2921 in
427 2894 544 2930 ὒὶηῐυῃο.
560 2895 639 2923 infra.
663 2894 726 2921 dicit
744 2903 775 2922 XL
800 2895 951 2930 rpiscopos,
971 2903 1085 2931 quorum
1102 2903 1136 2922 vn
1155 2896 1342 2932 metropolitge.
