2052 3113
126 137 217 160 tum

125 189 310 222 Miserumque
320 194 369 214 eos
377 188 411 216 ad
422 188 620 222 imperatorem,
633 185 703 214 facta
717 185 756 213 rei
767 184 915 212 relatione:

125 242 170 276 qui
189 240 258 268 boni
280 239 442 271 consulens,
466 238 675 273 scandalumque
694 237 749 273 jam
769 237 915 269 omittens,

126 294 196 322 dona
211 293 246 320 iis
260 293 382 320 tribuere
393 292 488 324 voluit,
505 299 566 326 quae
583 298 638 318 non
651 290 831 318 admiserunt.
847 289 918 317 Scri-

124 345 178 381 psit
192 345 306 380 insuper
315 343 425 380 Egypti
440 342 578 379 praefecto,
594 345 625 370 ut
638 342 746 369 illorum
760 341 842 369 cellas
855 341 917 370 aedi-

124 396 225 428 ﬁcaret,
241 396 398 423 necessaria
413 394 609 430 suppeditaret,
625 398 653 421 et
665 398 696 421 ut
705 393 790 429 quieti
808 393 916 421 habita-

124 453 193 476 rent.
208 448 286 476 ldem
299 448 421 483 Augusta
435 455 544 482 quoque
558 446 706 474 mandavit.

155 499 200 526 22.
217 498 289 526 Tum
305 498 450 534 Aquilinus
466 503 584 533 quaestor
601 497 699 525 Joanni
714 497 801 525 dixit:
830 506 843 523 ιι
857 496 918 524 Non

120 551 220 579 audisti
238 551 290 578 hoc
300 551 443 586 praedicari
458 551 560 578 :Deum
575 551 672 583 timete,
691 558 780 585 regem
791 550 918 576 honorate

122 602 146 639 (Ι
158 603 233 631 Patr.
249 603 277 630 2.
296 603 341 638 t7)
351 603 363 629 ’ἓ
374 603 504 635 Quaenam
520 602 602 638 igitur
615 605 643 629 te
659 609 740 629 causa
757 601 873 636 impulit,
888 605 918 628 ut

119 656 147 683 in
164 656 325 691 religiosam
351 655 500 691 Augustam
523 658 665 690 tantopere
693 654 882 681 invehereris?
904 663 913 679 ι

119 707 197 735 Tunc
223 711 371 743 surgentes
387 707 551 735 Severianus
574 706 674 741 aliique
700 706 886 733 clamaverunt
907 715 913 732 :

122 760 271 796 uAugustm
276 761 377 788 multos
383 768 480 793 annos,
487 760 639 788 etinimicis
645 761 668 796 ej
673 760 882 787 usProconesus
890 760 896 785 l
905 769 914 784 ι

117 812 267 847 Aquiliuus
281 820 345 840 cum
362 812 467 839 caeteris
482 811 549 839 dixit
565 820 572 838 :
591 821 600 837 ‹
616 811 735 839 Decetne
746 818 804 843 νος,
817 810 918 838 omisso

118 872 193 893 more
206 864 384 897 sacerdotali,
400 864 499 892 laicum
521 871 670 896 assumere,
689 866 717 890 et
735 862 812 890 laicis
829 862 918 890 excla-

117 917 291 946 mationibus
310 916 369 943 uti?
388 925 401 941 ι
421 915 525 942 Tamen
546 922 582 942 ne
599 914 638 942 sic
658 914 769 950 quidem
793 915 921 950 quiesce-

117 970 191 997 bant.
220 968 398 1004 Theophilus
416 967 485 995 dixit
509 977 515 995 :
537 976 546 993 α
564 966 684 1002 Supplex
702 973 766 998 oro,
782 965 918 1001 quomodo

119 1022 162 1049 hic
182 1028 231 1049 me
255 1020 430 1056 deposuerit,
453 1020 523 1047 scire
548 1019 646 1050 velim,
674 1023 702 1046 et
727 1025 776 1045 cur
795 1018 919 1045 inimicos

118 1080 204 1105 meos,
237 1072 287 1106 qui
313 1075 380 1099 sunt
396 1070 528 1103 haeretici,
557 1069 708 1097 sacerdotio
733 1068 887 1096 ornaverit?
906 1077 915 1092 ι

118 1124 249 1157 Quaestor
265 1123 335 1151 dixit
352 1131 359 1148 :
378 1132 388 1148 ‹
406 1121 581 1156 Nequaquam
601 1121 646 1148 hic
661 1124 688 1148 te
712 1120 854 1155 deposuit,
871 1118 922 1146 sed

119 1175 310 1210 apostolorum
327 1173 462 1209 Princeps
485 1181 546 1201 cum
568 1180 666 1208 magno
688 1172 857 1199 Innocentio.
881 1171 919 1199 De

119 1228 257 1256 ordinatis
272 1232 366 1255 autem
380 1235 430 1255 cur
448 1226 579 1262 quereris,
596 1233 659 1253 cum
674 1229 703 1252 tu
720 1225 778 1260 ipse
793 1225 822 1252 in
837 1232 916 1252 accu-

121 1282 227 1309 satione
243 1281 383 1309 verseris?
401 1289 410 1306 ι
429 1279 523 1307 Denuo
544 1278 714 1313 Theophilus
730 1280 806 1304 metu
820 1276 919 1304 obmu-

122 1334 184 1362 tuit.
207 1333 317 1361 Deinde
337 1333 432 1360 dicunt
456 1331 554 1358 Joanni
572 1339 579 1357 :
601 1340 610 1356 ε
639 1330 721 1357 Decet
749 1333 775 1356 te
805 1328 922 1364 objectis

122 1385 294 1420 respondere
316 1392 349 1412 ac
368 1384 565 1415 demonstrare,
587 1389 668 1417 quam
686 1382 722 1409 ob
745 1389 856 1409 causam
879 1384 921 1408 tot

123 1442 264 1472 tantaeque
289 1440 383 1464 contra
405 1434 625 1471 gloriosissimam
647 1433 796 1469 Augustam
819 1441 851 1460 ex
872 1440 919 1460 ore

124 1495 173 1515 tuo
193 1486 368 1515 contumeliae
381 1486 534 1513 sonuerint.
553 1494 562 1510 ι
579 1484 698 1513 Joannes
722 1492 787 1512 vero
802 1483 890 1520 inquit
911 1492 917 1510 :

127 1550 136 1566 ι
155 1541 293 1576 Equidem
310 1540 333 1567 si
352 1539 483 1567 adversus
506 1538 650 1566 Dominum
669 1545 760 1565 meum
780 1536 919 1565 Christum

125 1592 199 1620 male
212 1591 315 1627 aliquid
329 1591 397 1624 dixi,
412 1591 470 1626 ipse
493 1595 580 1618 semet
602 1590 758 1618 vindicabit.
778 1589 878 1617 Verum
895 1588 920 1616 si

125 1645 160 1672 de
175 1645 302 1676 homine,
314 1644 505 1679 prrecipueque
519 1643 542 1671 si
553 1643 587 1671 de
597 1643 696 1670 femina
709 1642 807 1678 agitur,
820 1649 870 1678 ego
885 1641 922 1669 de

126 1699 181 1725 hac
193 1705 223 1725 re
237 1698 320 1725 verba
331 1704 387 1724 non
401 1696 509 1723 faciam.
526 1704 534 1720 I
553 1694 780 1730 Consurgcnsque
794 1700 920 1729 egressus

126 1752 180 1781 est,
201 1749 276 1776 nulla
292 1748 363 1776 dicta
385 1746 555 1775 defensione.
576 1746 719 1780 Aquilinus
737 1748 857 1780 quastor
878 1743 922 1772 di-

127 1800 168 1828 xit
185 1809 192 1827 :
213 1809 223 1825 Ι
243 1800 300 1835 Ego
313 1806 434 1826 canones
448 1805 502 1825 non
520 1797 590 1833 legi;
606 1804 656 1824 vos
667 1796 756 1824 videte
773 1796 837 1831 quid
859 1804 920 1831 erga

128 1854 204 1881 hunc
221 1852 357 1888 agendum
373 1851 419 1878 sit.
440 1859 449 1875 ι
469 1850 620 1885 Statimque
638 1853 833 1884 consurgentes
849 1848 922 1884 judi-

128 1913 176 1933 ces
189 1904 324 1932 exierunt.

165 1957 211 1984 25.
228 1957 325 1985 Postea
345 1956 500 1984 deliberans
518 1962 582 1983 cum
595 1955 652 1983 suis
670 1955 853 1990 Theophilus,
865 1954 923 1982 ior-

130 2009 233 2036 mulam
248 2008 391 2036 sententiae
410 2007 562 2042 composuit
577 2011 706 2042 tanquam
721 2015 737 2035 a
753 2007 845 2035 multis
862 2006 925 2041 epi-

130 2061 221 2096 scopis
234 2060 315 2088 facta:
324 2080 331 2093 ,
346 2065 374 2087 et
388 2059 544 2094 imperatori
558 2060 665 2087 obtulit.
680 2059 730 2087 Hic
744 2063 837 2087 autem
849 2059 924 2094 judi-

130 2113 203 2140 cium
215 2113 244 2141 in
265 2113 326 2140 illos
339 2112 468 2147 rejiciens
482 2112 540 2139 ait:
559 2121 572 2138 ο
587 2112 687 2140 Judicii
702 2112 784 2140 vestri
804 2119 848 2140 res
869 2116 921 2144 est,

131 2171 212 2201 prout
227 2165 390 2197 censuistis;
407 2172 456 2192 vos
470 2163 605 2192 videbitis.
624 2173 632 2190 ι
647 2164 716 2192 Tum
730 2164 828 2192 Joanni
844 2165 924 2201 signi-

133 2218 214 2245 ﬁcant
227 2225 279 2252 per
293 2217 454 2249 Marianum,
470 2216 516 2251 qui
536 2221 595 2244 erat
614 2216 685 2251 apud
703 2216 852 2252 Augustam
873 2217 924 2244 do-

134 2277 194 2297 mus
205 2269 361 2305 praiectus.
386 2273 415 2297 et
430 2277 479 2305 per
493 2269 552 2296 illos
572 2277 588 2296 a
605 2268 709 2296 Joanne
726 2269 828 2304 ejectos
842 2270 924 2298 cleri-

134 2330 189 2356 cos,
203 2327 234 2350 ut
250 2322 285 2350 de
302 2321 419 2350 ecclesia
435 2321 557 2349 decedat.
572 2321 608 2350 At
625 2321 669 2349 ille
694 2321 734 2350 sic
751 2323 890 2358 respondit
915 2330 923 2350 :

137 2384 147 2400 α
165 2374 220 2410 Ego
234 2382 250 2402 a
263 2374 375 2402 Christo
391 2373 530 2402 Salvatore
544 2374 693 2402 Ecclesiam
710 2375 817 2410 accepi,
835 2383 924 2411 neque

136 2433 233 2463 sponte
250 2427 362 2462 propria
379 2427 510 2459 discedo.
527 2427 579 2455 nisi
598 2435 642 2455 me.
659 2427 686 2455 vi
705 2428 863 2463 expelletis;
894 2432 926 2456 ut

136 2478 260 2506 videlicet
271 2478 324 2505 hac
337 2477 449 2505 omnino
458 2477 614 2506 defensione
628 2483 699 2509 utar.
709 2479 781 2513 quod
791 2487 871 2514 quam
884 2487 927 2507 ec-

137 2528 245 2556 clesiam
266 2528 336 2556 mihi
354 2527 478 2556 Christus
493 2529 642 2561 commisit,
659 2537 718 2557 earn
737 2530 805 2558 mihi
827 2531 925 2558 mulier

137 2581 245 2617 eripuit.
267 2591 276 2606 ι
294 2581 372 2608 Tunc
385 2580 522 2608 Marianus
535 2581 560 2608 vi
575 2586 728 2618 correptum
748 2582 862 2610 ecclesia
877 2590 926 2610 ex-

138 2693 217 2724 prout
238 2692 270 2724 et
300 2688 435 2724 Dominus
451 2687 641 2724 Jesusrcoram
668 2688 770 2724 Caipha
785 2697 817 2717 ac
840 2690 928 2718 Pilato

138 2723 191 2765 egit
207 2723 302 2765 (Marc.
328 2723 373 2765 14τ
449 2731 457 2765 ξ
477 2723 520 2755 15,
535 2723 580 2758 5);
594 2723 771 2765 nequenenim
785 2725 927 2765 subornati

139 2758 178 2785 vel
212 2758 285 2793 regia
311 2758 474 2785 auctoritate
501 2758 624 2793 oppressi
643 2758 747 2792 judices
776 2760 927 2795 apologiam

137 2793 285 2831 quamlibet
298 2791 578 2831 facileadmisissent.
892 2795 896 2798 '

172 2828 208 2862 (ὁ)
227 2827 297 2855 Cod.
311 2827 454 2854 τυποῡσιν.

510 127 556 156 DE
571 127 650 156 VITA
670 127 716 156 ET
735 125 874 156 EXSILIO
895 125 925 153 S.
943 123 1087 156 JOANMS
1106 127 1361 159 CHRYSOSTOMI.

1658 139 1760 164 ιχῐνίιι

971 185 1059 219 pulit;
1079 186 1224 223 statimque
1239 187 1300 216 loco
1317 189 1377 224 ejus
1397 188 1538 218 Arsaeium
1553 189 1690 218 ordinant.
1706 190 1763 222 Nec

971 239 1057 266 multo
1078 244 1156 274 post,
1172 245 1283 276 propter
1302 241 1403 277 injuste
1418 246 1557 277 patratum
1570 242 1703 272 adversus
1717 244 1763 281 ju-

971 296 1044 319 stum
1059 291 1198 320 hominem
1221 294 1309 321 scelus
1320 314 1327 326 ,
1350 294 1420 329 ignis
1438 294 1507 322 casio
1527 294 1655 331 delapsus
1671 297 1761 326 eccle-

971 342 1038 370 siam
1062 345 1256 378 concremavit,
1285 345 1332 373 ubi
1360 351 1439 374 antea
1469 346 1612 383 episcopus
1641 348 1773 378 Joannes

971 397 1113 429 manebat;
1129 401 1156 425 et
1169 406 1231 425 mox
1247 398 1357 426 dilatata
1376 398 1486 427 ﬂamma
1498 400 1573 429 aedes
1587 401 1686 433 multas
1703 410 1762 431 aln-

970 447 1068 476 bussit.
1083 449 1234 485 Statimque
1248 451 1345 479 civitas
1358 451 1499 481 Arsacium
1518 454 1636 489 expulit,
1654 458 1691 488 et,
1707 453 1765 483 im-

971 503 1095 534 pcratore
1112 506 1260 535 annuente,
1274 502 1406 531 Joannem
1430 505 1545 532 reduxit.
1569 504 1696 534 Sedenim
1711 506 1765 534 de-

971 559 1025 579 nuo
1044 552 1231 587 conspirantes
1245 562 1306 582 cum
1327 555 1478 591 Theophila
1492 557 1613 592 episcopi
1627 557 1764 588 Joannem

971 604 1106 632 criminati
1128 610 1193 634 sunt
1207 606 1328 635 dicentes
1347 617 1352 634 :
1372 618 1381 634 ε
1408 608 1474 641 Nos,
1490 617 1507 637 ο
1522 610 1678 645 imperator,
1695 619 1762 640 sen-

971 657 1083 684 tentiam
1104 659 1282 695 protulimus,
1303 668 1385 695 quam
1406 662 1518 697 exsequi
1544 670 1657 691 necesse
1681 668 1725 692 est
1752 674 1760 692 :

971 716 1087 745 namque
1112 714 1140 737 et
1164 711 1306 739 ecclesiam
1333 718 1395 747 post
1419 714 1615 749 depositionem
1636 716 1698 752 ipse
1717 717 1760 744 in-

970 761 1127 790 ﬂammavit.
1146 771 1157 787 ι
1171 762 1384 792 Concitaverunt
1394 766 1484 801 itaque
1497 767 1660 803 Augustum,
1674 769 1765 797 multa.

971 822 1077 849 quoque
1107 815 1157 842 alia
1184 821 1278 844 contra
1303 817 1436 846 Joannem
1460 819 1647 855 obloquentes.
1670 821 1762 854 Quare

969 866 1107 902 Augustus
1121 868 1206 896 dixit:
1231 879 1241 895 ‹
1258 870 1314 905 Ego
1329 871 1425 905 judicii
1441 872 1522 907 hujus
1537 872 1669 900 immunis
1681 881 1760 908 sum;

971 927 1020 947 vos
1033 920 1173 954 videbitis;
1184 921 1317 956 judicium
1330 927 1450 951 vestrum
1465 928 1507 951 est
1523 934 1530 952 :
1543 925 1676 960 judicium
1689 927 1762 962 quod

971 970 1005 999 de
1022 978 1055 998 eo
1067 970 1171 1004 feretis,
1185 972 1212 998 in
1226 972 1315 1007 capita
1329 977 1416 1001 vestra
1432 974 1504 1002 Deus
1518 979 1668 1004 convertet.
1690 986 1700 1002 ι
1717 977 1762 1005 Si-

971 1020 1109 1056 gniﬁcavit
1126 1026 1218 1049 autem
1238 1022 1336 1050 Joanni
1360 1024 1508 1059 imperator
1526 1026 1566 1053 sic
1593 1035 1600 1053 :
1629 1037 1641 1053 ‹
1667 1027 1760 1056 ῦωῑιις

971 1073 1105 1101 dictorum
1120 1074 1290 1102 sacerdotum
1304 1076 1436 1111 judicium
1450 1077 1484 1104 de
1499 1081 1526 1104 te
1543 1077 1626 1106 latum
1639 1078 1667 1106 in
1680 1084 1761 1115 caput

972 1133 1051 1152 suum
1067 1125 1213 1160 sponsione
1223 1132 1395 1162 receperunt.
1411 1128 1482 1164 Ergo
1491 1137 1536 1157 res
1552 1133 1614 1157 tuas
1623 1129 1761 1159 Deo-com-

973 1178 1113 1210 mendans,
1129 1178 1164 1206 de
1178 1179 1292 1206 ecclesia
1308 1180 1457 1216 digredere.
1479 1190 1489 1207 ι

1007 1230 1051 1257 24.
1080 1230 1133 1257 Per
1159 1238 1208 1258 eos
1233 1230 1292 1258 dies
1320 1239 1435 1268 magnus
1461 1240 1570 1268 quoque
1594 1233 1766 1269 Epiphanius

972 1283 1137 1311 Constantia
1148 1283 1253 1320 Cypriae
1263 1284 1408 1319 episcopus
1421 1284 1655 1321 Constantinopoli
1668 1295 1762 1315 versa-

973 1337 1052 1364 batur
1067 1345 1072 1363 :
1090 1344 1171 1371 quem
1188 1336 1221 1363 ad
1236 1344 1265 1364 se
1282 1337 1539 1365 vocatumEudoxia
1554 1338 1593 1365 sic
1604 1337 1685 1366 atrata
1698 1343 1739 1367 est
1753 1348 1761 1367 :

976 1398 986 1414 ‹
1003 1388 1084 1415 Pater
1099 1387 1249 1414 reverende
1259 1407 1266 1418 ,
1282 1387 1402 1415 Joannes
1416 1388 1561 1416 lmreticus
1582 1394 1638 1422 est,
1656 1391 1763 1421 cuncti-

972 1448 1025 1475 que
1040 1439 1134 1467 exsilio
1144 1440 1203 1475 ejus
1217 1440 1406 1472 subseribunt;
1423 1441 1520 1476 agesis,
1535 1445 1564 1468 tu
1576 1450 1684 1476 quoque
1699 1443 1764 1471 sub-

973 1492 1070 1520 scribe.
1087 1502 1096 1517 »
1111 1492 1157 1519 Ille
1169 1492 1206 1519 ait
1220 1501 1227 1519 :
1244 1502 1253 1517 ι
1270 1491 1298 1519 Si
1313 1492 1432 1519 Joannes
1443 1497 1484 1520 est
1498 1493 1650 1528 haereticus,
1665 1494 1763 1533 dignus

973 1547 1067 1574 exsilio
1080 1550 1137 1580 est;
1154 1546 1196 1574 sin
1211 1553 1277 1573 vero
1291 1553 1379 1576 secus.
1395 1546 1442 1574 sed
1458 1547 1493 1574 ob
1507 1547 1629 1575 convicia
1643 1547 1671 1575 in
1687 1552 1762 1576 tuam

974 1599 1144 1634 majestatem
1169 1599 1240 1626 dicta
1270 1598 1427 1626 decernitur
1451 1598 1594 1632 exsilium,
1621 1598 1762 1634 ignoscere

974 1653 1090 1685 oportet,
1112 1649 1331 1684 quandoquidem
1351 1656 1399 1676 vos
1420 1657 1527 1684 quoque
1549 1649 1680 1676 adversus
1705 1657 1762 1677 cce-

975 1701 1070 1728 lestcm
1089 1708 1180 1736 regem
1200 1700 1340 1734 peccastis.
1360 1709 1369 1725 ι
1393 1700 1439 1726 Illa
1455 1703 1544 1727 autem
1563 1700 1652 1728 dixit:
1676 1710 1685 1726 ε
1704 1700 1763 1728 Nisi

975 1752 1041 1779 mihi
1056 1751 1295 1787 obtemperaveris,
1310 1755 1338 1779 et
1350 1759 1426 1786 aeque
1442 1759 1473 1778 ac
1487 1751 1578 1779 caeteri
1593 1751 1762 1786 subscripse-

975 1803 1022 1836 ris,
1040 1810 1090 1839 ego
1107 1802 1237 1830 ecclesias
1249 1803 1399 1834 occludam,
1419 1806 1446 1830 et
1460 1802 1592 1830 idolorum
1607 1803 1704 1838 templa
1720 1811 1762 1830 re-

976 1854 1088 1885 serabo,
1108 1858 1140 1881 ut
1157 1853 1193 1880 ibi
1214 1861 1308 1881 omnes
1325 1854 1448 1881 adorent.
1474 1863 1483 1879 ι
1511 1853 1663 1889 Respondit
1684 1854 1729 1881 ille
1754 1863 1762 1882 :

979 1915 988 1931 ι
1011 1905 1039 1933 Si
1050 1905 1114 1941 quid
1128 1906 1226 1933 animat
1242 1910 1294 1933 tua:
1305 1905 1476 1940 profuturum
1490 1905 1572 1936 nosti,
1588 1905 1615 1933 id
1629 1913 1677 1941 age
1693 1913 1701 1932 τ
1714 1906 1763 1933 sed

976 1961 1059 1988 certe,
1078 1957 1128 1986 etsi
1143 1964 1238 1985 omnes
1253 1957 1433 1990 subscribam,
1450 1957 1619 1992 Epiphanius
1631 1964 1687 1984 non
1702 1957 1764 1984 sub-

977 2009 1088 2037 scribet.
1107 2018 1117 2035 ι
1134 2008 1245 2036 Interim
1264 2009 1418 2036 nuntiatum
1433 2013 1475 2037 est
1494 2008 1594 2037 Joanni
1612 2009 1687 2044 quod
1699 2009 1763 2044 Epi-

976 2060 1094 2096 phanius
1109 2061 1329 2095 subscripsisset;
1348 2061 1394 2096 qui
1415 2061 1480 2088 huic
1500 2060 1537 2088 ita
1558 2060 1765 2096 signiﬁcandum

977 2113 1081 2141 curavit
1104 2123 1111 2140 :
1135 2123 1144 2140 ι
1170 2114 1313 2149 Epiphani,
1329 2120 1357 2141 tu
1372 2121 1480 2149 quoque
1502 2113 1597 2141 exsilio
1613 2121 1675 2141 meo
1698 2113 1764 2141 sub-

978 2166 1126 2202 scripsisti?
1141 2165 1214 2193 Scito
1227 2165 1326 2201 igitur,
1340 2171 1367 2193 te
1381 2166 1409 2192 in
1426 2165 1491 2193 sede
1507 2170 1552 2193 tua
1572 2165 1688 2201 amplius
1709 2173 1766 2192 non

978 2227 1126 2249 sessurum.
1149 2228 1158 2244 ι
1176 2218 1327 2254 Respondit
1341 2218 1365 2246 ei
1388 2218 1557 2254 Epiphanius
1580 2226 1586 2245 :
1616 2228 1625 2244 ε
1655 2218 1769 2251 Athleta,

977 2271 1078 2299 Christi
1100 2270 1213 2303 Joanne,
1231 2271 1330 2298 luctam
1349 2275 1442 2306 patere
1464 2274 1492 2298 et
1513 2271 1592 2298 vince
1614 2280 1619 2297 :
1646 2278 1765 2307 namque

978 2323 1012 2351 ad
1032 2322 1121 2351 locum
1147 2322 1195 2350 tibi
1219 2323 1314 2352 exsilio
1337 2327 1384 2350 tuo
1408 2323 1573 2351 destinatum
1594 2330 1649 2350 non
1668 2330 1765 2359 perve-

978 2373 1046 2402 nies.
1075 2383 1084 2399 ›
1102 2374 1334 2407 Quemadmodum
1355 2378 1446 2403 autem
1471 2375 1506 2403 ab
1525 2379 1642 2411 utroque
1661 2375 1767 2404 dictum.

979 2426 1038 2459 fuit,
1055 2427 1091 2454 ita
1105 2427 1270 2454 adamussim
1284 2427 1384 2455 evenit.

1013 2479 1058 2508 25.
1078 2480 1155 2507 Tunc
1171 2479 1290 2508 Joannes
1317 2480 1470 2508 valedioens
1488 2480 1595 2508 cunctis
1613 2480 1653 2508 sui
1671 2488 1765 2508 aman-

980 2530 1052 2559 tibus
1066 2531 1200 2567 episcopis
1210 2552 1217 2564 ,
1235 2536 1264 2559 et
1274 2531 1438 2568 presbyteris
1450 2539 1512 2561 cum
1528 2531 1650 2560 diaconis
1667 2536 1695 2562 et
1707 2540 1766 2560 mo-

980 2584 1075 2612 nachis
1087 2588 1168 2620 atque
1182 2584 1349 2616 diaconissis,
1365 2584 1512 2613 adhortans
1525 2589 1555 2612 ut
1565 2585 1695 2613 doctrinm
1709 2594 1724 2613 ι
1736 2592 1766 2612 se

1018 2691 1055 2736 if),
1074 2692 1246 2736 £99m“,
1257 2692 1440 2736 ΡίθῧτθΡΨε,
1449 2699 1487 2736 Ps,
1498 2692 1631 2736 ﬁt“:
1655 2699 1766 2736 ξιιετοεέ

982 2726 1038 2763 sius
1050 2735 1063 2763 ί
1074 2725 1143 2760 Ἐγὼ
1153 2725 1322 2763 ἀὺβαιρέτωξ
1335 2725 1419 2763 αὐτὴν
1431 2728 1441 2763 (
1451 2725 1632 2763 Ἐκκλησίαν)
1646 2727 1677 2754 οὐ
1691 2725 1767 2754 δυνα-

981 2761 1035 2791 τῶς
1051 2760 1105 2796 ἐχῳ
1118 2760 1286 2788 καταλιπὲῖν.

1019 2795 1208 2832 (ιί)⁷ῼο(1.νξιὶο
1222 2800 1250 2824 et
1266 2797 1337 2832 infra
1349 2796 1510 2832 Nsxrdptov.
1526 2796 1583 2832 Sed
1595 2796 1768 2832 scribendum

982 2830 1065 2858 fuisse
1079 2830 1214 2858 Anni-ium
1228 2838 1277 2866 pro
1290 2831 1421 2865 Nectario,
1442 2830 1501 2867 quis
1522 2831 1646 2859 dubitet?
