2052 3113
278 175 360 196 ιίΧΙΙ

278 223 362 252 αὐτοῦ
387 223 523 260 ὑπηκόους
552 223 688 258 γενέσθαι,
718 224 828 260 ἐξῆλθεν
851 225 900 260 τῆς
919 223 1066 260 ἐκκλησίας

278 275 326 301 καὶ
339 274 386 302 τοῦ
397 275 571 302 ἐπισκοπείου
584 276 616 312 τῇ
631 276 710 312 τρίτῃ
722 274 868 311 ἡμέρᾳτῆς
882 275 1066 306 ’Λναστάσεως

276 325 324 351 τοῦ
340 325 452 360 Κυρίου.
471 325 596 360 Ἐγένετο
612 326 640 353 δὲ
662 328 695 362 τῇ
715 327 807 362 ἡμέρᾳ
821 326 914 362 ἐκείνῃ
928 325 1065 362 κλαυθμὸς

278 376 365 412 μέγας
385 377 424 408 είς
439 376 502 408 τοὺς
515 376 672 411 ἀγαπητοὺς
696 376 743 404 τοῦ
760 378 893 410 Ἰωάννου,
909 377 1066 412 ἀσπαζομέ-

276 435 331 453 νων
359 427 440 454 αὐτὺν
468 426 732 462 καταλιμπανόμενοι
755 428 801 455 ὑπ’
831 427 923 460 αὑτοῦ,
952 427 989 460 ὡς
1013 428 1063 464 ήδη

276 479 400 516 πρόϐατα
420 479 472 507 ὑπὸ
490 479 537 506 τοῦ
556 480 620 507 ίδίου
637 481 766 516 ποιμένος
778 482 826 517 (a).
849 481 878 508 '0
890 482 918 508 δὲ
932 481 995 511 λαὸς
1015 482 1065 516 τῆς

275 529 381 561 πόλεως
404 529 454 557 οὐκ
473 530 543 565 ἔγνω
559 530 617 562 πῶς
635 530 756 565 ἐξῆλθεν·
773 532 796 557 εἰ
818 531 871 566 γὰρ
887 531 1062 565 ὲγνώκεισαν,

277 579 402 616 ιίμάτων
422 579 532 615 ἔκχυσις
549 579 584 616 ἦν
597 581 733 616 γεναμένη
751 581 906 616 ἀναμεταξὺ
926 581 980 608 τῶν
992 581 1064 608 πολι-

275 633 330 659 τῶν
345 633 393 660 καὶ
407 632 455 659 τοῦ
467 632 594 668 στρατοῦ.
615 633 670 660 Καὶ
691 632 735 659 διὰ
748 632 826 658 τοῦτο
842 633 856 658 6
877 632 1003 667 Ἰωάννης
1021 632 1065 658 λά-

275 683 328 719 θρα
353 682 400 710 τοῦ
415 682 480 710 λαοῦ
499 682 621 718 ἐξῆλθεν.
646 683 713 709 Τότε
734 682 849 709 διδοῦσιν
865 681 939 716 αὐτῷ
953 681 1062 717 Θρᾷκάς

274 741 350 764 τινας
365 733 482 764 ἀναιδεῖς
498 732 711 766 κατεπείγοντας
723 732 796 767 αὑτῷ
807 732 871 767 περὶ
884 731 932 767 τὴν
944 731 1060 767 ἐξορίαν·

273 783 320 814 καὶ
344 782 459 818 ἤρξαντο
486 784 518 815 ἐκ
542 783 625 810 τόπου
650 783 691 813 είς
712 783 794 809 τόπον
812 782 954 818 ἐπιφέρειν
968 783 1062 810 αὐτόν.

274 833 329 860 Kal
345 832 485 868 μέλλοντος
499 833 581 860 αὐτοῦ
595 833 737 860 ἐπιστάναι
749 833 780 867 τῇ
795 832 929 868 λεγομένῃ
946 833 1063 859 Κουκου-

274 884 324 920 σῷ,
333 884 454 919 φαίνεται
462 884 535 920 αὐτῷ
548 885 607 912 κατ’
622 884 687 919 ὄναρ
696 884 710 910 6
722 884 798 916 ἅγιος
813 883 971 915 Βασιλίσκος
982 883 1062 910 όέπί-

274 942 374 965 σκοπος
388 934 435 962 καὶ
449 934 563 970 μάρτυς,
580 934 674 969 λέγων·
694 944 702 960 ι
726 933 836 968 ’Δδελφὲ
855 933 976 968 Ἰωάννη,
993 933 1061 969 θάρ-

274 993 326 1016 σει·
345 984 404 1020 μεθ’
417 985 496 1021 ἡμῶν
507 985 561 1020 γὰρ
572 985 621 1021 ἔσῃ
636 984 891 1019 συναναπαυόμενος
909 985 937 1010 ἐν
949 985 982 1020 τῇ
998 984 1061 1020 own

271 1035 339 1068 ὅπου
354 1035 423 1061 είσὶν
440 1034 473 1061 τὰ
489 1034 603 1069 λείψανα
620 1034 687 1069 ἐμοῦ
702 1042 731 1061 τε
747 1033 792 1060 καὶ
807 1032 895 1060 ἄλλων
912 1033 1060 1070 μαρτύρων

274 1085 435 1121 Εὑτροπίου,
457 1084 595 1119 Ῥουφίνου
609 1084 655 1112 καὶ
673 1082 836 1111 Κολλουθοῦ.
856 1092 865 1108 ι
888 1083 1005 1118 ὀμοίως
1031 1085 1060 1112 δὲ

275 1135 322 1169 καὶ
331 1135 370 1171 τῷ
381 1135 579 1171 παραμοναρίῳ
593 1137 610 1171 ἡ
630 1135 699 1171 αὑτὴ
718 1135 843 1162 ὀπτασία·
867 1144 876 1162 ι
897 1136 927 1162 ὐ
947 1135 1060 1170 ἀδελφός

278 1187 404 1222 Ἰωάννης
426 1186 545 1213 ἐνταῦθα
569 1186 793 1222 παραγενάμενος
808 1188 899 1223 μέλλει
919 1188 987 1224 πρὸς
1001 1188 1060 1214 Κύ-

273 1245 330 1275 ριον
351 1237 490 1273 ἐκδημεῖν·
516 1236 584 1263 ἀλλά
606 1237 655 1263 σὺν
677 1237 742 1272 ήμῖν
767 1237 798 1264 τὺ
823 1237 948 1273 λείψανον
977 1237 1059 1265 αὐτοῦ

269 1287 418 1314 ἀποθέσθαι
433 1287 554 1322 θέλησον.
573 1296 583 1312 ι
598 1287 652 1314 Kal
665 1285 746 1322 ἦλθον
759 1288 799 1320 εἰς
809 1288 855 1314 τὸν
865 1289 946 1315 τόπον
958 1287 1021 1315 ἔνθα
1035 1287 1060 1314 οι

270 1337 343 1374 ἀγιοι
364 1337 522 1365 κατέκειντο
538 1337 684 1373 μάρτυρες·
702 1338 748 1365 καὶ
767 1339 920 1375 παρακαλεῖ
934 1339 998 1370 τοὺς
1011 1339 1060 1366 ἀν-

270 1388 397 1424 θρώπους
424 1386 544 1414 ἐνδοῦναι
564 1387 638 1423 αὐτῷ
662 1388 714 1420 ἕως
734 1388 809 1424 ὠρας
824 1389 964 1424 πέμπτης
985 1389 1032 1416 καὶ
1046 1391 1061 1416 ό

271 1439 322 1474 μὲν
336 1436 377 1470 εἷς
390 1437 537 1473 ἠϐουλήθη,
557 1439 570 1465 ό
590 1438 618 1465 δέ
637 1439 731 1474 ἔτερος
749 1440 795 1467 τὸν
811 1441 861 1475 τῆς
875 1440 1060 1475 ἀσπλαγχνίας

270 1488 340 1529 έχων
357 1486 487 1522 λογισμὸν
507 1489 554 1515 καὶ
575 1489 674 1525 τρόπον
687 1490 737 1516 οὐκ
747 1489 898 1526 ἠϐουλήθη.
913 1491 968 1517 Καὶ
986 1491 1061 1517 όδευ-

271 1533 375 1567 σὲἀντων
388 1539 478 1565 αὐτῶν
489 1539 541 1572 ἕως
553 1540 636 1567 τόπου
648 1541 730 1574 τινος,
743 1541 852 1575 ἐγένετο
870 1541 946 1574 ὑετὸς
966 1542 1059 1573 πολὺς.

271 1578 318 1630 καὶ
348 1589 398 1616 οὐκ
426 1589 597 1630 ἠδυνήθησαν
629 1590 774 1626 προϐῆναι,
802 1590 860 1617 ἀλλ’
886 1590 1060 1626 ὑπέστρεψαν

270 1628 383 1680 ἀκοντες
406 1638 469 1666 ἔνθα
492 1627 516 1665 όι
533 1639 604 1674 ἀγιοι
623 1637 692 1676 ἦσαν
709 1640 859 1676 μάρτυρες.
877 1641 933 1667 Kal
951 1640 1031 1672 εὐθὺς
1046 1641 1061 1667 ὁ

276 1691 403 1726 Ἰωάννης
435 1690 524 1718 λαϐὼν
548 1690 582 1718 τὰ
611 1691 707 1730 ίμάτια
739 1690 822 1718 αὐτοῦ
844 1690 877 1717 τὰ
908 1690 958 1725 τῆς
980 1690 1061 1725 ἁγίας

270 1742 451 1778 λειτουργίας,
464 1742 616 1774 ἐνεδύσατο,
625 1740 670 1768 καὶ
680 1741 741 1772 δοὺς
750 1741 790 1772 είς
805 1741 929 1775 εὐλογίαν
940 1741 958 1768 ἃ
968 1741 1061 1776 ἐφόρει

270 1793 328 1825 τοῖς
348 1791 423 1829 οὖσιν
442 1793 499 1828 μετ’
513 1791 606 1824 αὐτοῦ,
622 1792 670 1819 καὶ
682 1792 876 1827 ἀσπασάμενος
894 1791 1003 1828 αὐτοὺς,
1022 1788 1062 1818 εῖ-

272 1852 323 1872 πεν
346 1843 392 1871 τὸν
413 1844 457 1871 ἀεὶ
470 1843 534 1879 παρ’
547 1842 630 1870 αὑτοῦ
648 1842 793 1877 λεγόμενον
805 1841 894 1876 λόγον·
913 1851 921 1868 ι
940 1841 1008 1874 Δόξα
1021 1842 1061 1877 τῷ

270 1894 331 1930 Θεῷ
345 1894 452 1921 πάντων
464 1893 567 1921 ἐνεκεν.
582 1902 592 1918 ι
607 1892 663 1920 Kal
677 1892 823 1925 ἀνακλίνας
834 1893 940 1925 ἐαυτὸν,
958 1892 1060 1919 ἀπέδω-

272 1952 319 1971 κεν
334 1943 365 1971 τδ
380 1943 487 1980 πνεῦμα
510 1942 621 1978 Χριστῷ
641 1942 680 1978 τῷ
695 1941 753 1976 Θεῷ
768 1941 847 1977 ἡμῶν
868 1941 917 1977 (ό),
931 1941 1062 1974 συνταξά-

241 1997 244 2000 ‘
273 2002 353 2029 μενος
377 1994 425 2020 καὶ
449 1994 505 2025 τοῖς
533 1993 630 2027 ἁγίοις,
657 1993 704 2019 καὶ
728 1991 858 2019 θάπτεται
890 1992 938 2018 σὺν
969 1991 1061 2024 αὐτοῖς

271 2045 340 2080 αὐτῇ
355 2045 388 2079 τῇ
401 2043 503 2079 ἡμέρᾳ,
521 2041 604 2069 πολλά
619 2041 813 2077 κακοπαθήσας
833 2041 909 2076 παρὰ
921 2041 974 2068 τῶν
986 2042 1060 2068 ἀναι-

271 2093 324 2121 δῶν
341 2093 491 2129 ἀνθρώπων
512 2092 635 2120 ἐκείνων.
650 2091 743 2123 Οὕτως
762 2092 818 2127 γάρ
836 2089 870 2126 ἦν
887 2091 1061 2126 ἀπαγγελθέν

272 2144 364 2176 αὐτοῖς
390 2145 446 2175 τοῖς
467 2143 655 2179 στρατιώταις,
678 2144 717 2174 τὸ,
742 2143 766 2169 εί
785 2143 1001 2178 κακοθανατήσει
1028 2144 1061 2169 ἐκ

272 2195 321 2230 τῆς
351 2193 422 2229 ἄγαν
453 2193 639 2225 κακοπαθείας
653 2214 660 2226 ,
695 2193 800 2220 πολλῶν
826 2193 935 2228 δωρεῶν
968 2195 1060 2228 τυχεῖν

273 2243 381 2277 αὐτούς.

310 2311 365 2342 κς’.
390 2307 446 2336 Kal
466 2307 498 2342 δή
522 2315 594 2339 τινες
618 2307 671 2333 τῶν
694 2306 813 2334 Ἰωάννου
836 2307 1006 2334 ἀπελθόντων
1032 2309 1060 2334 ἐν

279 2358 384 2394 Ῥώμῃ,
415 2357 587 2393 ἀπήγγειλαν
613 2357 701 2383 πάντα
724 2357 887 2392 Ἰννοκεντίῳ
910 2357 948 2392 τῷ
971 2358 1058 2393 πάπᾳ·

274 2407 323 2436 καὶ
335 2407 464 2444 πλησθεὶς
477 2407 564 2443 θυμοῦ
578 2407 610 2434 δι’
628 2408 764 2442 Ἰωάννην,
780 2408 827 2434 καὶ
840 2407 887 2443 τὴν
902 2407 1013 2443 ἐνέδραν
1027 2408 1061 2443 ἢν

275 2458 430 2493 ὑπέστησαν
443 2457 468 2484 οῑ
479 2457 561 2484 αὐτοῦ
577 2457 769 2492 τοποτηρηταὶ,
786 2456 865 2488 εὐθὺς
877 2456 922 2484 τὸν
935 2455 1061 2493 ὀνώριον

275 2497 385 2544 χωρίζει
403 2507 490 2543 μῆνας
507 2507 581 2542 τρεῖς
602 2506 657 2533 τῶν
676 2506 755 2532 θείων
772 2506 939 2542 μυστηρίων.
953 2500 1061 2542 Πέμπει

275 2557 303 2584 δέ
328 2556 462 2593 ⁹Αρκαδίῳ
476 2557 522 2583 καὶ
538 2555 651 2592 Εὺδοξίᾳ
667 2556 818 2592 ἀφορισμδν
836 2556 1001 2592 σημαίνοντα
1016 2557 1062 2583 οὖ-

274 2615 338 2639 τωςι
354 2616 363 2633 ι
378 2606 512 2642 Ἀρκαδίῳ
528 2607 574 2633 καὶ
590 2606 703 2642 Εὐδοξίᾳ
721 2606 902 2640 Ἰννοκέντιος·
915 2607 994 2643 Φωνὴ
1019 2608 1062 2634 αἵ-

277 2665 362 2693 ματος
382 2656 504 2683 Ἰωάννου
517 2656 564 2682 τοῦ
579 2655 693 2691 ἀδελφοῦ
713 2665 762 2692 μου
779 2657 828 2693 βοᾷ
843 2658 911 2693 πρὸς
925 2658 971 2685 τὸν
983 2657 1059 2691 Θεὸν,

276 2706 324 2736 καὶ
335 2706 442 2738 πάντως
455 2707 485 2732 τὸ
496 2703 564 2741 αἷμα
578 2706 659 2734 αὐτοῦ
674 2708 829 2739 ἐκδικεῖται.
850 2709 906 2736 Καὶ
924 2709 1004 2744 ἡμεῖς
1016 2707 1062 2736 οὖν

276 2757 307 2799 τδ
320 2758 385 2794 παρ’
398 2758 503 2790 ἑαυτοῖς
516 2759 696 2793 ἐκδικοῦντες,
718 2761 836 2796 οὐρανίῳ
856 2761 1001 2798 ἀποφάσει,
1019 2762 1062 2799 λότ

314 2830 351 2872 (ο)
374 2831 492 2872 Οριιίετη
507 2833 1029 2872 sinplagcl.“fiagmemumjisloricurm
1046 2845 1061 2872 η

277 2860 357 2906 ῃοὺίὲ
372 2860 513 2894 θιίὶῑυπίῑη
530 2860 661 2904 ΒὶιίινΙεθίὶ
676 2860 750 2895 Βοῗιιξ
767 2860 841 2896 mihi)

858 166 1034 195 THEODORI
1054 165 1317 196 TRIMITHUNTINI

1833 176 1904 197 [ιιι

1119 234 1159 262 γῳ
1173 227 1240 254 Θεοῦ
1257 227 1435 263 δεσμούμενοι
1459 229 1483 255 οἱ
1504 229 1586 264 ἄμφω
1602 229 1690 265 ἀλύτῳ
1702 227 1803 264 δεσμῷ,
1822 229 1854 255 σύ
1875 237 1905 255 τε

1117 277 1164 302 καὶ
1177 276 1300 309 Δαλιδάς,
1315 277 1332 312 ἡ
1344 277 1414 304 κατά
1428 278 1525 313 μικρὸν
1539 278 1578 314 τῷ
1591 277 1663 314 ξυρῷ
1679 279 1727 314 τῆς
1742 277 1845 313 πλάνης
1862 276 1905 310 Ευ-

1117 324 1218 359 ρίσασά
1239 334 1279 358 σε,
1299 325 1351 358 ἔξω
1377 325 1438 352 ἔστε
1462 326 1552 361 πάσης
1576 326 1778 362 προσελεύσεως
1800 334 1905 362 μυστη-

1118 372 1193 408 ρίων,
1216 374 1248 401 σὺ
1275 374 1361 409 μῆνας
1382 374 1421 407 ἐξ,
1443 374 1557 410 κάκείνη
1581 374 1653 410 διετῆ
1676 374 1780 409 χρόνον·
1806 373 1906 405 ειδότες

1115 422 1204 455 τοῦτο,
1225 422 1262 453 ὡς
1281 423 1305 449 εί
1330 422 1549 459 παραλογίσησθε
1569 423 1619 459 τὴν
1639 423 1669 455 ἐξ
1682 423 1804 459 οὐρανῶν
1819 430 1906 449 κατα-

1116 470 1288 505 πεμφθεῖσαν
1314 471 1378 506 παρ’
1391 470 1470 506 ἡμῶν
1484 470 1631 505 ἀπόφασιν,
1651 471 1667 506 ἢ
1692 471 1724 506 δὴ
1747 469 1906 506 προσελθεῖν

1116 519 1208 554 δόξητε
1229 520 1284 551 τοῖς
1314 518 1396 550 θείοις
1421 519 1591 554 μυστηρίοις,
1612 519 1652 550 εἰς
1673 518 1795 553 ἄνθρακα
1819 517 1905 552 πυρὸς

1117 566 1319 602 μεταῦληθέντα
1343 566 1377 594 τὰ
1403 565 1476 593 ἔνδον
1497 566 1572 601 ὑμῶν
1594 566 1793 600 καταφάγεται.
1817 564 1872 591 Kal
1890 564 1906 590 6

1114 612 1221 647 τολμῶν
1235 612 1263 639 δὲ
1277 613 1422 640 ἐπιδιδόναι
1441 613 1505 647 ὑμῖν
1524 613 1577 640 εἴτε
1592 612 1749 643 ἐπίσκοπος,
1764 611 1820 638 εἴτε
1836 618 1904 647 πρε-

1116 658 1254 694 σϐύτερος,
1271 661 1294 686 εί
1312 659 1380 691 ὅλως
1399 659 1519 695 τολμήσῃ
1533 667 1575 690 τις
1594 659 1766 694 ἐπιχειρῆσαι
1780 657 1829 693 τὴν
1843 657 1903 683 θεό-

1115 705 1159 732 θεν
1170 704 1216 732 τοῦ
1226 705 1373 732 ἀποστόλου
1386 705 1489 740 Πέτρου
1498 705 1667 741 κυρωθεῖσαν
1680 705 1770 740 ψῆφον
1782 704 1813 738 (Γ.
1825 704 1903 739 75a.)

1114 751 1350 787 παρακούσασθαι,
1369 752 1415 778 καὶ
1428 751 1496 782 ὅλως
1516 750 1652 785 ἀγιασμοῦ
1676 759 1747 782 τινος
1767 749 1836 782 δόξει
1860 758 1904 785 με-

1113 796 1245 823 ταδιδόναι
1257 797 1331 832 ὑμῖν,
1349 796 1396 823 καὶ
1411 796 1458 831 τῆς
1469 796 1596 831 οὐρανίου
1609 796 1719 831 χάριτος
1733 796 1780 822 καὶ
1792 796 1842 830 τῆς
1857 795 1904 821 ἐπὶ

1114 843 1165 877 γῆς
1189 842 1268 874 ἀξίας
1293 842 1475 877 ἐστερημένος
1496 841 1582 868 ἔσται.
1599 841 1790 877 Καθαιροῦμαι
1806 841 1834 867 δὲ
1856 842 1904 867 καὶ

1112 887 1158 914 τὸν
1176 887 1268 922 μοιχόν
1286 888 1321 921 (c)
1341 887 1494 923 ’Δροάκιοψ
1512 888 1558 913 καὶ
1571 886 1671 918 πάντες
1684 888 1708 913 οἱ
1722 887 1903 921 κοινωνήσαν-

1112 940 1157 963 τες
1171 932 1256 967 αὐτῷ,
1273 932 1320 958 σὺν
1342 931 1417 966 αὐτῷ
1432 931 1688 966 κατακριθήσονται·
1713 931 1904 967 προστιθέντες

1111 978 1145 1012 τῇ
1161 976 1318 1012 καθαιρέσει
1330 976 1459 1011 Θεοφίλου
1477 978 1550 1012 τρεῖς
1565 977 1715 1012 ἐπιτιμίας,
1739 977 1903 1013 ἀφορισμδν,

1112 1023 1160 1049 καὶ
1184 1022 1416 1058 ἀναθεματισμὺν,
1442 1023 1489 1050 καὶ
1512 1022 1619 1050 τελείαν
1647 1023 1822 1058 ἀλλοτρίωσιν
1855 1022 1903 1052 τοῦ

1112 1067 1252 1096 καλεῖσθαι
1264 1067 1436 1104 Χριστιανόν.
1450 1078 1459 1094 ›

1147 1115 1198 1146 κζ’.
1218 1115 1356 1149 Ἔγραψεν
1377 1114 1462 1141 δὲκαὶ
1483 1114 1611 1150 Ὀνώριος
1631 1114 1671 1150 τῷ
1691 1113 1798 1149 ἀδελφῷ
1819 1112 1903 1140 αὐτοῦ

1118 1159 1252 1194 ’Δρκαδίῳ
1265 1158 1370 1185 ταῦτα’
1387 1168 1396 1184 ι
1417 1158 1552 1194 ’Δρκαδίῳ
1572 1159 1698 1194 ἡμετέρῳ
1721 1158 1828 1193 ἀδελφῷ
1854 1158 1904 1184 καὶ

1112 1205 1274 1241 συμϐασιλεί
1290 1204 1418 1241 ὀνώριος
1431 1205 1546 1240 χαίρειν·
1560 1199 1616 1232 ὒύκ
1629 1204 1685 1232 οῖδα
1700 1206 1765 1232 ποία
1776 1206 1902 1241 ἐνέργεια

1111 1251 1286 1287 ἀντικειμένη
1303 1251 1453 1287 ἐπλάνησεν
1472 1259 1501 1277 σε
1520 1251 1629 1285 γυναικὶ
1648 1251 1826 1287 θαρρήσαντα
1841 1251 1902 1277 δια-

1112 1296 1267 1332 πράξασθαι
1287 1297 1370 1324 κακά.
1388 1296 1442 1323 Καὶ
1462 1296 1562 1328 πάντες
1581 1298 1605 1323 οί
1620 1296 1736 1323 ἐνταῦθα
1754 1297 1901 1327 ἐπίσκοποι

1111 1343 1161 1378 τῆς
1186 1343 1265 1379 ἡμῶν
1287 1342 1426 1378 βασιλείας
1443 1341 1625 1374 καταϐοῶσιν,
1647 1342 1684 1374 ὡς
1700 1343 1762 1374 τοὺς
1784 1351 1902 1379 τοποτη-

1113 1388 1196 1425 ρητάς
1213 1389 1277 1420 τοὺς
1291 1390 1331 1420 εἰς
1354 1388 1402 1424 σὴν
1417 1388 1499 1424 τιμὴν
1523 1388 1680 1421 σταλέντας,
1704 1389 1750 1416 καὶ
1775 1389 1825 1425 τῆς
1839 1398 1903 1416 συν-

1112 1435 1248 1470 αγομένης
1273 1434 1381 1461 συνόδου
1408 1434 1542 1469 στήριξιν,
1568 1436 1596 1461 ἐν
1613 1436 1719 1471 φρουρᾷ
1744 1437 1824 1471 στενῇ
1850 1435 1899 1462 θέ-

1113 1488 1194 1516 μενος
1211 1480 1240 1506 ἐν
1256 1479 1328 1515 λιμῷ
1352 1479 1483 1515 τήκεσθαι
1500 1479 1612 1512 ἔταξας·
1631 1480 1684 1516 ίδίᾳ
1705 1480 1732 1507 δέ
1750 1480 1831 1516 βουλῇ
1855 1482 1902 1508 καὶ

1113 1526 1171 1562 ίδίῳ
1194 1527 1309 1562 κρίματι
1328 1527 1494 1558 ἐπισκόπους
1518 1527 1652 1559 ἐκϐαλὼν,
1672 1527 1768 1560 ἄλλους
1793 1529 1901 1564 ἐνεθρο-

1112 1572 1216 1603 νίασας,
1229 1572 1350 1607 παριδὼν
1361 1573 1410 1608 τὴν
1424 1572 1605 1607 ἀποστολικὴν
1620 1573 1702 1609 τιμήν
1711 1582 1718 1588 ·
1732 1573 1804 1610 ἀπερ
1817 1575 1902 1601 ταῦτα

1112 1619 1188 1654 παρά
1206 1619 1361 1654 ἀνθρώποις
1377 1619 1500 1646 κίνδυνον
1515 1621 1582 1655 ἡμῖν
1601 1621 1686 1646 ποιεῖ’
1705 1620 1746 1647 ὅτι
1760 1618 1807 1648 οὖν
1828 1622 1901 1657 κάμὲ

1111 1664 1161 1699 τῆς
1174 1664 1249 1696 θείας
1261 1664 1465 1700 προσελεύσεως
1480 1664 1670 1700 ὴλλοτρίωσεν,
1678 1666 1726 1693 καὶ
1738 1666 1772 1694 τὰ
1783 1667 1901 1694 ἐνταῦθα

1112 1710 1202 1737 πάντα
1216 1710 1246 1737 οὐ
1267 1710 1374 1746 μικρῶς
1386 1711 1577 1746 ταράττονται.
1595 1711 1718 1739 Σπεῦσον
1736 1710 1782 1740 οὖν
1806 1713 1844 1748 μὴ
1858 1712 1903 1740 λό-

1112 1763 1171 1789 γοις
1187 1755 1353 1791 Θεραπεῦσαι
1368 1756 1464 1788 ταῦτα,
1479 1756 1536 1783 ἀλλ’
1549 1756 1640 1793 ἔργοις
1650 1766 1656 1772 ·
1671 1758 1725 1785 τῶν
1739 1758 1793 1794 γὰρ
1805 1759 1901 1795 ίερέων

1111 1803 1140 1838 at
1157 1801 1227 1837 ὑπὲρ
1249 1801 1328 1837 ἡμῶν
1346 1803 1496 1838 προσευχαὶ
1523 1802 1573 1835 τὰς
1597 1804 1734 1839 ⁴ἡμετέρας
1763 1804 1902 1839 βασιλείας

1110 1846 1242 1884 διηνεκῶς
1263 1847 1451 1883 κρατύνουσιν.
1466 1857 1475 1873 ι

1147 1897 1199 1929 κη’.
1224 1894 1327 1920 Ὄντων
1352 1891 1398 1920 οὖν
1425 1895 1454 1920 ἐν
1477 1895 1509 1929 τῇ
1546 1893 1725 1930 βασιλευούσῃ
1756 1895 1810 1922 τῶν
1837 1894 1902 1931 περὶ

1111 1939 1240 1974 Θεόφιλον
1267 1939 1434 1975 ἀναρίθμους
1472 1940 1633 1974 συντυχείας
1659 1939 1818 1974 ποιούντων,
1848 1942 1899 1967 ἐπ-

1111 1984 1228 2020 έστησαν
1248 1985 1281 2020 τῇ
1297 1984 1434 2020 Βυζαντίῳ
1454 1985 1479 2011 οί
1500 1985 1629 2020 Ῥωμαῖοι
1646 1986 1838 2022 ἐπιφερόμενοι
1865 1987 1900 2015 τὰ

1111 2030 1293 2066 προλεχθέντα
1310 2030 1473 2066 γράμματα.
1486 2031 1542 2058 Kal
1559 2031 1706 2067 δεξάμενος
1721 2031 1808 2059 ταῦτα
1825 2033 1840 2059 ὁ
1855 2032 1901 2068 βα*

1112 2077 1212 2109 σιλεὺς,
1227 2076 1360 2113 συνεχύθη
1381 2077 1449 2109 ὅλως
1470 2077 1517 2104 καὶ
1533 2077 1648 2114 ἐξεχύθη
1671 2078 1702 2104 τὸ
1724 2078 1834 2114 πνεῦμα
1852 2079 1900 2107 αὐ-

1111 2122 1168 2150 τοῦ.
1186 2122 1217 2150 '0
1237 2121 1284 2150 οὖν
1301 2122 1430 2158 Θεόφιλος
1450 2123 1494 2149 διὰ
1516 2123 1566 2158 τῆς
1590 2123 1657 2155 ιδίας
1685 2123 1781 2160 τέχνης
1801 2126 1901 2160 νοήσας

1111 2171 1199 2206 ἀρχὴν
1217 2170 1311 2198 κακῶν
1337 2168 1417 2203 εἶναι,
1432 2171 1503 2206 φυγῇ
1524 2169 1574 2206 τὴν
1598 2170 1734 2206 σωτηρίαν
1760 2171 1900 2208 πορίζεται

1113 2216 1207 2251 μόνος·
1223 2217 1237 2243 ό
1252 2216 1280 2243 δὲ
1307 2215 1433 2250 βασιλεὺς
1457 2216 1596 2252 ἀνανήψας
1619 2216 1722 2252 πέμπει
1740 2217 1900 2252 σχολαρίους

1110 2262 1157 2288 τοῦ
1185 2262 1297 2297 ἀγαγεῖν
1329 2263 1495 2299 συρομένους
1517 2262 1657 2297 Θεόφιλον,
1681 2264 1744 2296 τοὺς
1771 2263 1900 2299 ἀνεψιοὺς

1110 2308 1193 2335 αὑτοῦ
1219 2309 1316 2344 Μηνᾶν
1333 2309 1379 2335 καὶ
1404 2308 1562 2341 Θεότεκνον,
1585 2310 1633 2336 καὶ
1655 2310 1831 2345 Ἰσχυρίωνα,
1852 2310 1901 2345 ἦν·

1111 2362 1195 2388 εγκαν
1218 2353 1445 2389 βακλιζομένους⁴
1463 2354 1592 2387 ὡσαύτως
1614 2356 1661 2382 καὶ
1680 2355 1807 2382 Ἀκάκιον
1819 2363 1826 2371 ο
1851 2355 1900 2382 καὶ

1111 2400 1215 2432 πάντας
1237 2400 1424 2436 συρομένους,
1449 2401 1628 2436 ἀνυποστάτῳ
1655 2400 1701 2436 βίᾳ
1719 2401 1845 2436 ἐμϐαλὼν
1870 2401 1900 2428 ἐν

1110 2445 1289 2480 δεσμωτηρίῳ
1315 2445 1427 2476 πάντας.
1455 2445 1591 2472 Είσελθὼν
1605 2446 1633 2472 δὲ
1649 2447 1663 2473 6
1688 2446 1815 2481 βασιλεὺς
1830 2446 1900 2482 πρὸς

1111 2490 1251 2523 Εὺδοξίαν,
1274 2489 1345 2516 ὥστε
1361 2489 1445 2525 αὐτὴν
1471 2490 1573 2522 ὀλέσαι,
1596 2491 1649 2517 ίδεν
1673 2492 1731 2518 ἐκεῖ
1753 2492 1816 2524 τοὺς
1839 2492 1901 2518 ἐπι-

1113 2533 1231 2564 σκόπους
1246 2533 1309 2565 τοὺς
1324 2533 1394 2560 κατὰ
1410 2533 1550 2568 Θεοφίλου,
1565 2535 1612 2562 καὶ
1628 2535 1702 2569 λέγει
1716 2536 1823 2568 αὐτοῖς’
1843 2545 1853 2562 ι
1866 2537 1900 2564 Τί

1112 2579 1214 2604 ποιεῖτε
1241 2578 1372 2612 ὲνταῦθα;
1390 2588 1398 2603 ι
1419 2579 1450 2604 Ol
1467 2579 1495 2605 δὲ
1514 2577 1607 2606 εἶπον·
1626 2590 1635 2606 ι
1650 2581 1772 2616 Σήμερον
1796 2582 1898 2618 ἡμέρας

1113 2623 1208 2650 πολλαὶ
1227 2624 1273 2659 ἀφ’
1285 2621 1314 2651 οὗ
1329 2624 1446 2652 ἐνταῦθά
1467 2627 1550 2660 ἐσμεν
1573 2627 1781 2663 φρουρούμενοι,
1800 2628 1844 2655 ἴνα
1861 2629 1899 2664 μὴ

1112 2669 1264 2704 ὲξείπωμεν
1277 2670 1326 2705 τὴν
1343 2670 1480 2705 ἀλήθειαν.
1495 2679 1504 2695 ι
1519 2686 1554 2691 -
1568 2681 1577 2696 ι
1599 2672 1665 2698 Ὑπὸ
1679 2673 1760 2705 τίνος,
1775 2683 1782 2699 l
1803 2674 1895 2708 φησὶν,

1117 2723 1125 2739 ι
1141 2714 1353 2750 συλληφθέντες;
1370 2725 1379 2742 ι
1395 2716 1427 2742 Οί
1443 2716 1471 2743 δὲ
1482 2715 1573 2744 εἶπον·
1594 2727 1602 2743 ι
1621 2718 1690 2744 ’Υπδ
1710 2718 1862 2754 Μαριανοῦ.
1886 2727 1898 2746 ι

1113 2762 1168 2799 Kal
1190 2761 1290 2793 εὐθέως
1319 2762 1458 2789 ἐκέλευσεν
1481 2765 1495 2789 6
1521 2763 1647 2798 βασιλεὺς
1671 2764 1781 2800 δοθῆναι
1807 2765 1898 2798 αὐτοῖς

1116 2838 1157 2874 [2,
1180 2837 1326 2874 (Recusum
1345 2838 1414 2873 apud
1431 2847 1480 2866 nos
1495 2840 1521 2867 in
1536 2839 1651 2874 append.
1669 2840 1702 2868 ad
1717 2841 1845 2869 smeulum
1870 2847 1895 2868 ι’.

1113 2873 1189 2901 Enn.
1204 2873 1297 2913 Puni.)
