  <div class='ocr_page' id='page_1' title='image "/cluster/home/n/w/nwhite01/storage/ocr_20150623/47-48/njp.32101077772612/052.png"; bbox 0 0 2052 3113; ppageno 0'>
   <div class='ocr_carea' id='block_1_1' title="bbox 125 167 202 188">
    <p class='ocr_par' dir='ltr' id='par_1_1' title="bbox 125 167 202 188">
     <span class='ocr_line' id='line_1_1' title="bbox 125 167 202 188; baseline -0.026 0"><span class='ocrx_word' id='word_1_1' title='bbox 125 167 202 188; x_wconf 63' lang='grc' dir='ltr'><strong>ιιικι</strong></span> 
     </span>
    </p>
   </div>
   <div class='ocr_carea' id='block_1_2' title="bbox 123 218 909 258">
    <p class='ocr_par' dir='ltr' id='par_1_2' title="bbox 123 218 909 258">
     <span class='ocr_line' id='line_1_2' title="bbox 123 218 909 258; baseline 0.003 -10"><span class='ocrx_word' id='word_1_2' title='bbox 123 219 225 248; x_wconf 60' lang='lat' dir='ltr'><strong>tradita:</strong></span> <span class='ocrx_word' id='word_1_3' title='bbox 238 218 477 254; x_wconf 87' lang='lat' dir='ltr'><strong>obtemperarent,</strong></span> <span class='ocrx_word' id='word_1_4' title='bbox 492 220 615 248; x_wconf 75' lang='lat' dir='ltr'><strong>discessit</strong></span> <span class='ocrx_word' id='word_1_5' title='bbox 628 221 663 248; x_wconf 87' lang='lat' dir='ltr'><strong>ab</strong></span> <span class='ocrx_word' id='word_1_6' title='bbox 679 222 794 249; x_wconf 82' lang='lat' dir='ltr'><strong>ecclesia</strong></span> <span class='ocrx_word' id='word_1_7' title='bbox 809 226 837 250; x_wconf 84' lang='lat' dir='ltr'><strong>et</strong></span> <span class='ocrx_word' id='word_1_8' title='bbox 850 223 909 258; x_wconf 88' lang='lat' dir='ltr'><strong>epi-</strong></span> 
     </span>
    </p>
   </div>
   <div class='ocr_carea' id='block_1_3' title="bbox 123 270 911 306">
    <p class='ocr_par' dir='ltr' id='par_1_3' title="bbox 123 270 911 306">
     <span class='ocr_line' id='line_1_3' title="bbox 123 270 911 306; baseline 0.004 -8"><span class='ocrx_word' id='word_1_9' title='bbox 123 271 226 306; x_wconf 80' lang='lat' dir='ltr'><strong>seopio,</strong></span> <span class='ocrx_word' id='word_1_10' title='bbox 248 270 331 297; x_wconf 79' lang='lat' dir='ltr'><strong>tertio</strong></span> <span class='ocrx_word' id='word_1_11' title='bbox 356 270 574 299; x_wconf 84' lang='lat' dir='ltr'><strong>Resurrectionis</strong></span> <span class='ocrx_word' id='word_1_12' title='bbox 601 272 748 300; x_wconf 72' lang='lat' dir='ltr'><strong>Dominicae</strong></span> <span class='ocrx_word' id='word_1_13' title='bbox 768 273 822 301; x_wconf 87' lang='lat' dir='ltr'><strong>die.</strong></span> <span class='ocrx_word' id='word_1_14' title='bbox 848 273 911 301; x_wconf 84' lang='lat' dir='ltr'><strong>Fuit</strong></span> 
     </span>
    </p>
   </div>
   <div class='ocr_carea' id='block_1_4' title="bbox 124 322 910 362">
    <p class='ocr_par' dir='ltr' id='par_1_4' title="bbox 124 322 910 362">
     <span class='ocr_line' id='line_1_4' title="bbox 124 322 910 362; baseline 0.005 -12"><span class='ocrx_word' id='word_1_15' title='bbox 124 328 208 351; x_wconf 87' lang='lat' dir='ltr'><strong>autem</strong></span> <span class='ocrx_word' id='word_1_16' title='bbox 221 329 254 350; x_wconf 91' lang='lat' dir='ltr'><strong>eo</strong></span> <span class='ocrx_word' id='word_1_17' title='bbox 276 322 322 350; x_wconf 87' lang='lat' dir='ltr'><strong>die</strong></span> <span class='ocrx_word' id='word_1_18' title='bbox 342 323 434 351; x_wconf 88' lang='lat' dir='ltr'><strong>luctus</strong></span> <span class='ocrx_word' id='word_1_19' title='bbox 450 324 544 359; x_wconf 81' lang='lat' dir='ltr'><strong>ingens</strong></span> <span class='ocrx_word' id='word_1_20' title='bbox 558 325 706 352; x_wconf 93' lang='lat' dir='ltr'><strong>amantium</strong></span> <span class='ocrx_word' id='word_1_21' title='bbox 721 325 849 360; x_wconf 78' lang='lat' dir='ltr'><strong>Joannis,</strong></span> <span class='ocrx_word' id='word_1_22' title='bbox 864 327 910 362; x_wconf 92' lang='lat' dir='ltr'><strong>qui</strong></span> 
     </span>
    </p>
   </div>
   <div class='ocr_carea' id='block_1_5' title="bbox 125 375 911 414">
    <p class='ocr_par' dir='ltr' id='par_1_5' title="bbox 125 375 911 414">
     <span class='ocr_line' id='line_1_5' title="bbox 125 375 911 414; baseline 0.005 -12"><span class='ocrx_word' id='word_1_23' title='bbox 125 377 146 403; x_wconf 77' lang='lat' dir='ltr'><strong>ei</strong></span> <span class='ocrx_word' id='word_1_24' title='bbox 161 375 346 404; x_wconf 82' lang='lat' dir='ltr'><strong>raledicebant</strong></span> <span class='ocrx_word' id='word_1_25' title='bbox 364 376 485 404; x_wconf 83' lang='lat' dir='ltr'><strong>derelicti</strong></span> <span class='ocrx_word' id='word_1_26' title='bbox 500 376 534 404; x_wconf 90' lang='lat' dir='ltr'><strong>ab</strong></span> <span class='ocrx_word' id='word_1_27' title='bbox 553 385 585 404; x_wconf 93' lang='lat' dir='ltr'><strong>eo</strong></span> <span class='ocrx_word' id='word_1_28' title='bbox 596 398 603 410; x_wconf 90' lang='lat'><strong>,</strong></span> <span class='ocrx_word' id='word_1_29' title='bbox 626 382 755 413; x_wconf 81' lang='lat' dir='ltr'><strong>tanquam</strong></span> <span class='ocrx_word' id='word_1_30' title='bbox 771 387 785 406; x_wconf 85' lang='lat' dir='ltr'><strong>a</strong></span> <span class='ocrx_word' id='word_1_31' title='bbox 801 379 911 414; x_wconf 90' lang='lat' dir='ltr'><strong>proprio</strong></span> 
     </span>
    </p>
   </div>
   <div class='ocr_carea' id='block_1_6' title="bbox 124 429 911 466">
    <p class='ocr_par' dir='ltr' id='par_1_6' title="bbox 124 429 911 466">
     <span class='ocr_line' id='line_1_6' title="bbox 124 429 911 466; baseline 0.005 -12"><span class='ocrx_word' id='word_1_32' title='bbox 124 431 225 464; x_wconf 90' lang='lat' dir='ltr'><strong>pastore</strong></span> <span class='ocrx_word' id='word_1_33' title='bbox 247 435 324 455; x_wconf 88' lang='lat' dir='ltr'><strong>oves.</strong></span> <span class='ocrx_word' id='word_1_34' title='bbox 348 429 467 464; x_wconf 85' lang='lat' dir='ltr'><strong>Populus</strong></span> <span class='ocrx_word' id='word_1_35' title='bbox 484 434 573 457; x_wconf 88' lang='lat' dir='ltr'><strong>tamen</strong></span> <span class='ocrx_word' id='word_1_36' title='bbox 593 431 713 458; x_wconf 87' lang='lat' dir='ltr'><strong>urbanus</strong></span> <span class='ocrx_word' id='word_1_37' title='bbox 727 431 827 458; x_wconf 71' lang='lat' dir='ltr'><strong>exitum</strong></span> <span class='ocrx_word' id='word_1_38' title='bbox 851 431 911 466; x_wconf 85' lang='lat' dir='ltr'><strong>ejus</strong></span> 
     </span>
    </p>
   </div>
   <div class='ocr_carea' id='block_1_7' title="bbox 123 482 911 518">
    <p class='ocr_par' dir='ltr' id='par_1_7' title="bbox 123 482 911 518">
     <span class='ocr_line' id='line_1_7' title="bbox 123 482 911 518; baseline 0.003 -10"><span class='ocrx_word' id='word_1_39' title='bbox 123 482 265 517; x_wconf 73' lang='lat' dir='ltr'><strong>ignoravit;</strong></span> <span class='ocrx_word' id='word_1_40' title='bbox 281 482 330 516; x_wconf 86' lang='lat' dir='ltr'><strong>qui</strong></span> <span class='ocrx_word' id='word_1_41' title='bbox 348 483 373 510; x_wconf 92' lang='lat' dir='ltr'><strong>si</strong></span> <span class='ocrx_word' id='word_1_42' title='bbox 389 483 559 516; x_wconf 89' lang='lat' dir='ltr'><strong>innotuisset,</strong></span> <span class='ocrx_word' id='word_1_43' title='bbox 574 483 711 518; x_wconf 79' lang='lat' dir='ltr'><strong>sanguinis</strong></span> <span class='ocrx_word' id='word_1_44' title='bbox 726 483 823 511; x_wconf 90' lang='lat' dir='ltr'><strong>effusio</strong></span> <span class='ocrx_word' id='word_1_45' title='bbox 840 483 911 511; x_wconf 90' lang='lat' dir='ltr'><strong>inter</strong></span> 
     </span>
    </p>
   </div>
   <div class='ocr_carea' id='block_1_8' title="bbox 122 534 909 564">
    <p class='ocr_par' dir='ltr' id='par_1_8' title="bbox 122 534 909 564">
     <span class='ocr_line' id='line_1_8' title="bbox 122 534 909 564; baseline 0.004 -3"><span class='ocrx_word' id='word_1_46' title='bbox 122 535 191 562; x_wconf 82' lang='lat' dir='ltr'><strong>cives</strong></span> <span class='ocrx_word' id='word_1_47' title='bbox 210 541 241 561; x_wconf 86' lang='lat' dir='ltr'><strong>ac</strong></span> <span class='ocrx_word' id='word_1_48' title='bbox 256 534 365 562; x_wconf 85' lang='lat' dir='ltr'><strong>milites</strong></span> <span class='ocrx_word' id='word_1_49' title='bbox 386 535 474 563; x_wconf 89' lang='lat' dir='ltr'><strong>futura</strong></span> <span class='ocrx_word' id='word_1_50' title='bbox 489 541 556 563; x_wconf 85' lang='lat' dir='ltr'><strong>erat.</strong></span> <span class='ocrx_word' id='word_1_51' title='bbox 581 536 686 564; x_wconf 87' lang='lat' dir='ltr'><strong>Idcirco</strong></span> <span class='ocrx_word' id='word_1_52' title='bbox 708 538 826 564; x_wconf 82' lang='lat' dir='ltr'><strong>Joannes</strong></span> <span class='ocrx_word' id='word_1_53' title='bbox 840 537 909 564; x_wconf 91' lang='lat' dir='ltr'><strong>clam</strong></span> 
     </span>
    </p>
   </div>
   <div class='ocr_carea' id='block_1_9' title="bbox 123 585 910 624">
    <p class='ocr_par' dir='ltr' id='par_1_9' title="bbox 123 585 910 624">
     <span class='ocr_line' id='line_1_9' title="bbox 123 585 910 624; baseline 0.005 -12"><span class='ocrx_word' id='word_1_54' title='bbox 123 585 216 620; x_wconf 90' lang='lat' dir='ltr'><strong>populo</strong></span> <span class='ocrx_word' id='word_1_55' title='bbox 230 593 363 621; x_wconf 82' lang='lat' dir='ltr'><strong>egressus</strong></span> <span class='ocrx_word' id='word_1_56' title='bbox 375 591 424 614; x_wconf 87' lang='lat' dir='ltr'><strong>est.</strong></span> <span class='ocrx_word' id='word_1_57' title='bbox 443 587 519 615; x_wconf 89' lang='lat' dir='ltr'><strong>Tunc</strong></span> <span class='ocrx_word' id='word_1_58' title='bbox 531 588 556 615; x_wconf 91' lang='lat' dir='ltr'><strong>ei</strong></span> <span class='ocrx_word' id='word_1_59' title='bbox 568 587 623 615; x_wconf 82' lang='lat' dir='ltr'><strong>dati</strong></span> <span class='ocrx_word' id='word_1_60' title='bbox 636 592 700 616; x_wconf 90' lang='lat' dir='ltr'><strong>sunt</strong></span> <span class='ocrx_word' id='word_1_61' title='bbox 713 589 834 616; x_wconf 77' lang='lat' dir='ltr'><strong>Thraces</strong></span> <span class='ocrx_word' id='word_1_62' title='bbox 848 589 910 624; x_wconf 89' lang='lat' dir='ltr'><strong>qni-</strong></span> 
     </span>
    </p>
   </div>
   <div class='ocr_carea' id='block_1_10' title="bbox 121 638 909 676">
    <p class='ocr_par' dir='ltr' id='par_1_10' title="bbox 121 638 909 676">
     <span class='ocr_line' id='line_1_10' title="bbox 121 638 909 676; baseline 0.003 -10"><span class='ocrx_word' id='word_1_63' title='bbox 121 639 178 666; x_wconf 84' lang='lat' dir='ltr'><strong>dam</strong></span> <span class='ocrx_word' id='word_1_64' title='bbox 194 638 375 666; x_wconf 87' lang='lat' dir='ltr'><strong>inverecundi</strong></span> <span class='ocrx_word' id='word_1_65' title='bbox 388 640 522 672; x_wconf 86' lang='lat' dir='ltr'><strong>custodes,</strong></span> <span class='ocrx_word' id='word_1_66' title='bbox 540 645 569 668; x_wconf 93' lang='lat' dir='ltr'><strong>ut</strong></span> <span class='ocrx_word' id='word_1_67' title='bbox 583 648 645 668; x_wconf 89' lang='lat' dir='ltr'><strong>eum</strong></span> <span class='ocrx_word' id='word_1_68' title='bbox 662 641 689 667; x_wconf 91' lang='lat' dir='ltr'><strong>in</strong></span> <span class='ocrx_word' id='word_1_69' title='bbox 705 641 827 668; x_wconf 82' lang='lat' dir='ltr'><strong>exsilium</strong></span> <span class='ocrx_word' id='word_1_70' title='bbox 847 649 909 676; x_wconf 90' lang='lat' dir='ltr'><strong>per-</strong></span> 
     </span>
    </p>
   </div>
   <div class='ocr_carea' id='block_1_11' title="bbox 121 691 908 729">
    <p class='ocr_par' dir='ltr' id='par_1_11' title="bbox 121 691 908 729">
     <span class='ocr_line' id='line_1_11' title="bbox 121 691 908 729; baseline 0.006 -12"><span class='ocrx_word' id='word_1_71' title='bbox 121 691 255 718; x_wconf 80' lang='lat' dir='ltr'><strong>traherent</strong></span> <span class='ocrx_word' id='word_1_72' title='bbox 266 699 273 723; x_wconf 88' lang='lat'>;</span> <span class='ocrx_word' id='word_1_73' title='bbox 283 692 332 726; x_wconf 90' lang='lat' dir='ltr'><strong>qui</strong></span> <span class='ocrx_word' id='word_1_74' title='bbox 344 692 378 720; x_wconf 90' lang='lat' dir='ltr'><strong>de</strong></span> <span class='ocrx_word' id='word_1_75' title='bbox 389 693 449 720; x_wconf 89' lang='lat' dir='ltr'><strong>loco</strong></span> <span class='ocrx_word' id='word_1_76' title='bbox 459 693 486 720; x_wconf 91' lang='lat' dir='ltr'><strong>in</strong></span> <span class='ocrx_word' id='word_1_77' title='bbox 499 693 588 721; x_wconf 90' lang='lat' dir='ltr'><strong>locum</strong></span> <span class='ocrx_word' id='word_1_78' title='bbox 600 694 747 722; x_wconf 81' lang='lat' dir='ltr'><strong>transferre</strong></span> <span class='ocrx_word' id='word_1_79' title='bbox 757 699 908 729; x_wconf 85' lang='lat' dir='ltr'><strong>cceperunt.</strong></span> 
     </span>
    </p>
   </div>
   <div class='ocr_carea' id='block_1_12' title="bbox 120 742 910 780">
    <p class='ocr_par' dir='ltr' id='par_1_12' title="bbox 120 742 910 780">
     <span class='ocr_line' id='line_1_12' title="bbox 120 742 910 780; baseline 0.005 -11"><span class='ocrx_word' id='word_1_80' title='bbox 120 742 237 777; x_wconf 87' lang='lat' dir='ltr'><strong>Cumque</strong></span> <span class='ocrx_word' id='word_1_81' title='bbox 249 743 306 778; x_wconf 86' lang='lat' dir='ltr'><strong>jam</strong></span> <span class='ocrx_word' id='word_1_82' title='bbox 318 744 355 771; x_wconf 90' lang='lat' dir='ltr'><strong>ad</strong></span> <span class='ocrx_word' id='word_1_83' title='bbox 369 744 499 779; x_wconf 84' lang='lat' dir='ltr'><strong>oppidum</strong></span> <span class='ocrx_word' id='word_1_84' title='bbox 510 745 581 780; x_wconf 91' lang='lat' dir='ltr'><strong>quod</strong></span> <span class='ocrx_word' id='word_1_85' title='bbox 594 745 693 773; x_wconf 89' lang='lat' dir='ltr'><strong>dicitur</strong></span> <span class='ocrx_word' id='word_1_86' title='bbox 703 746 825 773; x_wconf 85' lang='lat' dir='ltr'><strong>Cucusus</strong></span> <span class='ocrx_word' id='word_1_87' title='bbox 838 751 910 773; x_wconf 88' lang='lat' dir='ltr'><strong>esset</strong></span> 
     </span>
    </p>
   </div>
   <div class='ocr_carea' id='block_1_13' title="bbox 120 798 911 832">
    <p class='ocr_par' dir='ltr' id='par_1_13' title="bbox 120 798 911 832">
     <span class='ocr_line' id='line_1_13' title="bbox 120 798 911 832; baseline 0.008 -11"><span class='ocrx_word' id='word_1_88' title='bbox 120 800 307 830; x_wconf 88' lang='lat' dir='ltr'><strong>perventurus,</strong></span> <span class='ocrx_word' id='word_1_89' title='bbox 324 802 441 832; x_wconf 82' lang='lat' dir='ltr'><strong>apparet</strong></span> <span class='ocrx_word' id='word_1_90' title='bbox 451 799 475 825; x_wconf 92' lang='lat' dir='ltr'><strong>ei</strong></span> <span class='ocrx_word' id='word_1_91' title='bbox 488 798 514 824; x_wconf 93' lang='lat' dir='ltr'><strong>in</strong></span> <span class='ocrx_word' id='word_1_92' title='bbox 530 799 632 826; x_wconf 91' lang='lat' dir='ltr'><strong>somnis</strong></span> <span class='ocrx_word' id='word_1_93' title='bbox 647 803 756 826; x_wconf 88' lang='lat' dir='ltr'><strong>sanctus</strong></span> <span class='ocrx_word' id='word_1_94' title='bbox 768 799 911 827; x_wconf 89' lang='lat' dir='ltr'><strong>Basiliscus</strong></span> 
     </span>
    </p>
   </div>
   <div class='ocr_carea' id='block_1_14' title="bbox 119 847 909 884">
    <p class='ocr_par' dir='ltr' id='par_1_14' title="bbox 119 847 909 884">
     <span class='ocr_line' id='line_1_14' title="bbox 119 847 909 884; baseline 0.006 -11"><span class='ocrx_word' id='word_1_95' title='bbox 119 847 258 882; x_wconf 87' lang='lat' dir='ltr'><strong>episcopus</strong></span> <span class='ocrx_word' id='word_1_96' title='bbox 268 855 302 875; x_wconf 89' lang='lat' dir='ltr'><strong>ac</strong></span> <span class='ocrx_word' id='word_1_97' title='bbox 314 853 419 884; x_wconf 86' lang='lat' dir='ltr'><strong>martyr</strong></span> <span class='ocrx_word' id='word_1_98' title='bbox 429 849 523 877; x_wconf 85' lang='lat' dir='ltr'><strong>dicens</strong></span> <span class='ocrx_word' id='word_1_99' title='bbox 535 859 541 877; x_wconf 93' lang='lat'><strong>:</strong></span> <span class='ocrx_word' id='word_1_100' title='bbox 559 860 567 875; x_wconf 76' lang='grc' dir='ltr'>ι</span> <span class='ocrx_word' id='word_1_101' title='bbox 588 850 682 878; x_wconf 86' lang='lat' dir='ltr'><strong>Frater</strong></span> <span class='ocrx_word' id='word_1_102' title='bbox 693 851 806 884; x_wconf 83' lang='lat' dir='ltr'><strong>Joanne,</strong></span> <span class='ocrx_word' id='word_1_103' title='bbox 823 855 909 878; x_wconf 86' lang='lat' dir='ltr'><strong>macte</strong></span> 
     </span>
    </p>
   </div>
   <div class='ocr_carea' id='block_1_15' title="bbox 121 898 909 936">
    <p class='ocr_par' dir='ltr' id='par_1_15' title="bbox 121 898 909 936">
     <span class='ocr_line' id='line_1_15' title="bbox 121 898 909 936; baseline 0.009 -12"><span class='ocrx_word' id='word_1_104' title='bbox 121 898 216 930; x_wconf 90' lang='lat' dir='ltr'><strong>animo,</strong></span> <span class='ocrx_word' id='word_1_105' title='bbox 241 898 390 926; x_wconf 89' lang='lat' dir='ltr'><strong>nobiscum</strong></span> <span class='ocrx_word' id='word_1_106' title='bbox 412 901 484 928; x_wconf 91' lang='lat' dir='ltr'><strong>enim</strong></span> <span class='ocrx_word' id='word_1_107' title='bbox 507 902 631 936; x_wconf 88' lang='lat' dir='ltr'><strong>quiesces</strong></span> <span class='ocrx_word' id='word_1_108' title='bbox 646 903 673 929; x_wconf 91' lang='lat' dir='ltr'><strong>in</strong></span> <span class='ocrx_word' id='word_1_109' title='bbox 697 910 759 930; x_wconf 89' lang='lat' dir='ltr'><strong>arca</strong></span> <span class='ocrx_word' id='word_1_110' title='bbox 774 903 819 931; x_wconf 90' lang='lat' dir='ltr'><strong>ubi</strong></span> <span class='ocrx_word' id='word_1_111' title='bbox 841 911 909 931; x_wconf 69' lang='lat' dir='ltr'><strong>mete</strong></span> 
     </span>
    </p>
   </div>
   <div class='ocr_carea' id='block_1_16' title="bbox 121 949 910 990">
    <p class='ocr_par' dir='ltr' id='par_1_16' title="bbox 121 949 910 990">
     <span class='ocr_line' id='line_1_16' title="bbox 121 949 910 990; baseline 0.009 -14"><span class='ocrx_word' id='word_1_112' title='bbox 121 949 286 984; x_wconf 86' lang='lat' dir='ltr'><strong>aliorumque</strong></span> <span class='ocrx_word' id='word_1_113' title='bbox 302 955 457 987; x_wconf 85' lang='lat' dir='ltr'><strong>martyrum</strong></span> <span class='ocrx_word' id='word_1_114' title='bbox 477 953 596 988; x_wconf 70' lang='lat' dir='ltr'><strong>reliquiae</strong></span> <span class='ocrx_word' id='word_1_115' title='bbox 611 959 685 986; x_wconf 90' lang='lat' dir='ltr'><strong>sunt,</strong></span> <span class='ocrx_word' id='word_1_116' title='bbox 702 956 834 990; x_wconf 88' lang='lat' dir='ltr'><strong>Eutropii,</strong></span> <span class='ocrx_word' id='word_1_117' title='bbox 852 955 910 983; x_wconf 80' lang='lat' dir='ltr'><strong>Ru-</strong></span> 
     </span>
    </p>
   </div>
   <div class='ocr_carea' id='block_1_17' title="bbox 122 1000 911 1041">
    <p class='ocr_par' dir='ltr' id='par_1_17' title="bbox 122 1000 911 1041">
     <span class='ocr_line' id='line_1_17' title="bbox 122 1000 911 1041; baseline 0.008 -12"><span class='ocrx_word' id='word_1_118' title='bbox 122 1000 165 1029; x_wconf 89' lang='lat' dir='ltr'><strong>fini</strong></span> <span class='ocrx_word' id='word_1_119' title='bbox 182 1006 262 1037; x_wconf 88' lang='lat' dir='ltr'><strong>atque</strong></span> <span class='ocrx_word' id='word_1_120' title='bbox 276 1001 413 1030; x_wconf 89' lang='lat' dir='ltr'><strong>Colluthi.</strong></span> <span class='ocrx_word' id='word_1_121' title='bbox 434 1013 443 1029; x_wconf 75' lang='grc' dir='ltr'><strong><em>ι</em></strong></span> <span class='ocrx_word' id='word_1_122' title='bbox 460 1004 548 1040; x_wconf 83' lang='lat' dir='ltr'><strong>Atque</strong></span> <span class='ocrx_word' id='word_1_123' title='bbox 563 1005 659 1033; x_wconf 86' lang='lat' dir='ltr'><strong>eadem</strong></span> <span class='ocrx_word' id='word_1_124' title='bbox 673 1006 775 1041; x_wconf 90' lang='lat' dir='ltr'><strong>pariter</strong></span> <span class='ocrx_word' id='word_1_125' title='bbox 788 1007 855 1034; x_wconf 90' lang='lat' dir='ltr'><strong>visio</strong></span> <span class='ocrx_word' id='word_1_126' title='bbox 870 1014 911 1035; x_wconf 87' lang='lat' dir='ltr'><strong>ec-</strong></span> 
     </span>
    </p>
   </div>
   <div class='ocr_carea' id='block_1_18' title="bbox 121 1053 912 1090">
    <p class='ocr_par' dir='ltr' id='par_1_18' title="bbox 121 1053 912 1090">
     <span class='ocr_line' id='line_1_18' title="bbox 121 1053 912 1090; baseline 0.009 -10"><span class='ocrx_word' id='word_1_127' title='bbox 121 1053 204 1081; x_wconf 76' lang='lat' dir='ltr'><strong>clesia:</strong></span> <span class='ocrx_word' id='word_1_128' title='bbox 226 1055 419 1083; x_wconf 86' lang='lat' dir='ltr'><strong>mansionario</strong></span> <span class='ocrx_word' id='word_1_129' title='bbox 439 1056 528 1084; x_wconf 87' lang='lat' dir='ltr'><strong>oblata</strong></span> <span class='ocrx_word' id='word_1_130' title='bbox 550 1057 616 1090; x_wconf 80' lang='lat' dir='ltr'><strong>fuit,</strong></span> <span class='ocrx_word' id='word_1_131' title='bbox 641 1059 745 1086; x_wconf 87' lang='lat' dir='ltr'><strong>scilicet</strong></span> <span class='ocrx_word' id='word_1_132' title='bbox 764 1068 770 1085; x_wconf 85' lang='lat'><strong>:</strong></span> <span class='ocrx_word' id='word_1_133' title='bbox 790 1069 799 1084; x_wconf 74' lang='grc' dir='ltr'><strong><em>ι</em></strong></span> <span class='ocrx_word' id='word_1_134' title='bbox 817 1059 912 1087; x_wconf 82' lang='lat' dir='ltr'><strong>Frater</strong></span> 
     </span>
    </p>
   </div>
   <div class='ocr_carea' id='block_1_19' title="bbox 121 1104 911 1148">
    <p class='ocr_par' dir='ltr' id='par_1_19' title="bbox 121 1104 911 1148">
     <span class='ocr_line' id='line_1_19' title="bbox 121 1104 911 1148; baseline 0.011 -16"><span class='ocrx_word' id='word_1_135' title='bbox 121 1104 242 1138; x_wconf 80' lang='lat' dir='ltr'><strong>Joannes,</strong></span> <span class='ocrx_word' id='word_1_136' title='bbox 258 1106 307 1141; x_wconf 80' lang='lat' dir='ltr'><strong>qui</strong></span> <span class='ocrx_word' id='word_1_137' title='bbox 324 1108 382 1135; x_wconf 91' lang='lat' dir='ltr'><strong>huc</strong></span> <span class='ocrx_word' id='word_1_138' title='bbox 401 1107 520 1141; x_wconf 82' lang='lat' dir='ltr'><strong>advenit,</strong></span> <span class='ocrx_word' id='word_1_139' title='bbox 535 1109 568 1136; x_wconf 87' lang='lat' dir='ltr'><strong>ad</strong></span> <span class='ocrx_word' id='word_1_140' title='bbox 588 1109 732 1138; x_wconf 89' lang='lat' dir='ltr'><strong>Dominum</strong></span> <span class='ocrx_word' id='word_1_141' title='bbox 748 1112 911 1148; x_wconf 80' lang='lat' dir='ltr'><strong>migraturus</strong></span> 
     </span>
    </p>
   </div>
   <div class='ocr_carea' id='block_1_20' title="bbox 122 1160 912 1200">
    <p class='ocr_par' dir='ltr' id='par_1_20' title="bbox 122 1160 912 1200">
     <span class='ocr_line' id='line_1_20' title="bbox 122 1160 912 1200; baseline 0.014 -18"><span class='ocrx_word' id='word_1_142' title='bbox 122 1160 160 1182; x_wconf 79' lang='lat' dir='ltr'><strong>est</strong></span> <span class='ocrx_word' id='word_1_143' title='bbox 180 1165 186 1182; x_wconf 89' lang='lat'><strong>:</strong></span> <span class='ocrx_word' id='word_1_144' title='bbox 212 1160 239 1184; x_wconf 91' lang='lat' dir='ltr'><strong>tu</strong></span> <span class='ocrx_word' id='word_1_145' title='bbox 265 1164 336 1185; x_wconf 91' lang='lat' dir='ltr'><strong>vero</strong></span> <span class='ocrx_word' id='word_1_146' title='bbox 355 1160 545 1194; x_wconf 87' lang='lat' dir='ltr'><strong>corpusculum</strong></span> <span class='ocrx_word' id='word_1_147' title='bbox 566 1161 626 1196; x_wconf 83' lang='lat' dir='ltr'><strong>ejus</strong></span> <span class='ocrx_word' id='word_1_148' title='bbox 649 1163 788 1190; x_wconf 88' lang='lat' dir='ltr'><strong>nobiscum</strong></span> <span class='ocrx_word' id='word_1_149' title='bbox 809 1173 912 1200; x_wconf 88' lang='lat' dir='ltr'><strong>ponere</strong></span> 
     </span>
    </p>
   </div>
   <div class='ocr_carea' id='block_1_21' title="bbox 123 1206 911 1252">
    <p class='ocr_par' dir='ltr' id='par_1_21' title="bbox 123 1206 911 1252">
     <span class='ocr_line' id='line_1_21' title="bbox 123 1206 911 1252; baseline 0.014 -19"><span class='ocrx_word' id='word_1_150' title='bbox 123 1206 193 1234; x_wconf 80' lang='lat' dir='ltr'><strong>velis.</strong></span> <span class='ocrx_word' id='word_1_151' title='bbox 212 1217 221 1233; x_wconf 78' lang='grc' dir='ltr'><strong><em>ι</em></strong></span> <span class='ocrx_word' id='word_1_152' title='bbox 237 1207 363 1236; x_wconf 86' lang='lat' dir='ltr'><strong>Ventum</strong></span> <span class='ocrx_word' id='word_1_153' title='bbox 378 1218 443 1246; x_wconf 88' lang='lat' dir='ltr'><strong>ergo</strong></span> <span class='ocrx_word' id='word_1_154' title='bbox 459 1216 502 1238; x_wconf 92' lang='lat' dir='ltr'><strong>est</strong></span> <span class='ocrx_word' id='word_1_155' title='bbox 515 1212 548 1239; x_wconf 90' lang='lat' dir='ltr'><strong>ad</strong></span> <span class='ocrx_word' id='word_1_156' title='bbox 560 1212 648 1240; x_wconf 90' lang='lat' dir='ltr'><strong>locum</strong></span> <span class='ocrx_word' id='word_1_157' title='bbox 665 1214 710 1241; x_wconf 88' lang='lat' dir='ltr'><strong>ubi</strong></span> <span class='ocrx_word' id='word_1_158' title='bbox 726 1220 857 1251; x_wconf 77' lang='lat' dir='ltr'><strong>martyres</strong></span> <span class='ocrx_word' id='word_1_159' title='bbox 868 1216 911 1252; x_wconf 86' lang='lat' dir='ltr'><strong>ja-</strong></span> 
     </span>
    </p>
   </div>
   <div class='ocr_carea' id='block_1_22' title="bbox 123 1259 912 1304">
    <p class='ocr_par' dir='ltr' id='par_1_22' title="bbox 123 1259 912 1304">
     <span class='ocr_line' id='line_1_22' title="bbox 123 1259 912 1304; baseline 0.014 -19"><span class='ocrx_word' id='word_1_160' title='bbox 123 1259 214 1286; x_wconf 84' lang='lat' dir='ltr'><strong>cebant</strong></span> <span class='ocrx_word' id='word_1_161' title='bbox 229 1269 236 1286; x_wconf 87' lang='lat'><em>:</em></span> <span class='ocrx_word' id='word_1_162' title='bbox 253 1261 419 1297; x_wconf 76' lang='lat' dir='ltr'><strong>rogavitque</strong></span> <span class='ocrx_word' id='word_1_163' title='bbox 440 1263 559 1292; x_wconf 79' lang='lat' dir='ltr'><strong>Joannes</strong></span> <span class='ocrx_word' id='word_1_164' title='bbox 573 1265 715 1299; x_wconf 86' lang='lat' dir='ltr'><strong>custodes,</strong></span> <span class='ocrx_word' id='word_1_165' title='bbox 730 1271 761 1294; x_wconf 95' lang='lat' dir='ltr'><strong>ut</strong></span> <span class='ocrx_word' id='word_1_166' title='bbox 777 1275 806 1295; x_wconf 91' lang='lat' dir='ltr'><strong>se</strong></span> <span class='ocrx_word' id='word_1_167' title='bbox 825 1276 912 1304; x_wconf 80' lang='lat' dir='ltr'><strong>usque</strong></span> 
     </span>
    </p>
   </div>
   <div class='ocr_carea' id='block_1_23' title="bbox 124 1310 912 1353">
    <p class='ocr_par' dir='ltr' id='par_1_23' title="bbox 124 1310 912 1353">
     <span class='ocr_line' id='line_1_23' title="bbox 124 1310 912 1353; baseline 0.014 -16"><span class='ocrx_word' id='word_1_168' title='bbox 124 1310 155 1338; x_wconf 80' lang='lat' dir='ltr'><strong>ad</strong></span> <span class='ocrx_word' id='word_1_169' title='bbox 171 1311 262 1339; x_wconf 88' lang='lat' dir='ltr'><strong>horam</strong></span> <span class='ocrx_word' id='word_1_170' title='bbox 275 1313 406 1347; x_wconf 86' lang='lat' dir='ltr'><strong>quintam</strong></span> <span class='ocrx_word' id='word_1_171' title='bbox 422 1315 569 1343; x_wconf 87' lang='lat' dir='ltr'><strong>subsistere</strong></span> <span class='ocrx_word' id='word_1_172' title='bbox 586 1317 725 1350; x_wconf 83' lang='lat' dir='ltr'><strong>sinerent;</strong></span> <span class='ocrx_word' id='word_1_173' title='bbox 741 1326 856 1353; x_wconf 90' lang='lat' dir='ltr'><strong>quorum</strong></span> <span class='ocrx_word' id='word_1_174' title='bbox 871 1321 912 1348; x_wconf 85' lang='lat' dir='ltr'><strong>al—</strong></span> 
     </span>
    </p>
   </div>
   <div class='ocr_carea' id='block_1_24' title="bbox 124 1364 913 1401">
    <p class='ocr_par' dir='ltr' id='par_1_24' title="bbox 124 1364 913 1401">
     <span class='ocr_line' id='line_1_24' title="bbox 124 1364 913 1401; baseline 0.014 -11"><span class='ocrx_word' id='word_1_175' title='bbox 124 1368 163 1391; x_wconf 87' lang='lat' dir='ltr'><strong>ter</strong></span> <span class='ocrx_word' id='word_1_176' title='bbox 181 1364 288 1399; x_wconf 84' lang='lat' dir='ltr'><strong>quidem</strong></span> <span class='ocrx_word' id='word_1_177' title='bbox 311 1366 439 1399; x_wconf 88' lang='lat' dir='ltr'><strong>volebat,</strong></span> <span class='ocrx_word' id='word_1_178' title='bbox 461 1367 528 1395; x_wconf 89' lang='lat' dir='ltr'><strong>alter</strong></span> <span class='ocrx_word' id='word_1_179' title='bbox 542 1373 632 1397; x_wconf 91' lang='lat' dir='ltr'><strong>autem</strong></span> <span class='ocrx_word' id='word_1_180' title='bbox 659 1370 754 1399; x_wconf 85' lang='lat' dir='ltr'><strong>immiti</strong></span> <span class='ocrx_word' id='word_1_181' title='bbox 774 1373 865 1400; x_wconf 88' lang='lat' dir='ltr'><strong>animo</strong></span> <span class='ocrx_word' id='word_1_182' title='bbox 881 1382 913 1401; x_wconf 88' lang='lat' dir='ltr'><strong>ac</strong></span> 
     </span>
    </p>
   </div>
   <div class='ocr_carea' id='block_1_25' title="bbox 125 1416 912 1458">
    <p class='ocr_par' dir='ltr' id='par_1_25' title="bbox 125 1416 912 1458">
     <span class='ocr_line' id='line_1_25' title="bbox 125 1416 912 1458; baseline 0.014 -17"><span class='ocrx_word' id='word_1_183' title='bbox 125 1422 194 1442; x_wconf 86' lang='lat' dir='ltr'><strong>more</strong></span> <span class='ocrx_word' id='word_1_184' title='bbox 214 1416 361 1444; x_wconf 88' lang='lat' dir='ltr'><strong>renuebat.</strong></span> <span class='ocrx_word' id='word_1_185' title='bbox 381 1417 449 1453; x_wconf 89' lang='lat' dir='ltr'><strong>lpsis</strong></span> <span class='ocrx_word' id='word_1_186' title='bbox 462 1418 544 1454; x_wconf 80' lang='lat' dir='ltr'><strong>igitur</strong></span> <span class='ocrx_word' id='word_1_187' title='bbox 563 1428 647 1456; x_wconf 88' lang='lat' dir='ltr'><strong>usque</strong></span> <span class='ocrx_word' id='word_1_188' title='bbox 660 1422 693 1449; x_wconf 87' lang='lat' dir='ltr'><strong>ad</strong></span> <span class='ocrx_word' id='word_1_189' title='bbox 705 1423 850 1458; x_wconf 87' lang='lat' dir='ltr'><strong>quemdam</strong></span> <span class='ocrx_word' id='word_1_190' title='bbox 872 1425 912 1452; x_wconf 86' lang='lat' dir='ltr'><strong>lo-</strong></span> 
     </span>
    </p>
   </div>
   <div class='ocr_carea' id='block_1_26' title="bbox 125 1467 912 1511">
    <p class='ocr_par' dir='ltr' id='par_1_26' title="bbox 125 1467 912 1511">
     <span class='ocr_line' id='line_1_26' title="bbox 125 1467 912 1511; baseline 0.014 -18"><span class='ocrx_word' id='word_1_191' title='bbox 125 1474 183 1494; x_wconf 90' lang='lat' dir='ltr'><strong>cum</strong></span> <span class='ocrx_word' id='word_1_192' title='bbox 196 1467 247 1495; x_wconf 90' lang='lat' dir='ltr'><strong>iter</strong></span> <span class='ocrx_word' id='word_1_193' title='bbox 262 1471 506 1504; x_wconf 82' lang='lat' dir='ltr'><strong>prosequentibus,</strong></span> <span class='ocrx_word' id='word_1_194' title='bbox 523 1480 618 1508; x_wconf 87' lang='lat' dir='ltr'><strong>magna</strong></span> <span class='ocrx_word' id='word_1_195' title='bbox 638 1473 727 1508; x_wconf 91' lang='lat' dir='ltr'><strong>pluvia</strong></span> <span class='ocrx_word' id='word_1_196' title='bbox 748 1475 861 1511; x_wconf 79' lang='lat' dir='ltr'><strong>ingruit,</strong></span> <span class='ocrx_word' id='word_1_197' title='bbox 876 1476 912 1504; x_wconf 87' lang='lat' dir='ltr'><strong>ita</strong></span> 
     </span>
    </p>
   </div>
   <div class='ocr_carea' id='block_1_27' title="bbox 127 1520 913 1562">
    <p class='ocr_par' dir='ltr' id='par_1_27' title="bbox 127 1520 913 1562">
     <span class='ocr_line' id='line_1_27' title="bbox 127 1520 913 1562; baseline 0.011 -16"><span class='ocrx_word' id='word_1_198' title='bbox 127 1524 153 1546; x_wconf 91' lang='lat' dir='ltr'><strong>ut</strong></span> <span class='ocrx_word' id='word_1_199' title='bbox 165 1520 288 1555; x_wconf 73' lang='lat' dir='ltr'><strong>progredi</strong></span> <span class='ocrx_word' id='word_1_200' title='bbox 299 1527 485 1556; x_wconf 87' lang='lat' dir='ltr'><strong>nequeuntes,</strong></span> <span class='ocrx_word' id='word_1_201' title='bbox 501 1524 534 1551; x_wconf 86' lang='lat' dir='ltr'><strong>ad</strong></span> <span class='ocrx_word' id='word_1_202' title='bbox 551 1525 694 1553; x_wconf 88' lang='lat' dir='ltr'><strong>stationem</strong></span> <span class='ocrx_word' id='word_1_203' title='bbox 709 1531 855 1562; x_wconf 88' lang='lat' dir='ltr'><strong>martyrum</strong></span> <span class='ocrx_word' id='word_1_204' title='bbox 869 1528 913 1555; x_wconf 87' lang='lat' dir='ltr'><strong>in-</strong></span> 
     </span>
    </p>
   </div>
   <div class='ocr_carea' id='block_1_28' title="bbox 125 1570 913 1613">
    <p class='ocr_par' dir='ltr' id='par_1_28' title="bbox 125 1570 913 1613">
     <span class='ocr_line' id='line_1_28' title="bbox 125 1570 913 1613; baseline 0.013 -16"><span class='ocrx_word' id='word_1_205' title='bbox 125 1570 168 1598; x_wconf 84' lang='lat' dir='ltr'><strong>viti</strong></span> <span class='ocrx_word' id='word_1_206' title='bbox 176 1576 394 1601; x_wconf 74' lang='lat' dir='ltr'><strong>reverterentur.</strong></span> <span class='ocrx_word' id='word_1_207' title='bbox 407 1573 557 1610; x_wconf 85' lang='lat' dir='ltr'><strong>Statimque</strong></span> <span class='ocrx_word' id='word_1_208' title='bbox 570 1575 690 1605; x_wconf 86' lang='lat' dir='ltr'><strong>Joannes</strong></span> <span class='ocrx_word' id='word_1_209' title='bbox 699 1579 814 1613; x_wconf 84' lang='lat' dir='ltr'><strong>sumptis</strong></span> <span class='ocrx_word' id='word_1_210' title='bbox 828 1587 913 1607; x_wconf 72' lang='lat' dir='ltr'><strong>sacrm</strong></span> 
     </span>
    </p>
   </div>
   <div class='ocr_carea' id='block_1_29' title="bbox 125 1622 913 1665">
    <p class='ocr_par' dir='ltr' id='par_1_29' title="bbox 125 1622 913 1665">
     <span class='ocr_line' id='line_1_29' title="bbox 125 1622 913 1665; baseline 0.013 -16"><span class='ocrx_word' id='word_1_211' title='bbox 125 1622 233 1658; x_wconf 65' lang='lat' dir='ltr'><strong>liturgiaa</strong></span> <span class='ocrx_word' id='word_1_212' title='bbox 246 1624 437 1658; x_wconf 87' lang='lat' dir='ltr'><strong>vestimentis,</strong></span> <span class='ocrx_word' id='word_1_213' title='bbox 452 1631 480 1654; x_wconf 91' lang='lat' dir='ltr'><strong>et</strong></span> <span class='ocrx_word' id='word_1_214' title='bbox 497 1627 595 1656; x_wconf 89' lang='lat' dir='ltr'><strong>divinis</strong></span> <span class='ocrx_word' id='word_1_215' title='bbox 610 1630 744 1665; x_wconf 86' lang='lat' dir='ltr'><strong>mysteriis</strong></span> <span class='ocrx_word' id='word_1_216' title='bbox 759 1632 913 1659; x_wconf 87' lang='lat' dir='ltr'><strong>communi-</strong></span> 
     </span>
    </p>
   </div>
   <div class='ocr_carea' id='block_1_30' title="bbox 126 1675 912 1717">
    <p class='ocr_par' dir='ltr' id='par_1_30' title="bbox 126 1675 912 1717">
     <span class='ocr_line' id='line_1_30' title="bbox 126 1675 912 1717; baseline 0.014 -16"><span class='ocrx_word' id='word_1_217' title='bbox 126 1681 194 1707; x_wconf 83' lang='lat' dir='ltr'><strong>cans,</strong></span> <span class='ocrx_word' id='word_1_218' title='bbox 207 1675 277 1712; x_wconf 85' lang='lat' dir='ltr'><strong>largi</strong></span> <span class='ocrx_word' id='word_1_219' title='bbox 283 1680 381 1712; x_wconf 88' lang='lat' dir='ltr'><strong>tusque</strong></span> <span class='ocrx_word' id='word_1_220' title='bbox 395 1678 593 1708; x_wconf 85' lang='lat' dir='ltr'><strong>benedictionis</strong></span> <span class='ocrx_word' id='word_1_221' title='bbox 605 1681 665 1709; x_wconf 89' lang='lat' dir='ltr'><strong>loco</strong></span> <span class='ocrx_word' id='word_1_222' title='bbox 679 1683 809 1717; x_wconf 89' lang='lat' dir='ltr'><strong>quidquid</strong></span> <span class='ocrx_word' id='word_1_223' title='bbox 821 1691 912 1711; x_wconf 87' lang='lat' dir='ltr'><strong>secum</strong></span> 
     </span>
    </p>
   </div>
   <div class='ocr_carea' id='block_1_31' title="bbox 127 1725 913 1767">
    <p class='ocr_par' dir='ltr' id='par_1_31' title="bbox 127 1725 913 1767">
     <span class='ocr_line' id='line_1_31' title="bbox 127 1725 913 1767; baseline 0.013 -14"><span class='ocrx_word' id='word_1_224' title='bbox 127 1725 223 1755; x_wconf 87' lang='lat' dir='ltr'><strong>ferebat</strong></span> <span class='ocrx_word' id='word_1_225' title='bbox 233 1729 404 1762; x_wconf 72' lang='lat' dir='ltr'><strong>astantibus,</strong></span> <span class='ocrx_word' id='word_1_226' title='bbox 418 1730 510 1766; x_wconf 89' lang='lat' dir='ltr'><strong>eisque</strong></span> <span class='ocrx_word' id='word_1_227' title='bbox 521 1732 683 1767; x_wconf 83' lang='lat' dir='ltr'><strong>valedicens,</strong></span> <span class='ocrx_word' id='word_1_228' title='bbox 696 1742 770 1762; x_wconf 91' lang='lat' dir='ltr'><strong>more</strong></span> <span class='ocrx_word' id='word_1_229' title='bbox 785 1735 834 1763; x_wconf 87' lang='lat' dir='ltr'><strong>sibi</strong></span> <span class='ocrx_word' id='word_1_230' title='bbox 849 1744 913 1763; x_wconf 93' lang='lat' dir='ltr'><strong>con-</strong></span> 
     </span>
    </p>
   </div>
   <div class='ocr_carea' id='block_1_32' title="bbox 129 1781 913 1823">
    <p class='ocr_par' dir='ltr' id='par_1_32' title="bbox 129 1781 913 1823">
     <span class='ocr_line' id='line_1_32' title="bbox 129 1781 913 1823; baseline 0.013 -17"><span class='ocrx_word' id='word_1_231' title='bbox 129 1784 201 1807; x_wconf 75' lang='lat' dir='ltr'><strong>sueto</strong></span> <span class='ocrx_word' id='word_1_232' title='bbox 211 1781 304 1808; x_wconf 71' lang='lat' dir='ltr'><strong>dixit:</strong></span> <span class='ocrx_word' id='word_1_233' title='bbox 325 1792 334 1808; x_wconf 76' lang='grc' dir='ltr'><strong>ε</strong></span> <span class='ocrx_word' id='word_1_234' title='bbox 356 1782 446 1810; x_wconf 88' lang='lat' dir='ltr'><strong>Gloria</strong></span> <span class='ocrx_word' id='word_1_235' title='bbox 467 1783 522 1812; x_wconf 89' lang='lat' dir='ltr'><strong>Deo</strong></span> <span class='ocrx_word' id='word_1_236' title='bbox 540 1789 651 1820; x_wconf 87' lang='lat' dir='ltr'><strong>propter</strong></span> <span class='ocrx_word' id='word_1_237' title='bbox 675 1787 784 1819; x_wconf 87' lang='lat' dir='ltr'><strong>omnia;</strong></span> <span class='ocrx_word' id='word_1_238' title='bbox 803 1796 812 1812; x_wconf 83' lang='grc'><strong>›</strong></span> <span class='ocrx_word' id='word_1_239' title='bbox 830 1795 913 1823; x_wconf 85' lang='lat' dir='ltr'><strong>seque</strong></span> 
     </span>
    </p>
   </div>
   <div class='ocr_carea' id='block_1_33' title="bbox 131 1832 912 1875">
    <p class='ocr_par' dir='ltr' id='par_1_33' title="bbox 131 1832 912 1875">
     <span class='ocr_line' id='line_1_33' title="bbox 131 1832 912 1875; baseline 0.01 -15"><span class='ocrx_word' id='word_1_240' title='bbox 131 1832 281 1866; x_wconf 84' lang='lat' dir='ltr'><strong>reclinans,</strong></span> <span class='ocrx_word' id='word_1_241' title='bbox 304 1834 413 1863; x_wconf 87' lang='lat' dir='ltr'><strong>Christo</strong></span> <span class='ocrx_word' id='word_1_242' title='bbox 438 1836 494 1864; x_wconf 87' lang='lat' dir='ltr'><strong>Deo</strong></span> <span class='ocrx_word' id='word_1_243' title='bbox 517 1842 612 1865; x_wconf 88' lang='lat' dir='ltr'><strong>nostro</strong></span> <span class='ocrx_word' id='word_1_244' title='bbox 639 1838 764 1874; x_wconf 89' lang='lat' dir='ltr'><strong>spiritum</strong></span> <span class='ocrx_word' id='word_1_245' title='bbox 787 1840 912 1875; x_wconf 84' lang='lat' dir='ltr'><strong>tradidit,</strong></span> 
     </span>
    </p>
   </div>
   <div class='ocr_carea' id='block_1_34' title="bbox 128 1885 914 1928">
    <p class='ocr_par' dir='ltr' id='par_1_34' title="bbox 128 1885 914 1928">
     <span class='ocr_line' id='line_1_34' title="bbox 128 1885 914 1928; baseline 0.011 -16"><span class='ocrx_word' id='word_1_246' title='bbox 128 1885 221 1914; x_wconf 78' lang='lat' dir='ltr'><strong>sanctis</strong></span> <span class='ocrx_word' id='word_1_247' title='bbox 235 1894 350 1922; x_wconf 88' lang='lat' dir='ltr'><strong>quoque</strong></span> <span class='ocrx_word' id='word_1_248' title='bbox 364 1888 527 1923; x_wconf 86' lang='lat' dir='ltr'><strong>martyribus</strong></span> <span class='ocrx_word' id='word_1_249' title='bbox 539 1890 676 1923; x_wconf 84' lang='lat' dir='ltr'><strong>salutatis,</strong></span> <span class='ocrx_word' id='word_1_250' title='bbox 690 1899 752 1919; x_wconf 90' lang='lat' dir='ltr'><strong>cum</strong></span> <span class='ocrx_word' id='word_1_251' title='bbox 768 1892 854 1928; x_wconf 88' lang='lat' dir='ltr'><strong>iisque</strong></span> <span class='ocrx_word' id='word_1_252' title='bbox 870 1893 914 1921; x_wconf 89' lang='lat' dir='ltr'><strong>die</strong></span> 
     </span>
    </p>
   </div>
   <div class='ocr_carea' id='block_1_35' title="bbox 128 1936 915 1973">
    <p class='ocr_par' dir='ltr' id='par_1_35' title="bbox 128 1936 915 1973">
     <span class='ocr_line' id='line_1_35' title="bbox 128 1936 915 1973; baseline 0.011 -10"><span class='ocrx_word' id='word_1_253' title='bbox 128 1936 216 1964; x_wconf 81' lang='lat' dir='ltr'><strong>eadem</strong></span> <span class='ocrx_word' id='word_1_254' title='bbox 232 1938 379 1973; x_wconf 84' lang='lat' dir='ltr'><strong>sepelitur,</strong></span> <span class='ocrx_word' id='word_1_255' title='bbox 399 1939 484 1966; x_wconf 90' lang='lat' dir='ltr'><strong>multa</strong></span> <span class='ocrx_word' id='word_1_256' title='bbox 498 1940 532 1968; x_wconf 84' lang='lat' dir='ltr'><strong>ab</strong></span> <span class='ocrx_word' id='word_1_257' title='bbox 553 1941 709 1970; x_wconf 87' lang='lat' dir='ltr'><strong>inhumanis</strong></span> <span class='ocrx_word' id='word_1_258' title='bbox 730 1943 781 1971; x_wconf 86' lang='lat' dir='ltr'><strong>illis</strong></span> <span class='ocrx_word' id='word_1_259' title='bbox 798 1944 915 1972; x_wconf 82' lang='lat' dir='ltr'><strong>homini-</strong></span> 
     </span>
    </p>
   </div>
   <div class='ocr_carea' id='block_1_36' title="bbox 128 1987 913 2029">
    <p class='ocr_par' dir='ltr' id='par_1_36' title="bbox 128 1987 913 2029">
     <span class='ocr_line' id='line_1_36' title="bbox 128 1987 913 2029; baseline 0.013 -15"><span class='ocrx_word' id='word_1_260' title='bbox 128 1987 175 2015; x_wconf 88' lang='lat' dir='ltr'><strong>bus</strong></span> <span class='ocrx_word' id='word_1_261' title='bbox 196 1996 307 2024; x_wconf 84' lang='lat' dir='ltr'><strong>passus.</strong></span> <span class='ocrx_word' id='word_1_262' title='bbox 332 1989 378 2018; x_wconf 91' lang='lat' dir='ltr'><strong>Sic</strong></span> <span class='ocrx_word' id='word_1_263' title='bbox 393 1991 466 2019; x_wconf 90' lang='lat' dir='ltr'><strong>enim</strong></span> <span class='ocrx_word' id='word_1_264' title='bbox 488 1993 619 2021; x_wconf 89' lang='lat' dir='ltr'><strong>militibus</strong></span> <span class='ocrx_word' id='word_1_265' title='bbox 639 1994 705 2029; x_wconf 90' lang='lat' dir='ltr'><strong>ipsis</strong></span> <span class='ocrx_word' id='word_1_266' title='bbox 725 1995 913 2024; x_wconf 88' lang='lat' dir='ltr'><strong>denuntiatum</strong></span> 
     </span>
    </p>
   </div>
   <div class='ocr_carea' id='block_1_37' title="bbox 128 2039 913 2079">
    <p class='ocr_par' dir='ltr' id='par_1_37' title="bbox 128 2039 913 2079">
     <span class='ocr_line' id='line_1_37' title="bbox 128 2039 913 2079; baseline 0.014 -13"><span class='ocrx_word' id='word_1_267' title='bbox 128 2039 220 2073; x_wconf 83' lang='lat' dir='ltr'><strong>fuerat,</strong></span> <span class='ocrx_word' id='word_1_268' title='bbox 235 2048 341 2077; x_wconf 87' lang='lat' dir='ltr'><strong>nempe</strong></span> <span class='ocrx_word' id='word_1_269' title='bbox 355 2043 428 2077; x_wconf 91' lang='lat' dir='ltr'><strong>quod</strong></span> <span class='ocrx_word' id='word_1_270' title='bbox 446 2043 467 2070; x_wconf 89' lang='lat' dir='ltr'><strong>si</strong></span> <span class='ocrx_word' id='word_1_271' title='bbox 478 2043 522 2071; x_wconf 90' lang='lat' dir='ltr'><strong>ille</strong></span> <span class='ocrx_word' id='word_1_272' title='bbox 536 2045 652 2079; x_wconf 90' lang='lat' dir='ltr'><strong>pessime</strong></span> <span class='ocrx_word' id='word_1_273' title='bbox 664 2046 698 2073; x_wconf 90' lang='lat' dir='ltr'><strong>ab</strong></span> <span class='ocrx_word' id='word_1_274' title='bbox 712 2046 744 2074; x_wconf 87' lang='lat' dir='ltr'><strong>iis</strong></span> <span class='ocrx_word' id='word_1_275' title='bbox 756 2047 870 2075; x_wconf 82' lang='lat' dir='ltr'><strong>affectus</strong></span> <span class='ocrx_word' id='word_1_276' title='bbox 881 2057 913 2077; x_wconf 84' lang='lat' dir='ltr'><strong>ex</strong></span> 
     </span>
    </p>
   </div>
   <div class='ocr_carea' id='block_1_38' title="bbox 129 2095 912 2136">
    <p class='ocr_par' dir='ltr' id='par_1_38' title="bbox 129 2095 912 2136">
     <span class='ocr_line' id='line_1_38' title="bbox 129 2095 912 2136; baseline 0.011 -16"><span class='ocrx_word' id='word_1_277' title='bbox 129 2100 244 2125; x_wconf 64' lang='lat' dir='ltr'><strong>zrumna</strong></span> <span class='ocrx_word' id='word_1_278' title='bbox 257 2099 422 2128; x_wconf 82' lang='lat' dir='ltr'><strong>moreretur,</strong></span> <span class='ocrx_word' id='word_1_279' title='bbox 442 2095 525 2123; x_wconf 89' lang='lat' dir='ltr'><strong>multa</strong></span> <span class='ocrx_word' id='word_1_280' title='bbox 538 2096 627 2124; x_wconf 80' lang='lat' dir='ltr'><strong>forent</strong></span> <span class='ocrx_word' id='word_1_281' title='bbox 638 2105 749 2126; x_wconf 91' lang='lat' dir='ltr'><strong>munera</strong></span> <span class='ocrx_word' id='word_1_282' title='bbox 765 2102 912 2136; x_wconf 78' lang='lat' dir='ltr'><strong>accepturi.</strong></span> 
     </span>
    </p>
   </div>
   <div class='ocr_carea' id='block_1_39' title="bbox 159 2145 914 2183">
    <p class='ocr_par' dir='ltr' id='par_1_39' title="bbox 159 2145 914 2183">
     <span class='ocr_line' id='line_1_39' title="bbox 159 2145 914 2183; baseline 0.012 -11"><span class='ocrx_word' id='word_1_283' title='bbox 159 2145 200 2172; x_wconf 70' lang='lat'><strong>26.</strong></span> <span class='ocrx_word' id='word_1_284' title='bbox 214 2146 288 2174; x_wconf 85' lang='lat' dir='ltr'><strong>Ecce</strong></span> <span class='ocrx_word' id='word_1_285' title='bbox 303 2151 394 2180; x_wconf 81' lang='lat' dir='ltr'><strong>autem</strong></span> <span class='ocrx_word' id='word_1_286' title='bbox 408 2147 515 2183; x_wconf 89' lang='lat' dir='ltr'><strong>quidam</strong></span> <span class='ocrx_word' id='word_1_287' title='bbox 529 2149 561 2176; x_wconf 92' lang='lat' dir='ltr'><strong>de</strong></span> <span class='ocrx_word' id='word_1_288' title='bbox 575 2148 687 2177; x_wconf 91' lang='lat' dir='ltr'><strong>Joannis</strong></span> <span class='ocrx_word' id='word_1_289' title='bbox 697 2151 790 2179; x_wconf 89' lang='lat' dir='ltr'><strong>amicis</strong></span> <span class='ocrx_word' id='word_1_290' title='bbox 800 2152 914 2181; x_wconf 82' lang='lat' dir='ltr'><strong>Romam</strong></span> 
     </span>
    </p>
   </div>
   <div class='ocr_carea' id='block_1_40' title="bbox 130 2197 912 2239">
    <p class='ocr_par' dir='ltr' id='par_1_40' title="bbox 130 2197 912 2239">
     <span class='ocr_line' id='line_1_40' title="bbox 130 2197 912 2239; baseline 0.013 -16"><span class='ocrx_word' id='word_1_291' title='bbox 130 2197 248 2230; x_wconf 87' lang='lat' dir='ltr'><strong>profecti,</strong></span> <span class='ocrx_word' id='word_1_292' title='bbox 266 2203 366 2226; x_wconf 86' lang='lat' dir='ltr'><strong>cuncta</strong></span> <span class='ocrx_word' id='word_1_293' title='bbox 377 2199 434 2226; x_wconf 61' lang='lat' dir='ltr'><strong>haec</strong></span> <span class='ocrx_word' id='word_1_294' title='bbox 447 2199 604 2229; x_wconf 84' lang='lat' dir='ltr'><strong>Innocentio</strong></span> <span class='ocrx_word' id='word_1_295' title='bbox 614 2209 690 2237; x_wconf 64' lang='lat' dir='ltr'><strong>papae</strong></span> <span class='ocrx_word' id='word_1_296' title='bbox 705 2204 912 2239; x_wconf 87' lang='lat' dir='ltr'><strong>nuntiaverunt,</strong></span> 
     </span>
    </p>
   </div>
   <div class='ocr_carea' id='block_1_41' title="bbox 130 2249 914 2292">
    <p class='ocr_par' dir='ltr' id='par_1_41' title="bbox 130 2249 914 2292">
     <span class='ocr_line' id='line_1_41' title="bbox 130 2249 914 2292; baseline 0.013 -16"><span class='ocrx_word' id='word_1_297' title='bbox 130 2249 170 2283; x_wconf 80' lang='lat' dir='ltr'><strong>qui</strong></span> <span class='ocrx_word' id='word_1_298' title='bbox 183 2250 220 2277; x_wconf 87' lang='lat' dir='ltr'><strong>ira</strong></span> <span class='ocrx_word' id='word_1_299' title='bbox 235 2255 350 2286; x_wconf 77' lang='lat' dir='ltr'><strong>propter</strong></span> <span class='ocrx_word' id='word_1_300' title='bbox 363 2251 495 2281; x_wconf 84' lang='lat' dir='ltr'><strong>Joannem</strong></span> <span class='ocrx_word' id='word_1_301' title='bbox 506 2253 582 2282; x_wconf 80' lang='lat' dir='ltr'><strong>valde</strong></span> <span class='ocrx_word' id='word_1_302' title='bbox 595 2260 756 2289; x_wconf 86' lang='lat' dir='ltr'><strong>commotus,</strong></span> <span class='ocrx_word' id='word_1_303' title='bbox 767 2261 795 2284; x_wconf 88' lang='lat' dir='ltr'><strong>et</strong></span> <span class='ocrx_word' id='word_1_304' title='bbox 803 2261 914 2292; x_wconf 89' lang='lat' dir='ltr'><strong>propter</strong></span> 
     </span>
    </p>
   </div>
   <div class='ocr_carea' id='block_1_42' title="bbox 132 2300 914 2338">
    <p class='ocr_par' dir='ltr' id='par_1_42' title="bbox 132 2300 914 2338">
     <span class='ocr_line' id='line_1_42' title="bbox 132 2300 914 2338; baseline 0.01 -11"><span class='ocrx_word' id='word_1_305' title='bbox 132 2300 326 2329; x_wconf 79' lang='lat' dir='ltr'><strong>circumventos</strong></span> <span class='ocrx_word' id='word_1_306' title='bbox 342 2302 447 2330; x_wconf 86' lang='lat' dir='ltr'><strong>insidiis</strong></span> <span class='ocrx_word' id='word_1_307' title='bbox 466 2303 567 2338; x_wconf 74' lang='lat' dir='ltr'><strong>legatos</strong></span> <span class='ocrx_word' id='word_1_308' title='bbox 589 2312 668 2337; x_wconf 90' lang='lat' dir='ltr'><strong>suos,</strong></span> <span class='ocrx_word' id='word_1_309' title='bbox 685 2306 776 2334; x_wconf 86' lang='lat' dir='ltr'><strong>statim</strong></span> <span class='ocrx_word' id='word_1_310' title='bbox 794 2307 914 2336; x_wconf 91' lang='lat' dir='ltr'><strong>Honorio</strong></span> 
     </span>
    </p>
   </div>
   <div class='ocr_carea' id='block_1_43' title="bbox 131 2353 915 2392">
    <p class='ocr_par' dir='ltr' id='par_1_43' title="bbox 131 2353 915 2392">
     <span class='ocr_line' id='line_1_43' title="bbox 131 2353 915 2392; baseline 0.009 -11"><span class='ocrx_word' id='word_1_311' title='bbox 131 2353 160 2380; x_wconf 84' lang='lat' dir='ltr'><strong>ad</strong></span> <span class='ocrx_word' id='word_1_312' title='bbox 178 2357 233 2382; x_wconf 85' lang='lat' dir='ltr'><strong>tres</strong></span> <span class='ocrx_word' id='word_1_313' title='bbox 246 2362 357 2383; x_wconf 84' lang='lat' dir='ltr'><strong>menses</strong></span> <span class='ocrx_word' id='word_1_314' title='bbox 372 2355 471 2383; x_wconf 84' lang='lat' dir='ltr'><strong>divinis</strong></span> <span class='ocrx_word' id='word_1_315' title='bbox 487 2356 620 2392; x_wconf 80' lang='lat' dir='ltr'><strong>mysteriis</strong></span> <span class='ocrx_word' id='word_1_316' title='bbox 635 2357 782 2386; x_wconf 89' lang='lat' dir='ltr'><strong>interdicit.</strong></span> <span class='ocrx_word' id='word_1_317' title='bbox 798 2359 867 2387; x_wconf 88' lang='lat' dir='ltr'><strong>Tum</strong></span> <span class='ocrx_word' id='word_1_318' title='bbox 887 2366 915 2388; x_wconf 86' lang='lat' dir='ltr'><strong>ct</strong></span> 
     </span>
    </p>
   </div>
   <div class='ocr_carea' id='block_1_44' title="bbox 131 2406 914 2443">
    <p class='ocr_par' dir='ltr' id='par_1_44' title="bbox 131 2406 914 2443">
     <span class='ocr_line' id='line_1_44' title="bbox 131 2406 914 2443; baseline 0.009 -9"><span class='ocrx_word' id='word_1_319' title='bbox 131 2406 240 2437; x_wconf 79' lang='lat' dir='ltr'><strong>Arcadio</strong></span> <span class='ocrx_word' id='word_1_320' title='bbox 254 2413 335 2443; x_wconf 88' lang='lat' dir='ltr'><strong>atque</strong></span> <span class='ocrx_word' id='word_1_321' title='bbox 346 2408 475 2436; x_wconf 68' lang='lat' dir='ltr'><strong>Eudoxio:</strong></span> <span class='ocrx_word' id='word_1_322' title='bbox 485 2410 790 2439; x_wconf 86' lang='lat' dir='ltr'><strong>excommunicationem</strong></span> <span class='ocrx_word' id='word_1_323' title='bbox 805 2412 847 2440; x_wconf 86' lang='lat' dir='ltr'><strong>bis</strong></span> <span class='ocrx_word' id='word_1_324' title='bbox 857 2421 914 2440; x_wconf 89' lang='lat' dir='ltr'><strong>ver-</strong></span> 
     </span>
    </p>
   </div>
   <div class='ocr_carea' id='block_1_45' title="bbox 132 2456 913 2495">
    <p class='ocr_par' dir='ltr' id='par_1_45' title="bbox 132 2456 913 2495">
     <span class='ocr_line' id='line_1_45' title="bbox 132 2456 913 2495; baseline 0.01 -12"><span class='ocrx_word' id='word_1_325' title='bbox 132 2456 169 2484; x_wconf 88' lang='lat' dir='ltr'><strong>bis</strong></span> <span class='ocrx_word' id='word_1_326' title='bbox 181 2458 278 2487; x_wconf 84' lang='lat' dir='ltr'><strong>mittit:</strong></span> <span class='ocrx_word' id='word_1_327' title='bbox 298 2468 307 2485; x_wconf 70' lang='grc' dir='ltr'>ι</span> <span class='ocrx_word' id='word_1_328' title='bbox 323 2459 441 2495; x_wconf 76' lang='lat' dir='ltr'><strong>Arcadio</strong></span> <span class='ocrx_word' id='word_1_329' title='bbox 461 2464 488 2487; x_wconf 86' lang='lat' dir='ltr'><strong>et</strong></span> <span class='ocrx_word' id='word_1_330' title='bbox 506 2460 633 2488; x_wconf 67' lang='lat' dir='ltr'><strong>Eudoxiae</strong></span> <span class='ocrx_word' id='word_1_331' title='bbox 652 2461 836 2494; x_wconf 79' lang='lat' dir='ltr'><strong>Innocentius.</strong></span> <span class='ocrx_word' id='word_1_332' title='bbox 855 2463 913 2491; x_wconf 79' lang='lat' dir='ltr'><strong>Vox</strong></span> 
     </span>
    </p>
   </div>
   <div class='ocr_carea' id='block_1_46' title="bbox 132 2511 913 2548">
    <p class='ocr_par' dir='ltr' id='par_1_46' title="bbox 132 2511 913 2548">
     <span class='ocr_line' id='line_1_46' title="bbox 132 2511 913 2548; baseline 0.006 -10"><span class='ocrx_word' id='word_1_333' title='bbox 132 2511 266 2546; x_wconf 78' lang='lat' dir='ltr'><strong>Sanguinis</strong></span> <span class='ocrx_word' id='word_1_334' title='bbox 278 2512 392 2540; x_wconf 87' lang='lat' dir='ltr'><strong>Joannis</strong></span> <span class='ocrx_word' id='word_1_335' title='bbox 416 2512 507 2540; x_wconf 87' lang='lat' dir='ltr'><strong>fratris</strong></span> <span class='ocrx_word' id='word_1_336' title='bbox 522 2513 574 2540; x_wconf 92' lang='lat' dir='ltr'><strong>mei</strong></span> <span class='ocrx_word' id='word_1_337' title='bbox 592 2514 690 2542; x_wconf 90' lang='lat' dir='ltr'><strong>clamat</strong></span> <span class='ocrx_word' id='word_1_338' title='bbox 710 2515 744 2542; x_wconf 89' lang='lat' dir='ltr'><strong>ad</strong></span> <span class='ocrx_word' id='word_1_339' title='bbox 763 2515 864 2548; x_wconf 91' lang='lat' dir='ltr'><strong>Deum,</strong></span> <span class='ocrx_word' id='word_1_340' title='bbox 886 2520 913 2544; x_wconf 88' lang='lat' dir='ltr'><strong>et</strong></span> 
     </span>
    </p>
   </div>
   <div class='ocr_carea' id='block_1_47' title="bbox 133 2564 910 2605">
    <p class='ocr_par' dir='ltr' id='par_1_47' title="bbox 133 2564 910 2605">
     <span class='ocr_line' id='line_1_47' title="bbox 133 2564 910 2605; baseline 0.008 -15"><span class='ocrx_word' id='word_1_341' title='bbox 133 2564 238 2592; x_wconf 88' lang='lat' dir='ltr'><strong>omnino</strong></span> <span class='ocrx_word' id='word_1_342' title='bbox 265 2566 376 2601; x_wconf 75' lang='lat' dir='ltr'><strong>sanguis</strong></span> <span class='ocrx_word' id='word_1_343' title='bbox 403 2566 462 2601; x_wconf 89' lang='lat' dir='ltr'><strong>ejus</strong></span> <span class='ocrx_word' id='word_1_344' title='bbox 491 2566 680 2595; x_wconf 88' lang='lat' dir='ltr'><strong>vindicabitur.</strong></span> <span class='ocrx_word' id='word_1_345' title='bbox 707 2568 740 2594; x_wconf 85' lang='lat' dir='ltr'><strong>Et</strong></span> <span class='ocrx_word' id='word_1_346' title='bbox 762 2576 812 2596; x_wconf 90' lang='lat' dir='ltr'><strong>nos</strong></span> <span class='ocrx_word' id='word_1_347' title='bbox 837 2577 910 2605; x_wconf 77' lang='lat' dir='ltr'><strong>ergo,</strong></span> 
     </span>
    </p>
   </div>
   <div class='ocr_carea' id='block_1_48' title="bbox 133 2618 911 2653">
    <p class='ocr_par' dir='ltr' id='par_1_48' title="bbox 133 2618 911 2653">
     <span class='ocr_line' id='line_1_48' title="bbox 133 2618 911 2653; baseline 0.008 -10"><span class='ocrx_word' id='word_1_348' title='bbox 133 2621 259 2650; x_wconf 81' lang='lat' dir='ltr'><strong>quantum</strong></span> <span class='ocrx_word' id='word_1_349' title='bbox 274 2618 303 2645; x_wconf 90' lang='lat' dir='ltr'><strong>in</strong></span> <span class='ocrx_word' id='word_1_350' title='bbox 315 2618 395 2646; x_wconf 88' lang='lat' dir='ltr'><strong>nobis</strong></span> <span class='ocrx_word' id='word_1_351' title='bbox 405 2622 456 2653; x_wconf 83' lang='lat' dir='ltr'><strong>est,</strong></span> <span class='ocrx_word' id='word_1_352' title='bbox 467 2618 645 2651; x_wconf 84' lang='lat' dir='ltr'><strong>vindicantes,</strong></span> <span class='ocrx_word' id='word_1_353' title='bbox 657 2620 760 2648; x_wconf 65' lang='lat' dir='ltr'><strong>caelesti</strong></span> <span class='ocrx_word' id='word_1_354' title='bbox 778 2623 911 2649; x_wconf 89' lang='lat' dir='ltr'><strong>sententia</strong></span> 
     </span>
    </p>
   </div>
   <div class='ocr_carea' id='block_1_49' title="bbox 166 2723 910 2763">
    <p class='ocr_par' dir='ltr' id='par_1_49' title="bbox 166 2723 910 2763">
     <span class='ocr_line' id='line_1_49' title="bbox 166 2723 910 2763; baseline 0.003 -11"><span class='ocrx_word' id='word_1_355' title='bbox 166 2725 198 2763; x_wconf 65' lang='lat' dir='ltr'><strong>(fg)</strong></span> <span class='ocrx_word' id='word_1_356' title='bbox 219 2724 289 2758; x_wconf 83' lang='lat' dir='ltr'><strong>Quis</strong></span> <span class='ocrx_word' id='word_1_357' title='bbox 301 2733 356 2763; x_wconf 92' lang='lat' dir='ltr'><strong>no_n</strong></span> <span class='ocrx_word' id='word_1_358' title='bbox 370 2723 416 2760; x_wconf 89' lang='lat' dir='ltr'><strong>pio</strong></span> <span class='ocrx_word' id='word_1_359' title='bbox 427 2733 507 2752; x_wconf 86' lang='lat' dir='ltr'><strong>sensu</strong></span> <span class='ocrx_word' id='word_1_360' title='bbox 521 2730 701 2763; x_wconf 73' lang='lat' dir='ltr'><strong>prosequatur</strong></span> <span class='ocrx_word' id='word_1_361' title='bbox 715 2726 788 2753; x_wconf 88' lang='lat' dir='ltr'><strong>hunc</strong></span> <span class='ocrx_word' id='word_1_362' title='bbox 801 2727 910 2763; x_wconf 81' lang='lat' dir='ltr'><strong>religio-</strong></span> 
     </span>
    </p>
   </div>
   <div class='ocr_carea' id='block_1_50' title="bbox 132 2759 912 2796">
    <p class='ocr_par' dir='ltr' id='par_1_50' title="bbox 132 2759 912 2796">
     <span class='ocr_line' id='line_1_50' title="bbox 132 2759 912 2796; baseline 0.005 -10"><span class='ocrx_word' id='word_1_363' title='bbox 132 2759 263 2796; x_wconf 81' lang='lat' dir='ltr'><strong>sissimum</strong></span> <span class='ocrx_word' id='word_1_364' title='bbox 284 2768 316 2787; x_wconf 88' lang='lat' dir='ltr'><strong>ac</strong></span> <span class='ocrx_word' id='word_1_365' title='bbox 338 2761 447 2787; x_wconf 88' lang='lat' dir='ltr'><strong>beatum</strong></span> <span class='ocrx_word' id='word_1_366' title='bbox 473 2759 559 2787; x_wconf 84' lang='lat' dir='ltr'><strong>sancti</strong></span> <span class='ocrx_word' id='word_1_367' title='bbox 580 2760 632 2787; x_wconf 89' lang='lat' dir='ltr'><strong>viri</strong></span> <span class='ocrx_word' id='word_1_368' title='bbox 653 2761 772 2794; x_wconf 88' lang='lat' dir='ltr'><strong>obitum,</strong></span> <span class='ocrx_word' id='word_1_369' title='bbox 793 2759 912 2796; x_wconf 47' lang='lat' dir='ltr'><strong>prat&#39;illo</strong></span> 
     </span>
    </p>
   </div>
   <div class='ocr_carea' id='block_1_51' title="bbox 134 2794 911 2830">
    <p class='ocr_par' dir='ltr' id='par_1_51' title="bbox 134 2794 911 2830">
     <span class='ocr_line' id='line_1_51' title="bbox 134 2794 911 2830; baseline 0.004 -9"><span class='ocrx_word' id='word_1_370' title='bbox 134 2794 283 2822; x_wconf 85' lang='lat' dir='ltr'><strong>tristissimo</strong></span> <span class='ocrx_word' id='word_1_371' title='bbox 297 2799 503 2830; x_wconf 83' lang='lat' dir='ltr'><strong>persecuturum</strong></span> <span class='ocrx_word' id='word_1_372' title='bbox 524 2796 593 2830; x_wconf 87' lang='lat' dir='ltr'><strong>ejus,</strong></span> <span class='ocrx_word' id='word_1_373' title='bbox 605 2803 685 2830; x_wconf 88' lang='lat' dir='ltr'><strong>quem</strong></span> <span class='ocrx_word' id='word_1_374' title='bbox 705 2794 827 2824; x_wconf 83' lang='lat' dir='ltr'><strong>historici</strong></span> <span class='ocrx_word' id='word_1_375' title='bbox 848 2805 911 2824; x_wconf 91' lang='lat' dir='ltr'><strong>nar-</strong></span> 
     </span>
    </p>
   </div>
   <div class='ocr_carea' id='block_1_52' title="bbox 133 2830 910 2865">
    <p class='ocr_par' dir='ltr' id='par_1_52' title="bbox 133 2830 910 2865">
     <span class='ocr_line' id='line_1_52' title="bbox 133 2830 910 2865; baseline 0.004 -9"><span class='ocrx_word' id='word_1_376' title='bbox 133 2831 206 2857; x_wconf 80' lang='lat' dir='ltr'><strong>rant?</strong></span> <span class='ocrx_word' id='word_1_377' title='bbox 222 2830 290 2863; x_wconf 86' lang='lat' dir='ltr'><strong>Quis</strong></span> <span class='ocrx_word' id='word_1_378' title='bbox 313 2830 374 2863; x_wconf 86' lang='lat' dir='ltr'><strong>ejus</strong></span> <span class='ocrx_word' id='word_1_379' title='bbox 393 2830 504 2865; x_wconf 76' lang='lat' dir='ltr'><strong>gloriam</strong></span> <span class='ocrx_word' id='word_1_380' title='bbox 526 2838 580 2857; x_wconf 89' lang='lat' dir='ltr'><strong>non</strong></span> <span class='ocrx_word' id='word_1_381' title='bbox 603 2830 725 2862; x_wconf 89' lang='lat' dir='ltr'><strong>miretur,</strong></span> <span class='ocrx_word' id='word_1_382' title='bbox 748 2838 808 2865; x_wconf 72' lang='lat' dir='ltr'><strong>qua:</strong></span> <span class='ocrx_word' id='word_1_383' title='bbox 824 2835 910 2860; x_wconf 91' lang='lat' dir='ltr'><strong>totum</strong></span> 
     </span>
    </p>
   </div>
   <div class='ocr_carea' id='block_1_53' title="bbox 132 2864 907 2901">
    <p class='ocr_par' dir='ltr' id='par_1_53' title="bbox 132 2864 907 2901">
     <span class='ocr_line' id='line_1_53' title="bbox 132 2864 907 2901; baseline 0.003 -10"><span class='ocrx_word' id='word_1_384' title='bbox 132 2865 219 2892; x_wconf 80' lang='lat' dir='ltr'><strong>orbem</strong></span> <span class='ocrx_word' id='word_1_385' title='bbox 247 2864 481 2900; x_wconf 51' lang='lat' dir='ltr'><strong>impleviITSane</strong></span> <span class='ocrx_word' id='word_1_386' title='bbox 503 2870 527 2892; x_wconf 88' lang='lat' dir='ltr'><strong>et</strong></span> <span class='ocrx_word' id='word_1_387' title='bbox 545 2872 658 2900; x_wconf 78' lang='lat' dir='ltr'><strong>magnus</strong></span> <span class='ocrx_word' id='word_1_388' title='bbox 680 2864 846 2901; x_wconf 76' lang='lat' dir='ltr'><strong>Augustinus</strong></span> <span class='ocrx_word' id='word_1_389' title='bbox 861 2867 907 2901; x_wconf 76' lang='grc' dir='ltr'><strong>ΟΡ.</strong></span> 
     </span>
    </p>
   </div>
   <div class='ocr_carea' id='block_1_54' title="bbox 507 161 1360 194">
    <p class='ocr_par' dir='ltr' id='par_1_54' title="bbox 507 161 1360 194">
     <span class='ocr_line' id='line_1_54' title="bbox 507 161 1360 194; baseline 0.007 -6"><span class='ocrx_word' id='word_1_390' title='bbox 507 161 549 188; x_wconf 87' lang='lat' dir='ltr'><strong>DE</strong></span> <span class='ocrx_word' id='word_1_391' title='bbox 570 161 650 189; x_wconf 86' lang='lat' dir='ltr'><strong>VlTA</strong></span> <span class='ocrx_word' id='word_1_392' title='bbox 671 161 714 189; x_wconf 84' lang='lat' dir='ltr'><strong>ET</strong></span> <span class='ocrx_word' id='word_1_393' title='bbox 736 162 872 191; x_wconf 75' lang='lat' dir='ltr'><strong>EXSlLfO</strong></span> <span class='ocrx_word' id='word_1_394' title='bbox 893 163 921 191; x_wconf 68' lang='grc' dir='ltr'><strong>ὃ.</strong></span> <span class='ocrx_word' id='word_1_395' title='bbox 942 163 1085 194; x_wconf 77' lang='lat' dir='ltr'><strong>JOANNIS</strong></span> <span class='ocrx_word' id='word_1_396' title='bbox 1100 165 1360 194; x_wconf 77' lang='lat' dir='ltr'><strong>CHRYSOSTOMI.</strong></span> 
     </span>
    </p>
   </div>
   <div class='ocr_carea' id='block_1_55' title="bbox 1654 174 1744 194">
    <p class='ocr_par' dir='ltr' id='par_1_55' title="bbox 1654 174 1744 194">
     <span class='ocr_line' id='line_1_55' title="bbox 1654 174 1744 194; baseline 0 0"><span class='ocrx_word' id='word_1_397' title='bbox 1654 174 1744 194; x_wconf 62' lang='grc' dir='ltr'>ιῐλκη</span> 
     </span>
    </p>
   </div>
   <div class='ocr_carea' id='block_1_56' title="bbox 960 223 1745 260">
    <p class='ocr_par' dir='ltr' id='par_1_56' title="bbox 960 223 1745 260">
     <span class='ocr_line' id='line_1_56' title="bbox 960 223 1745 260; baseline 0.001 -10"><span class='ocrx_word' id='word_1_398' title='bbox 960 224 1098 260; x_wconf 89' lang='lat' dir='ltr'><strong>verboque</strong></span> <span class='ocrx_word' id='word_1_399' title='bbox 1122 224 1169 252; x_wconf 88' lang='lat' dir='ltr'><strong>Dei</strong></span> <span class='ocrx_word' id='word_1_400' title='bbox 1191 225 1286 253; x_wconf 89' lang='lat' dir='ltr'><strong>ambos</strong></span> <span class='ocrx_word' id='word_1_401' title='bbox 1309 233 1357 253; x_wconf 86' lang='lat' dir='ltr'><strong>vos</strong></span> <span class='ocrx_word' id='word_1_402' title='bbox 1371 224 1511 260; x_wconf 87' lang='lat' dir='ltr'><strong>alligamus</strong></span> <span class='ocrx_word' id='word_1_403' title='bbox 1532 223 1668 252; x_wconf 88' lang='lat' dir='ltr'><strong>insolubili</strong></span> <span class='ocrx_word' id='word_1_404' title='bbox 1693 224 1745 252; x_wconf 23' lang='lat' dir='ltr'><strong>vine</strong></span> 
     </span>
    </p>
   </div>
   <div class='ocr_carea' id='block_1_57' title="bbox 960 276 1748 312">
    <p class='ocr_par' dir='ltr' id='par_1_57' title="bbox 960 276 1748 312">
     <span class='ocr_line' id='line_1_57' title="bbox 960 276 1748 312; baseline 0.001 -9"><span class='ocrx_word' id='word_1_405' title='bbox 960 276 1038 303; x_wconf 88' lang='lat' dir='ltr'><strong>culo:</strong></span> <span class='ocrx_word' id='word_1_406' title='bbox 1049 281 1075 303; x_wconf 89' lang='lat' dir='ltr'><strong>te</strong></span> <span class='ocrx_word' id='word_1_407' title='bbox 1087 276 1215 304; x_wconf 90' lang='lat' dir='ltr'><strong>nimirum</strong></span> <span class='ocrx_word' id='word_1_408' title='bbox 1226 285 1258 305; x_wconf 92' lang='lat' dir='ltr'><strong>ac</strong></span> <span class='ocrx_word' id='word_1_409' title='bbox 1270 276 1400 309; x_wconf 81' lang='lat' dir='ltr'><strong>Dalidam,</strong></span> <span class='ocrx_word' id='word_1_410' title='bbox 1417 284 1478 311; x_wconf 68' lang='lat' dir='ltr'><strong>quae</strong></span> <span class='ocrx_word' id='word_1_411' title='bbox 1491 281 1518 304; x_wconf 87' lang='lat' dir='ltr'><strong>te</strong></span> <span class='ocrx_word' id='word_1_412' title='bbox 1532 277 1662 312; x_wconf 88' lang='lat' dir='ltr'><strong>paulatim</strong></span> <span class='ocrx_word' id='word_1_413' title='bbox 1677 277 1748 304; x_wconf 65' lang='lat' dir='ltr'><strong>frau«</strong></span> 
     </span>
    </p>
   </div>
   <div class='ocr_carea' id='block_1_58' title="bbox 960 329 1748 365">
    <p class='ocr_par' dir='ltr' id='par_1_58' title="bbox 960 329 1748 365">
     <span class='ocr_line' id='line_1_58' title="bbox 960 329 1748 365; baseline 0 -9"><span class='ocrx_word' id='word_1_414' title='bbox 960 329 1002 357; x_wconf 83' lang='lat' dir='ltr'><strong>dis</strong></span> <span class='ocrx_word' id='word_1_415' title='bbox 1019 330 1149 357; x_wconf 89' lang='lat' dir='ltr'><strong>novacula</strong></span> <span class='ocrx_word' id='word_1_416' title='bbox 1163 330 1256 363; x_wconf 87' lang='lat' dir='ltr'><strong>erasit,</strong></span> <span class='ocrx_word' id='word_1_417' title='bbox 1269 330 1343 357; x_wconf 90' lang='lat' dir='ltr'><strong>omni</strong></span> <span class='ocrx_word' id='word_1_418' title='bbox 1359 329 1548 365; x_wconf 86' lang='lat' dir='ltr'><strong>mysteriorum</strong></span> <span class='ocrx_word' id='word_1_419' title='bbox 1563 336 1673 357; x_wconf 86' lang='lat' dir='ltr'><strong>accessu</strong></span> <span class='ocrx_word' id='word_1_420' title='bbox 1688 337 1748 364; x_wconf 86' lang='lat' dir='ltr'><strong>pro-</strong></span> 
     </span>
    </p>
   </div>
   <div class='ocr_carea' id='block_1_59' title="bbox 960 381 1745 417">
    <p class='ocr_par' dir='ltr' id='par_1_59' title="bbox 960 381 1745 417">
     <span class='ocr_line' id='line_1_59' title="bbox 960 381 1745 417; baseline 0 -9"><span class='ocrx_word' id='word_1_421' title='bbox 960 381 1084 409; x_wconf 86' lang='lat' dir='ltr'><strong>hibemus</strong></span> <span class='ocrx_word' id='word_1_422' title='bbox 1095 403 1102 414; x_wconf 88' lang='lat'><strong>,</strong></span> <span class='ocrx_word' id='word_1_423' title='bbox 1125 388 1152 410; x_wconf 86' lang='lat' dir='ltr'><strong>te</strong></span> <span class='ocrx_word' id='word_1_424' title='bbox 1166 383 1277 417; x_wconf 90' lang='lat' dir='ltr'><strong>quidem</strong></span> <span class='ocrx_word' id='word_1_425' title='bbox 1297 390 1342 410; x_wconf 80' lang='lat' dir='ltr'><strong>sex</strong></span> <span class='ocrx_word' id='word_1_426' title='bbox 1359 382 1516 414; x_wconf 88' lang='lat' dir='ltr'><strong>mensibus,</strong></span> <span class='ocrx_word' id='word_1_427' title='bbox 1533 381 1604 409; x_wconf 79' lang='lat' dir='ltr'><strong>illam</strong></span> <span class='ocrx_word' id='word_1_428' title='bbox 1625 381 1745 409; x_wconf 88' lang='lat' dir='ltr'><strong>biennio.</strong></span> 
     </span>
    </p>
   </div>
   <div class='ocr_carea' id='block_1_60' title="bbox 959 433 1747 469">
    <p class='ocr_par' dir='ltr' id='par_1_60' title="bbox 959 433 1747 469">
     <span class='ocr_line' id='line_1_60' title="bbox 959 433 1747 469; baseline -0.001 -8"><span class='ocrx_word' id='word_1_429' title='bbox 959 435 1047 469; x_wconf 81' lang='lat' dir='ltr'><strong>Atque</strong></span> <span class='ocrx_word' id='word_1_430' title='bbox 1063 436 1114 462; x_wconf 92' lang='lat' dir='ltr'><strong>hoc</strong></span> <span class='ocrx_word' id='word_1_431' title='bbox 1128 436 1235 468; x_wconf 89' lang='lat' dir='ltr'><strong>scitote,</strong></span> <span class='ocrx_word' id='word_1_432' title='bbox 1249 434 1321 469; x_wconf 90' lang='lat' dir='ltr'><strong>quod</strong></span> <span class='ocrx_word' id='word_1_433' title='bbox 1334 434 1358 461; x_wconf 89' lang='lat' dir='ltr'><strong>si</strong></span> <span class='ocrx_word' id='word_1_434' title='bbox 1370 433 1537 462; x_wconf 89' lang='lat' dir='ltr'><strong>violaveritis</strong></span> <span class='ocrx_word' id='word_1_435' title='bbox 1552 434 1661 461; x_wconf 88' lang='lat' dir='ltr'><strong>missam</strong></span> <span class='ocrx_word' id='word_1_436' title='bbox 1674 442 1688 460; x_wconf 91' lang='lat' dir='ltr'><strong>a</strong></span> <span class='ocrx_word' id='word_1_437' title='bbox 1700 442 1747 460; x_wconf 88' lang='lat' dir='ltr'><strong>no-</strong></span> 
     </span>
    </p>
   </div>
   <div class='ocr_carea' id='block_1_61' title="bbox 959 479 1747 515">
    <p class='ocr_par' dir='ltr' id='par_1_61' title="bbox 959 479 1747 515">
     <span class='ocr_line' id='line_1_61' title="bbox 959 479 1747 515; baseline -0.001 -8"><span class='ocrx_word' id='word_1_438' title='bbox 959 480 1001 507; x_wconf 87' lang='lat' dir='ltr'><strong>bis</strong></span> <span class='ocrx_word' id='word_1_439' title='bbox 1018 481 1125 508; x_wconf 70' lang='lat' dir='ltr'><strong>cmlitus</strong></span> <span class='ocrx_word' id='word_1_440' title='bbox 1146 480 1318 513; x_wconf 82' lang='lat' dir='ltr'><strong>sententiam,</strong></span> <span class='ocrx_word' id='word_1_441' title='bbox 1334 480 1377 507; x_wconf 89' lang='lat' dir='ltr'><strong>vel</strong></span> <span class='ocrx_word' id='word_1_442' title='bbox 1397 480 1431 507; x_wconf 86' lang='lat' dir='ltr'><strong>ad</strong></span> <span class='ocrx_word' id='word_1_443' title='bbox 1444 480 1534 507; x_wconf 93' lang='lat' dir='ltr'><strong>divina</strong></span> <span class='ocrx_word' id='word_1_444' title='bbox 1554 479 1681 515; x_wconf 87' lang='lat' dir='ltr'><strong>mysteria</strong></span> <span class='ocrx_word' id='word_1_445' title='bbox 1699 487 1747 506; x_wconf 88' lang='lat' dir='ltr'><strong>ac-</strong></span> 
     </span>
    </p>
   </div>
   <div class='ocr_carea' id='block_1_62' title="bbox 960 526 1745 561">
    <p class='ocr_par' dir='ltr' id='par_1_62' title="bbox 960 526 1745 561">
     <span class='ocr_line' id='line_1_62' title="bbox 960 526 1745 561; baseline -0.001 -8"><span class='ocrx_word' id='word_1_446' title='bbox 960 526 1110 554; x_wconf 88' lang='lat' dir='ltr'><strong>cedendum</strong></span> <span class='ocrx_word' id='word_1_447' title='bbox 1128 527 1298 561; x_wconf 88' lang='lat' dir='ltr'><strong>putaveritis,</strong></span> <span class='ocrx_word' id='word_1_448' title='bbox 1321 531 1410 554; x_wconf 89' lang='lat' dir='ltr'><strong>vestra</strong></span> <span class='ocrx_word' id='word_1_449' title='bbox 1429 526 1537 560; x_wconf 87' lang='lat' dir='ltr'><strong>quidem</strong></span> <span class='ocrx_word' id='word_1_450' title='bbox 1560 526 1664 552; x_wconf 87' lang='lat' dir='ltr'><strong>viscera</strong></span> <span class='ocrx_word' id='word_1_451' title='bbox 1687 530 1745 552; x_wconf 84' lang='lat' dir='ltr'><strong>tan-</strong></span> 
     </span>
    </p>
   </div>
   <div class='ocr_carea' id='block_1_63' title="bbox 960 570 1748 608">
    <p class='ocr_par' dir='ltr' id='par_1_63' title="bbox 960 570 1748 608">
     <span class='ocr_line' id='line_1_63' title="bbox 960 570 1748 608; baseline -0.004 -7"><span class='ocrx_word' id='word_1_452' title='bbox 960 581 1042 608; x_wconf 88' lang='lat' dir='ltr'><strong>quam</strong></span> <span class='ocrx_word' id='word_1_453' title='bbox 1056 573 1140 608; x_wconf 78' lang='lat' dir='ltr'><strong>ignito</strong></span> <span class='ocrx_word' id='word_1_454' title='bbox 1153 573 1271 601; x_wconf 81' lang='lat' dir='ltr'><strong>carbone</strong></span> <span class='ocrx_word' id='word_1_455' title='bbox 1286 576 1491 600; x_wconf 89' lang='lat' dir='ltr'><strong>consumentur.</strong></span> <span class='ocrx_word' id='word_1_456' title='bbox 1504 571 1539 598; x_wconf 85' lang='lat' dir='ltr'><strong>Et</strong></span> <span class='ocrx_word' id='word_1_457' title='bbox 1553 570 1575 598; x_wconf 85' lang='lat' dir='ltr'><strong>si</strong></span> <span class='ocrx_word' id='word_1_458' title='bbox 1587 571 1646 606; x_wconf 89' lang='lat' dir='ltr'><strong>quis</strong></span> <span class='ocrx_word' id='word_1_459' title='bbox 1657 579 1688 598; x_wconf 89' lang='lat' dir='ltr'><strong>ea</strong></span> <span class='ocrx_word' id='word_1_460' title='bbox 1703 579 1748 598; x_wconf 92' lang='lat' dir='ltr'><strong>vo-</strong></span> 
     </span>
    </p>
   </div>
   <div class='ocr_carea' id='block_1_64' title="bbox 959 616 1747 654">
    <p class='ocr_par' dir='ltr' id='par_1_64' title="bbox 959 616 1747 654">
     <span class='ocr_line' id='line_1_64' title="bbox 959 616 1747 654; baseline -0.003 -9"><span class='ocrx_word' id='word_1_461' title='bbox 959 619 1002 646; x_wconf 87' lang='lat' dir='ltr'><strong>bis</strong></span> <span class='ocrx_word' id='word_1_462' title='bbox 1015 619 1146 654; x_wconf 86' lang='lat' dir='ltr'><strong>impertiri</strong></span> <span class='ocrx_word' id='word_1_463' title='bbox 1162 619 1270 650; x_wconf 82' lang='lat' dir='ltr'><strong>audeat,</strong></span> <span class='ocrx_word' id='word_1_464' title='bbox 1286 618 1343 646; x_wconf 90' lang='lat' dir='ltr'><strong>sive</strong></span> <span class='ocrx_word' id='word_1_465' title='bbox 1353 617 1508 652; x_wconf 90' lang='lat' dir='ltr'><strong>episcopus,</strong></span> <span class='ocrx_word' id='word_1_466' title='bbox 1524 616 1581 644; x_wconf 90' lang='lat' dir='ltr'><strong>sive</strong></span> <span class='ocrx_word' id='word_1_467' title='bbox 1596 617 1747 652; x_wconf 83' lang='lat' dir='ltr'><strong>presbyter,</strong></span> 
     </span>
    </p>
   </div>
   <div class='ocr_carea' id='block_1_65' title="bbox 960 663 1746 700">
    <p class='ocr_par' dir='ltr' id='par_1_65' title="bbox 960 663 1746 700">
     <span class='ocr_line' id='line_1_65' title="bbox 960 663 1746 700; baseline -0.003 -8"><span class='ocrx_word' id='word_1_468' title='bbox 960 665 983 693; x_wconf 91' lang='lat' dir='ltr'><strong>si</strong></span> <span class='ocrx_word' id='word_1_469' title='bbox 1006 672 1127 700; x_wconf 85' lang='lat' dir='ltr'><strong>prorsus,</strong></span> <span class='ocrx_word' id='word_1_470' title='bbox 1141 665 1261 700; x_wconf 88' lang='lat' dir='ltr'><strong>inquam,</strong></span> <span class='ocrx_word' id='word_1_471' title='bbox 1283 664 1335 691; x_wconf 87' lang='lat' dir='ltr'><strong>tale</strong></span> <span class='ocrx_word' id='word_1_472' title='bbox 1360 663 1465 690; x_wconf 89' lang='lat' dir='ltr'><strong>facinus</strong></span> <span class='ocrx_word' id='word_1_473' title='bbox 1491 667 1593 690; x_wconf 86' lang='lat' dir='ltr'><strong>temere</strong></span> <span class='ocrx_word' id='word_1_474' title='bbox 1621 667 1746 693; x_wconf 85' lang='lat' dir='ltr'><strong>attentet.</strong></span> 
     </span>
    </p>
   </div>
   <div class='ocr_carea' id='block_1_66' title="bbox 960 707 1749 746">
    <p class='ocr_par' dir='ltr' id='par_1_66' title="bbox 960 707 1749 746">
     <span class='ocr_line' id='line_1_66' title="bbox 960 707 1749 746; baseline -0.006 -8"><span class='ocrx_word' id='word_1_475' title='bbox 960 718 1059 746; x_wconf 88' lang='lat' dir='ltr'><strong>nempe</strong></span> <span class='ocrx_word' id='word_1_476' title='bbox 1078 714 1108 737; x_wconf 86' lang='lat' dir='ltr'><strong>ut</strong></span> <span class='ocrx_word' id='word_1_477' title='bbox 1120 711 1258 738; x_wconf 87' lang='lat' dir='ltr'><strong>decretam</strong></span> <span class='ocrx_word' id='word_1_478' title='bbox 1273 709 1403 736; x_wconf 89' lang='lat' dir='ltr'><strong>divinitus</strong></span> <span class='ocrx_word' id='word_1_479' title='bbox 1423 708 1495 736; x_wconf 83' lang='lat' dir='ltr'><strong>Petri</strong></span> <span class='ocrx_word' id='word_1_480' title='bbox 1507 707 1620 743; x_wconf 63' lang='grc' dir='ltr'><strong>θροειοιί</strong></span> <span class='ocrx_word' id='word_1_481' title='bbox 1640 713 1749 735; x_wconf 84' lang='lat' dir='ltr'><strong>senten-</strong></span> 
     </span>
    </p>
   </div>
   <div class='ocr_carea' id='block_1_67' title="bbox 960 753 1749 791">
    <p class='ocr_par' dir='ltr' id='par_1_67' title="bbox 960 753 1749 791">
     <span class='ocr_line' id='line_1_67' title="bbox 960 753 1749 791; baseline -0.005 -8"><span class='ocrx_word' id='word_1_482' title='bbox 960 757 1024 784; x_wconf 87' lang='lat' dir='ltr'><strong>tiam</strong></span> <span class='ocrx_word' id='word_1_483' title='bbox 1038 756 1176 791; x_wconf 88' lang='lat' dir='ltr'><strong>infringat,</strong></span> <span class='ocrx_word' id='word_1_484' title='bbox 1194 760 1222 783; x_wconf 92' lang='lat' dir='ltr'><strong>et</strong></span> <span class='ocrx_word' id='word_1_485' title='bbox 1240 763 1296 782; x_wconf 79' lang='lat' dir='ltr'><strong>rem</strong></span> <span class='ocrx_word' id='word_1_486' title='bbox 1314 754 1463 790; x_wconf 88' lang='lat' dir='ltr'><strong>quamlibet</strong></span> <span class='ocrx_word' id='word_1_487' title='bbox 1483 761 1586 780; x_wconf 81' lang='lat' dir='ltr'><strong>sacram</strong></span> <span class='ocrx_word' id='word_1_488' title='bbox 1605 753 1682 780; x_wconf 80' lang='lat' dir='ltr'><strong>vobis</strong></span> <span class='ocrx_word' id='word_1_489' title='bbox 1699 753 1749 779; x_wconf 85' lang='lat' dir='ltr'><strong>lar-</strong></span> 
     </span>
    </p>
   </div>
   <div class='ocr_carea' id='block_1_68' title="bbox 959 799 1750 838">
    <p class='ocr_par' dir='ltr' id='par_1_68' title="bbox 959 799 1750 838">
     <span class='ocr_line' id='line_1_68' title="bbox 959 799 1750 838; baseline -0.005 -9"><span class='ocrx_word' id='word_1_490' title='bbox 959 802 1047 838; x_wconf 85' lang='lat' dir='ltr'><strong>giatur</strong></span> <span class='ocrx_word' id='word_1_491' title='bbox 1059 811 1066 829; x_wconf 75' lang='grc' dir='ltr'>ε</span> <span class='ocrx_word' id='word_1_492' title='bbox 1080 801 1125 829; x_wconf 88' lang='lat' dir='ltr'><strong>ille</strong></span> <span class='ocrx_word' id='word_1_493' title='bbox 1138 801 1243 829; x_wconf 70' lang='lat' dir='ltr'><strong>coalesti</strong></span> <span class='ocrx_word' id='word_1_494' title='bbox 1263 801 1361 836; x_wconf 84' lang='lat' dir='ltr'><strong>gratia,</strong></span> <span class='ocrx_word' id='word_1_495' title='bbox 1378 805 1405 828; x_wconf 90' lang='lat' dir='ltr'><strong>et</strong></span> <span class='ocrx_word' id='word_1_496' title='bbox 1421 804 1528 827; x_wconf 86' lang='lat' dir='ltr'><strong>terrena</strong></span> <span class='ocrx_word' id='word_1_497' title='bbox 1543 807 1650 835; x_wconf 88' lang='lat' dir='ltr'><strong>quoque</strong></span> <span class='ocrx_word' id='word_1_498' title='bbox 1664 799 1750 834; x_wconf 86' lang='lat' dir='ltr'><strong>digni-</strong></span> 
     </span>
    </p>
   </div>
   <div class='ocr_carea' id='block_1_69' title="bbox 962 845 1748 883">
    <p class='ocr_par' dir='ltr' id='par_1_69' title="bbox 962 845 1748 883">
     <span class='ocr_line' id='line_1_69' title="bbox 962 845 1748 883; baseline -0.008 -7"><span class='ocrx_word' id='word_1_499' title='bbox 962 853 1014 876; x_wconf 87' lang='lat' dir='ltr'><strong>tate</strong></span> <span class='ocrx_word' id='word_1_500' title='bbox 1037 848 1158 883; x_wconf 86' lang='lat' dir='ltr'><strong>privatus</strong></span> <span class='ocrx_word' id='word_1_501' title='bbox 1185 847 1340 874; x_wconf 90' lang='lat' dir='ltr'><strong>habebitur.</strong></span> <span class='ocrx_word' id='word_1_502' title='bbox 1369 846 1481 881; x_wconf 84' lang='lat' dir='ltr'><strong>Depono</strong></span> <span class='ocrx_word' id='word_1_503' title='bbox 1503 846 1567 873; x_wconf 90' lang='lat' dir='ltr'><strong>item</strong></span> <span class='ocrx_word' id='word_1_504' title='bbox 1595 845 1748 872; x_wconf 86' lang='lat' dir='ltr'><strong>adulterum</strong></span> 
     </span>
    </p>
   </div>
   <div class='ocr_carea' id='block_1_70' title="bbox 960 891 1747 928">
    <p class='ocr_par' dir='ltr' id='par_1_70' title="bbox 960 891 1747 928">
     <span class='ocr_line' id='line_1_70' title="bbox 960 891 1747 928; baseline -0.005 -7"><span class='ocrx_word' id='word_1_505' title='bbox 960 894 1120 926; x_wconf 86' lang='lat' dir='ltr'><strong>Arsacium;</strong></span> <span class='ocrx_word' id='word_1_506' title='bbox 1136 897 1217 928; x_wconf 89' lang='lat' dir='ltr'><strong>atque</strong></span> <span class='ocrx_word' id='word_1_507' title='bbox 1229 900 1324 920; x_wconf 91' lang='lat' dir='ltr'><strong>omnes</strong></span> <span class='ocrx_word' id='word_1_508' title='bbox 1345 892 1390 927; x_wconf 92' lang='lat' dir='ltr'><strong>qui</strong></span> <span class='ocrx_word' id='word_1_509' title='bbox 1409 900 1472 919; x_wconf 88' lang='lat' dir='ltr'><strong>cum</strong></span> <span class='ocrx_word' id='word_1_510' title='bbox 1491 899 1524 919; x_wconf 90' lang='lat' dir='ltr'><strong>eo</strong></span> <span class='ocrx_word' id='word_1_511' title='bbox 1535 891 1747 922; x_wconf 84' lang='lat' dir='ltr'><strong>communicant,</strong></span> 
     </span>
    </p>
   </div>
   <div class='ocr_carea' id='block_1_71' title="bbox 961 935 1751 971">
    <p class='ocr_par' dir='ltr' id='par_1_71' title="bbox 961 935 1751 971">
     <span class='ocr_line' id='line_1_71' title="bbox 961 935 1751 971; baseline -0.005 -6"><span class='ocrx_word' id='word_1_512' title='bbox 961 946 1021 966; x_wconf 91' lang='lat' dir='ltr'><strong>cum</strong></span> <span class='ocrx_word' id='word_1_513' title='bbox 1042 938 1138 965; x_wconf 88' lang='lat' dir='ltr'><strong>eodem</strong></span> <span class='ocrx_word' id='word_1_514' title='bbox 1160 937 1372 964; x_wconf 89' lang='lat' dir='ltr'><strong>damnabuntur.</strong></span> <span class='ocrx_word' id='word_1_515' title='bbox 1396 935 1540 971; x_wconf 88' lang='lat' dir='ltr'><strong>Theophili</strong></span> <span class='ocrx_word' id='word_1_516' title='bbox 1563 943 1628 963; x_wconf 91' lang='lat' dir='ltr'><strong>vero</strong></span> <span class='ocrx_word' id='word_1_517' title='bbox 1644 935 1751 970; x_wconf 90' lang='lat' dir='ltr'><strong>deposi-</strong></span> 
     </span>
    </p>
   </div>
   <div class='ocr_carea' id='block_1_72' title="bbox 961 980 1747 1017">
    <p class='ocr_par' dir='ltr' id='par_1_72' title="bbox 961 980 1747 1017">
     <span class='ocr_line' id='line_1_72' title="bbox 961 980 1747 1017; baseline -0.005 -7"><span class='ocrx_word' id='word_1_518' title='bbox 961 982 1029 1010; x_wconf 89' lang='lat' dir='ltr'><strong>tioni</strong></span> <span class='ocrx_word' id='word_1_519' title='bbox 1052 987 1107 1009; x_wconf 87' lang='lat' dir='ltr'><strong>tres</strong></span> <span class='ocrx_word' id='word_1_520' title='bbox 1130 989 1224 1017; x_wconf 65' lang='lat' dir='ltr'><strong>pinnas</strong></span> <span class='ocrx_word' id='word_1_521' title='bbox 1243 981 1397 1016; x_wconf 81' lang='lat' dir='ltr'><strong>adjicimus,</strong></span> <span class='ocrx_word' id='word_1_522' title='bbox 1424 980 1747 1011; x_wconf 83' lang='lat' dir='ltr'><strong>excommunicationem,</strong></span> 
     </span>
    </p>
   </div>
   <div class='ocr_carea' id='block_1_73' title="bbox 960 1025 1746 1061">
    <p class='ocr_par' dir='ltr' id='par_1_73' title="bbox 960 1025 1746 1061">
     <span class='ocr_line' id='line_1_73' title="bbox 960 1025 1746 1061; baseline -0.005 -5"><span class='ocrx_word' id='word_1_523' title='bbox 960 1029 1114 1061; x_wconf 87' lang='lat' dir='ltr'><strong>anathema,</strong></span> <span class='ocrx_word' id='word_1_524' title='bbox 1131 1032 1158 1055; x_wconf 92' lang='lat' dir='ltr'><strong>et</strong></span> <span class='ocrx_word' id='word_1_525' title='bbox 1172 1027 1355 1055; x_wconf 90' lang='lat' dir='ltr'><strong>omnimodam</strong></span> <span class='ocrx_word' id='word_1_526' title='bbox 1370 1026 1515 1054; x_wconf 85' lang='lat' dir='ltr'><strong>Christiani</strong></span> <span class='ocrx_word' id='word_1_527' title='bbox 1527 1026 1645 1053; x_wconf 86' lang='lat' dir='ltr'><strong>nominis</strong></span> <span class='ocrx_word' id='word_1_528' title='bbox 1656 1025 1746 1060; x_wconf 91' lang='lat' dir='ltr'><strong>priva-</strong></span> 
     </span>
    </p>
   </div>
   <div class='ocr_carea' id='block_1_74' title="bbox 962 1075 1097 1102">
    <p class='ocr_par' dir='ltr' id='par_1_74' title="bbox 962 1075 1097 1102">
     <span class='ocr_line' id='line_1_74' title="bbox 962 1075 1097 1102; baseline -0.015 0"><span class='ocrx_word' id='word_1_529' title='bbox 962 1075 1074 1102; x_wconf 88' lang='lat' dir='ltr'><strong>tionem.</strong></span> <span class='ocrx_word' id='word_1_530' title='bbox 1087 1083 1097 1100; x_wconf 72' lang='grc' dir='ltr'><strong><em>ι</em></strong></span> 
     </span>
    </p>
   </div>
   <div class='ocr_carea' id='block_1_75' title="bbox 995 1117 1748 1149">
    <p class='ocr_par' dir='ltr' id='par_1_75' title="bbox 995 1117 1748 1149">
     <span class='ocr_line' id='line_1_75' title="bbox 995 1117 1748 1149; baseline -0.008 0"><span class='ocrx_word' id='word_1_531' title='bbox 995 1122 1040 1148; x_wconf 78' lang='grc'><strong>27.</strong></span> <span class='ocrx_word' id='word_1_532' title='bbox 1061 1120 1204 1149; x_wconf 90' lang='lat' dir='ltr'><strong>Scribebat</strong></span> <span class='ocrx_word' id='word_1_533' title='bbox 1234 1120 1315 1148; x_wconf 91' lang='lat' dir='ltr'><strong>etiam</strong></span> <span class='ocrx_word' id='word_1_534' title='bbox 1349 1119 1484 1146; x_wconf 88' lang='lat' dir='ltr'><strong>Honorius</strong></span> <span class='ocrx_word' id='word_1_535' title='bbox 1521 1118 1596 1146; x_wconf 80' lang='lat' dir='ltr'><strong>fratri</strong></span> <span class='ocrx_word' id='word_1_536' title='bbox 1631 1117 1748 1145; x_wconf 84' lang='lat' dir='ltr'><strong>Arcadio</strong></span> 
     </span>
    </p>
   </div>
   <div class='ocr_carea' id='block_1_76' title="bbox 961 1161 1746 1198">
    <p class='ocr_par' dir='ltr' id='par_1_76' title="bbox 961 1161 1746 1198">
     <span class='ocr_line' id='line_1_76' title="bbox 961 1161 1746 1198; baseline -0.006 -5"><span class='ocrx_word' id='word_1_537' title='bbox 961 1166 1052 1193; x_wconf 87' lang='lat' dir='ltr'><strong>verbis</strong></span> <span class='ocrx_word' id='word_1_538' title='bbox 1081 1166 1144 1193; x_wconf 87' lang='lat' dir='ltr'><strong>his:</strong></span> <span class='ocrx_word' id='word_1_539' title='bbox 1170 1175 1180 1191; x_wconf 85' lang='grc'><strong><em>‹</em></strong></span> <span class='ocrx_word' id='word_1_540' title='bbox 1200 1165 1315 1194; x_wconf 86' lang='lat' dir='ltr'><strong>Arcadio</strong></span> <span class='ocrx_word' id='word_1_541' title='bbox 1345 1164 1418 1191; x_wconf 87' lang='lat' dir='ltr'><strong>fratri</strong></span> <span class='ocrx_word' id='word_1_542' title='bbox 1447 1168 1540 1191; x_wconf 89' lang='lat' dir='ltr'><strong>nostro</strong></span> <span class='ocrx_word' id='word_1_543' title='bbox 1569 1161 1746 1198; x_wconf 85' lang='lat' dir='ltr'><strong>conregnanti</strong></span> 
     </span>
    </p>
   </div>
   <div class='ocr_carea' id='block_1_77' title="bbox 962 1209 1749 1245">
    <p class='ocr_par' dir='ltr' id='par_1_77' title="bbox 962 1209 1749 1245">
     <span class='ocr_line' id='line_1_77' title="bbox 962 1209 1749 1245; baseline -0.004 -6"><span class='ocrx_word' id='word_1_544' title='bbox 962 1211 1096 1239; x_wconf 85' lang='lat' dir='ltr'><strong>Honorius</strong></span> <span class='ocrx_word' id='word_1_545' title='bbox 1115 1211 1241 1238; x_wconf 91' lang='lat' dir='ltr'><strong>salutem.</strong></span> <span class='ocrx_word' id='word_1_546' title='bbox 1268 1209 1365 1238; x_wconf 74' lang='lat' dir='ltr'><strong>Nescio</strong></span> <span class='ocrx_word' id='word_1_547' title='bbox 1383 1218 1505 1245; x_wconf 65' lang='lat' dir='ltr'><strong>quasnam</strong></span> <span class='ocrx_word' id='word_1_548' title='bbox 1532 1209 1686 1237; x_wconf 83' lang='lat' dir='ltr'><strong>adversaria</strong></span> <span class='ocrx_word' id='word_1_549' title='bbox 1708 1209 1749 1236; x_wconf 87' lang='lat' dir='ltr'><strong>vis</strong></span> 
     </span>
    </p>
   </div>
   <div class='ocr_carea' id='block_1_78' title="bbox 962 1256 1746 1293">
    <p class='ocr_par' dir='ltr' id='par_1_78' title="bbox 962 1256 1746 1293">
     <span class='ocr_line' id='line_1_78' title="bbox 962 1256 1746 1293; baseline -0.005 -7"><span class='ocrx_word' id='word_1_550' title='bbox 962 1258 1100 1293; x_wconf 88' lang='lat' dir='ltr'><strong>deceperit</strong></span> <span class='ocrx_word' id='word_1_551' title='bbox 1123 1262 1159 1288; x_wconf 85' lang='lat' dir='ltr'><strong>te.</strong></span> <span class='ocrx_word' id='word_1_552' title='bbox 1176 1262 1206 1285; x_wconf 89' lang='lat' dir='ltr'><strong>ut</strong></span> <span class='ocrx_word' id='word_1_553' title='bbox 1236 1256 1342 1284; x_wconf 70' lang='lat' dir='ltr'><strong>feminte</strong></span> <span class='ocrx_word' id='word_1_554' title='bbox 1372 1256 1491 1284; x_wconf 83' lang='lat' dir='ltr'><strong>conﬁsus</strong></span> <span class='ocrx_word' id='word_1_555' title='bbox 1518 1256 1587 1283; x_wconf 87' lang='lat' dir='ltr'><strong>mala</strong></span> <span class='ocrx_word' id='word_1_556' title='bbox 1616 1259 1746 1291; x_wconf 86' lang='lat' dir='ltr'><strong>patrares.</strong></span> 
     </span>
    </p>
   </div>
   <div class='ocr_carea' id='block_1_79' title="bbox 961 1301 1749 1339">
    <p class='ocr_par' dir='ltr' id='par_1_79' title="bbox 961 1301 1749 1339">
     <span class='ocr_line' id='line_1_79' title="bbox 961 1301 1749 1339; baseline -0.003 -8"><span class='ocrx_word' id='word_1_557' title='bbox 961 1304 1049 1339; x_wconf 80' lang='lat' dir='ltr'><strong>Atque</strong></span> <span class='ocrx_word' id='word_1_558' title='bbox 1067 1304 1112 1331; x_wconf 92' lang='lat' dir='ltr'><strong>hic</strong></span> <span class='ocrx_word' id='word_1_559' title='bbox 1133 1311 1229 1331; x_wconf 91' lang='lat' dir='ltr'><strong>omnes</strong></span> <span class='ocrx_word' id='word_1_560' title='bbox 1249 1303 1353 1338; x_wconf 89' lang='lat' dir='ltr'><strong>imperii</strong></span> <span class='ocrx_word' id='word_1_561' title='bbox 1373 1303 1457 1330; x_wconf 89' lang='lat' dir='ltr'><strong>nostri</strong></span> <span class='ocrx_word' id='word_1_562' title='bbox 1478 1301 1598 1337; x_wconf 86' lang='lat' dir='ltr'><strong>episcopi</strong></span> <span class='ocrx_word' id='word_1_563' title='bbox 1616 1301 1749 1330; x_wconf 83' lang='lat' dir='ltr'><strong>clamant.</strong></span> 
     </span>
    </p>
   </div>
   <div class='ocr_carea' id='block_1_80' title="bbox 962 1346 1749 1384">
    <p class='ocr_par' dir='ltr' id='par_1_80' title="bbox 962 1346 1749 1384">
     <span class='ocr_line' id='line_1_80' title="bbox 962 1346 1749 1384; baseline -0.005 -8"><span class='ocrx_word' id='word_1_564' title='bbox 962 1349 1034 1384; x_wconf 84' lang='lat' dir='ltr'><strong>quod</strong></span> <span class='ocrx_word' id='word_1_565' title='bbox 1058 1349 1135 1384; x_wconf 83' lang='lat' dir='ltr'><strong>legati</strong></span> <span class='ocrx_word' id='word_1_566' title='bbox 1158 1348 1192 1376; x_wconf 93' lang='lat' dir='ltr'><strong>ad</strong></span> <span class='ocrx_word' id='word_1_567' title='bbox 1213 1353 1286 1375; x_wconf 91' lang='lat' dir='ltr'><strong>tuam</strong></span> <span class='ocrx_word' id='word_1_568' title='bbox 1307 1348 1476 1382; x_wconf 86' lang='lat' dir='ltr'><strong>majestatem</strong></span> <span class='ocrx_word' id='word_1_569' title='bbox 1498 1346 1585 1379; x_wconf 84' lang='lat' dir='ltr'><strong>missi,</strong></span> <span class='ocrx_word' id='word_1_570' title='bbox 1610 1349 1691 1380; x_wconf 90' lang='lat' dir='ltr'><strong>atque</strong></span> <span class='ocrx_word' id='word_1_571' title='bbox 1716 1346 1749 1373; x_wconf 90' lang='lat' dir='ltr'><strong>ad</strong></span> 
     </span>
    </p>
   </div>
   <div class='ocr_carea' id='block_1_81' title="bbox 962 1392 1749 1430">
    <p class='ocr_par' dir='ltr' id='par_1_81' title="bbox 962 1392 1749 1430">
     <span class='ocr_line' id='line_1_81' title="bbox 962 1392 1749 1430; baseline -0.005 -7"><span class='ocrx_word' id='word_1_572' title='bbox 962 1399 1082 1423; x_wconf 88' lang='lat' dir='ltr'><strong>coactam</strong></span> <span class='ocrx_word' id='word_1_573' title='bbox 1110 1395 1242 1430; x_wconf 89' lang='lat' dir='ltr'><strong>synodum</strong></span> <span class='ocrx_word' id='word_1_574' title='bbox 1270 1394 1494 1425; x_wconf 87' lang='lat' dir='ltr'><strong>confirmandam,</strong></span> <span class='ocrx_word' id='word_1_575' title='bbox 1523 1396 1596 1420; x_wconf 86' lang='lat' dir='ltr'><strong>arcta</strong></span> <span class='ocrx_word' id='word_1_576' title='bbox 1627 1392 1749 1420; x_wconf 88' lang='lat' dir='ltr'><strong>custodia</strong></span> 
     </span>
    </p>
   </div>
   <div class='ocr_carea' id='block_1_82' title="bbox 962 1438 1750 1473">
    <p class='ocr_par' dir='ltr' id='par_1_82' title="bbox 962 1438 1750 1473">
     <span class='ocr_line' id='line_1_82' title="bbox 962 1438 1750 1473; baseline -0.004 -5"><span class='ocrx_word' id='word_1_577' title='bbox 962 1441 1077 1472; x_wconf 86' lang='lat' dir='ltr'><strong>detenti,</strong></span> <span class='ocrx_word' id='word_1_578' title='bbox 1110 1441 1181 1468; x_wconf 84' lang='lat' dir='ltr'><strong>fame</strong></span> <span class='ocrx_word' id='word_1_579' title='bbox 1210 1441 1401 1467; x_wconf 71' lang='lat' dir='ltr'><strong>conficiantur.</strong></span> <span class='ocrx_word' id='word_1_580' title='bbox 1434 1439 1503 1466; x_wconf 87' lang='lat' dir='ltr'><strong>Tum</strong></span> <span class='ocrx_word' id='word_1_581' title='bbox 1531 1438 1604 1473; x_wconf 89' lang='lat' dir='ltr'><strong>quod</strong></span> <span class='ocrx_word' id='word_1_582' title='bbox 1640 1439 1750 1473; x_wconf 88' lang='lat' dir='ltr'><strong>propria</strong></span> 
     </span>
    </p>
   </div>
   <div class='ocr_carea' id='block_1_83' title="bbox 962 1486 1750 1522">
    <p class='ocr_par' dir='ltr' id='par_1_83' title="bbox 962 1486 1750 1522">
     <span class='ocr_line' id='line_1_83' title="bbox 962 1486 1750 1522; baseline -0.004 -7"><span class='ocrx_word' id='word_1_583' title='bbox 962 1488 1101 1516; x_wconf 88' lang='lat' dir='ltr'><strong>voluntate</strong></span> <span class='ocrx_word' id='word_1_584' title='bbox 1118 1487 1282 1522; x_wconf 89' lang='lat' dir='ltr'><strong>proprioque</strong></span> <span class='ocrx_word' id='word_1_585' title='bbox 1294 1487 1398 1522; x_wconf 87' lang='lat' dir='ltr'><strong>judicio</strong></span> <span class='ocrx_word' id='word_1_586' title='bbox 1420 1486 1505 1521; x_wconf 90' lang='lat' dir='ltr'><strong>pulsis</strong></span> <span class='ocrx_word' id='word_1_587' title='bbox 1518 1486 1662 1521; x_wconf 87' lang='lat' dir='ltr'><strong>episcopis,</strong></span> <span class='ocrx_word' id='word_1_588' title='bbox 1681 1486 1750 1513; x_wconf 88' lang='lat' dir='ltr'><strong>alios</strong></span> 
     </span>
    </p>
   </div>
   <div class='ocr_carea' id='block_1_84' title="bbox 963 1531 1749 1567">
    <p class='ocr_par' dir='ltr' id='par_1_84' title="bbox 963 1531 1749 1567">
     <span class='ocr_line' id='line_1_84' title="bbox 963 1531 1749 1567; baseline -0.005 -7"><span class='ocrx_word' id='word_1_589' title='bbox 963 1532 1146 1565; x_wconf 88' lang='lat' dir='ltr'><strong>substitucris,</strong></span> <span class='ocrx_word' id='word_1_590' title='bbox 1162 1531 1310 1567; x_wconf 86' lang='lat' dir='ltr'><strong>apostolica</strong></span> <span class='ocrx_word' id='word_1_591' title='bbox 1325 1531 1486 1559; x_wconf 83' lang='lat' dir='ltr'><strong>auctoritate</strong></span> <span class='ocrx_word' id='word_1_592' title='bbox 1503 1534 1672 1564; x_wconf 88' lang='lat' dir='ltr'><strong>contempta;</strong></span> <span class='ocrx_word' id='word_1_593' title='bbox 1688 1537 1749 1564; x_wconf 73' lang='lat' dir='ltr'><strong>qua:</strong></span> 
     </span>
    </p>
   </div>
   <div class='ocr_carea' id='block_1_85' title="bbox 963 1575 1748 1614">
    <p class='ocr_par' dir='ltr' id='par_1_85' title="bbox 963 1575 1748 1614">
     <span class='ocr_line' id='line_1_85' title="bbox 963 1575 1748 1614; baseline -0.005 -9"><span class='ocrx_word' id='word_1_594' title='bbox 963 1579 1070 1614; x_wconf 82' lang='lat' dir='ltr'><strong>quidem</strong></span> <span class='ocrx_word' id='word_1_595' title='bbox 1093 1585 1137 1605; x_wconf 88' lang='lat' dir='ltr'><strong>res</strong></span> <span class='ocrx_word' id='word_1_596' title='bbox 1158 1578 1308 1613; x_wconf 89' lang='lat' dir='ltr'><strong>periculum</strong></span> <span class='ocrx_word' id='word_1_597' title='bbox 1327 1577 1361 1604; x_wconf 86' lang='lat' dir='ltr'><strong>ab</strong></span> <span class='ocrx_word' id='word_1_598' title='bbox 1384 1575 1540 1603; x_wconf 91' lang='lat' dir='ltr'><strong>hominibus</strong></span> <span class='ocrx_word' id='word_1_599' title='bbox 1561 1575 1640 1602; x_wconf 91' lang='lat' dir='ltr'><strong>nobis</strong></span> <span class='ocrx_word' id='word_1_600' title='bbox 1658 1579 1748 1607; x_wconf 77' lang='lat' dir='ltr'><strong>creat;</strong></span> 
     </span>
    </p>
   </div>
   <div class='ocr_carea' id='block_1_86' title="bbox 963 1620 1750 1659">
    <p class='ocr_par' dir='ltr' id='par_1_86' title="bbox 963 1620 1750 1659">
     <span class='ocr_line' id='line_1_86' title="bbox 963 1620 1750 1659; baseline -0.005 -8"><span class='ocrx_word' id='word_1_601' title='bbox 963 1632 1025 1652; x_wconf 91' lang='lat' dir='ltr'><strong>nam</strong></span> <span class='ocrx_word' id='word_1_602' title='bbox 1040 1628 1068 1651; x_wconf 86' lang='lat' dir='ltr'><strong>et</strong></span> <span class='ocrx_word' id='word_1_603' title='bbox 1081 1624 1131 1659; x_wconf 91' lang='lat' dir='ltr'><strong>ipsi</strong></span> <span class='ocrx_word' id='word_1_604' title='bbox 1147 1623 1213 1651; x_wconf 92' lang='lat' dir='ltr'><strong>mihi</strong></span> <span class='ocrx_word' id='word_1_605' title='bbox 1236 1623 1317 1651; x_wconf 88' lang='lat' dir='ltr'><strong>rebus</strong></span> <span class='ocrx_word' id='word_1_606' title='bbox 1339 1623 1423 1650; x_wconf 85' lang='lat' dir='ltr'><strong>sacris</strong></span> <span class='ocrx_word' id='word_1_607' title='bbox 1445 1620 1618 1649; x_wconf 84' lang='lat' dir='ltr'><strong>interdictum</strong></span> <span class='ocrx_word' id='word_1_608' title='bbox 1644 1620 1705 1652; x_wconf 82' lang='lat' dir='ltr'><strong>fuit,</strong></span> <span class='ocrx_word' id='word_1_609' title='bbox 1721 1626 1750 1648; x_wconf 86' lang='lat' dir='ltr'><strong>et</strong></span> 
     </span>
    </p>
   </div>
   <div class='ocr_carea' id='block_1_87' title="bbox 964 1666 1750 1705">
    <p class='ocr_par' dir='ltr' id='par_1_87' title="bbox 964 1666 1750 1705">
     <span class='ocr_line' id='line_1_87' title="bbox 964 1666 1750 1705; baseline -0.008 -7"><span class='ocrx_word' id='word_1_610' title='bbox 964 1671 991 1698; x_wconf 92' lang='lat' dir='ltr'><strong>in</strong></span> <span class='ocrx_word' id='word_1_611' title='bbox 1007 1670 1049 1698; x_wconf 92' lang='lat' dir='ltr'><strong>his</strong></span> <span class='ocrx_word' id='word_1_612' title='bbox 1063 1670 1184 1705; x_wconf 90' lang='lat' dir='ltr'><strong>partibus</strong></span> <span class='ocrx_word' id='word_1_613' title='bbox 1196 1677 1250 1696; x_wconf 92' lang='lat' dir='ltr'><strong>non</strong></span> <span class='ocrx_word' id='word_1_614' title='bbox 1265 1669 1369 1697; x_wconf 86' lang='lat' dir='ltr'><strong>modica</strong></span> <span class='ocrx_word' id='word_1_615' title='bbox 1385 1667 1504 1696; x_wconf 86' lang='lat' dir='ltr'><strong>turbatio</strong></span> <span class='ocrx_word' id='word_1_616' title='bbox 1516 1671 1566 1694; x_wconf 86' lang='lat' dir='ltr'><strong>est.</strong></span> <span class='ocrx_word' id='word_1_617' title='bbox 1592 1666 1652 1694; x_wconf 89' lang='lat' dir='ltr'><strong>Cito</strong></span> <span class='ocrx_word' id='word_1_618' title='bbox 1669 1666 1750 1702; x_wconf 83' lang='lat' dir='ltr'><strong>igitur</strong></span> 
     </span>
    </p>
   </div>
   <div class='ocr_carea' id='block_1_88' title="bbox 964 1711 1750 1747">
    <p class='ocr_par' dir='ltr' id='par_1_88' title="bbox 964 1711 1750 1747">
     <span class='ocr_line' id='line_1_88' title="bbox 964 1711 1750 1747; baseline -0.008 -4"><span class='ocrx_word' id='word_1_619' title='bbox 964 1723 1017 1743; x_wconf 94' lang='lat' dir='ltr'><strong>non</strong></span> <span class='ocrx_word' id='word_1_620' title='bbox 1039 1715 1137 1747; x_wconf 88' lang='lat' dir='ltr'><strong>verbis,</strong></span> <span class='ocrx_word' id='word_1_621' title='bbox 1153 1714 1199 1741; x_wconf 90' lang='lat' dir='ltr'><strong>sed</strong></span> <span class='ocrx_word' id='word_1_622' title='bbox 1212 1713 1299 1746; x_wconf 86' lang='lat' dir='ltr'><strong>factis,</strong></span> <span class='ocrx_word' id='word_1_623' title='bbox 1316 1713 1387 1740; x_wconf 88' lang='lat' dir='ltr'><strong>malo</strong></span> <span class='ocrx_word' id='word_1_624' title='bbox 1401 1713 1464 1740; x_wconf 91' lang='lat' dir='ltr'><strong>huic</strong></span> <span class='ocrx_word' id='word_1_625' title='bbox 1481 1711 1589 1738; x_wconf 81' lang='lat' dir='ltr'><strong>medere</strong></span> <span class='ocrx_word' id='word_1_626' title='bbox 1605 1719 1611 1738; x_wconf 93' lang='lat'><strong>:</strong></span> <span class='ocrx_word' id='word_1_627' title='bbox 1627 1718 1690 1738; x_wconf 92' lang='lat' dir='ltr'><strong>nam</strong></span> <span class='ocrx_word' id='word_1_628' title='bbox 1705 1718 1750 1738; x_wconf 89' lang='lat' dir='ltr'><strong>sa-</strong></span> 
     </span>
    </p>
   </div>
   <div class='ocr_carea' id='block_1_89' title="bbox 964 1754 1751 1795">
    <p class='ocr_par' dir='ltr' id='par_1_89' title="bbox 964 1754 1751 1795">
     <span class='ocr_line' id='line_1_89' title="bbox 964 1754 1751 1795; baseline -0.006 -7"><span class='ocrx_word' id='word_1_629' title='bbox 964 1754 1104 1788; x_wconf 83' lang='lat' dir='ltr'><strong>cerdotum</strong></span> <span class='ocrx_word' id='word_1_630' title='bbox 1122 1767 1172 1795; x_wconf 90' lang='lat' dir='ltr'><strong>pro</strong></span> <span class='ocrx_word' id='word_1_631' title='bbox 1193 1759 1272 1787; x_wconf 88' lang='lat' dir='ltr'><strong>nobis</strong></span> <span class='ocrx_word' id='word_1_632' title='bbox 1291 1767 1384 1794; x_wconf 85' lang='lat' dir='ltr'><strong>preces</strong></span> <span class='ocrx_word' id='word_1_633' title='bbox 1399 1765 1481 1794; x_wconf 88' lang='lat' dir='ltr'><strong>regna</strong></span> <span class='ocrx_word' id='word_1_634' title='bbox 1503 1761 1595 1784; x_wconf 86' lang='lat' dir='ltr'><strong>nostra</strong></span> <span class='ocrx_word' id='word_1_635' title='bbox 1618 1760 1751 1792; x_wconf 87' lang='lat' dir='ltr'><strong>perpetuo</strong></span> 
     </span>
    </p>
   </div>
   <div class='ocr_carea' id='block_1_90' title="bbox 964 1807 1114 1834">
    <p class='ocr_par' dir='ltr' id='par_1_90' title="bbox 964 1807 1114 1834">
     <span class='ocr_line' id='line_1_90' title="bbox 964 1807 1114 1834; baseline -0.02 0"><span class='ocrx_word' id='word_1_636' title='bbox 964 1807 1081 1834; x_wconf 89' lang='lat' dir='ltr'><strong>firmant.</strong></span> <span class='ocrx_word' id='word_1_637' title='bbox 1105 1815 1114 1831; x_wconf 76' lang='grc' dir='ltr'>ι</span> 
     </span>
    </p>
   </div>
   <div class='ocr_carea' id='block_1_91' title="bbox 998 1848 1751 1886">
    <p class='ocr_par' dir='ltr' id='par_1_91' title="bbox 998 1848 1751 1886">
     <span class='ocr_line' id='line_1_91' title="bbox 998 1848 1751 1886; baseline -0.005 -7"><span class='ocrx_word' id='word_1_638' title='bbox 998 1851 1042 1880; x_wconf 74' lang='grc'><strong>28.</strong></span> <span class='ocrx_word' id='word_1_639' title='bbox 1066 1852 1133 1879; x_wconf 90' lang='lat' dir='ltr'><strong>Dum</strong></span> <span class='ocrx_word' id='word_1_640' title='bbox 1152 1859 1217 1886; x_wconf 86' lang='lat' dir='ltr'><strong>ergo</strong></span> <span class='ocrx_word' id='word_1_641' title='bbox 1238 1850 1265 1878; x_wconf 89' lang='lat' dir='ltr'><strong>in</strong></span> <span class='ocrx_word' id='word_1_642' title='bbox 1288 1850 1359 1886; x_wconf 86' lang='lat' dir='ltr'><strong>regia</strong></span> <span class='ocrx_word' id='word_1_643' title='bbox 1388 1849 1455 1877; x_wconf 86' lang='lat' dir='ltr'><strong>urbe</strong></span> <span class='ocrx_word' id='word_1_644' title='bbox 1480 1848 1648 1884; x_wconf 87' lang='lat' dir='ltr'><strong>Theophilus</strong></span> <span class='ocrx_word' id='word_1_645' title='bbox 1667 1849 1751 1876; x_wconf 77' lang='lat' dir='ltr'><strong>innu-</strong></span> 
     </span>
    </p>
   </div>
   <div class='ocr_carea' id='block_1_92' title="bbox 964 1888 1749 1931">
    <p class='ocr_par' dir='ltr' id='par_1_92' title="bbox 964 1888 1749 1931">
     <span class='ocr_line' id='line_1_92' title="bbox 964 1888 1749 1931; baseline -0.004 -6"><span class='ocrx_word' id='word_1_646' title='bbox 964 1888 1053 1925; x_wconf 87' lang='lat' dir='ltr'><strong>meras</strong></span> <span class='ocrx_word' id='word_1_647' title='bbox 1074 1897 1240 1925; x_wconf 86' lang='lat' dir='ltr'><strong>calamitates</strong></span> <span class='ocrx_word' id='word_1_648' title='bbox 1258 1896 1386 1929; x_wconf 81' lang='lat' dir='ltr'><strong>efficeret,</strong></span> <span class='ocrx_word' id='word_1_649' title='bbox 1403 1895 1575 1923; x_wconf 88' lang='lat' dir='ltr'><strong>advenerunt</strong></span> <span class='ocrx_word' id='word_1_650' title='bbox 1590 1895 1749 1931; x_wconf 83' lang='lat' dir='ltr'><strong>Byzantium</strong></span> 
     </span>
    </p>
   </div>
   <div class='ocr_carea' id='block_1_93' title="bbox 964 1941 1750 1978">
    <p class='ocr_par' dir='ltr' id='par_1_93' title="bbox 964 1941 1750 1978">
     <span class='ocr_line' id='line_1_93' title="bbox 964 1941 1750 1978; baseline -0.006 -6"><span class='ocrx_word' id='word_1_651' title='bbox 964 1944 1088 1978; x_wconf 83' lang='lat' dir='ltr'><strong>Romani,</strong></span> <span class='ocrx_word' id='word_1_652' title='bbox 1110 1943 1253 1978; x_wconf 79' lang='lat' dir='ltr'><strong>praedictas</strong></span> <span class='ocrx_word' id='word_1_653' title='bbox 1279 1943 1383 1970; x_wconf 79' lang='lat' dir='ltr'><strong>litteras</strong></span> <span class='ocrx_word' id='word_1_654' title='bbox 1394 1941 1513 1969; x_wconf 85' lang='lat' dir='ltr'><strong>ferentes</strong></span> <span class='ocrx_word' id='word_1_655' title='bbox 1531 1950 1538 1969; x_wconf 91' lang='lat'>:</span> <span class='ocrx_word' id='word_1_656' title='bbox 1556 1941 1655 1976; x_wconf 89' lang='lat' dir='ltr'><strong>quibus</strong></span> <span class='ocrx_word' id='word_1_657' title='bbox 1673 1947 1750 1968; x_wconf 89' lang='lat' dir='ltr'><strong>rece-</strong></span> 
     </span>
    </p>
   </div>
   <div class='ocr_carea' id='block_1_94' title="bbox 964 1986 1750 2026">
    <p class='ocr_par' dir='ltr' id='par_1_94' title="bbox 964 1986 1750 2026">
     <span class='ocr_line' id='line_1_94' title="bbox 964 1986 1750 2026; baseline -0.006 -8"><span class='ocrx_word' id='word_1_658' title='bbox 964 1991 1032 2026; x_wconf 92' lang='lat' dir='ltr'><strong>ptis,</strong></span> <span class='ocrx_word' id='word_1_659' title='bbox 1049 1991 1194 2025; x_wconf 90' lang='lat' dir='ltr'><strong>imperator</strong></span> <span class='ocrx_word' id='word_1_660' title='bbox 1217 1989 1395 2017; x_wconf 86' lang='lat' dir='ltr'><strong>conturbatus</strong></span> <span class='ocrx_word' id='word_1_661' title='bbox 1407 1992 1460 2021; x_wconf 84' lang='lat' dir='ltr'><strong>est,</strong></span> <span class='ocrx_word' id='word_1_662' title='bbox 1477 1994 1641 2023; x_wconf 88' lang='lat' dir='ltr'><strong>prorsusque</strong></span> <span class='ocrx_word' id='word_1_663' title='bbox 1659 1986 1750 2013; x_wconf 88' lang='lat' dir='ltr'><strong>animo</strong></span> 
     </span>
    </p>
   </div>
   <div class='ocr_carea' id='block_1_95' title="bbox 965 2032 1750 2071">
    <p class='ocr_par' dir='ltr' id='par_1_95' title="bbox 965 2032 1750 2071">
     <span class='ocr_line' id='line_1_95' title="bbox 965 2032 1750 2071; baseline -0.006 -7"><span class='ocrx_word' id='word_1_664' title='bbox 965 2036 1118 2064; x_wconf 86' lang='lat' dir='ltr'><strong>dissolutus.</strong></span> <span class='ocrx_word' id='word_1_665' title='bbox 1149 2035 1318 2071; x_wconf 82' lang='lat' dir='ltr'><strong>TheOphilus</strong></span> <span class='ocrx_word' id='word_1_666' title='bbox 1340 2034 1431 2069; x_wconf 90' lang='lat' dir='ltr'><strong>itaque</strong></span> <span class='ocrx_word' id='word_1_667' title='bbox 1453 2041 1504 2069; x_wconf 90' lang='lat' dir='ltr'><strong>pro</strong></span> <span class='ocrx_word' id='word_1_668' title='bbox 1529 2041 1579 2061; x_wconf 88' lang='lat' dir='ltr'><strong>sua</strong></span> <span class='ocrx_word' id='word_1_669' title='bbox 1605 2032 1750 2061; x_wconf 84' lang='lat' dir='ltr'><strong>calliditate</strong></span> 
     </span>
    </p>
   </div>
   <div class='ocr_carea' id='block_1_96' title="bbox 964 2079 1749 2118">
    <p class='ocr_par' dir='ltr' id='par_1_96' title="bbox 964 2079 1749 2118">
     <span class='ocr_line' id='line_1_96' title="bbox 964 2079 1749 2118; baseline -0.005 -8"><span class='ocrx_word' id='word_1_670' title='bbox 964 2083 1117 2118; x_wconf 78' lang='lat' dir='ltr'><strong>intelligens</strong></span> <span class='ocrx_word' id='word_1_671' title='bbox 1145 2082 1197 2109; x_wconf 89' lang='lat' dir='ltr'><strong>hoc</strong></span> <span class='ocrx_word' id='word_1_672' title='bbox 1215 2082 1271 2117; x_wconf 89' lang='lat' dir='ltr'><strong>jam</strong></span> <span class='ocrx_word' id='word_1_673' title='bbox 1302 2089 1362 2109; x_wconf 88' lang='lat' dir='ltr'><strong>esse</strong></span> <span class='ocrx_word' id='word_1_674' title='bbox 1388 2081 1519 2108; x_wconf 85' lang='lat' dir='ltr'><strong>malorum</strong></span> <span class='ocrx_word' id='word_1_675' title='bbox 1546 2080 1664 2112; x_wconf 87' lang='lat' dir='ltr'><strong>initium,</strong></span> <span class='ocrx_word' id='word_1_676' title='bbox 1687 2079 1749 2114; x_wconf 80' lang='lat' dir='ltr'><strong>fuga</strong></span> 
     </span>
    </p>
   </div>
   <div class='ocr_carea' id='block_1_97' title="bbox 965 2124 1749 2161">
    <p class='ocr_par' dir='ltr' id='par_1_97' title="bbox 965 2124 1749 2161">
     <span class='ocr_line' id='line_1_97' title="bbox 965 2124 1749 2161; baseline -0.005 -5"><span class='ocrx_word' id='word_1_677' title='bbox 965 2129 1044 2156; x_wconf 89' lang='lat' dir='ltr'><strong>saluti</strong></span> <span class='ocrx_word' id='word_1_678' title='bbox 1067 2136 1123 2155; x_wconf 66' lang='lat' dir='ltr'><strong>sua:</strong></span> <span class='ocrx_word' id='word_1_679' title='bbox 1144 2127 1217 2155; x_wconf 87' lang='lat' dir='ltr'><strong>solus</strong></span> <span class='ocrx_word' id='word_1_680' title='bbox 1237 2126 1388 2158; x_wconf 82' lang='lat' dir='ltr'><strong>consuluit;</strong></span> <span class='ocrx_word' id='word_1_681' title='bbox 1403 2126 1541 2161; x_wconf 79' lang='lat' dir='ltr'><strong>Angustus</strong></span> <span class='ocrx_word' id='word_1_682' title='bbox 1555 2129 1656 2158; x_wconf 88' lang='lat' dir='ltr'><strong>autem,</strong></span> <span class='ocrx_word' id='word_1_683' title='bbox 1672 2124 1749 2160; x_wconf 87' lang='lat' dir='ltr'><strong>quasi</strong></span> 
     </span>
    </p>
   </div>
   <div class='ocr_carea' id='block_1_98' title="bbox 965 2170 1748 2209">
    <p class='ocr_par' dir='ltr' id='par_1_98' title="bbox 965 2170 1748 2209">
     <span class='ocr_line' id='line_1_98' title="bbox 965 2170 1748 2209; baseline -0.004 -9"><span class='ocrx_word' id='word_1_684' title='bbox 965 2178 1076 2202; x_wconf 84' lang='lat' dir='ltr'><strong>veterno</strong></span> <span class='ocrx_word' id='word_1_685' title='bbox 1091 2173 1229 2209; x_wconf 89' lang='lat' dir='ltr'><strong>evigilans,</strong></span> <span class='ocrx_word' id='word_1_686' title='bbox 1255 2172 1431 2208; x_wconf 73' lang='lat' dir='ltr'><strong>pnetorianos</strong></span> <span class='ocrx_word' id='word_1_687' title='bbox 1448 2171 1523 2199; x_wconf 90' lang='lat' dir='ltr'><strong>misit</strong></span> <span class='ocrx_word' id='word_1_688' title='bbox 1534 2171 1569 2199; x_wconf 88' lang='lat' dir='ltr'><strong>ad</strong></span> <span class='ocrx_word' id='word_1_689' title='bbox 1587 2170 1748 2206; x_wconf 90' lang='lat' dir='ltr'><strong>capiendum</strong></span> 
     </span>
    </p>
   </div>
   <div class='ocr_carea' id='block_1_99' title="bbox 965 2216 1749 2254">
    <p class='ocr_par' dir='ltr' id='par_1_99' title="bbox 965 2216 1749 2254">
     <span class='ocr_line' id='line_1_99' title="bbox 965 2216 1749 2254; baseline -0.005 -7"><span class='ocrx_word' id='word_1_690' title='bbox 965 2219 1155 2254; x_wconf 87' lang='lat' dir='ltr'><strong>Theophilum,</strong></span> <span class='ocrx_word' id='word_1_691' title='bbox 1182 2219 1228 2253; x_wconf 91' lang='lat' dir='ltr'><strong>qui</strong></span> <span class='ocrx_word' id='word_1_692' title='bbox 1253 2218 1378 2246; x_wconf 85' lang='lat' dir='ltr'><strong>sobrinos</strong></span> <span class='ocrx_word' id='word_1_693' title='bbox 1405 2217 1465 2252; x_wconf 90' lang='lat' dir='ltr'><strong>ejus</strong></span> <span class='ocrx_word' id='word_1_694' title='bbox 1488 2216 1603 2249; x_wconf 79' lang='lat' dir='ltr'><strong>Menam,</strong></span> <span class='ocrx_word' id='word_1_695' title='bbox 1630 2216 1749 2243; x_wconf 85' lang='lat' dir='ltr'><strong>Thcote-</strong></span> 
     </span>
    </p>
   </div>
   <div class='ocr_carea' id='block_1_100' title="bbox 965 2260 1749 2299">
    <p class='ocr_par' dir='ltr' id='par_1_100' title="bbox 965 2260 1749 2299">
     <span class='ocr_line' id='line_1_100' title="bbox 965 2260 1749 2299; baseline -0.004 -8"><span class='ocrx_word' id='word_1_696' title='bbox 965 2272 1060 2297; x_wconf 92' lang='lat' dir='ltr'><strong>cnum,</strong></span> <span class='ocrx_word' id='word_1_697' title='bbox 1077 2268 1104 2291; x_wconf 90' lang='lat' dir='ltr'><strong>et</strong></span> <span class='ocrx_word' id='word_1_698' title='bbox 1123 2264 1315 2299; x_wconf 78' lang='lat' dir='ltr'><strong>lschyrionem,</strong></span> <span class='ocrx_word' id='word_1_699' title='bbox 1332 2262 1489 2290; x_wconf 89' lang='lat' dir='ltr'><strong>verberatos</strong></span> <span class='ocrx_word' id='word_1_700' title='bbox 1506 2262 1686 2290; x_wconf 81' lang='lat' dir='ltr'><strong>adduxerunt.</strong></span> <span class='ocrx_word' id='word_1_701' title='bbox 1704 2260 1749 2288; x_wconf 88' lang='lat' dir='ltr'><strong>Si-</strong></span> 
     </span>
    </p>
   </div>
   <div class='ocr_carea' id='block_1_101' title="bbox 965 2307 1748 2344">
    <p class='ocr_par' dir='ltr' id='par_1_101' title="bbox 965 2307 1748 2344">
     <span class='ocr_line' id='line_1_101' title="bbox 965 2307 1748 2344; baseline -0.005 -7"><span class='ocrx_word' id='word_1_702' title='bbox 965 2311 1065 2338; x_wconf 90' lang='lat' dir='ltr'><strong>militer</strong></span> <span class='ocrx_word' id='word_1_703' title='bbox 1089 2314 1117 2337; x_wconf 88' lang='lat' dir='ltr'><strong>et</strong></span> <span class='ocrx_word' id='word_1_704' title='bbox 1138 2310 1282 2342; x_wconf 86' lang='lat' dir='ltr'><strong>Acacium,</strong></span> <span class='ocrx_word' id='word_1_705' title='bbox 1309 2313 1476 2344; x_wconf 86' lang='lat' dir='ltr'><strong>cunctosque</strong></span> <span class='ocrx_word' id='word_1_706' title='bbox 1502 2308 1569 2335; x_wconf 84' lang='lat' dir='ltr'><strong>alios</strong></span> <span class='ocrx_word' id='word_1_707' title='bbox 1581 2307 1698 2335; x_wconf 87' lang='lat' dir='ltr'><strong>violenta</strong></span> <span class='ocrx_word' id='word_1_708' title='bbox 1723 2307 1748 2334; x_wconf 90' lang='lat' dir='ltr'><strong>vi</strong></span> 
     </span>
    </p>
   </div>
   <div class='ocr_carea' id='block_1_102' title="bbox 964 2351 1749 2390">
    <p class='ocr_par' dir='ltr' id='par_1_102' title="bbox 964 2351 1749 2390">
     <span class='ocr_line' id='line_1_102' title="bbox 964 2351 1749 2390; baseline -0.005 -8"><span class='ocrx_word' id='word_1_709' title='bbox 964 2359 1113 2390; x_wconf 75' lang='lat' dir='ltr'><strong>pertractus</strong></span> <span class='ocrx_word' id='word_1_710' title='bbox 1128 2355 1155 2382; x_wconf 94' lang='lat' dir='ltr'><strong>in</strong></span> <span class='ocrx_word' id='word_1_711' title='bbox 1179 2362 1316 2382; x_wconf 87' lang='lat' dir='ltr'><strong>carcerem</strong></span> <span class='ocrx_word' id='word_1_712' title='bbox 1333 2354 1405 2381; x_wconf 90' lang='lat' dir='ltr'><strong>trudi</strong></span> <span class='ocrx_word' id='word_1_713' title='bbox 1423 2353 1504 2389; x_wconf 86' lang='lat' dir='ltr'><strong>jussit</strong></span> <span class='ocrx_word' id='word_1_714' title='bbox 1519 2353 1684 2388; x_wconf 88' lang='lat' dir='ltr'><strong>imperator:</strong></span> <span class='ocrx_word' id='word_1_715' title='bbox 1702 2351 1749 2386; x_wconf 90' lang='lat' dir='ltr'><strong>qui</strong></span> 
     </span>
    </p>
   </div>
   <div class='ocr_carea' id='block_1_103' title="bbox 964 2397 1746 2435">
    <p class='ocr_par' dir='ltr' id='par_1_103' title="bbox 964 2397 1746 2435">
     <span class='ocr_line' id='line_1_103' title="bbox 964 2397 1746 2435; baseline -0.008 -6"><span class='ocrx_word' id='word_1_716' title='bbox 964 2409 1026 2429; x_wconf 88' lang='lat' dir='ltr'><strong>mox</strong></span> <span class='ocrx_word' id='word_1_717' title='bbox 1045 2401 1079 2428; x_wconf 88' lang='lat' dir='ltr'><strong>ad</strong></span> <span class='ocrx_word' id='word_1_718' title='bbox 1103 2400 1251 2428; x_wconf 79' lang='lat' dir='ltr'><strong>Eudoxiam</strong></span> <span class='ocrx_word' id='word_1_719' title='bbox 1268 2400 1416 2435; x_wconf 81' lang='lat' dir='ltr'><strong>ingressus,</strong></span> <span class='ocrx_word' id='word_1_720' title='bbox 1432 2403 1462 2427; x_wconf 93' lang='lat' dir='ltr'><strong>ut</strong></span> <span class='ocrx_word' id='word_1_721' title='bbox 1475 2406 1534 2426; x_wconf 88' lang='lat' dir='ltr'><strong>eam</strong></span> <span class='ocrx_word' id='word_1_722' title='bbox 1550 2397 1746 2433; x_wconf 86' lang='lat' dir='ltr'><strong>pessumdaret,</strong></span> 
     </span>
    </p>
   </div>
   <div class='ocr_carea' id='block_1_104' title="bbox 964 2443 1747 2481">
    <p class='ocr_par' dir='ltr' id='par_1_104' title="bbox 964 2443 1747 2481">
     <span class='ocr_line' id='line_1_104' title="bbox 964 2443 1747 2481; baseline -0.008 -6"><span class='ocrx_word' id='word_1_723' title='bbox 964 2448 1031 2476; x_wconf 91' lang='lat' dir='ltr'><strong>vidit</strong></span> <span class='ocrx_word' id='word_1_724' title='bbox 1043 2447 1097 2475; x_wconf 90' lang='lat' dir='ltr'><strong>illic</strong></span> <span class='ocrx_word' id='word_1_725' title='bbox 1110 2447 1252 2481; x_wconf 88' lang='lat' dir='ltr'><strong>episcopos</strong></span> <span class='ocrx_word' id='word_1_726' title='bbox 1265 2446 1311 2480; x_wconf 92' lang='lat' dir='ltr'><strong>qui</strong></span> <span class='ocrx_word' id='word_1_727' title='bbox 1324 2449 1418 2473; x_wconf 84' lang='lat' dir='ltr'><strong>contra</strong></span> <span class='ocrx_word' id='word_1_728' title='bbox 1431 2444 1613 2480; x_wconf 88' lang='lat' dir='ltr'><strong>Theophilum</strong></span> <span class='ocrx_word' id='word_1_729' title='bbox 1629 2443 1747 2474; x_wconf 83' lang='lat' dir='ltr'><strong>fuerant,</strong></span> 
     </span>
    </p>
   </div>
   <div class='ocr_carea' id='block_1_105' title="bbox 964 2488 1748 2528">
    <p class='ocr_par' dir='ltr' id='par_1_105' title="bbox 964 2488 1748 2528">
     <span class='ocr_line' id='line_1_105' title="bbox 964 2488 1748 2528; baseline -0.008 -8"><span class='ocrx_word' id='word_1_730' title='bbox 964 2493 1061 2528; x_wconf 87' lang='lat' dir='ltr'><strong>quibus</strong></span> <span class='ocrx_word' id='word_1_731' title='bbox 1078 2492 1115 2519; x_wconf 88' lang='lat' dir='ltr'><strong>ait</strong></span> <span class='ocrx_word' id='word_1_732' title='bbox 1130 2501 1135 2518; x_wconf 89' lang='lat'><strong>:</strong></span> <span class='ocrx_word' id='word_1_733' title='bbox 1156 2501 1165 2517; x_wconf 86' lang='grc'><strong>‹</strong></span> <span class='ocrx_word' id='word_1_734' title='bbox 1184 2491 1254 2524; x_wconf 84' lang='lat' dir='ltr'><strong>Quid</strong></span> <span class='ocrx_word' id='word_1_735' title='bbox 1267 2491 1312 2518; x_wconf 90' lang='lat' dir='ltr'><strong>hic</strong></span> <span class='ocrx_word' id='word_1_736' title='bbox 1326 2491 1423 2526; x_wconf 83' lang='lat' dir='ltr'><strong>agitis?</strong></span> <span class='ocrx_word' id='word_1_737' title='bbox 1439 2499 1448 2515; x_wconf 74' lang='grc' dir='ltr'><strong><em>ι</em></strong></span> <span class='ocrx_word' id='word_1_738' title='bbox 1466 2490 1506 2517; x_wconf 84' lang='grc' dir='ltr'><strong>11ιί</strong></span> <span class='ocrx_word' id='word_1_739' title='bbox 1521 2494 1612 2517; x_wconf 89' lang='lat' dir='ltr'><strong>autem</strong></span> <span class='ocrx_word' id='word_1_740' title='bbox 1630 2498 1637 2516; x_wconf 92' lang='lat'><strong>:</strong></span> <span class='ocrx_word' id='word_1_741' title='bbox 1653 2498 1661 2515; x_wconf 79' lang='grc' dir='ltr'>ι</span> <span class='ocrx_word' id='word_1_742' title='bbox 1679 2488 1748 2515; x_wconf 83' lang='grc' dir='ltr'><strong>Μυι-</strong></span> 
     </span>
    </p>
   </div>
   <div class='ocr_carea' id='block_1_106' title="bbox 964 2534 1748 2573">
    <p class='ocr_par' dir='ltr' id='par_1_106' title="bbox 964 2534 1748 2573">
     <span class='ocr_line' id='line_1_106' title="bbox 964 2534 1748 2573; baseline -0.008 -7"><span class='ocrx_word' id='word_1_743' title='bbox 964 2539 998 2566; x_wconf 88' lang='lat' dir='ltr'><strong>tis</strong></span> <span class='ocrx_word' id='word_1_744' title='bbox 1010 2539 1066 2573; x_wconf 91' lang='lat' dir='ltr'><strong>jam</strong></span> <span class='ocrx_word' id='word_1_745' title='bbox 1078 2538 1174 2565; x_wconf 90' lang='lat' dir='ltr'><strong>diebus</strong></span> <span class='ocrx_word' id='word_1_746' title='bbox 1193 2537 1237 2565; x_wconf 92' lang='lat' dir='ltr'><strong>hic</strong></span> <span class='ocrx_word' id='word_1_747' title='bbox 1260 2537 1438 2569; x_wconf 88' lang='lat' dir='ltr'><strong>custodimnr,</strong></span> <span class='ocrx_word' id='word_1_748' title='bbox 1452 2544 1487 2564; x_wconf 87' lang='lat' dir='ltr'><strong>ne</strong></span> <span class='ocrx_word' id='word_1_749' title='bbox 1500 2536 1642 2563; x_wconf 89' lang='lat' dir='ltr'><strong>veritatem</strong></span> <span class='ocrx_word' id='word_1_750' title='bbox 1658 2534 1748 2562; x_wconf 83' lang='lat' dir='ltr'><strong>dicere</strong></span> 
     </span>
    </p>
   </div>
   <div class='ocr_carea' id='block_1_107' title="bbox 964 2580 1745 2618">
    <p class='ocr_par' dir='ltr' id='par_1_107' title="bbox 964 2580 1745 2618">
     <span class='ocr_line' id='line_1_107' title="bbox 964 2580 1745 2618; baseline -0.006 -6"><span class='ocrx_word' id='word_1_751' title='bbox 964 2585 1052 2612; x_wconf 90' lang='lat' dir='ltr'><strong>liceat.</strong></span> <span class='ocrx_word' id='word_1_752' title='bbox 1073 2594 1082 2610; x_wconf 73' lang='grc' dir='ltr'><strong><em>ι</em></strong></span> <span class='ocrx_word' id='word_1_753' title='bbox 1095 2599 1130 2604; x_wconf 83' lang='grc'><strong><em>-</em></strong></span> <span class='ocrx_word' id='word_1_754' title='bbox 1143 2593 1152 2610; x_wconf 77' lang='grc' dir='ltr'>ι</span> <span class='ocrx_word' id='word_1_755' title='bbox 1171 2583 1194 2611; x_wconf 87' lang='lat' dir='ltr'><strong>A</strong></span> <span class='ocrx_word' id='word_1_756' title='bbox 1203 2591 1331 2618; x_wconf 89' lang='lat' dir='ltr'><strong>quonam,</strong></span> <span class='ocrx_word' id='word_1_757' title='bbox 1344 2582 1441 2618; x_wconf 90' lang='lat' dir='ltr'><strong>inquit,</strong></span> <span class='ocrx_word' id='word_1_758' title='bbox 1451 2590 1500 2610; x_wconf 92' lang='lat' dir='ltr'><strong>vos</strong></span> <span class='ocrx_word' id='word_1_759' title='bbox 1511 2580 1717 2617; x_wconf 86' lang='lat' dir='ltr'><strong>comprehensi?</strong></span> <span class='ocrx_word' id='word_1_760' title='bbox 1736 2590 1745 2604; x_wconf 69' lang='grc' dir='ltr'>ι</span> 
     </span>
    </p>
   </div>
   <div class='ocr_carea' id='block_1_108' title="bbox 963 2625 1748 2663">
    <p class='ocr_par' dir='ltr' id='par_1_108' title="bbox 963 2625 1748 2663">
     <span class='ocr_line' id='line_1_108' title="bbox 963 2625 1748 2663; baseline -0.005 -6"><span class='ocrx_word' id='word_1_761' title='bbox 963 2646 998 2650; x_wconf 94' lang='grc'><strong><em>-</em></strong></span> <span class='ocrx_word' id='word_1_762' title='bbox 1011 2641 1019 2656; x_wconf 79' lang='grc' dir='ltr'>ι</span> <span class='ocrx_word' id='word_1_763' title='bbox 1032 2631 1050 2657; x_wconf 81' lang='grc' dir='ltr'><strong>Α</strong></span> <span class='ocrx_word' id='word_1_764' title='bbox 1061 2629 1189 2662; x_wconf 79' lang='lat' dir='ltr'><strong>Mariano,</strong></span> <span class='ocrx_word' id='word_1_765' title='bbox 1202 2639 1211 2655; x_wconf 72' lang='grc' dir='ltr'><strong><em>ι</em></strong></span> <span class='ocrx_word' id='word_1_766' title='bbox 1222 2630 1358 2657; x_wconf 84' lang='lat' dir='ltr'><strong>dixerunt.</strong></span> <span class='ocrx_word' id='word_1_767' title='bbox 1368 2628 1464 2656; x_wconf 88' lang='lat' dir='ltr'><strong>Statim</strong></span> <span class='ocrx_word' id='word_1_768' title='bbox 1473 2627 1611 2663; x_wconf 85' lang='lat' dir='ltr'><strong>Augustus</strong></span> <span class='ocrx_word' id='word_1_769' title='bbox 1624 2626 1682 2654; x_wconf 89' lang='lat' dir='ltr'><strong>dari</strong></span> <span class='ocrx_word' id='word_1_770' title='bbox 1695 2625 1748 2653; x_wconf 77' lang='lat' dir='ltr'><strong>illis</strong></span> 
     </span>
    </p>
   </div>
   <div class='ocr_carea' id='block_1_109' title="bbox 963 2728 1746 2771">
    <p class='ocr_par' dir='ltr' id='par_1_109' title="bbox 963 2728 1746 2771">
     <span class='ocr_line' id='line_1_109' title="bbox 963 2728 1746 2771; baseline -0.004 -14"><span class='ocrx_word' id='word_1_771' title='bbox 963 2731 1066 2771; x_wconf 53' lang='lat' dir='ltr'><strong>meerf.</strong></span> <span class='ocrx_word' id='word_1_772' title='bbox 1091 2729 1252 2771; x_wconf 50' lang='lat' dir='ltr'><strong>corllrtt_,lttl.</strong></span> <span class='ocrx_word' id='word_1_773' title='bbox 1268 2729 1315 2758; x_wconf 89' lang='lat' dir='ltr'><strong>lib.</strong></span> <span class='ocrx_word' id='word_1_774' title='bbox 1334 2738 1370 2771; x_wconf 60' lang='lat' dir='ltr'><strong>vi,</strong></span> <span class='ocrx_word' id='word_1_775' title='bbox 1392 2730 1417 2771; x_wconf 67' lang='lat'><strong>7,</strong></span> <span class='ocrx_word' id='word_1_776' title='bbox 1433 2729 1474 2771; x_wconf 59' lang='lat' dir='ltr'><strong>sit;</strong></span> <span class='ocrx_word' id='word_1_777' title='bbox 1490 2729 1524 2770; x_wconf 74' lang='lat' dir='ltr'><strong>de</strong></span> <span class='ocrx_word' id='word_1_778' title='bbox 1543 2728 1609 2756; x_wconf 86' lang='lat' dir='ltr'><strong>illo:</strong></span> <span class='ocrx_word' id='word_1_779' title='bbox 1631 2728 1746 2771; x_wconf 56' lang='lat' dir='ltr'><strong>:foanues</strong></span> 
     </span>
    </p>
   </div>
   <div class='ocr_carea' id='block_1_110' title="bbox 962 2763 1724 2806">
    <p class='ocr_par' dir='ltr' id='par_1_110' title="bbox 962 2763 1724 2806">
     <span class='ocr_line' id='line_1_110' title="bbox 962 2763 1724 2806; baseline -0.003 -14"><span class='ocrx_word' id='word_1_780' title='bbox 962 2763 1267 2806; x_wconf 40' lang='lat' dir='ltr'><strong>Constantinopolim”;</strong></span> <span class='ocrx_word' id='word_1_781' title='bbox 1281 2765 1428 2806; x_wconf 54' lang='grc' dir='ltr'><strong>επςξξμεηιὶδ</strong></span> <span class='ocrx_word' id='word_1_782' title='bbox 1438 2763 1532 2806; x_wconf 35' lang='lat' dir='ltr'><strong>‘gloria’</strong></span> <span class='ocrx_word' id='word_1_783' title='bbox 1544 2766 1683 2806; x_wconf 27' lang='lat' dir='ltr'><strong>sacerdota</strong></span> <span class='ocrx_word' id='word_1_784' title='bbox 1718 2797 1724 2802; x_wconf 87' lang='lat'>_</span> 
     </span>
    </p>
   </div>
   <div class='ocr_carea' id='block_1_111' title="bbox 962 2799 1746 2870">
    <p class='ocr_par' dir='ltr' id='par_1_111' title="bbox 962 2799 1746 2870">
     <span class='ocr_line' id='line_1_111' title="bbox 998 2799 1746 2861; baseline -0.004 -34"><span class='ocrx_word' id='word_1_785' title='bbox 998 2800 1031 2835; x_wconf 79' lang='grc' dir='ltr'><strong>(ε)</strong></span> <span class='ocrx_word' id='word_1_786' title='bbox 1048 2800 1085 2827; x_wconf 89' lang='lat' dir='ltr'><strong>Ita</strong></span> <span class='ocrx_word' id='word_1_787' title='bbox 1107 2800 1226 2835; x_wconf 92' lang='lat' dir='ltr'><strong>loquitur</strong></span> <span class='ocrx_word' id='word_1_788' title='bbox 1246 2800 1304 2835; x_wconf 89' lang='lat' dir='ltr'><strong>ipse</strong></span> <span class='ocrx_word' id='word_1_789' title='bbox 1318 2800 1525 2861; x_wconf 71' lang='lat' dir='ltr'><strong>Chrysostomus</strong></span> <span class='ocrx_word' id='word_1_790' title='bbox 1536 2799 1570 2826; x_wconf 85' lang='lat' dir='ltr'><strong>de</strong></span> <span class='ocrx_word' id='word_1_791' title='bbox 1592 2799 1703 2826; x_wconf 77' lang='lat' dir='ltr'><strong>Arsacia</strong></span> <span class='ocrx_word' id='word_1_792' title='bbox 1718 2799 1746 2825; x_wconf 86' lang='lat' dir='ltr'><strong>in</strong></span> 
     </span>
     <span class='ocr_line' id='line_1_112' title="bbox 962 2833 1541 2870; baseline -0.002 -8"><span class='ocrx_word' id='word_1_793' title='bbox 962 2835 1074 2870; x_wconf 80' lang='lat' dir='ltr'><strong>epistola</strong></span> <span class='ocrx_word' id='word_1_794' title='bbox 1093 2835 1143 2868; x_wconf 76' lang='grc'><strong>125</strong></span> <span class='ocrx_word' id='word_1_795' title='bbox 1158 2836 1202 2862; x_wconf 82' lang='lat' dir='ltr'><strong>ed.</strong></span> <span class='ocrx_word' id='word_1_796' title='bbox 1214 2834 1319 2867; x_wconf 77' lang='lat' dir='ltr'><strong>Montf.,</strong></span> <span class='ocrx_word' id='word_1_797' title='bbox 1340 2839 1358 2861; x_wconf 92' lang='lat' dir='ltr'><strong>t.</strong></span> <span class='ocrx_word' id='word_1_798' title='bbox 1387 2834 1419 2866; x_wconf 90' lang='lat' dir='ltr'><strong>ll,</strong></span> <span class='ocrx_word' id='word_1_799' title='bbox 1437 2841 1464 2869; x_wconf 86' lang='lat' dir='ltr'><strong>p.</strong></span> <span class='ocrx_word' id='word_1_800' title='bbox 1481 2833 1541 2861; x_wconf 87' lang='grc'><strong>670.</strong></span> 
     </span>
    </p>
   </div>
  </div>
