2052 3113
99 163 191 184 LXXIV

97 216 172 243 ales
187 213 268 250 jussit
281 219 311 241 et
332 214 481 250 impensas.
504 216 597 244 dicens
615 226 621 243 :
645 224 656 242 ‹
673 215 767 244 Securi
785 217 811 244 in
828 218 895 245 urbe

97 261 254 293 versemini,
264 261 355 289 donec
368 269 420 297 ego
435 262 536 297 reliqua
551 263 641 289 omnia
655 270 818 298 cognovero.
827 273 836 288 ν
852 262 897 290 Si-

97 307 209 342 mulque
220 307 313 343 jussit,
331 312 363 335 ut
381 307 501 336 Joannes
515 309 661 343 caaterique
685 309 718 336 ab
734 309 829 336 exsilio
841 309 896 336 cito

99 359 322 389 reportarentur;
345 360 535 383 verumtamen
555 355 689 383 Joannem
706 355 768 383 vitae
784 363 895 384 cursum

98 408 302 429 consummasse
315 401 456 429 intellexit.

129 445 175 473 29.
198 445 302 473 Deinde
332 446 485 481 requisivit,
498 455 507 471 ι
520 445 635 473 Ubinam
645 444 726 481 legati
738 445 872 474 Romani?
884 456 893 473 ι

99 490 264 526 Dictumque
280 496 324 519 est
347 492 374 519 ei
388 493 423 520 de
445 492 504 519 loco
528 491 574 518 ubi
599 491 636 518 illi
651 491 772 520 conclusi
789 492 897 519 detine-

98 537 208 565 bantur.
225 537 393 573 Mittensque
415 537 559 565 accersivit
573 545 620 564 eos
633 538 689 572 jam
704 538 823 565 animam
840 546 897 573 prae

98 583 171 611 fame
185 588 310 618 agentes.
327 584 427 619 Aitque
442 584 494 611 illis
507 585 654 620 imperator
671 594 677 611 ε
698 593 706 610 ι
724 583 896 619 Quantojam

97 632 230 663 tempere,
248 633 277 656 et
287 629 368 664 cujus
380 637 463 664 opera
478 629 576 657 reclusi
592 629 696 657 fuistis?
714 639 723 655 ι
741 629 872 656 Dixerunt
888 639 895 656 ε

101 685 111 699 ‹
129 676 152 701 Δ
179 675 304 702 Mariano
327 675 474 711 liberisque
489 677 558 711 ejus.
584 677 681 712 exiguo
702 684 772 711 pane
787 681 814 703 et
828 684 897 711 aqua

96 720 241 752 macerati,
257 721 332 747 omni
346 721 481 756 colloquio
496 721 638 756 prohibiti,
653 721 713 749 sine
725 721 816 748 balnei
833 729 895 754 usu,

96 765 156 792 sine
171 765 229 793 ullo
249 765 370 793 lucernae
386 766 500 798 lumine,
522 772 619 801 quarto
639 767 738 794 abhinc
759 774 863 794 mense.
884 776 893 792 ι

96 810 160 838 Hazc
187 811 255 839 dum
285 812 324 839 illi
356 812 492 845 dicerent,
516 813 628 848 Augusti
652 813 756 840 viscera
784 818 898 847 torque-

97 857 213 889 bantur;
229 858 365 893 jussitque
380 865 429 886 eos
443 859 516 885 omni
531 859 626 886 solatio
641 859 768 886 recreari.
785 858 898 885 Statim-

96 910 148 937 que
158 902 314 931 Marianum
325 904 480 939 liberosque
493 905 552 940 ejus
563 905 591 932 in
605 909 756 940 conspectu
769 905 898 932 Eudoxiae

97 949 205 976 medios
225 950 313 976 secari
332 950 482 982 mandavit.
496 951 591 978 volens
605 956 633 977 ut
649 951 769 986 ipsorum
784 958 897 985 corpora

97 993 178 1029 lignis
194 995 423 1023 extenderentur.
449 996 534 1023 Jussit
554 996 666 1031 insuper
684 1001 715 1023 ut
729 996 820 1024 cuncti
842 996 898 1023 Au-

98 1044 188 1074 gustae
211 1040 368 1073 familiares,
384 1040 430 1076 qui
446 1042 473 1068 in
487 1049 568 1069 causa
584 1042 710 1074 fuissent,
725 1050 802 1076 aeque
824 1042 899 1069 occi-

98 1085 248 1119 derentur;
266 1086 437 1114 Theodotem
453 1091 543 1114 autem
557 1095 619 1114 eum
635 1087 693 1114 viro
708 1095 758 1114 suo
772 1086 899 1114 ﬂuctibus

99 1131 253 1167 submergi.
272 1131 350 1159 Tunc
364 1132 440 1159 cives
457 1133 574 1160 tumultu
589 1133 660 1160 facto
672 1133 814 1160 Arsacium
829 1132 900 1167 lapi-

100 1176 200 1203 dantes
219 1177 373 1212 ejecerunt,
397 1182 425 1205 ct
448 1177 568 1205 Atticum
591 1179 741 1214 elegerunt.
768 1178 900 1206 Arcadius

99 1223 233 1257 posthinc
263 1223 424 1251 universum
460 1225 589 1252 Eudoxia:
622 1229 748 1252 ornatum
777 1224 898 1257 abstulit,

102 1269 250 1304 ipsamque
271 1269 398 1297 cubiculo
422 1270 565 1302 conclusit,
581 1271 699 1306 graviter
715 1271 899 1303 verberatum;

101 1315 169 1349 quin
183 1319 211 1342 et
225 1315 298 1342 fame
315 1323 431 1343 enecare
446 1316 568 1349 volebat;
581 1317 628 1343 sed
639 1321 713 1343 certe
728 1316 787 1351 ejus
803 1323 900 1343 aurum

103 1369 188 1389 omne
200 1362 267 1389 ﬁsco
283 1362 400 1394 addixit;
415 1363 473 1397 ipsa
488 1370 553 1390 vero
566 1370 598 1390 ex
613 1362 775 1389 verberibus
790 1361 901 1397 sangui-

104 1406 148 1433 nis
160 1400 326 1441 proﬂuvium
338 1412 451 1442 experta
465 1412 516 1435 est.

138 1453 187 1480 30.
207 1452 279 1489 Ergo
292 1453 431 1489 Augustus
455 1453 596 1481 Arsacium
608 1457 689 1488 atque
711 1453 838 1480 Acacium
852 1452 903 1480 Be-

105 1505 188 1529 raaaz,
209 1503 238 1525 et
258 1507 306 1527 eos
327 1499 373 1534 qui
399 1499 472 1526 dicto
489 1498 633 1533 Theophili
656 1498 765 1525 fuerant
779 1497 900 1530 obnoxii,

105 1543 183 1569 misit
197 1543 313 1570 Romam
336 1543 369 1571 ad
387 1543 577 1570 Innocentium
595 1549 704 1577 papam,
725 1549 787 1569 cum
805 1541 903 1576 hujus-

107 1587 181 1614 modi
197 1588 333 1622 epistola:
353 1598 362 1614 ‹
381 1588 513 1615 Arcadius
532 1587 603 1614 ﬁlius
628 1591 729 1620 vester,
745 1587 903 1622 paternitati

107 1637 207 1660 vestra:
226 1633 253 1660 in
269 1633 379 1661 Christo
402 1633 526 1660 salutem.
542 1633 637 1660 Sciunt
656 1640 752 1660 omnes
767 1633 902 1665 homines,

107 1685 139 1704 ea
153 1685 216 1712 qua:
236 1686 287 1712 per
309 1678 487 1714 ignorantiam
511 1677 580 1704 facta
604 1682 678 1708 sunt,
699 1685 714 1704 a
730 1677 835 1713 legibus
848 1685 903 1704 non

108 1724 216 1758 puniri;
234 1724 284 1751 sed
297 1732 387 1758 neque
401 1724 470 1751 alter
481 1731 530 1758 pro
543 1723 629 1750 altero
640 1730 748 1757 poenam
765 1723 829 1750 luet.
847 1722 905 1750 Hoc

108 1770 163 1801 aio.
179 1774 210 1797 ut
224 1770 362 1797 sanctitati
377 1773 474 1797 vestrae
489 1769 567 1796 ﬁdem
585 1766 692 1800 faciam,
709 1776 757 1803 per
777 1768 825 1796 Dei
839 1769 903 1796 uni—

112 1817 246 1843 versalem
270 1816 421 1851 potentiam
444 1815 549 1849 jurans,
575 1819 619 1842 me
636 1814 705 1841 nihil
726 1821 820 1844 eorum
845 1822 905 1849 qua:

113 1862 156 1889 hic
181 1867 242 1889 acta
271 1866 336 1888 sunt
361 1861 536 1896 cognovisse;
560 1860 674 1895 cognitis
699 1863 790 1887 autem
807 1868 904 1895 nuper,

112 1907 190 1942 plena
204 1907 309 1933 ultione
335 1907 362 1935 in
379 1913 441 1933 reos
460 1905 694 1932 animadvertisse.
717 1904 824 1931 Etenim
843 1912 905 1931 cum

112 1960 161 1988 ego
174 1951 365 1979 sacerdotibus
383 1951 513 1987 judicium
538 1950 672 1982 commisi,
697 1950 798 1976 nullam
820 1950 849 1977 in
873 1955 906 1980 eo

113 1999 178 2026 mihi
202 2002 312 2033 partem
337 1998 484 2030 vindicavi,
506 1997 555 2025 Sed
577 1997 629 2032 ipsi
651 2000 732 2031 prout
748 1995 798 2024 sibi
818 1996 906 2024 visum

113 2049 155 2072 est
168 2048 302 2080 egerunt;
315 2048 358 2071 me
371 2044 536 2076 nullatenus,
550 2048 579 2070 ut
591 2043 657 2074 dixi,
674 2043 782 2070 illorum
802 2041 907 2069 machi-

112 2091 273 2119 nationibus
289 2090 518 2118 commtinicante.
535 2090 605 2117 Ecce
620 2093 711 2116 autem
727 2096 787 2116 reos
800 2095 908 2123 quoque

113 2136 147 2163 ad
159 2141 186 2164 te
200 2136 275 2168 misi,
288 2142 304 2163 a
315 2135 414 2170 quibus
430 2143 587 2171 cognosces.
610 2143 677 2162 num
693 2142 742 2170 ego
756 2134 904 2168 quidquam

114 2181 239 2209 sciverim
254 2187 350 2209 eorum
361 2185 422 2216 quae
444 2186 497 2208 tam
513 2181 640 2208 seditiose
656 2184 715 2208 acta
732 2184 805 2207 sunt.
827 2179 908 2206 Post-

114 2232 195 2259 quam
222 2231 288 2261 ergo
312 2225 489 2260 perpenderis
510 2233 570 2260 qua:
593 2225 651 2252 sine
679 2232 723 2251 me
746 2227 806 2251 acta
832 2228 906 2256 sunt,

117 2269 209 2304 reique
241 2270 384 2296 veritatem
419 2269 594 2304 compereris,
627 2269 736 2296 remitte
764 2268 908 2303 spirituale

118 2315 234 2351 ligamen
250 2315 319 2342 mihi
344 2317 451 2350 tumque
469 2316 540 2349 ﬁliae,
568 2316 648 2350 cujus
666 2323 788 2342 errorem
820 2315 908 2350 poenis

117 2361 283 2395 expiandum
299 2362 402 2388 curavi.
420 2361 547 2389 Miserere
571 2362 662 2397 itaque
675 2366 705 2388 ut
721 2360 807 2393 soles,
820 2369 910 2396 neque

118 2427 302 2461 vapulaverat.
318 2427 370 2455 Sed
390 2432 479 2454 tamen
493 2427 613 2455 Eudoxia
629 2427 699 2454 intra
716 2427 842 2454 eumdem
859 2435 910 2454 an—

120 2470 195 2495 num,
209 2470 264 2497 quo
279 2463 491 2498 Chrysostomus
514 2463 645 2497 expulsus
664 2464 728 2496 (an.
746 2462 814 2497 ωλι)
836 2470 910 2489 mor-

119 2501 163 2524 tua
177 2501 228 2524 est.

152 2533 190 2566 (ά)
210 2531 278 2559 Cod.
294 2532 340 2559 hic
350 2539 460 2567 quoque
470 2532 625 2559 Nectar-ium
641 2532 731 2559 habet.
748 2531 911 2559 incredibile

121 2572 208 2594 tamen
232 2572 284 2598 est,
313 2567 451 2594 Arsacium
478 2568 624 2602 decrepita:
651 2567 739 2595 aetatis
771 2567 909 2594 hominem

120 2601 205 2628 itineri
221 2602 348 2629 Romano
363 2602 447 2630 fuisse
463 2601 609 2637 objectum.

154 2636 187 2672 (ε)
209 2637 247 2667 Ita
261 2638 324 2665 cod.

154 2672 184 2707 (Γ)
206 2673 334 2700 Fortasse
361 2676 507 2707 corruptus
535 2673 631 2704 locus;
659 2678 732 2700 certe
756 2673 908 2704 obscurior,

119 2707 169 2735 nisi
183 2707 257 2742 quod
270 2708 298 2735 in
321 2716 348 2743 p.
373 2715 431 2741 seq.
449 2708 537 2743 lucem
551 2708 649 2743 accipit
662 2716 677 2734 a
693 2708 781 2736 verbis
797 2707 850 2735 illis
865 2707 910 2743 ln-

119 2716 169 2735 mst
183 2716 257 2742 quoa
270 2716 298 2735 in
321 2716 348 2743 p.
373 2716 431 2741 seq.
450 2716 537 2735 lucem
551 2716 605 2734 acc:
629 2716 649 2734 it
662 2716 677 2734 tt
693 2716 781 2736 verbis
797 2716 850 2735 llllS
866 2716 910 2734 ln-

119 2743 237 2778 nocentii
254 2752 261 2770 :
278 2743 416 2778 T'l'j‘lrxa‘tdl
433 2742 499 2769 Θεὸν
523 2716 640 2778 σπουδξν
653 2743 740 2778 ὑμῶν,
763 2743 852 2778 ἥνπερ
867 2742 911 2769 διὰ

118 2777 147 2804 ἃ]
157 2778 242 2814 dvorsa
263 2777 348 2814 αὑέρῦ
363 2778 540 2814 ἐποιήσασθε.

151 2812 187 2856 l9?
207 2813 276 2856 βοά-
295 2813 389 2854 tim-

151 2847 186 2883 (Ῑι)
208 2848 296 2876 Locos
323 2847 381 2883 jam
410 2847 578 2876 laudavimus
600 2847 667 2875 infra
688 2848 715 2875 in
738 2848 837 2883 quibus
859 2848 912 2875 Eu-

117 2883 191 2911 doxia
208 2892 259 2920 pro
275 2892 305 2912 sc
332 2888 429 2919 egerat
451 2884 520 2918 apud
543 2883 780 2918 Clirysostomum,
802 2883 846 2918 qui
869 2888 910 2910 ta-

478 160 520 187 DE
541 159 620 187 VlTA
644 159 687 187 ET
709 159 846 188 EXSlLIO
866 160 895 188 S.
916 161 1060 191 JOANNIS
1078 164 1331 195 CHRYSOSTOML

1638 178 1736 201 LXXXVI

950 219 992 247 bis
1014 229 1070 249 rem
1087 223 1210 250 eamdem
1229 224 1368 258 ulciscere,
1385 226 1432 253 sed
1447 226 1512 261 jube
1527 227 1557 254 ut
1571 235 1621 255 nos
1635 229 1737 258 sancti-

949 270 1031 298 ﬁcans
1054 277 1082 300 et
1100 273 1302 301 immaculatum
1329 275 1434 302 Domini
1451 277 1537 304 nostri
1553 277 1618 304 Jcsu
1636 278 1737 309 Christi

947 329 1047 357 corpus
1075 323 1283 359 participemus;
1305 333 1394 360 neque
1417 326 1461 354 diu
1484 327 1563 354 nobis
1580 328 1736 358 interdicas.

946 372 1016 400 Nam
1031 379 1142 409 propter
1166 375 1252 410 ipsius
1271 384 1380 410 nomen,
1403 382 1429 405 et
1444 385 1507 414 erga
1523 383 1549 405 te
1564 379 1736 415 obsequium.

947 429 975 451 et
991 425 1026 452 ob
1042 426 1112 454 hanc
1136 427 1267 455 adversus
1285 436 1336 455 nos
1359 429 1386 456 in
1409 429 1563 457 animorum
1591 431 1738 465 perturba—

948 476 1022 503 tione
1047 483 1168 505 coortam
1195 479 1430 513 obtrectationem,
1465 480 1492 508 id
1518 481 1624 508 consilii
1651 482 1738 516 caepi-

947 536 1018 556 mus
1043 538 1052 554 ι

983 580 1026 606 51.
1047 579 1106 606 Jam
1121 587 1187 608 vero
1202 581 1321 608 Eudoxia
1339 589 1448 616 quoque
1469 581 1557 608 eidem
1580 582 1738 609 Innocentio

948 625 1075 659 scripsit:
1097 635 1106 650 ε
1124 625 1197 653 Patri
1215 634 1276 653 meo
1288 627 1421 661 spirituali
1442 627 1468 653 in
1483 627 1598 655 Domitio
1612 628 1736 655 salutem.

948 671 1042 698 Erravi
1055 679 1227 707 magnopere.
1240 672 1303 706 quia
1317 673 1508 700 insanabilium
1519 677 1546 700 et
1559 673 1737 700 absurd‘arum

947 715 1184 748 contumeliarum,
1209 716 1307 750 quibus
1329 724 1345 743 a
1367 716 1473 744 Joanne
1503 717 1595 745 aﬂecta
1609 717 1658 748 fui,
1675 717 1740 745 sub-

947 760 1005 788 limi
1030 760 1122 787 vertci
1142 765 1188 788 tuo
1206 761 1329 789 notitiam
1351 768 1406 789 non
1422 762 1517 795 attuli;
1533 762 1606 796 quod
1630 762 1652 789 si
1667 763 1739 798 egis-

948 813 1016 838 sem,
1036 805 1158 840 profecto
1175 811 1215 840 tu,
1233 807 1286 834 mei
1300 815 1374 843 ergo,
1387 807 1543 843 indignatus
1558 807 1665 835 fuisses.
1692 807 1739 835 Et—

951 852 1025 879 enim
1038 860 1100 879 cum
1118 860 1168 888 ego
1181 852 1278 880 Juanni
1296 853 1365 880 nihil
1382 853 1559 881 honoris‘non
1574 854 1721 881 tribuerem
1731 874 1739 886 .

949 897 993 924 ille
1021 902 1117 925 contra
1145 898 1212 925 mihi
1242 899 1418 934 ignominiam
1452 905 1567 934 prorsus
1591 899 1739 927 retribuit:

948 944 1048 979 quippe
1065 952 1136 978 saepe
1151 949 1179 971 et
1194 952 1209 971 a
1231 944 1325 972 multis
1349 945 1513 978 admonitus,
1530 950 1561 973 ut
1574 945 1711 973 desineret
1725 953 1741 974 ε

949 990 1088 1022 conviciis,
1105 997 1165 1024 quae
1185 998 1257 1025 saepe
1281 990 1308 1017 in
1328 982 1441 1018 ecclesia
1457 995 1553 1019 contra
1577 1000 1620 1019 me
1642 992 1742 1027 praedi-

949 1037 1037 1069 cabat,
1054 1036 1165 1063 minime
1179 1036 1292 1068 destitit,
1309 1036 1364 1063 imo
1384 1037 1503 1064 amarius
1525 1042 1556 1064 ac
1571 1037 1699 1065 furiosius
1714 1038 1741 1064 in

949 1080 1003 1107 illis
1013 1081 1209 1116 perseveravit.
1232 1081 1298 1114 Quis
1313 1089 1394 1116 porro
1409 1081 1434 1109 ci
1449 1083 1629 1115 concedebat.
1640 1087 1670 1110 ut
1680 1088 1742 1118 post

951 1131 1060 1155 sanctas
1093 1128 1299 1163 Evangeliorum
1336 1129 1483 1164 scripturas
1507 1129 1619 1156 inﬁnitis
1644 1134 1741 1156 contu-

951 1173 1037 1200 meliis
1048 1181 1128 1201 aures
1153 1174 1273 1201 omnium
1297 1174 1438 1209 impleret?
1453 1175 1580 1210 ignorans
1605 1175 1740 1208 videlicet,

951 1219 992 1246 sic
1005 1226 1078 1250 eum,
1095 1227 1150 1246 non
1163 1219 1240 1252 mihi,
1257 1220 1306 1247 sed
1316 1220 1417 1247 divinis
1435 1221 1503 1256 ipsis
1517 1221 1660 1251 doctrinis,
1676 1229 1743 1256 quas

951 1265 1121 1300 explanabat,
1136 1273 1244 1293 nocere.
1261 1265 1349 1301 Atque
1364 1266 1415 1294 hoc
1430 1267 1471 1294 vel
1487 1267 1506 1294 ii
1522 1267 1572 1302 ipsi
1590 1267 1682 1294 sciunt
1697 1267 1743 1302 qui

952 1319 1002 1337 nos
1016 1312 1087 1346 apud
1103 1311 1235 1339 illustrem
1258 1312 1417 1348 dignitatem
1437 1317 1511 1340 tuam
1537 1317 1744 1340 accusaverunt.

952 1355 1029 1388 Quod
1043 1356 1065 1383 si
1083 1357 1202 1384 volueris
1216 1365 1273 1384 rem
1292 1358 1363 1385 hanc
1379 1362 1505 1385 accurate
1525 1358 1649 1390 scrutari,
1666 1358 1744 1385 multi

920 1427 922 1429 .
953 1403 1000 1429 tibi
1016 1404 1226 1437 persuadebunt,
1249 1411 1292 1430 me
1310 1404 1442 1431 veraciter
1461 1403 1520 1432 haec
1534 1404 1687 1438 scripsisse.
1703 1404 1745 1431 En

954 1451 1036 1474 testes
1048 1448 1130 1474 totius
1145 1447 1267 1474 veritatis
1285 1455 1376 1475 coram
1393 1447 1486 1479 habes,
1513 1447 1559 1482 qui
1574 1452 1602 1474 et
1613 1447 1746 1475 ambobus

953 1497 1047 1528 paCem
1068 1493 1213 1520 conciliare
1231 1493 1406 1525 studuerunt,
1423 1500 1472 1527 per
1485 1500 1554 1527 quos
1577 1492 1661 1519 multa
1676 1500 1746 1526 quo-

953 1545 1006 1572 que
1019 1538 1089 1565 dona
1102 1538 1136 1564 ad
1152 1537 1225 1564 illum
1251 1538 1322 1569 misi,
1338 1546 1408 1572 quae.
1427 1538 1450 1564 si
1464 1537 1574 1572 quidem
1595 1537 1676 1564 ﬁdem
1697 1537 1745 1564 Dei

955 1583 1103 1615 habuisset,
1136 1591 1198 1610 eum
1227 1583 1355 1611 cohibere
1383 1584 1534 1610 debuerant
1562 1591 1577 1610 a
1605 1583 1745 1618 petulaute

955 1628 1085 1655 adversus
1107 1635 1151 1655 me
1173 1628 1340 1663 garrulitate.
1367 1627 1437 1655 Sunt
1456 1632 1547 1655 autem
1563 1628 1590 1655 hi
1606 1627 1746 1655 Herodion

956 1675 1096 1710 patricius,
1114 1675 1159 1710 qui
1174 1683 1189 1702 a
1212 1674 1266 1702 ﬁlio
1282 1679 1329 1702 tuo
1344 1679 1371 1702 et
1387 1675 1476 1702 throni
1493 1683 1600 1702 mecum
1617 1674 1747 1710 participe

956 1721 1055 1748 missus
1071 1720 1133 1752 fuit,
1149 1728 1210 1748 cum
1224 1720 1337 1748 Joviano
1349 1721 1479 1755 magistro
1502 1720 1629 1751 militum,
1652 1724 1680 1746 et
1697 1719 1747 1746 de-

957 1767 1038 1801 nique
1054 1766 1231 1801 Syncleticus.
1252 1766 1284 1793 lli
1302 1770 1357 1792 tres
1369 1766 1442 1801 apud
1459 1770 1484 1793 te
1501 1770 1574 1793 sunt.
1591 1765 1641 1793 Hic
1656 1770 1748 1793 autem

956 1811 1076 1840 Isidorus
1088 1816 1206 1846 quaestor
1218 1816 1245 1839 et
1256 1811 1378 1839 cubiculi
1387 1812 1474 1839 nostri
1497 1816 1599 1843 custos,
1621 1811 1705 1847 Byzas
1721 1816 1749 1838 et

957 1855 1089 1882 Romillus
1098 1855 1319 1890 praetorianorum
1336 1855 1490 1890 praefectus,
1501 1859 1528 1882 et
1541 1855 1612 1890 apud
1623 1859 1750 1882 senatum

958 1902 1081 1929 idoneus.
1098 1900 1290 1928 Verumtamen
1300 1901 1344 1928 ille
1353 1901 1390 1927 nil
1398 1901 1470 1928 aliud
1484 1900 1591 1936 sategit,
1603 1900 1656 1928 nisi
1673 1906 1699 1928 ut
1710 1908 1750 1927 re-

957 1947 1029 1983 gium
1043 1951 1166 1973 nostrum
1180 1946 1323 1981 conjugcm
1334 1946 1460 1974 seandalo
1468 1946 1598 1981 adigeret,
1614 1951 1644 1973 ut
1655 1953 1699 1974 me
1710 1954 1750 1974 re-

957 2000 1010 2027 gno
1018 1992 1156 2026 dejiceret.
1169 1991 1266 2027 Utique
1277 1990 1348 2018 Deus
1359 1991 1480 2026 utrisque
1490 1991 1569 2018 nobis
1579 1995 1638 2018 esto
1649 1991 1747 2026 judexl

958 2039 1025 2066 Nam
1038 2042 1111 2065 certe
1125 2046 1238 2073 regnum
1253 2038 1423 2073 tyrannidem
1439 2045 1454 2064 a
1469 2037 1621 2064 sacerdotio
1636 2037 1748 2072 patitur.

959 2085 1034 2120 Rogo
1056 2083 1138 2118 igitur
1166 2087 1195 2110 ut
1221 2083 1280 2111 hac
1297 2083 1441 2118 tranquille
1464 2088 1491 2110 et
1508 2082 1567 2110 sine
1591 2081 1751 2117 prtejudicio

959 2131 1112 2160 examines,
1132 2130 1263 2164 nobisque
1286 2129 1446 2158 charitatem
1470 2133 1559 2158 tuam,
1583 2132 1664 2163 prout
1682 2128 1750 2155 scri-

960 2183 1035 2213 ptum
1052 2180 1093 2203 est
1116 2175 1163 2212 (II
1175 2175 1234 2203 Cor.
1251 2175 1279 2208 2,
1294 2175 1340 2210 8),
1356 2173 1518 2206 conﬁrmes;
1542 2177 1569 2200 et
1581 2180 1643 2201 cum
1658 2177 1751 2201 sancta

960 2224 1080 2252 Ecclesia
1106 2230 1201 2251 omnes
1221 2221 1348 2256 excipiat,
1376 2229 1412 2248 nc
1438 2225 1467 2247 tu
1486 2227 1536 2247 nos
1559 2219 1593 2247 ab
1607 2219 1666 2254 ejus
1691 2227 1750 2246 am-

961 2269 1083 2305 plexibus
1111 2267 1265 2304 prohibeas.
1294 2266 1360 2294 Vale
1389 2266 1417 2293 in
1445 2266 1572 2300 Domino,
1602 2265 1751 2293 reverende

960 2317 1048 2344 Pater.
1071 2325 1079 2341 ι

996 2362 1041 2390 52.
1058 2361 1184 2396 Acceptis
1210 2361 1394 2395 Augustorum
1412 2357 1534 2393 epistolis
1562 2356 1749 2390 Innocentius,

962 2436 1025 2455 men
1042 2428 1168 2463 Auguslie
1183 2426 1312 2463 scandala
1331 2423 1524 2463 dissimulanda
1540 2431 1594 2450 non
1607 2423 1750 2463 judicavit.

961 2463 1016 2490 Nos
1038 2459 1137 2489 omissa
1163 2461 1284 2496 longiore
1306 2460 1333 2486 in
1359 2463 1474 2496 utroque
1493 2459 1553 2496 loco
1574 2459 1752 2496 responsione

961 2498 1156 2528 Chrvsostomi,
1172 2493 1230 2524 haec
1243 2495 1338 2522 saltem
1356 2494 1438 2521 verba
1458 2493 1659 2521 exscribemus:
1674 2493 1752 2519 Ἐπι-

963 2528 1062 2572 gitana;
1073 2532 1111 2559 ὢν
1127 2532 1174 2558 καὶ
1198 2531 1292 2571 ψυχῶν
1319 2528 1497 2572 ὲγχεξρχσθεὶς
1510 2528 1697 2572 νπβοᾳτασίᾳν,

961 2563 1310 2604 δύναμὰιπαρανομξοῦἒιτας
1332 2563 1367 2599 μὴ
1383 2563 1676 2604 ἐλέγχειν-νΕρίδεορυε
1691 2571 1750 2590 cum

960 2604 1020 2635 sim,
1036 2604 1078 2630 cui
1090 2603 1243 2629 animarum
1261 2609 1324 2627 cura
1338 2603 1476 2626 commissa
1492 2603 1538 2630 est,
1551 2603 1686 2633 peccante:
1701 2606 1752 2625 non

962 2638 1148 2673 reprehendere
1163 2645 1270 2672 nequeo.

999 2674 1029 2708 (ii
1051 2673 1090 2700 lta
1105 2673 1166 2700 cod.

1052 2708 1090 2736 De
1115 2707 1216 2739 ἱκανός,
1243 2706 1523 2743 aliisqucroﬂiciorurn
1538 2703 1686 2736 vocabulis,
1714 2702 1754 2730 le-

962 2740 1040 2780 gat—ur
1053 2743 1170 2780 Qangius
1186 2742 1287 2780 inlex.
1304 2742 1376 2780 laeti.
1391 2746 1415 2780 et
1427 2741 1477 2780 inf.
1490 2740 1574 2768 Gram.
1619 2773 1624 2779 _

998 2779 1034 2815 (It)
1055 2772 1274 2815 Germana_haec
1297 2776 1425 2804 Eudoxiaa
1441 2772 1569 2815 Auguste
1582 2773 1696 2815 epistola
1718 2772 1752 2815 ad

964 2807 1151 2843 Innocentium
1173 2813 1225 2840 PP.
1248 2820 1307 2848 non
1317 2815 1414 2848 exstat,
1439 2807 1572 2848 quantum
1596 2807 1660 2841 vidi,
1681 2807 1753 2848 apud

963 2850 1030 2877 alios
1045 2849 1209 2885 biographos
1221 2852 1268 2874 aut
1282 2847 1435 2874 historicos
1455 2845 1576 2885 Meminit
1589 2849 1678 2871 tamen
1694 2845 1753 2904 eius

965 2885 1095 2904 (ιμηιιηῧιιε
1120 2884 1180 2904 At"
1215 2882 1285 2904 nnml
1300 2881 1457 2904 nrmrlintum
1484 2880 1625 2904 Savilmm.
1646 2883 1665 2904 t.
1682 2876 1704 2903 V
1718 2877 1742 2904 ll

965 2876 1106 2921 Georgius”
1117 2876 1191 2911 Alex.
1215 2882 1285 2917 apud
1300 2881 1457 2917 pnedictum
1484 2880 1625 2912 Savilium,
1646 2883 1665 2905 t.
1682 2876 1742 2904 Vill
