2052 3113
113 110 217 130 ΙἨΧΙΙΧ

111 162 209 190 videns
231 162 334 197 pariter
354 162 452 189 missas
473 163 507 189 ad
529 171 558 190 se
576 171 682 191 reorum
705 172 845 199 personas,
862 174 910 192 co-

107 208 184 244 gnita
201 208 289 235 simul
302 208 449 235 criminum
465 209 575 241 ultione,
590 209 728 245 mitigatus
741 211 797 238 Deo
810 212 910 247 gratias

107 252 178 288 egit;
198 253 363 288 rogavitque
379 253 539 287 Honorium,
565 259 593 282 ut
616 263 699 290 super
719 260 776 284 toto
793 257 845 284 hoc
864 265 911 284 ne-

107 299 182 334 gotio
196 297 321 326 oﬂiciose
341 304 434 335 ageret
452 308 514 327 cum
526 301 642 328 Arcadio
655 305 683 329 et
698 301 830 330 Eudoxio.
848 302 908 330 Jam

107 344 181 373 missi
199 345 236 372 ab
256 345 377 373 Arcadio
395 346 520 374 homines
535 355 596 374 cum
619 348 788 384 trepidarent
811 349 908 377 incerti

105 392 138 419 de
153 391 192 419 rei
208 390 298 422 exitu.
314 392 418 420 vocatis
429 393 463 420 ad
479 401 508 421 se
523 393 698 422 Innocentius
712 394 796 422 dixit:
814 405 823 420 ‹
836 395 907 423 Deus

106 436 192 467 vobis,
217 443 236 463 ο
260 435 327 470 lilii,
349 437 472 473 ignoscat
495 443 635 474 peccatum
658 439 720 466 hoc.
755 439 908 475 Theophilo

102 487 196 510 autem
227 484 341 511 dicite:
370 483 410 511 Tu
439 484 550 519 quidem
584 485 720 512 interdicti
741 493 821 520 pinna
854 486 906 513 mi—

102 528 175 555 nime
193 528 278 561 liber,
302 537 432 564 compara
446 534 472 556 te
487 530 520 557 ad
537 530 668 565 synodum
682 533 811 565 tanquam
827 538 904 564 rcus;

101 582 162 601 nam
185 578 305 609 propter
321 578 348 602 te
367 582 452 602 unum
468 574 531 602 illuc
546 579 678 602 venturus
703 582 773 602 sum.
787 583 797 600 ›
819 575 905 602 Dimi-

99 619 187 655 sitque
209 627 316 648 omnes
330 621 424 648 multis
448 628 510 648 cum
525 620 693 648 muneribus.
710 621 832 656 Denique
854 621 905 648 Ar-

98 666 175 693 cadio
195 671 225 693 et
250 666 387 694 Eudoxia:
414 666 450 693 ita
475 666 590 694 scribit:
610 676 619 691 ι
634 666 811 694 lnnocentius
836 675 903 702 papa

96 711 159 738 ﬁliis
183 712 294 739 nostris
314 712 433 740 Arcadio
450 717 478 740 et
494 712 622 740 Eudoxio:
637 721 644 739 :
661 712 752 740 valere
763 720 811 740 vos
827 718 901 747 opto.

97 757 218 793 Cognovi
245 763 375 786 vestrum
400 758 552 786 secundum
577 758 664 786 Deum
688 758 816 786 devotum
843 763 903 786 stu-

95 803 187 834 dium.
215 803 298 838 quod
326 808 439 840 propter
470 812 571 832 nomen
597 804 658 839 ejus
684 805 899 840 exprompsistis.

95 849 286 882 Quamobrem
308 857 357 878 vos
374 849 458 878 sacris
481 850 598 878 vinculis
625 851 768 882 resolutos,
790 851 824 878 ad
848 850 902 878 Do-

95 895 194 922 minica
211 895 356 923 accedere
372 896 474 924 ﬁdente
497 896 588 924 animo
611 896 732 932 symbola
753 896 824 924 sino.
845 896 903 924 Hoc

95 945 183 968 tamen
208 948 261 968 vos
285 949 464 974 commoneo,
485 950 502 969 ο
523 936 585 975 ﬁlii,
614 946 644 969 ut
667 941 781 969 Joannis
802 949 902 970 nomen

94 986 176 1014 sacris
190 986 339 1023 diptychis
358 987 534 1020 inscribalur,
551 987 729 1022 ejusdemque
746 994 847 1022 corpus
867 987 902 1015 ad

95 1033 232 1068 propriam
258 1033 415 1062 ecclesiam
439 1034 583 1062 referatur.
609 1033 668 1061 Hoc
691 1033 764 1061 enim
796 1033 900 1068 justum

94 1135 119 1154 se
195 1127 311 1162 inﬂictis
339 1127 392 1163 sibi
418 1127 447 1154 in
473 1127 585 1155 ecclesiis
606 1128 782 1163 multifariam
806 1133 897 1154 contu-

94 1162 174 1189 meliis
189 1170 206 1188 α
222 1170 326 1197 magno
340 1162 457 1194 Joanne,
474 1167 550 1197 prout
565 1164 588 1190 ei
601 1167 669 1190 certe
683 1163 828 1190 videbatur.
848 1164 897 1189 At-

94 1202 178 1223 tamen
194 1197 290 1224 beatus
315 1197 358 1224 vir
380 1198 481 1224 nemini
502 1198 657 1224 nominatim
678 1198 837 1224 conviciati“
856 1201 896 1226 est

94 1240 219 1266 unquam,
235 1232 284 1259 sed
298 1232 399 1266 culpas
420 1237 523 1260 tantum
540 1233 697 1267 coarguebat
714 1233 894 1267 peccantium,

93 1267 183 1303 quibus
196 1267 242 1301 qui
255 1272 336 1303 erant
350 1267 472 1299 obnoxii,
488 1268 578 1294 statim
590 1268 665 1295 dictis
678 1267 896 1303 percellebantttr,

93 1302 166 1336 quasi
179 1303 207 1328 in
226 1309 255 1328 se
265 1302 346 1336 jacta
362 1303 489 1337 fuissent,
504 1303 683 1338 putabamque
702 1311 729 1329 se
743 1302 767 1329 ei
783 1302 898 1337 cognitos

109 1376 224 1383 __

520 104 711 132 IDIOMELUII
738 104 769 131 IN
790 105 818 133 S.
839 106 997 134 JOANNEM
1019 107 1312 137 CIIIIYSOSTOMIIM.

1720 124 1752 143 XC

961 173 1022 193 esse
1048 174 1202 194 censemus.
1230 168 1346 196 Scribitc
1374 174 1464 197 autem
1491 171 1652 207 Theophila,
1670 178 1697 200 ut
1717 175 1753 202 sit

960 213 1079 249 generali
1097 214 1199 249 synodo
1214 219 1333 248 paratus.
1348 223 1427 250 quam
1446 217 1527 243 indici
1544 217 1571 243 in
1586 218 1652 244 urbe
1664 218 1751 246 Thcs-

960 259 1077 286 salonica
1102 259 1182 286 velim
1207 259 1357 293 jubeatis.)
1385 260 1490 292 Quibus
1525 262 1644 296 acceptis
1670 262 1751 290 Inno-

959 304 1042 332 centii
1069 304 1182 337 litteris,
1207 304 1285 332 valde
1312 305 1394 332 lrctati
1422 311 1486 333 sunt
1507 306 1639 335 Arcadius
1668 313 1750 343 atque

960 349 1090 381 Eudoxia.
1112 349 1318 385 Theophiloque
1342 352 1511 386 scripserunt
1542 357 1572 380 ut
1601 361 1632 381 se
1649 361 1750 389 quant-

958 396 1035 422 ocius
1049 395 1270 423 Thessalonicam
1287 396 1432 424 conferret.
1447 398 1567 426 Audiens
1582 407 1647 427 vero
1657 400 1748 429 Theo-

958 441 1048 475 philus
1066 441 1267 476 impendentem
1289 442 1340 469 sibi
1364 444 1544 477 sententiam,
1565 445 1749 473 sollicitudine

957 487 1042 514 multa
1060 492 1249 522 compunctus,
1270 488 1353 516 mittit
1370 497 1467 525 preces
1481 490 1515 518 ad
1538 492 1697 524 monachos,
1719 498 1750 520 ut.

956 540 1006 567 pro
1024 533 1083 567 ipso
1104 532 1175 560 bona
1193 533 1273 560 verba
1289 534 1390 562 dicant.
1405 534 1441 563 At
1465 536 1501 563 illi
1523 537 1722 571 responderunt
1738 547 1745 565 :

959 587 968 603 ‹
983 577 1038 604 Nos
1055 582 1150 605 contra
1168 582 1194 605 te
1209 578 1302 612 locuti,
1317 581 1455 615 quomodo
1471 590 1520 616 pro
1535 587 1562 610 te
1580 583 1651 619 loqui
1668 589 1746 619 pote-

956 622 1059 649 rimus?
1080 622 1134 649 Sed
1161 623 1207 650 Dei
1233 624 1352 652 vindicta
1378 627 1540 660 quantocius
1562 632 1588 655 te
1607 629 1744 664 corripiet.

954 667 1089 696 Caterum
1104 668 1138 696 dc
1152 669 1311 698 Innocentio
1328 679 1363 699 ne
1386 672 1423 700 sis
1445 673 1590 707 sollicitus;
1606 682 1668 701 nam
1685 674 1747 702 vitte

954 715 1014 748 ejus
1035 719 1157 750 tempora
1173 716 1306 751 completa
1324 716 1443 745 fuerunt.
1458 727 1467 744 ι
1489 718 1553 746 Hinc
1567 719 1676 754 quidem
1695 727 1747 747 au-

954 760 1031 787 diens
1056 760 1233 795 Theophilus,
1254 768 1348 789 secura
1371 767 1463 790 mente
1480 763 1535 798 jam
1557 768 1624 791 erat.
1639 764 1674 791 At
1695 764 1745 792 lsi-

955 806 1038 833 dorus
1060 806 1220 841 sodalesque
1244 807 1303 842 ejus
1325 807 1352 834 in
1373 812 1465 836 monte
1487 809 1626 844 degentes,
1647 809 1744 837 eximia

955 851 1099 879 sanctitate
1118 851 1206 878 ornati
1221 857 1376 884 evaserunt,
1392 857 1419 881 et
1439 854 1648 881 charismatibus
1662 854 1744 881 etiam

953 897 1026 933 digni
1045 896 1167 924 fuerunt.
1195 897 1316 932 Denique
1339 902 1367 925 et
1384 899 1437 933 ipsi
1461 899 1544 926 vitam
1570 906 1744 926 consumma-

953 947 1025 975 runt,
1041 942 1183 970 laudantes
1197 943 1305 971 Patrem
1325 948 1354 971 et
1367 944 1466 973 Filium
1488 950 1516 973 et
1536 949 1661 972 sanctum
1684 945 1744 980 Spi-

953 988 1046 1015 ritum.
1071 988 1122 1023 lpsi
1151 989 1244 1024 gloria,
1276 990 1364 1017 honor
1382 994 1410 1017 ct
1432 990 1554 1018 adoratio
1574 998 1622 1025 per
1646 990 1744 1018 saecula

952 1035 1124 1062 szcculorum.
1141 1034 1237 1062 Amen.

947 1136 1009 1160 esse,
1024 1129 1127 1155 etiamsi
1142 1137 1232 1161 reapse
1246 1127 1372 1154 latebant.

984 1163 1021 1198 (α)
1042 1163 1233 1199 ’ᾼνιστορησία
1254 1163 1317 1199 inec
1339 1167 1384 1199 est
1408 1170 1488 1199 quam
1509 1162 1603 1199 s_umi_tr
1618 1171 1633 1189 a
1654 1162 1741 1199 Geor-

948 1197 992 1232 gio
1017 1198 1112 1233 p.352
1145 1197 1238 1225 noster
1254 1197 1423 1225 Theodorus.
1444 1197 1550 1233 Etenim
1573 1197 1742 1233 Theophilus

947 1239 1020 1259 anno
1035 1232 1136 1260 Christi
1154 1233 1206 1260 412
1229 1237 1353 1260 mortuus
1376 1236 1427 1263 est,
1451 1232 1627 1260 lnnocentius
1650 1232 1741 1260 autem

948 1274 1021 1294 anno
1037 1268 1100 1299 M7,
1118 1273 1148 1295 ut
1163 1267 1223 1295 fasti
1237 1267 1382 1295 certissimi
1396 1267 1507 1295 docent.

818 1457 1052 1497 EPITOME

627 1546 717 1576 VITE
738 1547 767 1576 S.
787 1547 933 1576 JOANNIS
952 1547 1205 1576 CHRYSOSTOMI.

127 1688 243 1716 Joannes
258 1689 377 1723 quidem
400 1693 462 1716 erat
477 1696 575 1724 genere
591 1689 783 1717 Antiochensis
800 1699 806 1716 :
821 1695 898 1726 pater

96 1734 151 1768 ejus
164 1734 295 1770 magister
314 1735 441 1762 militum
457 1734 548 1770 Syrias,
565 1739 592 1762 et
606 1740 692 1763 mater
714 1735 774 1770 ejus
796 1743 898 1771 cogno-

95 1785 182 1807 mento
204 1780 347 1807 Anthusa.
364 1779 524 1808 Octodecim
545 1789 632 1808 annos
652 1784 733 1808 natus
753 1781 866 1809 recessit
882 1790 897 1809 a

95 1827 198 1854 rhetore
209 1826 333 1854 Libanio
343 1835 350 1859 ;
361 1831 444 1861 atque
452 1835 467 1853 a
479 1826 594 1858 Meletio,
604 1827 781 1855 Antiochensi
791 1827 898 1854 archie-

94 1871 209 1907 piscopo,
226 1873 401 1908 baptizatur,
420 1876 448 1899 et
467 1873 553 1900 lector
575 1872 727 1900 ordinatur.
742 1873 812 1900 Hinc
835 1881 896 1900 cum

94 1918 229 1946 incidisset
238 1919 267 1945 in
275 1926 380 1946 senem
389 1919 534 1954 quemdam
544 1919 718 1952 monachum,
725 1919 797 1954 apud
808 1919 896 1955 ipsum

93 1971 174 1990 annos
188 1969 315 1998 quatuor
334 1964 486 1999 permansit
503 1973 509 1990 :
527 1965 553 1991 in
572 1965 729 1999 speluncam
748 1965 893 1999 quamdam

93 2008 228 2040 secedens,
247 2009 331 2036 solus
347 2008 384 2036 ibi
397 2009 497 2037 mansit
510 2017 597 2036 annos
608 2010 693 2037 duos:
706 2014 787 2045 atque
800 2018 895 2037 rursus

94 2053 159 2080 redit
174 2054 207 2081 ad
224 2055 398 2088 Ecclesiam,
411 2060 438 2082 et
451 2055 592 2083 ordinatur
608 2055 785 2089 diaconus,et
799 2056 896 2084 claruit

93 2107 174 2126 annos
188 2100 362 2136 quinque.A
377 2101 504 2129 Flaviano
519 2105 610 2129 autem
625 2101 766 2129 ordinatur
782 2102 895 2137 presby-

93 2148 139 2175 ter.
146 2152 206 2172 cum
218 2145 446 2180 resplenduisset
454 2146 481 2173 in
490 2154 523 2174 eo
532 2147 625 2174 habitu
635 2154 722 2174 annos
733 2147 875 2175 duodecim
885 2155 892 2173 :

93 2190 135 2224 qui
149 2199 245 2220 omnes
253 2192 345 2220 simul
353 2192 423 2220 ﬁunt
436 2193 501 2220 anni
515 2193 692 2229 quadraginta
705 2198 830 2228 quatuor.
839 2194 895 2221 Sub

94 2235 118 2262 id
131 2244 193 2264 vero
202 2242 332 2273 tempus,
342 2243 453 2266 mortuo
461 2238 599 2270 Nectario,
607 2239 813 2275 archiepiscopo
824 2239 894 2267 Con-

94 2283 351 2319 stantinopolitano,
367 2285 514 2313 arcessitus
522 2285 676 2318 Antiochia,
690 2286 833 2314 ordinatur
847 2287 894 2319 far-

94 2326 281 2365 chiepiscopus
294 2329 629 2366 Coustantinopolitanus,
638 2331 753 2359 Arcadio
763 2332 897 2368 imperan-

951 1695 986 1723 te,
1003 1692 1130 1719 vicesimo
1155 1691 1250 1726 quinto
1273 1691 1374 1719 mensis
1399 1690 1572 1725 Decembris.
1594 1692 1741 1724 indiction-

949 1742 1053 1770 quarta.
1064 1736 1208 1771 Postquam
1221 1741 1312 1764 autem
1325 1737 1511 1772 episcopatum
1522 1745 1609 1766 annos
1622 1737 1740 1773 quinque

949 1781 1175 1814 administrasset,
1186 1789 1236 1817 per
1250 1781 1415 1809 invidiamin
1431 1782 1556 1810 exsilium
1570 1787 1647 1810 actus
1663 1787 1705 1810 cst
1713 1781 1740 1808 in

949 1827 1086 1855 civitatem
1103 1827 1380 1860 Comana,Armenias
1394 1828 1520 1856 vicinam.
1530 1828 1592 1864 Egit
1603 1828 1630 1856 in
1647 1827 1741 1856 exsilio

948 1881 1034 1900 annos
1058 1878 1122 1905 tres,
1139 1881 1248 1901 menses
1272 1873 1350 1901 duos.
1367 1873 1452 1901 Simul
1472 1873 1534 1902 vita:
1557 1874 1617 1909 ejus
1634 1878 1741 1909 tempus

948 1919 1017 1946 ﬁunt
1027 1920 1092 1946 anni
1104 1919 1298 1955 quinquaginta
1309 1920 1372 1951 duo,
1382 1923 1410 1947 ct
1424 1927 1532 1947 menses
1546 1923 1618 1947 octo.
1628 1919 1741 1948 Moritur

947 1965 1054 1993 decimo
1061 1971 1157 2001 quarto
1165 1967 1267 1995 mensis
1278 1966 1447 2000 Novembris,
1456 1971 1483 1994 et
1492 1967 1589 1994 eodem
1601 1966 1646 1994 die
1660 1973 1740 2002 sepe-

947 2012 1011 2040 litur
1038 2012 1065 2039 in
1088 2013 1213 2047 sepulcro
1240 2020 1302 2040 cum
1320 2013 1400 2040 beato
1417 2012 1557 2041 Basilisco.
1572 2012 1739 2040 Reverendze

947 2058 1007 2093 ejus
1023 2059 1142 2094 reliquiae
1155 2058 1417 2094 Constantinopolim
1433 2059 1524 2088 relatae
1537 2063 1601 2088 sunt
1615 2063 1675 2095 post
1688 2065 1740 2086 an-

946 2112 996 2132 nos
1010 2105 1130 2140 quinque
1140 2109 1167 2131 et
1181 2104 1290 2139 triginta
1299 2125 1305 2136 ,
1316 2105 1466 2139 imperante
1476 2104 1630 2133 Theodosio
1642 2104 1738 2132 Iunio-

946 2157 992 2182 re,
1011 2154 1039 2176 et
1065 2149 1160 2176 Proclo
1190 2149 1397 2185 archiepiscopo
1425 2149 1736 2185 Constantinopolitano.

946 2195 1071 2222 Relatum
1087 2203 1150 2222 eum
1166 2203 1262 2223 rursus
1274 2203 1337 2223 eum
1351 2196 1500 2231 psalmodia
1517 2196 1702 2231 deposuerunt
1711 2196 1736 2222 in

946 2241 1060 2269 ecclesia
1086 2242 1228 2270 beatorum
1257 2242 1447 2277 Apostolorum
1472 2242 1603 2270 vicesimo
1621 2241 1737 2277 septimo

945 2287 1047 2315 mensis
1060 2287 1194 2316 Januarii.

1482 2432 1728 2441 .—————..—.

312 2501 528 2532 IDIOMELUM
545 2503 585 2533 IN
606 2503 637 2533 s.
660 2502 839 2533 JOANNEM
859 2502 1166 2534 CHRYSOSTOMUM
1190 2503 1240 2544 (13
1260 2504 1443 2544 Novembr.)
1460 2504 1514 2545 (α).

95 2632 126 2660 iis
148 2642 215 2669 quas
241 2636 322 2664 lenes
347 2637 549 2665 admonitiones
574 2638 702 2671 adhibes,
728 2637 891 2673 Christoque

96 2680 172 2707 Itnior
201 2682 341 2716 spirituali
366 2691 477 2718 sponso,
492 2691 524 2711 ac
539 2684 564 2711 ei
587 2691 734 2719 conregno.
751 2683 891 2717 Quamob-

95 2733 149 2753 tcm
166 2735 217 2754 nos
235 2736 349 2764 quoque
367 2729 394 2756 in
409 2734 454 2756 tua
472 2730 626 2765 congregati
646 2729 776 2757 memoria
790 2729 890 2757 clama-

133 2818 167 2852 (α)
185 2817 347 2844 Bibliotheca
363 2818 472 2845 Patrum
492 2819 609 2854 Lugdun.
628 2823 646 2845 t.
665 2818 721 2850 XII,
737 2827 762 2853 p.
781 2820 841 2847 722.

945 2649 1006 2668 mus
1024 2640 1084 2668 :Ne
1098 2647 1148 2676 pro
1171 2640 1252 2668 nobis
1273 2639 1419 2667 Dominum
1442 2638 1582 2674 deprecari
1602 2637 1732 2674 graveris,

944 2694 998 2722 quo
1013 2686 1166 2714 animorum
1181 2685 1296 2714 salutem
1311 2691 1520 2720 consequamur.
