2052 3113
123 95 187 117 XCIII

123 143 205 180 pavit,
221 143 259 171 ita
272 148 303 170 ut
317 143 386 171 nihil
398 143 463 171 mihi
472 144 585 179 amplius
598 144 732 179 reliquum
741 144 821 174 foret.
833 153 914 180 quam

123 197 213 218 actum
224 197 305 224 agere
323 199 329 217 :
344 190 445 225 quoda
461 191 529 218 meis
540 191 660 218 moribus
673 198 782 226 semper
790 191 841 218 fuit
850 191 916 218 alie-

123 242 201 263 num.
214 235 312 269 Itaque
323 236 485 263 mutandum
505 235 570 263 mihi
586 236 730 264 consilium
743 237 803 269 fuit,
821 242 848 265 et
862 237 916 264 alio

122 281 309 308 convertenda
333 282 423 308 studia
440 291 446 308 :
463 289 572 316 nempe,
598 286 628 308 ut
645 282 732 309 solum
756 287 913 310 contextum

124 326 247 355 Graecum
263 335 325 354 cum
343 335 412 355 nova
424 328 521 355 Latina
536 328 662 355 versione
677 329 777 364 publici
791 329 859 364 juris
875 329 916 356 la-

122 379 224 404 eerem,
237 380 319 407 quem
335 380 350 399 a
365 373 432 400 viris
452 373 538 400 doctis
558 373 635 400 avide
648 374 798 408 exspectari
816 374 917 401 intelli-

121 418 280 454 gebam.’Ad
299 426 360 446 eum
376 426 426 453 pro
439 419 610 447 uberioribus
625 419 915 453 animadversionibus,

119 471 192 498 quas
199 463 298 491 animo
311 464 523 497 destinaveram,
544 465 675 499 quasdam
685 465 803 497 criticas,
819 469 850 492 ut
867 473 917 492 vo-

124 514 197 541 cant,
210 515 300 540 notas.
311 517 372 544 quae
384 510 505 545 phrasim
518 511 634 538 subinde
650 511 740 538 minus
749 511 875 538 usitatam
887 517 920 539 et

123 556 338 589 open'wiu‘osam
350 556 526 591 explicarent,
538 556 841 591 elucidarentquelocos
851 566 920 587 non.-

123 601 225 633 nullos,
241 602 289 637 qui
304 602 396 630 varios
409 610 506 630 sensus
521 602 663 637 variasque
677 602 918 637 interpretationes

125 646 270 673 admittere
284 646 458 677 videbantur,
475 647 623 682 adiungere
648 647 742 674 statui.
765 647 921 682 Suppuduit

125 700 170 719 me
187 696 278 719 tamen
291 697 395 727 postea,
413 692 509 725 fateor,
526 692 659 727 propositi
676 693 743 725 mei;
764 693 920 727 indignum-

123 745 179 772 que
192 738 325 772 reputavi,
337 738 528 773 praetermissis
540 738 713 765 uberioribus
723 738 806 771 notis,
815 739 849 766 ad
862 739 920 766 illas

125 781 259 808 minutias
287 781 473 815 descendere;
492 782 595 809 veritus
623 782 713 810 locum
734 783 798 809 dare
818 783 920 818 vulgari

124 828 232 863 adagio,
247 826 303 854 ‘Pro
314 829 437 855 thesauro
452 829 586 855 carbones.
599 827 634 855 At
649 836 714 855 vero
729 828 859 863 quidquid
870 829 921 856 hoc

126 873 211 901 libelli
224 878 281 905 est,
297 874 474 909 quantumvis
493 874 699 900 commentariis
719 874 851 906 destituti,
872 882 922 908 pro

128 927 237 955 magno,
252 923 328 947 certo
340 919 407 950 scio.
429 919 574 946 habiturus
586 926 616 946 es
634 920 772 953 thesauro,
785 920 808 947 si
824 921 922 947 memi-

129 964 212 997 neris,
227 969 331 1000 quanto
353 965 454 997 studio,
469 969 605 1000 quantave
625 965 763 1000 diligentia
779 967 922 994 clarissimi

126 1009 250 1046 Operum
262 1010 291 1038 S.
309 1010 422 1038 Joannis
434 1010 619 1046 Chrysostomi
640 1011 769 1045 editores,
786 1012 923 1040 Henricus

128 1056 248 1085 Savilius
262 1061 291 1085 et
306 1057 411 1085 Fronto
429 1057 553 1090 Ducaeus,
577 1065 646 1093 opus
665 1058 731 1085 illud
751 1066 923 1094 quaquaver-

128 1110 191 1129 sum
203 1102 408 1138 perquisierint.
421 1103 475 1130 Sed
486 1110 546 1131 cum
558 1103 658 1131 frustra
671 1111 766 1132 omnes
776 1104 923 1133 bibliothe-

128 1156 225 1176 carum
249 1148 352 1176 forulos
369 1149 565 1182 excussissem,
579 1150 665 1178 sancti
679 1150 798 1178 doctoris
816 1151 922 1178 Studio-

133 1201 179 1221 sos
193 1194 304 1229 scriptis
322 1194 380 1222 suis
396 1195 429 1222 ad
444 1195 567 1222 eamdem
582 1202 675 1222 curam
688 1195 848 1229 invitarunt,
863 1204 923 1223 mo-

131 1243 308 1274 nueruntque
333 1240 409 1267 hanc
421 1239 511 1267 Vitam
526 1240 559 1267 ad
582 1240 745 1275 paucissima
759 1241 924 1276 exemplaria

132 1285 269 1313 redactam
284 1292 355 1312 esse.
372 1284 453 1312 Ilunc
469 1292 518 1320 ego
532 1286 708 1321 archetypum
721 1286 867 1314 Florentiae
880 1294 925 1314 rc-

132 1332 189 1366 peri
212 1331 240 1358 in
263 1331 433 1359 Bibliotheca
455 1331 574 1359 Medicea
591 1340 597 1358 :
613 1332 727 1367 ejusque
752 1332 925 1360 exscribendi

132 1376 209 1411 copia
224 1376 391 1412 perbenigne
412 1376 480 1404 mihi
498 1376 569 1404 facta
592 1381 635 1404 est
655 1385 670 1404 a
688 1385 786 1413 magno
807 1378 926 1405 Etruria:

127 1421 202 1448 duce
211 1441 219 1453 ,
229 1421 438 1448 Ferdinando-ll
453 1430 459 1447 :
471 1421 528 1455 qui,
542 1429 624 1449 verus
634 1422 722 1457 gentis
733 1422 859 1450 Medieeae
874 1423 928 1450 bte-

133 1473 319 1498 res,aorem
333 1473 398 1500 erga
409 1465 553 1493 litteras-et
561 1465 693 1493 litteratos
703 1467 785 1499 viros,
801 1472 831 1494 ut
841 1467 927 1502 patri-

134 1511 256 1539 monium
264 1519 280 1538 a
289 1511 452 1546 parentibus
459 1515 610 1546 acceptum,
619 1512 653 1539 ad
662 1511 882 1539 ﬁliumCosmum
891 1511 926 1539 Ill

135 1557 422 1585 feliciter-transmisit.
437 1556 558 1592 Hicipse
573 1561 615 1584 est
632 1558 727 1588 codex.
737 1565 790 1592 quo
805 1566 870 1585 usus
885 1562 927 1586 est

135 1603 295 1630 Ambrosius
315 1602 545 1635 Camaldulensis,
575 1603 621 1637 qui
646 1603 721 1638 prior
741 1603 813 1631 hanc
837 1603 927 1631 Vitam

137 1648 231 1676 Latine
243 1648 325 1676 vertit
341 1657 348 1676 :
365 1648 449 1676 venit
462 1652 553 1676 autem
567 1648 671 1681 Romae,
687 1653 717 1676 ut
732 1649 790 1685 ipse
812 1653 929 1677 testatur

135 1694 165 1721 'm
181 1695 295 1730 epistola
314 1694 512 1729 nuncupatoria
533 1694 567 1721 ad
592 1695 745 1730 Eugenium
760 1703 864 1731 papam
881 1695 926 1728 IV,

132 1739 252 1774 ejusque
265 1739 357 1767 versio
373 1739 444 1775 typis
465 1747 563 1767 excusa
578 1740 678 1775 prodiit
698 1741 815 1776 primum
838 1741 928 1770 Vene-

138 1785 187 1813 tiis.
194 1785 325 1817 informa
335 1791 441 1817 octava,
449 1793 516 1812 cura
531 1790 559 1813 et
571 1786 662 1814 studio
671 1786 774 1814 Nicolai
785 1787 927 1823 Erythraei,

138 1830 253 1858 Lutetia!
261 1830 469 1865 smpiuspostea
484 1830 687 1863 recusa.~Hunc,
705 1831 824 1866 inquam,
841 1832 928 1867 ipsum

108 1870 111 1871 ν
130 1882 197 1903 esse
212 1875 336 1903 wdicem
350 1882 406 1910 quo
424 1882 489 1903 usus
504 1879 549 1903 est
560 1874 731 1909 Ambrosius,
748 1876 928 1912 deprehendi,

137 1929 199 1948 cum
215 1929 251 1948 ex
262 1915 388 1956 pluribus
400 1921 477 1953 locis,
489 1921 535 1956 qui
545 1921 628 1948 unius
645 1925 692 1948 aut
705 1921 818 1950 alterius
833 1922 930 1950 litterae

138 1967 289 1994 mutatione
304 1967 426 2002 compti
440 1971 600 1999 erant,.tum
619 1974 651 1994 ex
669 1967 759 1994 verbis
778 1967 930 2003 litterisque

139 2020 282 2048 perperam
304 2012 460 2047 conjunctis
487 2016 535 2039 aut
560 2012 665 2040 divisis.
681 2011 759 2045 Quod
789 2017 847 2040 tute
881 2021 931 2048 per

139 2059 257 2094 teipsum
281 2057 363 2085 facile
386 2057 606 2090 animadvertes,
631 2058 753 2085 studiose
773 2058 886 2092 Lector,
907 2059 930 2086 si

137 2105 290 2133 attenderis
312 2105 347 2133 ad
371 2105 463 2133 varias
490 2105 621 2133 lectiones
650 2105 818 2141 marginibus
843 2114 858 2133 a
887 2114 931 2134 me

133 2150 280 2186 ascriptas,
296 2158 365 2186 quas
377 2151 515 2186 desumpsi
529 2150 627 2186 partim
643 2158 675 2178 ex
694 2151 796 2186 scripto
812 2150 929 2187 Georgii,

141 2195 315 2225 Alexandrini
326 2197 534 2232 archiepiscopi,
555 2197 654 2232 partim
667 2205 700 2224 ex
713 2198 834 2232 Epistola
848 2198 932 2234 Chry-

140 2243 252 2271 Aostomi
266 2244 301 2271 ad
310 2243 510 2271 Innocentium
525 2250 622 2278 papam
634 2264 640 2276 ,
653 2251 713 2278 quae
726 2243 798 2271 inter
812 2243 931 2280 Chryso-

134 2289 220 2316 stomi
241 2288 332 2324 Opera
344 2295 450 2323 exstat,
466 2295 543 2317 eruta
556 2297 590 2317 ex
609 2290 670 2317 aliis
684 2290 824 2318 codicibus
844 2296 929 2321 mss;:

142 2337 238 2371 partim
253 2337 373 2372 denique
391 2344 424 2364 ex
438 2335 600 2372 fragmento,
613 2336 685 2371 quod
699 2343 732 2363 ex
747 2336 841 2364 codice
853 2336 932 2372 Cuja-

142 2383 214 2410 tiano
228 2382 330 2410 Fronto
343 2383 461 2410 Ducazus
473 2382 556 2409 edidit
567 2382 595 2409 in
612 2381 666 2409 fine
684 2383 784 2418 vulgati
797 2391 812 2410 a
827 2391 856 2411 se
872 2384 932 2411 dia-

142 2429 202 2466 logi.
219 2430 268 2458 llis
280 2430 355 2458 vitiis
369 2435 398 2458 et
410 2430 589 2458 incommodis
598 2430 626 2457 in
643 2431 779 2462 versione,
791 2439 872 2465 quam
882 2438 932 2466 pro

143 2476 250 2504 modulo
260 2484 322 2504 meo
336 2476 508 2508 concinnavi,
531 2481 669 2511 utcunque
684 2484 828 2504 occurrere
848 2485 932 2504 cona—

136 2526 186 2549 tus
197 2524 269 2554 sum,
292 2529 385 2549 veram
412 2529 443 2548 ac
465 2521 612 2556 genuinam
637 2527 748 2553 secutus
772 2522 929 2555 lectionem,

142 2573 222 2600 quam
236 2567 332 2593 notavi
350 2566 385 2594 ad
405 2565 566 2601 marginem,
576 2570 681 2594 retenta
696 2567 724 2594 in
740 2572 815 2595 textu
835 2568 932 2605 dialogi

137 2611 268 2644 lectione,
280 2620 347 2647 quat
356 2612 384 2640 in
397 2612 491 2640 codice
505 2612 689 2648 manuscripto
709 2614 869 2642 habebatur.

181 2710 189 2725 ι
207 2701 254 2728 Hic
264 2708 406 2728 nonnemo
422 2701 536 2728 fortasse
550 2701 669 2736 objiciat,
684 2703 806 2732 diversos
821 2705 873 2732 sibi
890 2706 932 2733 vi-

143 2745 316 2774 doricodices
327 2747 540 2774 Ambrosianum
550 2755 582 2775 ac
593 2748 779 2777 Florentinum
790 2759 796 2777 :
806 2757 933 2786 propter-

143 2799 173 2820 ea
190 2794 262 2828 quod
278 2793 445 2820 Ambrosius
464 2794 593 2821 nonnulla
607 2795 733 2829 prooemii
748 2797 807 2825 loco
820 2798 931 2833 praemi-

607 85 668 114 ΕΜ.
689 85 817 115 BlGOTll
839 86 1023 115 PRAEFATIO
1042 86 1074 114 ΙΝ
1094 87 1299 116 PALLADIUM.

1694 95 1756 116 XCIV

968 145 1002 174 sit
1016 147 1043 173 in
1055 154 1103 174 sua
1118 146 1252 178 versione,
1269 152 1329 180 qua:
1350 144 1377 172 in
1393 143 1551 172 Florentino
1571 151 1626 171 non
1643 151 1754 180 compa-

968 197 1037 220 rent.
1056 192 1129 220 Idem
1144 192 1259 219 subinde
1274 193 1391 218 occurrit
1413 190 1440 217 in
1463 191 1580 218 decursu
1602 190 1709 226 dialogi,
1725 198 1756 219 ut

967 239 1053 266 cuivis
1071 239 1170 273 legenti
1193 237 1338 265 observare
1357 236 1429 263 licet.
1441 235 1542 263 Verum
1562 235 1685 270 quisquis
1697 242 1755 262 rem

967 289 1092 313 accurate
1107 282 1376 319 perpendcrit,facile
1390 289 1497 310 mecum
1506 281 1682 313 existimabit,
1692 280 1757 308 Am-

966 331 1088 358 brosium
1103 331 1153 357 ista
1168 330 1201 358 de
1214 337 1264 357 suo
1279 329 1424 360 addidisse,
1438 333 1468 355 ut
1489 328 1523 356 ad
1543 328 1689 363 dialogum,
1710 326 1757 362 qni

968 377 1050 404 nimis
1065 377 1181 411 abrupto
1195 376 1306 403 exordio
1322 375 1495 410 procedebat,
1516 374 1588 401 viam
1610 372 1731 407 aperiret
1749 382 1756 399 :

969 422 1095 456 idemque
1112 421 1272 456 przestitisse
1290 419 1317 446 in
1337 419 1408 447 serie
1429 418 1540 454 dialogi,
1562 418 1650 446 sicubi
1676 416 1759 444 nimis

969 468 1059 494 hiulca
1081 467 1225 495 videbatur
1250 466 1347 493 oratio.
1365 465 1432 498 Quis
1444 464 1516 491 enim
1532 464 1582 490 sibi
1596 463 1760 498 persuadeat

969 514 1070 541 Zosimi
1098 512 1234 547 pontificis
1254 511 1365 539 maximi
1384 510 1553 545 temporibus
1567 509 1680 536 Romam
1702 509 1759 544 pri-

969 568 1045 587 mum
1058 559 1167 586 venisse
1190 559 1277 586 nostri
1295 558 1455 592 scriptorem
1472 556 1580 591 dialogi,
1596 556 1642 590 qui
1658 555 1685 582 in
1700 555 1760 590 ipso

970 605 1192 634 animadverterit
1211 603 1385 630 Theodorum
1400 602 1544 629 diaconum
1570 601 1604 627 ab
1629 600 1761 635 episcopo

970 658 1101 687 querere,
1118 658 1153 677 an
1168 649 1287 676 Joannes
1306 652 1429 675 mortuus
1442 647 1492 679 sit;
1511 646 1675 680 respondere
1695 652 1761 672 vero

971 698 1128 732 episcopum
1144 705 1151 723 :
1166 695 1249 726 Vixit,
1263 693 1326 728 quia
1337 698 1461 720 mortuus
1476 697 1527 719 est.
1542 691 1612 719 Sane
1619 691 1761 725 haudqua-

971 749 1052 777 quam
1074 739 1222 768 verisimile
1241 742 1292 770 est,
1306 737 1477 765 celeberrimi
1499 736 1633 772 pontiﬁcis
1657 735 1761 763 obitum

968 793 1025 816 tam
1039 787 1085 815 diu
1102 787 1187 814 latere
1200 785 1320 820 potuisse
1335 783 1657 815 TheodorumJiomanm
1665 782 1761 809 Eccle-

972 835 1018 862 sia:
1033 833 1186 863 diaconum,
1196 830 1239 858 cui
1249 831 1300 857 alia
1310 830 1437 865 pleraque
1443 830 1476 857 de
1483 829 1677 864 Chrysostomo
1687 834 1762 854 com-

971 882 1047 913 perta
1061 880 1148 903 erant.
1163 875 1284 907 Accedit,
1300 874 1383 909 quod,
1399 882 1461 901 cum
1483 873 1602 909 episcopi
1622 873 1657 899 ab
1679 871 1763 898 Inno-

972 922 1063 951 centio
1077 929 1146 957 papa
1163 920 1426 955 Constantinopolim
1444 919 1564 950 missi,in
1582 919 1680 946 itinere
1693 918 1764 945 male

973 968 1075 1003 accepti
1085 967 1207 999 fuissent,
1224 974 1286 993 eum
1298 966 1413 993 maxime
1429 965 1575 992 sollicitum
1591 965 1705 992 reddere
1715 964 1764 991 de-

973 1014 1074 1042 bebant
1087 1021 1130 1040 res
1137 1013 1299 1040 Orientales.
1314 1012 1399 1039 Porro
1410 1020 1424 1038 a
1436 1016 1523 1039 morte
1529 1011 1641 1038 Joannis
1651 1010 1684 1037 ad
1694 1017 1764 1045 pon-

974 1060 1105 1087 tiﬁcatum
1119 1059 1218 1086 Zosimi
1237 1058 1300 1085 anni
1318 1058 1413 1085 decem
1427 1058 1512 1092 elapsi
1534 1061 1621 1084 erant.
1635 1056 1663 1083 Si
1681 1063 1762 1091 argu-

974 1110 1097 1133 mentum
1111 1104 1332 1139 chronologicum
1357 1103 1478 1138 pressius
1496 1110 1592 1138 urgere
1611 1109 1655 1129 me
1677 1102 1760 1132 sinas,

975 1151 1075 1186 rogabo
1094 1155 1131 1183 te,
1148 1154 1178 1178 ut
1194 1150 1287 1177 oculos
1308 1149 1436 1184 coniicias
1452 1149 1478 1175 in
1496 1149 1553 1175 htrc
1568 1148 1649 1175 verba
1671 1147 1764 1174 Theo—

975 1196 1044 1229 dori,
1063 1203 1123 1230 quae
1134 1195 1184 1223 sub
1197 1195 1278 1222 ﬁnem
1292 1194 1390 1230 dialogi
1401 1194 1487 1222 nostri
1502 1193 1596 1221 Graece
1614 1193 1763 1228 leguntur:

976 1242 1074 1276 Scapus
1090 1242 1139 1268 iste
1154 1241 1281 1268 Romame
1298 1241 1419 1268 Ecclesia
1430 1245 1479 1273 est,
1499 1247 1632 1274 nunquam
1646 1246 1766 1266 commu-

976 1289 1065 1315 nicare
1087 1287 1265 1315 Orientalibus
1292 1287 1429 1321 episcopis,
1452 1286 1599 1320 prwsertim
1616 1285 1766 1319 Theophila.

975 1335 1028 1368 Qui
1040 1335 1098 1362 haec
1115 1335 1197 1362 verba
1209 1334 1284 1369 legit,
1303 1342 1393 1361 nonne
1407 1334 1498 1361 statim
1520 1332 1704 1368 Theophilum
1724 1332 1768 1360 vi-

976 1389 1041 1409 vum
1051 1381 1142 1409 adhuc
1156 1385 1184 1408 et
1198 1380 1348 1415 spirantem
1363 1379 1436 1406 videt
1450 1387 1483 1406 eo
1496 1382 1629 1414 tempore,
1642 1385 1696 1413 quo
1711 1378 1770 1405 haec

976 1429 1058 1456 verba
1076 1427 1231 1463 proferebat
1253 1426 1433 1453 Theodorus?
1458 1425 1641 1460 Theophilum
1663 1429 1767 1456 autem,

977 1473 1190 1500 Alexandrinum
1214 1471 1381 1508 episcopum,
1394 1479 1466 1498 anno
1478 1471 1530 1497 412
1547 1474 1684 1497 mortuum
1697 1477 1768 1500 esse.

977 1519 1047 1553 apud
1061 1525 1156 1545 omnes
1169 1521 1286 1544 constat.
1300 1516 1379 1554 Quod
1393 1516 1447 1543 dixi
1461 1516 1495 1543 de
1512 1515 1644 1550 prommio
1660 1513 1767 1549 dialogi,

977 1566 1090 1600 aliisque
1104 1572 1153 1599 per
1169 1562 1344 1590 Ambrosium
1364 1562 1534 1598 interpolatis
1549 1561 1626 1593 locis,
1642 1560 1669 1587 id
1687 1560 1769 1587 etiam

977 1611 1111 1638 allirmare
1130 1609 1219 1637 ausim
1241 1609 1275 1636 de
1292 1608 1448 1635 nominibus
1471 1607 1589 1642 propriis
1606 1614 1711 1638 eorum,
1723 1605 1770 1640 qui

979 1657 1049 1684 inter
1061 1664 1090 1684 se
1101 1656 1244 1690 loquentes
1257 1654 1326 1682 inibi
1341 1654 1519 1681 inducuntur.
1535 1653 1602 1680 Nam
1615 1651 1697 1686 quiin
1712 1659 1772 1679 ver-

978 1703 1054 1731 sione
1069 1701 1248 1730 Ambrosiana
1263 1701 1392 1728 dicuntur
1406 1699 1542 1728 Palladius
1557 1703 1584 1727 et
1599 1698 1770 1729 Theodorus,

979 1750 1006 1777 in
1023 1749 1116 1777 Graeco
1134 1749 1228 1776 codice
1242 1747 1365 1775 Mediceo
1378 1745 1695 1782 episcopusetdiaconus
1704 1744 1772 1771 sim-

979 1796 1083 1831 pliciter
1097 1795 1282 1831 appellantur:
1300 1794 1382 1829 idque
1402 1793 1437 1820 ab
1460 1793 1608 1828 interprete
1627 1789 1771 1818 Ambrosio

979 1845 1073 1868 contra
1088 1839 1169 1867 ﬁdem
1189 1837 1378 1872 manuscripti,
1394 1841 1423 1864 ut
1438 1836 1533 1864 lectori
1550 1835 1715 1866 consuleret,
1729 1833 1771 1861 ia-

979 1889 1053 1913 ctum
1067 1883 1151 1912 fuisse
1162 1884 1253 1910 nullus
1266 1883 1370 1911 dubito.
1391 1881 1463 1908 Sane
1479 1880 1608 1916 omnibus
1622 1879 1771 1907 contestari

979 1937 1035 1957 non
1059 1936 1154 1956 verear
1175 1927 1325 1954 Mediceum
1355 1926 1478 1953 codicem
1499 1925 1636 1960 integrum
1661 1931 1732 1956 esse,
1745 1927 1773 1950 et

970 1975 1050 2002 ‘bona
1066 1973 1130 2005 ﬁde,
1142 1973 1181 2001 uti
1195 1973 1268 2007 jacet
1283 1971 1312 1999 in
1331 1972 1486 2007 archetypo,
1502 1977 1516 1997 a
1528 1977 1573 1998 me
1587 1973 1770 2004 repraesenta-

981 2023 1049 2046 tum.
1064 2017 1093 2046 Si
1106 2018 1168 2053 quis
1183 2021 1306 2052 reponat,
1320 2017 1390 2044 hanc
1402 2016 1557 2044 versionem
1564 2015 1668 2047 Romae,
1683 2019 1712 2041 ut
1724 2021 1772 2042 su-

980 2065 1073 2100 perius
1081 2063 1219 2096 notabam,
1229 2062 1387 2090 adornatam
1397 2069 1457 2089 esse
1470 2061 1504 2088 ab
1517 2060 1671 2093 Ambrosio,
1683 2067 1772 2094 neque

981 2119 996 2138 a
1012 2117 1077 2138 vero
1098 2109 1219 2137 alienum
1243 2108 1342 2139 videri,
1355 2116 1418 2135 eum
1444 2107 1562 2143 quodam
1585 2105 1772 2141 manuscripto

981 2157 1090 2188 codice,
1105 2155 1153 2190 qui
1168 2154 1263 2182 Romae
1279 2158 1336 2181 tum
1352 2157 1481 2185 exstaret,
1498 2160 1579 2180 usum
1598 2151 1701 2179 fuisse:
1727 2158 1772 2178 re-

982 2202 1132 2238 spondebo,
1147 2199 1280 2236 probabili
1295 2207 1372 2235 aeque
1387 2203 1547 2235 argumento
1555 2198 1606 2226 dici
1613 2206 1694 2234 posse
1707 2198 1772 2225 Am-

981 2247 1101 2275 brosium
1116 2250 1163 2274 aut
1183 2244 1285 2273 codicis
1297 2244 1446 2271 Florentini
1461 2252 1510 2271 seu
1520 2243 1721 2280 Medicei‘prius
1728 2243 1774 2270 ha-
1821 2278 1826 2282 .

982 2293 1075 2321 buisse
1091 2291 1207 2328 copiam,
1228 2295 1276 2318 aut
1296 2289 1417 2318 codicem
1445 2290 1534 2326 ipsum
1559 2289 1653 2318 Romae
1674 2289 1773 2329 Cosme

982 2339 1078 2374 Magno
1095 2343 1279 2373 comparasse,
1296 2335 1324 2363 in
1339 2336 1418 2371 cujus
1437 2335 1629 2369 bibliothecam
1651 2335 1772 2365 codicem

983 2385 1052 2412 facta
1067 2383 1192 2411 versione
1207 2382 1387 2410 transtulerit.
1402 2381 1542 2411 Ambrosii
1560 2381 1634 2409 enim
1653 2381 1726 2414 curis
1740 2388 1776 2414 ac

983 2429 1128 2466 diligentia:
1146 2428 1347 2456 institutionem
1364 2427 1492 2461 Mediceze
1507 2427 1772 2459 Bibliothecaeaccc-

983 2480 1056 2510 plam
1074 2474 1169 2501 referri
1184 2474 1292 2504 debere,
1309 2480 1400 2505 nemo,
1428 2473 1474 2507 qui
1491 2472 1552 2507 ejus
1573 2473 1656 2500 vitam
1672 2468 1772 2508 etepi-

983 2522 1065 2550 stolas
1075 2521 1178 2558 legerit,
1197 2519 1365 2548 dillitebitur.
1379 2518 1443 2553 limo
1456 2519 1490 2546 de
1507 2519 1600 2547 codice
1617 2519 1690 2551 dicta
1706 2526 1773 2549 sun-

983 2571 1012 2594 to
1028 2576 1035 2594 :
1052 2566 1172 2596 nuncde
1188 2569 1300 2599 auctore
1315 2564 1412 2600 dialogi
1432 2563 1581 2595 videamus.

1024 2667 1032 2683 ι
1053 2657 1179 2692 Dialogus
1193 2657 1228 2684 de
1239 2656 1300 2684 Vita
1308 2656 1421 2686 Joannis
1436 2654 1620 2691 Chrysostomi
1634 2654 1705 2681 inter
1712 2653 1772 2689 epi-

983 2711 1096 2738 scopum
1111 2707 1139 2730 et
1153 2703 1326 2730 Theodorum
1339 2701 1467 2734 Romana:
1484 2701 1613 2729 Ecclesia:
1628 2700 1771 2726 diaconum

984 2750 1093 2777 habitus
1106 2754 1147 2775 est
1160 2749 1262 2779 Romae,
1273 2756 1363 2775 coram
1381 2748 1473 2775 multis
1486 2751 1512 2774 et
1528 2754 1576 2781 per
1592 2746 1685 2781 plures
1698 2745 1768 2773 dics.

984 2796 1065 2823 Hunc
1079 2795 1236 2829 episcopum
1250 2797 1376 2821 vocatum
1391 2792 1474 2820 fuisse
1485 2791 1641 2820 Palladium.
1658 2795 1685 2819 et
1699 2797 1772 2825 prat—
