2052 3113
154 142 219 162 (ει-η

157 199 220 234 mod
248 198 306 232 ipso
341 197 375 226 de
407 205 438 225 so
465 198 547 228 dixit.
575 198 803 233 pronuntiandum
834 207 936 228 cense-

153 253 205 272 rem
215 253 222 270 :
230 245 319 279 ipsum
327 244 432 272 scilicet
442 252 545 280 magnae
553 244 667 271 civitatis
677 245 834 279 episcopum
842 245 934 278 fuisse.

151 291 226 320 ﬂenti
247 291 379 326 Georgius
392 290 589 318 Alexandrinus
597 294 624 318 et
633 290 746 318 Photius
758 292 935 326 scripserunt.

149 337 174 365 Si
185 345 250 364 vero
262 336 399 364 Palladius
409 337 540 364 dicendus
551 341 593 364 est
607 337 750 372 episcopus
761 337 936 373 Helenopoli-

149 389 234 412 zanus.
248 382 395 410 dicendum
411 390 516 417 quoque
533 382 598 409 mihi
614 383 763 416 videretur,
772 391 804 410 ex
818 383 938 411 Heleno-

149 427 197 460 poli
214 427 374 454 translatum
387 427 471 454 fuisse
484 427 630 462 Asponam,
640 433 720 463 atque
736 429 762 456 in
778 429 935 464 ejuslocum

147 472 288 499 suﬂ'cctum
302 480 363 500 esse
372 473 518 500 Palladium
528 473 652 503 alterum.
659 474 705 509 qui
715 474 829 502 Romam
838 476 936 503 missus

146 517 223 544 luerit
236 526 250 544 a
262 517 369 546 Joanne
378 519 411 546 ad
427 527 522 554 papam
537 520 724 547 lunocentium
736 521 826 555 :isque
840 526 936 548 auctor

145 564 195 590 erit
211 563 339 591 Historia:
359 564 506 597 Lausiarw,
522 570 550 592 et
563 564 710 600 discipulus
726 565 841 600 Evagrii.
853 564 935 593 Porro

145 609 290 636 Palladium
299 617 334 636 ex
346 609 506 645 llelenopoli
521 611 680 638 translatum
695 611 843 646 Asponam,
854 612 936 639 tradit

143 653 282 687 Socrates;
298 660 441 683 auctorem
455 664 519 683 vero
530 656 626 691 dialogi
640 656 797 691 episcopatu
807 657 931 689 cessisse,

143 707 172 726 ex
187 700 295 736 Georgii
311 702 404 729 verbis
413 703 538 737 superius
553 703 644 730 relatis
656 703 808 730 coniicitur.
819 703 874 730 llac
890 711 933 730 ra-

142 746 214 774 tione
229 747 272 774 via
288 747 466 781 praecluditur
480 749 572 777 multis
586 749 753 784 ambagibus,
770 757 837 783 quas
856 748 934 776 aliter

140 792 254 819 evadere
269 793 364 820 nullus
388 794 485 829 possit.
503 794 530 822 Si
551 795 615 829 quid
630 799 720 822 tamen
736 795 832 822 rationi
851 799 933 830 atque

139 837 275 865 historica:
289 839 400 866 veritati
414 839 497 875 magis
511 844 725 868 consentaneum
741 841 802 875 quis
812 841 934 868 attulerit

139 882 164 909 in
181 883 313 914 medium.
323 884 482 912 nullatenus
495 885 793 920 repugnabozquinimo
802 885 935 920 quidquid

138 928 200 955 illud
209 928 271 960 erit,
283 929 424 957 ambabus
437 930 508 957 ulnis
518 931 588 958 ultro
600 931 741 966 excipiam.
758 930 811 958 Sed
823 931 887 958 dum
899 931 935 958 de

136 973 267 1008 scriptore
285 975 371 1010 hujus
393 976 491 1004 dialoﬂ
518 977 603 1005 fusius
626 977 746 1004 edissero
758 998 765 1010 ,
782 985 852 1012 pene
867 977 933 1004 mihi

290 2875 431 2905 ΡΑτιιοι.
452 2875 511 2906 Gn.
535 2874 665 2906 XLVII.

647 133 701 160 ΕΜ,
724 131 847 160 BIGOTII
868 133 1053 162 PBEFATIO
1063 132 1096 161 IN
1107 133 1315 162 PALLADIUM.

1694 149 1775 170 XCVI”

988 195 1124 222 exciderat
1141 195 1212 230 loqui
1225 197 1259 224 de
1272 197 1429 229 Theodoro;
1445 205 1524 232 quem
1540 198 1620 234 aliqui
1636 203 1773 226 auctorem

989 240 1134 275 perhibent
1149 241 1230 275 hujus
1241 241 1348 277 dialogi,
1361 242 1406 269 sed
1421 242 1471 269 levi
1486 250 1597 277 prorsus
1608 249 1777 279 argumento-

989 285 1158 316 Theodorus.
1173 287 1308 322 inquiunt,
1320 288 1485 323 compellans
1500 288 1670 325 episcopum,
1684 298 1714 318 se
1725 291 1776 318 ali-

987 331 1096 365 quando
1105 331 1173 360 forte
1183 333 1216 359 de
1225 333 1306 360 rebus
1315 334 1401 361 sancti
1413 334 1598 370 Chrysostomi
1613 337 1778 371 scripturum

986 377 1033 404 ait.
1042 377 1108 410 Quis
1116 378 1318 413 dialogistarum
1331 387 1434 407 morem
1445 388 1500 408 non
1509 382 1709 415 animadvertit,
1719 382 1776 416 qui,

987 428 1017 450 ut
1031 424 1073 451 vel
1100 425 1211 451 minima
1226 433 1339 460 quaeque
1359 426 1393 453 ab
1420 426 1612 455 intcrlocutorc
1641 428 1776 463 expiscari

987 470 1102 504 possint,
1118 470 1206 497 varias
1221 470 1374 498 sciscitandi
1391 472 1510 500 rationes
1521 473 1775 506 comminiscuntur,

986 520 1066 550 atque
1080 516 1150 543 hanc
1165 516 1192 543 in
1206 517 1365 552 primis,aut
1380 518 1445 546 alias
1456 518 1628 552 similes?Qui
1645 520 1715 547 hanc
1728 527 1776 547 su-

987 561 1138 595 spicionem
1164 562 1243 597 primi
1262 563 1444 598 protulerunt,
1458 571 1629 599 nequaquam
1650 565 1775 593 attende—

986 613 1059 640 runt,
1068 608 1174 643 opinor,
1184 610 1274 636 omnia
1292 609 1495 641 incohmrcnlia,
1504 618 1565 645 qum
1579 611 1660 638 modo
1672 612 1774 644 notavi,

985 655 1128 683 aPalladio
1143 664 1198 682 non
1214 655 1358 691 depellere,
1369 656 1411 683 cui
1426 661 1515 684 tamen
1531 657 1568 684 rei
1580 657 1715 693 praecipue
1729 665 1776 685 ca-

986 700 1102 728 vendum
1119 701 1178 728 fuit.
1189 701 1293 728 Deinde
1309 701 1408 728 faciant
1418 702 1484 728 mihi
1500 702 1574 734 satis,
1586 702 1608 729 si
1623 702 1735 737 possint,
1748 708 1777 730 et

985 745 1118 780 quaerenti
1147 746 1343 781 respondeant,
1359 755 1442 782 quare
1457 747 1627 781 Theodorus,
1646 748 1776 776 Romana:

985 788 1112 818 Ecclesias
1127 791 1267 824 diaconus,
1283 791 1378 819 Latine
1390 800 1445 819 non
1456 793 1612 827 scripserit:
1627 797 1674 820 aut
1685 793 1707 820 si
1723 793 1777 820 La—

985 837 1041 864 tine
1060 837 1177 872 scripsit,
1195 843 1225 865 ut
1248 846 1303 865 non
1323 838 1425 866 nemini
1444 839 1533 866 visum
1549 844 1600 872 est,
1618 847 1703 874 quare
1723 840 1775 868 hoc

983 889 1052 916 opus
1063 882 1203 917 hucusque
1214 882 1317 910 Latinis
1329 883 1441 911 auribus
1455 884 1607 912 inauditum
1621 883 1774 912 l'uerit.Scd

983 928 1064 956 missa
1079 928 1130 956 ista
1143 928 1283 961 faciamus,
1301 937 1362 964 qua:
1376 929 1449 956 omni
1464 929 1568 958 ratione
1581 935 1662 965 atque
1674 930 1774 965 proba—

983 974 1030 1001 bili
1048 974 1205 1009 oonjectura
1220 979 1322 1002 carent.
1342 985 1352 1000 ι
