2052 3113
393 300 843 359 ιιιΔιιοεπε
895 298 1433 357 Πιετοιιιαπε

612 407 781 441 PALLADII,
803 407 954 436 EPISCOPI
976 406 1221 439 IIELENOPOLIS.

431 488 513 520 CUM
534 487 762 525 THEODORO,
784 487 988 519 ECCLESIIE
1010 487 1192 518 ΒΟΜΔΝᾸΞ
1214 486 1411 523 DIACONO,

154 569 192 590 υι
217 568 291 590 νιτι
316 569 358 589 ΕΤ
380 567 637 589 εοπνκιιεηιοκκ
659 567 753 589 ΒΕΔἹΊ
776 567 875 590 ,ιοΔΝΝ

929 567 1155 594 EBRYSOSTOMI,
1180 567 1319 589 EPISCOPI
1341 566 1661 590 CONSTANTINOPOLﬂ-

801 667 1009 692 αοθιβροθκρ

125 756 190 783 ευ,
205 764 225 784 ι.
239 771 274 776 —-
287 756 364 784 Dona
375 755 434 790 Dei,
447 758 498 784 alia
509 757 618 792 quidem
631 763 706 790 sunt,
716 762 746 786 ut
760 759 880 791 videtur,

93 803 249 831 communia
257 807 286 830 et
295 803 429 836 indivisa,
443 804 545 839 optime
553 803 639 832 frater
648 803 794 833 Theodore
806 815 812 832 :
828 805 881 832 alia

94 858 156 878 vero
171 850 330 877 communia
351 853 380 877 et.
395 849 492 878 divisa.
511 850 613 878 Horum
630 851 711 878 tertia
726 856 806 883 sunt,
822 859 882 886 qua:

93 904 180 931 neque
190 896 360 935 communia,
372 903 461 931 neque
473 896 560 923 divisa
570 904 616 924 seu
627 897 752 930 indivisa,
762 897 809 925 sed
819 905 883 932 pro.

93 944 163 978 pria,
175 943 239 970 data
255 941 411 970 secundum
424 943 586 977 praecipuam
605 943 721 977 gratiam
737 943 772 970 iis
782 944 882 978 quibus

93 989 155 1016 data
172 993 247 1016 sunt.
264 988 414 1017 DIACONUS.
436 988 501 1023 Age,
514 988 559 1016 dic
570 989 650 1017 nobis
663 990 881 1025 uniuscujusque

92 1035 200 1070 generis
209 1034 350 1068 ordinem;
362 1034 543 1069 probabiliter
554 1035 627 1063 enim
639 1035 770 1070 praefatus
777 1043 818 1063 es.
831 1036 878 1063 Er.

93 1080 155 1114 Quae
172 1084 270 1107 natura
284 1080 357 1107 bona
377 1085 458 1113 sunt,
474 1081 534 1108 sine
547 1080 649 1116 quibus
665 1081 720 1109 vita
747 1081 880 1117 (molesta)

93 1126 172 1161 impia
184 1129 238 1158 est,
250 1126 409 1153 communia
431 1132 458 1154 et
471 1126 599 1154 indivisa.
617 1126 695 1154 Duc.
720 1127 876 1160 Quomodo,

93 1170 190 1199 Pater?
202 1171 248 1198 Ep.
261 1171 352 1199 Primo
363 1172 473 1206 quidem
490 1172 560 1200 Deus
575 1173 696 1201 universi
708 1180 770 1200 cum
787 1173 882 1208 unige-

92 1218 149 1245 nito
157 1217 245 1252 ipsius
255 1216 325 1244 Filio
332 1221 358 1244 et
366 1217 469 1252 Spiritu
480 1222 576 1245 sancto
588 1218 743 1246 communis
751 1222 829 1246 estet
840 1218 881 1245 in-

91 1263 195 1290 divisus
209 1273 214 1289 :
227 1263 376 1298 unicuique
383 1263 456 1290 enim
467 1263 540 1295 licet,
550 1263 597 1298 qui
612 1263 740 1296 voluerit,
754 1264 814 1291 sine
825 1263 880 1290 ullo

91 1304 298 1342 negotio'ipsum
305 1312 391 1334 totum
399 1308 630 1343 contemplatione
636 1308 791 1343 complecti.
800 1309 846 1336 Dei
851 1318 881 1336 n-

92 1351 125 1379 de
139 1356 201 1386 post
216 1353 304 1379 Deum
323 1352 424 1380 divina:
441 1353 598 1388 Scriptura,
612 1356 640 1380 et
653 1354 881 1388 supermundana:

92 1398 215 1425 virtutes.
232 1398 365 1426 Praeterea
378 1399 490 1431 malum,
503 1399 556 1433 sol,
569 1400 634 1426 luna
649 1404 676 1427 et
688 1400 778 1428 omnis
792 1405 881 1428 astro-

92 1452 150 1471 rum
162 1444 276 1475 chorus,
288 1448 316 1472 et
326 1444 386 1479 ipse
397 1451 453 1478 aer,
467 1445 624 1473 communia
635 1450 700 1474 sunt
712 1450 739 1473 et
750 1446 877 1478 indivisa,

93 1495 185 1525 utpote
193 1491 286 1518 omnia
293 1491 427 1519 omnium.
437 1491 510 1519 Intra
520 1492 577 1520 haec
585 1493 663 1520 nobis
669 1493 802 1521 consistat
810 1493 880 1520 indi-

94 1537 213 1564 risorum
219 1544 317 1573 genus.
324 1536 391 1564 Erat
399 1538 480 1565 etiam
487 1538 633 1573 aliquando
639 1542 713 1566 terra
726 1538 880 1566 communis

93 1586 117 1609 et
125 1582 242 1609 indivisa
252 1582 334 1610 simul
346 1589 408 1609 cum
421 1590 553 1617 aquarum
564 1582 692 1611 ﬂuentis:
705 1590 737 1611 ex
750 1591 806 1619 quo
816 1591 880 1611 vero

91 1626 212 1654 avaritia
223 1626 306 1654 ardor
314 1626 530 1662 voluptariorum
542 1629 807 1663 mentesoccupavit,
818 1635 879 1663 gra-

92 1671 164 1699 viora
173 1675 254 1699 terra
260 1675 288 1699 et
297 1679 375 1708 aqua:
384 1672 615 1700 elementadivisa
627 1677 701 1701 sunt.
710 1673 786 1702 Duc.
799 1674 879 1702 Clara

91 1716 233 1744 admodum
247 1721 321 1749 sunt,
332 1724 394 1752 qua:
401 1716 509 1745 dixisti:
521 1717 653 1745 rationem
665 1721 755 1746 autem
765 1718 878 1746 secundi

88 1762 189 1797 generis
202 1761 347 1789 divisorum
369 1760 497 1795 adimple.
513 1760 561 1788 Er.
575 1759 692 1787 Necesse
705 1764 747 1788 est
764 1767 818 1788 non
831 1767 876 1788 re-

89 1807 168 1841 linqui
190 1807 377 1842 imperiectum
403 1807 552 1841 argumenti
577 1809 741 1833 contextum.
774 1806 876 1834 Aurum

88 1853 162 1888 igitur
173 1857 200 1880 et
209 1858 348 1884 argentum
361 1852 483 1879 etomnis
493 1852 623 1879 metallica
634 1855 739 1886 natura,
748 1856 875 1887 prmterca

88 1897 190 1932 liguaria
199 1898 335 1928 materies,
348 1902 377 1925 et
388 1902 416 1924 ut
431 1905 485 1925 uno
498 1897 580 1925 verbo
591 1897 689 1930 dicam,
701 1904 876 1932 quaecumque

88 1942 169 1969 inedia
184 1947 256 1975 sunt,
272 1943 427 1970 communia
450 1942 558 1977 quidem
569 1948 641 1975 sunt,
662 1942 709 1970 sed
725 1947 813 1970 tamen
835 1942 876 1970 di-

88 1989 137 2015 risa
151 1997 157 2014 :
173 1995 260 2023 neque
272 1988 343 2015 enim
356 1988 452 2021 cuivis,
466 1992 494 2015 ut
509 1988 559 2023 ipsi
575 1988 650 2021 libet,
662 1992 716 2015 tota
730 1988 835 2022 penitus
849 1988 874 2015 in

87 2037 213 2067 potestate
226 2038 298 2060 sunt.
314 2033 391 2061 Duc.
412 2033 528 2062 Evidens
546 2033 634 2060 adhuc
657 2037 685 2061 et
709 2032 753 2061 hic
773 2040 873 2061 sermo.

86 2077 133 2106 Sed
146 2078 240 2106 dubito
254 2086 288 2106 ne
297 2078 369 2106 circa
383 2078 454 2106 tertii
469 2079 599 2106 donorum
619 2079 815 2114 prtecipuorum
828 2087 874 2115 ge-

85 2124 153 2151 neris
163 2123 423 2151 demonstrationem
445 2123 564 2157 delicias,
587 2124 632 2159 qui
648 2125 803 2159 promiseris
831 2132 875 2152 os—

84 2169 203 2201 tendere,
218 2169 289 2205 quod
303 2170 393 2204 aliqua
407 2169 461 2196 sint
474 2177 533 2205 qua:
547 2178 633 2205 neque
649 2171 799 2199 communia
811 2176 874 2197 stmt

82 2222 167 2250 neque
177 2215 272 2247 divisa,
286 2215 334 2242 sed
351 2215 458 2250 propria
470 2215 616 2243 secundum
637 2216 802 2251 privilegium
827 2224 874 2243 eo-

81 2267 138 2287 rum
149 2261 193 2295 qui
206 2261 279 2296 digni
289 2260 387 2288 fuerint
395 2268 429 2288 eo
443 2268 562 2289 ntunerc.
578 2261 703 2297 Imposito
718 2266 805 2289 autem
820 2262 873 2290 (ine

80 2306 197 2334 sermoni
208 2305 279 2338 huic,
294 2306 414 2333 edissere
428 2306 505 2334 nobis
518 2306 590 2334 unde
601 2307 707 2340 venisti,
721 2311 747 2335 et
761 2314 792 2335 ea
804 2315 872 2342 quo-

81 2359 137 2378 rum
147 2351 286 2379 veritatem
295 2352 363 2379 scire
374 2351 566 2379 desideramus.
580 2352 628 2379 Ep.
639 2352 666 2380 Si
678 2352 703 2379 in
712 2359 755 2380 me
765 2352 871 2388 quidem

81 2396 105 2424 id
117 2397 199 2424 situm
212 2401 264 2430 est,
279 2401 307 2424 et
319 2396 341 2424 si
357 2404 452 2424 eorum
476 2405 535 2432 qua:
559 2398 629 2425 scire
649 2405 724 2431 aves,
750 2398 871 2426 notitiam

81 2442 176 2476 habeo,
199 2450 252 2470 non
266 2443 433 2476 detrectabo,
454 2450 504 2470 nec
524 2443 666 2479 quidquam
688 2443 869 2471 abscondam:

80 2489 196 2517 debitum
211 2490 334 2526 promissi
354 2490 499 2522 sermonis,
521 2494 550 2517 ut
568 2491 673 2525 opinor,
698 2497 747 2525 pro
771 2490 872 2518 viribus

81 2536 224 2563 exsolvam.
241 2536 428 2571 Virginitatem
455 2536 533 2570 igitur
547 2540 575 2563 et
601 2541 725 2563 cmteram
744 2536 871 2564 castimo-

81 2581 146 2608 niam
156 2581 270 2609 indivisa
280 2581 399 2616 reperies
416 2589 423 2608 :
439 2588 491 2608 non
505 2581 575 2609 enim
587 2586 648 2609 sunt
661 2590 676 2610 e
687 2589 783 2617 genere
797 2589 871 2610 com-

80 2627 195 2654 monium
208 2631 254 2654 aut
269 2626 455 2660 dividuorttm,
481 2628 604 2663 quoniam
630 2636 683 2655 non
709 2628 870 2664 quicumque

82 2672 140 2704 rull,
154 2673 236 2700 etiam
248 2673 428 2708 virginitatem
440 2678 538 2706 servat,
561 2674 609 2702 sed
621 2674 666 2709 qui
680 2679 766 2709 potest
779 2683 786 2701 :
808 2683 869 2702 nam

80 2718 183 2752 plurimi
196 2726 291 2747 eorum
306 2720 353 2754 qui
372 2720 543 2747 matrimonio
557 2721 643 2755 juncti
665 2726 737 2754 sunt,
759 2722 870 2756 cupiunt

80 2762 125 2798 ipsi
137 2764 258 2799 quidem,
270 2765 320 2793 sed
334 2772 388 2793 non
400 2771 587 2801 assequuntur,
596 2767 656 2802 quia
666 2767 789 2801 conjugio
801 2775 869 2803 prte-

80 2811 198 2846 oeeupati
213 2815 286 2839 sunt.
302 2811 535 2845 Quemadmodum
549 2812 575 2840 iu
591 2812 736 2849 Olympicis
745 2813 868 2841 certami-

77 2854 153 2883 nibus
167 2863 254 2891 pncco
266 2860 346 2884 vocat
368 2857 413 2892 qui
432 2862 533 2884 certare
554 2858 627 2890 velit,
648 2863 757 2886 coronat
779 2862 868 2886 autem

76 2907 135 2928 eum
145 2902 190 2937 qui
206 2903 311 2935 vicerit,
325 2911 332 2929 :
348 2902 388 2929 sic
399 2907 425 2929 ct
438 2903 462 2928 in
482 2903 610 2936 castitate,
625 2909 652 2930 ut
671 2903 733 2931 dicit
750 2904 868 2940 Evange-

943 760 1018 787 lium.
1034 759 1100 786 Cum
1110 760 1180 786 enim
1191 759 1284 786 Petrus
1293 759 1428 787 Scrvatori
1444 760 1625 795 respondisset
1640 769 1647 787 :
1660 760 1691 788 Si
1703 769 1732 788 (τι

939 810 975 831 ra!
985 813 1064 831 causa
1076 805 1122 831 viri
1130 812 1187 831 cum
1198 812 1287 837 uxore,
1299 813 1349 831 non
1375 805 1477 840 expedit
1501 812 1606 832 mrem
1637 802 1733 829 ducere

940 850 1045 886 (Matth.
1062 850 1164 878 £9.10.
1189 851 1219 878 Η
1235 850 1244 885 )
1263 850 1315 878 :ad
1330 858 1390 886 qua:
1413 849 1482 878 dixit
1499 850 1626 879 Servator
1642 859 1649 879 :
1670 850 1733 879 Non

937 898 1050 924 omnium
1063 902 1100 924 est
1113 905 1203 932 capere
1215 897 1316 924 verbum
1338 897 1394 930 hoc,
1409 897 1454 924 sed
1467 897 1557 932 quibus
1570 897 1659 924 datum
1683 904 1730 925 ut.

937 943 1018 970 \‘ides
1030 943 1099 978 quod
1109 950 1161 970 non
1177 942 1310 975 omnibus,
1325 941 1373 970 sed
1383 942 1478 978 quibus
1485 941 1577 970 datum
1588 943 1645 971 est?
1655 943 1730 971 huc.

938 989 1065 1016 Putabam
1091 996 1161 1024 πει-ε
1181 988 1371 1023 expediturum
1394 993 1420 1015 te
1443 995 1504 1023 quae
1524 989 1578 1016 sint
1597 991 1729 1024 praecipua

936 1034 1017 1067 dona,
1034 1034 1081 1062 sed
1091 1034 1210 1069 profecto
1220 1039 1247 1061 et
1261 1033 1366 1061 fortiter
1378 1039 1404 1061 et
1417 1033 1562 1069 Scriptura:
1576 1035 1729 1062 testimonio

936 1081 1013 1108 nobis
1028 1080 1195 1115 persuasisti.
1209 1081 1255 1107 Er.
1271 1080 1299 1108 Si
1308 1080 1364 1107 lucc
1379 1080 1518 1115 perspicua
1533 1080 1579 1108 tibi
1594 1085 1673 1113 sunt,
1685 1089 1729 1111 ro—

935 1126 1013 1162 liquis
1023 1126 1182 1154 testimoniis
1196 1126 1331 1153 exornabo
1343 1133 1507 1158 sermonem,
1522 1130 1553 1153 ut
1569 1126 1613 1161 qui
1639 1132 1728 1154 mente

935 1172 1010 1206 pravi
1022 1176 1094 1205 sunt,
1108 1171 1150 1199 his
1160 1172 1291 1206 persuasi,
1305 1171 1427 1199 desinant
1438 1178 1543 1207 rapere,
1558 1179 1618 1207 qua:
1632 1179 1728 1207 capere

934 1224 987 1245 non
1003 1221 1160 1253 potuerunt.
1172 1217 1239 1244 Nam
1255 1217 1406 1244 invenimus
1426 1216 1605 1244 sacerdotium
1619 1225 1725 1252 quoque

933 1263 961 1291 in
971 1263 1068 1292 divinis
1079 1263 1224 1298 Scripturis
1239 1270 1325 1298 neque
1338 1270 1481 1290 commune
1494 1270 1554 1290 esse
1566 1271 1652 1298 neque
1660 1263 1727 1291 divi-

933 1309 1027 1343 duum,
1049 1309 1096 1336 sed
1111 1309 1217 1336 illorum
1234 1309 1371 1344 proprium
1382 1308 1426 1343 qui
1442 1316 1476 1336 eo
1488 1308 1561 1343 digni
1575 1314 1647 1342 sunt,
1658 1309 1728 1336 sicut

932 1355 1059 1383 admonet
1083 1355 1211 1383 Hebraeos
1224 1355 1336 1382 excelsa:
1356 1354 1402 1381 ille
1428 1354 1525 1382 mentis
1546 1353 1654 1387 Paulus,
1682 1353 1725 1381 di-

931 1408 996 1428 cens
1008 1409 1014 1426 :
1026 1399 1087 1427 Non
1098 1400 1168 1427 enim
1180 1399 1224 1435 qui
1235 1399 1283 1427 sibi
1295 1398 1386 1434 accipit
1396 1398 1526 1431 honorem,
1543 1398 1588 1426 sed
1596 1399 1641 1434 qui
1652 1406 1727 1426 voco.

931 1450 973 1473 (ur
982 1454 999 1472 a
1011 1444 1066 1473 Deo
1074 1444 1166 1481 (Hebr.
1179 1445 1206 1472 5.
1223 1445 1262 1479 ι).
1279 1445 1323 1474 Sic
1346 1449 1369 1471 et
1382 1443 1479 1477 Aaron,
1495 1444 1541 1477 ait,
1556 1453 1606 1471 non
1615 1445 1726 1480 seipsum

929 1491 1053 1526 gloriatus
1068 1496 1104 1518 est
1115 1498 1168 1518 esse
1179 1490 1333 1526 pontiﬁcem.
1345 1489 1411 1516 Nam
1425 1496 1486 1516 cum
1495 1494 1620 1517 sexcenta
1634 1494 1726 1517 essent

930 1534 1013 1564 millia
1024 1536 1174 1569 hominum,
1191 1540 1217 1562 et
1228 1535 1304 1562 multi
1317 1542 1350 1562 ex
1360 1534 1412 1562 illis
1423 1534 1509 1562 zelum
1525 1535 1570 1562 Dei
1582 1534 1722 1566 haberent.

930 1589 999 1610 unus
1009 1581 1162 1610 declaratus
1181 1584 1222 1608 est
1243 1580 1342 1613 Aaron,
1358 1587 1437 1615 quem
1452 1587 1467 1607 a
1489 1580 1544 1608 Deo
1558 1585 1723 1616 assumptum

929 1627 1011 1655 fuisse
1023 1625 1189 1661 pontiﬁcem,
1205 1625 1362 1653 miraculum
1377 1625 1469 1660 virga,
1484 1632 1544 1660 qua:
1562 1632 1643 1653 nuces
1661 1633 1724 1661 pro-

929 1671 1014 1705 duxit,
1026 1670 1187 1698 multitudini
1213 1669 1346 1705 persuasit
1361 1668 1454 1704 (Num.
1470 1670 1515 1697 17.
1530 1669 1576 1705 8).
1600 1669 1723 1704 Plerique

928 1725 993 1745 vero
1006 1717 1139 1745 bonorum
1154 1716 1273 1744 omnium
1286 1715 1381 1750 ignari,
1408 1723 1483 1743 vana:
1503 1715 1594 1751 gloria:
1615 1715 1723 1744 stimulo

929 1761 1172 1796 icti,sacerdotium
1185 1762 1254 1789 inter
1273 1761 1425 1789 communia
1435 1766 1461 1788 et
1482 1760 1567 1788 divisa
1582 1768 1642 1789 esse
1665 1762 1723 1797 opi-

928 1807 995 1840 nati,
1009 1814 1024 1834 a
1037 1807 1190 1842 semetipsis
1202 1806 1292 1839 electi,
1310 1814 1366 1834 rem
1381 1806 1453 1833 illam
1470 1807 1598 1839 involant,
1612 1807 1722 1843 dignum

928 1861 984 1880 sute
996 1853 1112 1881 vesaniae
1128 1853 1208 1880 linem
1219 1852 1301 1885 nacti,
1317 1851 1380 1878 dum
1397 1851 1482 1886 ipsam
1498 1859 1641 1888 synagoga:
1665 1860 1721 1880 su:e

928 1904 1026 1927 terram
1042 1899 1201 1927 temeritatis
1221 1903 1317 1926 testem
1343 1898 1451 1926 faciunt.
1473 1898 1576 1926 Dathan
1599 1899 1670 1927 enim
1695 1904 1723 1927 et

928 1946 1028 1973 Abiron
1054 1945 1148 1981 (Num.
1176 1945 1219 1972 16.
1246 1944 1293 1981 52)
1315 1952 1376 1972 cum
1401 1944 1542 1972 sacerdotii
1564 1945 1720 1980 dignitatem

927 1991 1086 2020 meretriciis
1108 1990 1265 2026 quibusdam
1285 1991 1369 2018 oculis
1399 1990 1626 2025 concupivissent,
1656 2000 1717 2020 cum

926 2037 1052 2066 omnibus
1065 2037 1242 2065 sectatoribus
1255 2037 1311 2064 suis
1338 2042 1408 2064 terra
1431 2037 1549 2071 absorpti
1574 2037 1719 2072 perierunt.

926 2090 1086 2119 synagogam
1113 2090 1189 2110 suam
1220 2082 1307 2110 sortiti
1344 2083 1526 2117 extemporale
1554 2083 1718 2118 sepulcrum.

927 2130 990 2156 Post
1004 2128 1054 2156 hos
1064 2128 1129 2162 Oza,
1146 2128 1315 2163 superiorum
1330 2128 1482 2160 immemor,
1499 2128 1593 2156 eadem
1617 2129 1718 2165 cupidi-

926 2178 980 2201 tate
994 2174 1131 2209 abreptus,
1143 2181 1199 2201 rem
1211 2181 1270 2200 eam
1284 2173 1422 2208 expetivit.
1436 2173 1503 2201 Cum
1515 2175 1587 2201 enim
1602 2175 1716 2210 quadam

925 2221 968 2248 die
987 2227 1048 2248 arca
1073 2220 1099 2247 in
1114 2220 1233 2255 plaustro
1247 2219 1389 2247 veheretur
1403 2220 1442 2255 (2.
1455 2219 1519 2255 Reg.
1536 2220 1562 2248 6.
1587 2220 1631 2256 6),
1648 2220 1718 2249 forte

926 2267 1023 2295 accidit
1036 2271 1065 2294 ut
1078 2267 1123 2302 qui
1137 2273 1195 2293 eam
1211 2265 1332 2293 trahebat
1355 2265 1464 2299 vitulus,
1485 2272 1638 2293 succussam
1664 2267 1720 2294 dis-

925 2312 1053 2340 turbaret.
1069 2310 1121 2339 Oza
1136 2310 1216 2346 igitur
1230 2311 1274 2346 qui
1285 2310 1455 2345 sequebatur,
1468 2318 1548 2338 manu
1562 2310 1716 2346 apprehen-

925 2358 973 2390 dit,
989 2365 1042 2384 non
1054 2364 1148 2393 passus
1163 2363 1223 2384 eam
1254 2356 1383 2384 subverti.
1399 2355 1433 2384 Ut
1445 2361 1534 2384 autem
1547 2356 1614 2384 vidit
1636 2357 1717 2390 Deus,

925 2402 1004 2438 idque
1024 2402 1073 2436 ipsi
1094 2409 1148 2430 non
1169 2401 1278 2437 placuit,
1304 2400 1430 2437 quoniam
1458 2408 1492 2429 ex
1517 2408 1550 2428 eo
1566 2402 1716 2431 temerariis

924 2447 1089 2476 consuetudo
1105 2448 1220 2475 oriretur
1245 2448 1321 2474 Area:
1347 2446 1544 2474 attrectandaa:
1566 2447 1712 2482 prohibuit,

924 2493 977 2522 Oza
988 2494 1019 2521 ad
1033 2498 1145 2521 mortem
1159 2500 1243 2528 usque
1257 2500 1396 2529 percusso,
1410 2492 1510 2521 docens
1524 2498 1647 2528 posteros
1656 2495 1716 2523 asi-

924 2539 982 2567 mili
993 2539 1151 2567 temeritate
1158 2539 1298 2566 desistere.
1314 2539 1354 2566 Ac
1365 2538 1471 2566 tandem
1484 2539 1563 2574 longo
1575 2539 1717 2575 iuterjceto
1740 2554 1747 2564 ι

925 2591 1054 2621 tempore,
1070 2590 1130 2620 post
1150 2584 1248 2613 Christi
1273 2584 1428 2618 adventum,
1455 2585 1547 2612 Simon
1571 2585 1661 2621 Magus
1682 2587 1716 2615 de

923 2639 992 2667 pago
1002 2630 1131 2664 Getthon,
1145 2629 1318 2657 adversorum
1324 2630 1428 2657 veritati
1444 2629 1597 2666 dogmatum
1607 2631 1715 2664 artifex,

923 2676 996 2704 vafer
1008 2676 1053 2704 ille
1068 2676 1094 2704 in
1106 2675 1285 2711 improbitate,
1299 2675 1467 2710 superiorum
1482 2682 1574 2709 pmnas
1601 2675 1715 2710 veritus,

923 2727 981 2750 arte
996 2725 1092 2749 tractat
1105 2721 1192 2748 scelus
1205 2729 1211 2747 ε
1227 2728 1260 2748 ne
1275 2720 1372 2748 similia
1390 2720 1412 2748 si
1427 2720 1549 2752 sevisset,
1569 2713 1644 2756 paria
1658 2727 1715 2748 me

924 2771 1002 2795 teret.
1028 2766 1108 2802 Igitur
1119 2765 1196 2794 ovina
1222 2765 1291 2801 pelle
1315 2765 1405 2801 lupum
1434 2769 1536 2800 tegens,
1562 2765 1659 2793 blande
1682 2766 1714 2793 ad

922 2812 1059 2848 apostolos
1071 2812 1174 2840 accedit
1188 2811 1255 2847 (Act.
1271 2811 1323 2846 8),
1345 2818 1406 2839 cum
1420 2811 1509 2838 aureis
1532 2811 1659 2844 nummis,
1688 2816 1716 2838 ut

923 2865 957 2885 ne
969 2864 1064 2893 rapere
1072 2857 1208 2885 videretur
1220 2855 1292 2893 quod
1303 2856 1418 2891 pessime
1425 2855 1548 2884 studebat
1560 2863 1651 2884 emero
1664 2865 1670 2883 :
1683 2864 1714 2884 es

925 2903 1017 2931 dicens
1040 2910 1100 2938 quae
1114 2907 1141 2931 et
1154 2903 1241 2938 ipsum
1255 2906 1283 2931 et
1297 2908 1390 2930 omnes
1405 2901 1451 2937 qui
1474 2909 1535 2929 eum
1565 2901 1714 2936 imitantur,
