2052 3113
171 151 186 180 ο
664 146 707 176 DE
730 148 805 177 VITA
824 148 853 177 S.
873 148 1012 179 JOANNIS
1028 150 1272 182 CIIRYSOS’I'OML
1772 163 1802 188 to

170 209 245 243 Ῑιιιιίι
255 207 326 234 illius
339 203 496 232 oﬂ'ensiouis
509 204 626 231 invenire
638 211 791 239 possemus;
802 209 918 233 attamen
927 205 961 233 fa-

170 255 269 281 cientes
281 252 308 279 id
321 251 392 287 quod
403 251 580 285 nosmetipsos
593 251 714 283 decebat,
726 255 753 279 et
761 251 866 279 assidue
876 252 965 287 ipsum

169 299 344 327 adhortantes
363 301 393 325 ut
410 296 618 332 congrederetur
639 296 792 328 nobiscum,
812 302 839 324 et
861 297 963 325 diceret

172 354 220 381 qua
230 345 264 373 de
274 351 354 372 causa
367 344 457 371 statim
470 343 503 371 ab
516 343 590 370 initio
600 347 701 370 tantum
713 341 813 371 bellum
824 343 964 371 accendis-

171 396 219 424 set,
237 395 371 426 tantaque
383 389 482 417 civitati
493 390 635 417 excitasset
647 389 810 417 scandalum.
821 388 887 417 Cum
898 398 961 417 vero

173 444 256 472 neque
264 436 322 471 ipse
332 442 441 463 causam
453 435 543 462 dicere
554 434 652 466 voluit,
669 439 699 462 et
712 440 834 470 urgerent
845 435 902 470 ejus
917 443 961 462 ac-

172 488 317 514 cusatores,
333 489 382 510 nos
396 482 423 509 in
439 481 591 509 ulteriorem
611 481 683 508 urbis
707 481 843 516 regionem
857 482 900 509 ubi
916 481 962 509 de-

172 529 259 564 gebat,
275 528 410 563 piissimus
433 526 579 562 Imperator
597 527 733 559 evocavit,
754 531 834 562 atque
854 535 961 555 causam

172 573 229 607 ejus
239 573 319 607 jussit
328 572 429 599 audire.
442 571 509 599 Nam
522 576 549 599 et
560 572 731 607 irruptionem
739 576 766 600 et
775 572 862 600 czedes
871 578 897 599 et
907 573 957 599 alia

173 619 309 646 innumera
325 617 496 652 objiciebant.
511 617 564 645 Sed
579 624 627 644 nos
644 618 689 652 qui
704 622 731 646 et
748 618 821 653 leges
838 622 939 653 patrum
952 638 959 651 ,

172 670 199 691 et
208 664 293 690 virum
307 662 409 690 honore
421 670 452 690 ac
463 662 610 690 reverentia
621 670 852 697 prosequeremur,
864 663 963 691 haben-

173 715 213 736 tes
231 708 312 736 etiam
331 715 413 743 super
425 708 474 735 hac
488 715 517 735 re
531 708 589 742 ejus
602 708 702 741 literas,
714 708 770 736 Non
782 714 906 744 oportere
917 709 962 744 ju-

175 754 241 781 dicia
255 758 329 781 extra
342 753 441 780 limites
456 753 535 785 trahi,
551 753 597 780 sed
620 753 649 780 in
670 753 733 788 ipsis
754 754 897 788 provinciis
920 762 963 782 res

175 800 349 834 provinciales
373 799 524 827 tractandas
549 806 624 832 esse;
647 807 699 827 non
719 800 803 827 solum
834 799 962 834 judicium

175 853 226 873 nou
260 845 375 872 obiimus
394 865 403 878 ,
430 844 477 872 sed
507 844 737 872 vehementissime
772 845 961 872 recusavimus.

175 890 257 917 Porro
277 890 338 922 ille,
361 889 436 925 quasi
455 897 515 917 cum
535 890 667 924 prioribus
688 894 810 923 certans,
826 894 901 917 vocat
918 897 961 917 ar-

174 935 357 963 cliidiaconum
383 942 471 963 meum
495 942 589 970 magna
612 943 672 963 cum
695 936 868 968 auctoritate,
888 936 961 971 quasi

173 983 226 1017 jam
252 981 331 1010 vidua
351 986 423 1009 esset
443 981 562 1009 Ecclesia
582 989 632 1009 nec
654 981 806 1016 episcopum
830 980 960 1009 haberet:

175 1036 222 1062 per
236 1028 322 1061 illum,
339 1027 441 1055 clerum
454 1034 561 1054 omnem
574 1027 600 1054 in
613 1034 642 1054 se
655 1027 801 1054 transtulit.
821 1027 962 1055 Subverte—

175 1075 270 1101 bantur
291 1073 427 1106 Ecclesiae,
440 1080 500 1100 cum
517 1072 712 1101 abducerentur
724 1073 887 1108 singularum
906 1073 962 1101 cle-

175 1119 231 1152 riei,
247 1123 275 1147 et
293 1119 502 1147 subornarentur
512 1122 540 1145 ut
551 1118 679 1145 adversus
693 1125 741 1145 nos
753 1118 857 1146 libellos
868 1117 963 1146 darent

143 1164 146 1166 λ
175 1171 200 1192 et
212 1165 245 1192 ad
259 1165 456 1193 accusationem
469 1164 679 1199 accingerentur.
696 1164 741 1192 His
754 1165 835 1196 actis,
850 1164 922 1191 misit
936 1168 962 1192 et

176 1211 279 1239 vocavit
293 1218 342 1238 nos
353 1211 379 1238 in
388 1210 526 1246 judicium,
540 1210 655 1237 nondum
668 1210 785 1245 purgatis
799 1217 857 1245 quae
867 1209 962 1237 adver-

175 1264 220 1284 sus
233 1264 263 1284 se
276 1260 353 1284 erant
367 1256 520 1284 criminibus
536 1264 542 1282 :
556 1255 627 1290 quod
642 1256 757 1283 maxime
776 1259 866 1282 contra
880 1262 962 1282 cano-

176 1310 222 1330 nes
234 1307 261 1330 et
271 1307 365 1329 contra
379 1301 451 1337 leges
462 1308 554 1329 omnes
563 1306 630 1329 erat.
646 1301 698 1329 Sed
712 1309 760 1329 nos
771 1301 880 1332 conscii,
891 1300 961 1335 quod

177 1356 227 1375 non
240 1347 273 1375 ad
289 1347 406 1382 judicem
418 1346 521 1374 venturi
535 1353 641 1373 eramus
657 1346 792 1381 (alioquin
806 1345 901 1373 millies
913 1345 961 1373 ad-

177 1394 339 1428 fuissemus),
354 1391 402 1420 sed
415 1391 449 1419 ad
462 1392 596 1419 inimicum
606 1396 633 1419 et
645 1392 765 1419 hostem:
780 1391 805 1418 id
818 1390 887 1426 quod
898 1390 962 1418 satis

176 1439 309 1466 declarant
333 1445 392 1473 qua:
414 1442 442 1465 et
462 1437 534 1472 prius
557 1442 584 1464 et
608 1436 774 1472 postmodum
797 1441 856 1464 acta
879 1440 960 1463 sunt:

177 1484 296 1511 misimus
318 1483 352 1510 ad
371 1490 432 1510 eum
455 1483 605 1517 episcopos,
627 1482 788 1509 Demetrium
809 1482 961 1516 episcopum

176 1530 334 1561 I’isinuntis,
351 1529 487 1564 Eulysium
501 1528 654 1563 episcopum
669 1528 803 1562 Apametc,
823 1526 962 1562 Luppicia—

175 1583 237 1602 num
250 1575 382 1610 Appiarizn
398 1583 405 1601 :
420 1573 589 1609 presbyteros
605 1578 693 1600 autem
704 1572 865 1601 Germanum
879 1576 902 1599 et
914 1572 961 1600 Se-

176 1628 278 1653 verum,
291 1619 460 1648 convenienti
473 1619 551 1647 nobis
563 1618 692 1647 modestia
707 1618 913 1654 respondentes,
930 1624 962 1645 ac

174 1667 310 1699 dicentes,
331 1672 380 1693 nos
401 1672 454 1693 non
475 1664 600 1700 defugere
610 1664 748 1699 judicium,
761 1664 809 1692 sed
826 1663 961 1692 inimicum

176 1717 297 1748 apertum
309 1717 388 1747 atque
402 1711 505 1739 hostem
518 1710 696 1738 manifestum.
710 1709 775 1737 Nam
786 1709 830 1745 qui
844 1708 961 1736 nondum

174 1758 289 1793 acceptis
303 1757 399 1785 libellis
412 1757 500 1785 statim
518 1756 552 1784 ab
574 1756 650 1784 initio
671 1756 731 1783 talia
753 1756 870 1789 fecisset,
885 1760 912 1782 et
929 1755 962 1782 ab

175 1803 293 1831 Ecclesia
305 1803 423 1838 seipsum
434 1802 594 1837 abrupisset,
610 1810 624 1828 a
638 1801 834 1834 communione,
851 1808 865 1828 a
881 1800 962 1835 preci-

174 1848 236 1881 bus;
259 1852 428 1876 accusatores
448 1847 598 1880 instruens,
619 1847 719 1874 clerum
740 1846 773 1873 ad
792 1853 821 1873 se
843 1845 959 1877 trahens,

174 1894 305 1922 Ecclesias
314 1894 438 1922 desolans
453 1903 460 1921 :
473 1892 605 1928 quomodo
617 1892 711 1927 dignus
725 1896 806 1924 esset,
821 1892 866 1926 qui
881 1892 907 1918 in
919 1891 962 1926 ju-

172 1941 239 1968 dicis
250 1940 374 1968 thronum
394 1939 460 1967 nihil
481 1938 515 1966 ad
534 1946 564 1967 se
582 1939 757 1973 pertinentem
770 1937 966 1965 adscenderat?

173 1986 229 2013 Non
243 1986 316 2014 enim
332 1989 540 2013 consentaneum
559 1991 628 2016 esse,
646 1987 674 2010 ut
686 1983 731 2010 ille
743 1983 787 2018 qui
800 1991 832 2011 ex
846 1982 962 2018 [Egypto

172 2035 253 2064 esset,
269 2031 296 2058 in
306 2030 418 2058 Thracia
426 2029 567 2064 judicaret,
583 2029 639 2063 ipse
649 2028 804 2056 criminibus
817 2027 958 2061 obnoxius,

173 2078 293 2106 inimicus
310 2081 390 2112 atque
411 2076 505 2103 hostis.
520 2075 710 2103 Verumtamen
728 2075 794 2101 nihil
808 2074 852 2102 ille
866 2074 960 2101 horum

173 2123 311 2154 reveritus,
328 2122 374 2149 sed
397 2128 494 2156 urgens
512 2120 581 2155 quod
601 2120 712 2154 implere
735 2124 879 2151 statuerat,
900 2127 961 2146 cum

173 2168 382 2195 declarassemus
400 2171 505 2201 paratos
526 2173 575 2193 nos
595 2173 655 2193 esee
672 2165 775 2192 diluere
787 2165 898 2192 crimina
914 2172 961 2192 co-

174 2221 227 2241 ram
239 2218 346 2240 centum
359 2216 386 2239 et
395 2211 468 2239 mille
478 2211 619 2246 episcopis,
630 2215 657 2238 et
668 2217 751 2244 puros
758 2210 792 2237 ab
801 2210 873 2237 omni
885 2209 960 2245 culpa

176 2266 222 2286 nos
235 2257 389 2290 ostendere,
406 2262 434 2284 ut
447 2263 538 2284 revera
558 2263 650 2284 sumus
669 2265 675 2282 :
694 2262 746 2283 non
770 2255 829 2282 tulit
846 2255 899 2288 ille,
914 2254 959 2282 sed

173 2304 247 2331 nobis
260 2302 418 2330 absentibus
427 2307 453 2329 et
465 2301 498 2328 ad
511 2301 641 2337 synodum
654 2300 851 2335 appellantibus
869 2307 900 2327 ac
915 2299 960 2334 ju-

172 2348 266 2376 dicium
276 2347 453 2383 ﬂagitantibus
462 2366 476 2380 ,,
486 2354 536 2374 nec
548 2346 709 2373 auditionem
727 2345 898 2380 fugientibus,
914 2344 960 2372 sed

172 2395 340 2422 manifestum
352 2394 461 2425 odium,
478 2393 533 2428 ipse
545 2397 713 2420 accusatores
725 2391 842 2423 admisit,
854 2395 881 2419 et
893 2398 960 2425 quos

173 2443 313 2477 ligaveram
332 2441 430 2473 solvit,
445 2444 524 2474 atque
534 2439 567 2466 ab
578 2439 639 2471 illis,
655 2438 699 2473 qui
713 2438 822 2465 crimina
836 2444 884 2464 sua
895 2444 960 2463 non-

171 2487 231 2514 dum
257 2487 402 2518 exuissent,
429 2484 533 2512 libellos
556 2483 671 2518 accepit,
690 2487 717 2510 et
738 2486 794 2509 acta
821 2481 957 2509 confecit:

171 2540 228 2567 qum
242 2533 330 2560 omnia
340 2535 367 2559 et
380 2536 473 2559 contra
486 2530 529 2565 jus
543 2535 571 2557 et
583 2534 675 2557 contra
688 2536 804 2556 canones
817 2532 845 2554 et
856 2531 959 2554 morem

171 2583 256 2606 erant.
287 2578 322 2606 Et
343 2577 408 2613 quid
431 2577 525 2604 attinet
547 2576 622 2612 plura
645 2575 757 2603 dicere?
782 2582 834 2602 non
859 2573 960 2601 destitit

171 2626 258 2652 omnia
273 2625 360 2652 facere
369 2631 401 2651 ac
415 2624 512 2656 moliri,
525 2623 610 2650 donec
623 2629 672 2650 nos
681 2629 728 2657 per
736 2622 788 2648 vim
800 2628 830 2648 ac
841 2621 958 2656 tyranni-

171 2679 229 2699 cam
243 2671 452 2698 dominationem
474 2677 490 2697 e
507 2669 613 2696 civitate
634 2673 712 2703 atque
734 2667 851 2694 Ecclesia
871 2666 958 2700 ejecit.

173 2717 253 2751 Igitur
265 2715 428 2751 procedente
439 2714 493 2749 jam
504 2721 616 2748 vespere
626 2733 633 2744 ,
644 2720 704 2740 cum
717 2719 766 2739 nos
780 2711 866 2738 omnis
877 2718 960 2745 popu-

173 2762 213 2788 Ius
226 2761 413 2793 comitaretur,
429 2764 527 2788 tractus
545 2766 559 2786 a
576 2758 688 2786 Curioso
701 2757 773 2784 urbis
787 2764 833 2791 per
846 2755 959 2783 mediam

172 2807 304 2834 civitatem
320 2806 345 2833 vi
357 2805 485 2838 abducor,
499 2809 525 2832 et
542 2805 568 2831 iu
588 2802 675 2831 navim
695 2801 830 2836 conjicior,
845 2805 872 2828 et
882 2805 960 2827 noctu

173 2853 319 2887 almavigo,
341 2852 402 2886 quia
423 2850 549 2886 synodum
568 2850 600 2877 ad
614 2849 711 2884 justum
726 2847 852 2882 judicium
871 2846 960 2881 appel-

1014 208 1111 236 labam.
1126 210 1191 243 Quis
1202 210 1263 238 haec
1271 211 1328 239 sine
1341 212 1473 248 lacrymis,
1488 213 1567 241 etiam
1580 214 1601 241 si
1612 221 1658 242 cor
1668 215 1799 250 lapideum

1015 256 1119 290 habeat,
1136 257 1265 285 audierit?
1278 259 1375 286 Verum
1390 260 1459 295 quia,
1475 261 1542 287 sicut
1563 261 1634 296 prius
1655 263 1726 295 dixi,
1749 271 1799 290 non

1014 302 1101 329 solum
1123 303 1261 332 lamentari
1278 309 1391 339 oportet.
1409 306 1455 333 sed
1473 311 1499 334 et
1512 307 1671 341 emendare;
1688 309 1801 337 obsecro
1819 297 1822 299 Δ

1013 349 1150 377 caritatem
1166 356 1281 379 vestram
1294 372 1301 384 ,
1324 356 1352 379 ut
1372 358 1495 387 exsurgat
1513 357 1539 380 ct
1558 354 1706 387 condoleal,
1722 360 1801 389 atque
1821 366 1824 372 ι

1014 395 1101 422 omnia
1117 395 1210 429 faciat,
1228 401 1255 423 ut
1273 397 1341 424 mala
1362 397 1418 425 hmc
1438 398 1541 425 sistant.
1567 399 1656 434 Neque
1671 401 1740 427 cnim
1759 401 1800 426 hic

1015 440 1138 474 iniquitas
1157 449 1247 469 eorum
1269 443 1350 473 stetit,
1373 443 1418 470 sed
1441 443 1474 470 ad
1498 444 1583 478 priora
1602 445 1757 480 adjecerunt
1774 452 1799 472 cl

1014 486 1073 513 alia.
1100 486 1242 521 Postquam
1264 488 1333 514 enim
1358 488 1491 523 piissimus
1514 489 1661 524 Imperator
1676 498 1733 523 cos,
1754 493 1798 526 qui

1015 531 1158 558 Ecclesiam
1177 532 1341 566 impudenter
1354 538 1432 568 atque
1450 534 1546 568 injuste
1565 535 1731 569 invaserant,
1742 536 1798 570 ejec

1014 577 1060 608 cit,
1074 578 1183 605 etmulti
1198 579 1313 613 episcopi
1337 580 1390 606 visa
1413 587 1504 606 eorum
1526 580 1693 614 improbitate
1705 582 1738 608 ad
1751 590 1798 610 sua

1015 621 1159 656 redierunt,
1169 623 1294 657 impetum
1307 631 1399 651 eorum
1408 624 1486 651 veluti
1497 625 1645 652 incendium
1653 627 1741 653 omnia
1750 627 1797 654 de‘

1014 674 1125 700 pascens
1135 667 1263 703 fugientes
1275 677 1281 695 :
1294 676 1342 696 nos
1352 669 1455 704 quidem
1468 670 1561 697 iterum
1578 671 1602 697 in
1619 671 1711 698 urbem
1722 676 1800 705 atque

1014 713 1040 740 iu
1054 713 1208 746 Ecclesium,
1228 722 1244 742 e
1265 723 1315 750 qua
1339 716 1434 750 injuste
1455 724 1560 744 eramus
1577 717 1664 752 ejecti,
1684 719 1798 746 revocati

1014 766 1114 791 sumus,
1128 759 1311 788 inducentibus
1322 768 1369 788 nos
1379 761 1509 797 episcopis
1522 763 1636 798 triginta,
1645 767 1672 790 et
1682 764 1801 798 piissimo

1014 800 1175 837 Imperatore
1189 805 1233 840 qui
1253 805 1388 833 Notarium
1403 807 1436 834 ad
1449 807 1474 834 id
1489 808 1597 835 miserat
1612 816 1618 835 :
1637 808 1800 844 Theophilus

1013 856 1076 875 vero
1098 849 1185 876 statim
1206 850 1315 886 aufugit,
1337 860 1385 879 cur
1402 857 1428 880 et
1447 860 1497 888 qua
1510 853 1542 881 de
1556 862 1584 881 re
1597 855 1738 882 nescimus.
1760 855 1800 882 In-

1014 895 1096 929 gressi
1118 895 1196 930 igitur
1215 896 1419 925 obsecrabamus
1436 898 1583 932 piissimum
1601 899 1799 934 Imperatorem.

1014 943 1042 966 ut
1055 940 1184 974 synodum
1199 946 1304 976 cogeret
1316 942 1348 969 ad
1359 942 1500 970 vindictam
1513 950 1604 971 eorum
1622 952 1680 979 qua:
1700 948 1799 979 patrata

1013 989 1098 1011 erant.
1112 984 1240 1013 Conscius
1251 994 1314 1022 ergo
1328 987 1456 1015 factorum
1470 995 1577 1016 suorum
1593 988 1763 1024 Theophilus,
1775 995 1800 1017 et

1014 1030 1247 1064 reprehensionem
1269 1033 1364 1059 veritus
1377 1053 1384 1066 ,
1405 1041 1464 1061 cum
1484 1033 1652 1068 Imperatoris
1671 1035 1753 1062 Iitcne
1773 1036 1799 1062 iu

1014 1082 1119 1102 omnem
1134 1080 1236 1110 partem
1251 1077 1337 1105 missa:
1354 1078 1537 1114 undecumque
1554 1087 1647 1107 omnes
1663 1087 1798 1115 cogerent,

1013 1120 1116 1148 occulte
1126 1121 1212 1148 media
1222 1126 1298 1149 nocte
1311 1123 1336 1149 in
1348 1124 1437 1151 navim
1447 1131 1476 1151 se
1485 1124 1628 1159 conjiciens
1640 1125 1675 1152 ita
1687 1125 1798 1161 aufugit,

1014 1172 1107 1193 omnes
1120 1173 1183 1193 suos
1200 1174 1291 1194 secum
1310 1167 1452 1195 abducens.
1477 1169 1560 1197 Porro
1575 1177 1623 1197 nos
1640 1171 1800 1198 conscientia

1014 1215 1103 1237 nostra
1114 1210 1183 1243 freti,
1195 1218 1283 1247 neque
1295 1213 1333 1240 sic
1343 1212 1491 1241 destitimus
1501 1214 1594 1242 eadem
1604 1214 1697 1242 iterum
1707 1223 1801 1251 rogare

1014 1257 1239 1291 religiosissimum
1253 1257 1440 1293 Imperatorem
1455 1269 1461 1287 :
1477 1260 1521 1295 qui
1536 1268 1585 1295 pro
1597 1268 1644 1288 sua
1657 1261 1754 1296 pietate
1768 1263 1800 1289 ad

1014 1309 1073 1329 eum
1088 1302 1175 1330 denuo
1189 1303 1270 1338 misit,
1283 1309 1313 1332 ut
1331 1305 1419 1333 statim
1441 1313 1473 1333 ex
1490 1305 1605 1342 Egypto
1622 1307 1725 1335 veniret
1741 1315 1813 1335 cuin.

1013 1347 1135 1376 omnibns
1149 1348 1204 1376 suis
1218 1350 1395 1384 consortibus,
1409 1355 1437 1379 et
1449 1351 1578 1379 rationem
1597 1352 1733 1380 factorum.
1742 1355 1786 1380 red
1795 1368 1802 1374 ~

1012 1392 1103 1427 deret,
1119 1401 1204 1429 neque
1224 1393 1347 1423 sufﬁcere
1368 1401 1472 1431 putaret
1485 1397 1518 1424 ad
1532 1397 1712 1426 defensionem
1727 1406 1800 1426 suam

1013 1446 1044 1466 ea
1055 1447 1114 1474 quin
1128 1444 1180 1467 tam
1196 1440 1292 1475 injuste
1304 1441 1337 1469 ab
1352 1449 1403 1469 una
1416 1447 1490 1477 parte
1502 1443 1578 1471 nobis
1589 1444 1743 1472 absentibus
1756 1452 1801 1479 pa-

1014 1488 1080 1511 trata
1095 1484 1208 1518 Inerant,
1222 1486 1300 1513 etiam
1314 1491 1405 1514 contra
1424 1492 1462 1514 tot
1479 1495 1605 1516 canones.
1630 1489 1676 1516 Ille
1690 1497 1753 1516 vero
1767 1497 1801 1516 ne

1013 1529 1193 1564 Imperatoriis
1216 1530 1322 1565 quidem
1345 1531 1427 1559 literis
1445 1532 1652 1567 obtemperavit.
1667 1533 1714 1561 sed
1728 1533 1800 1561 domi

1013 1575 1118 1607 mansit,
1139 1579 1286 1609 praetexens
1305 1575 1463 1604 seditionem
1483 1577 1572 1612 populi
1590 1582 1618 1604 et
1637 1578 1800 1612 intempesti-

1013 1627 1074 1647 vum
1084 1620 1198 1647 studium
1211 1620 1385 1655 quorumdam
1398 1621 1498 1649 scilicet
1510 1622 1554 1657 qui
1566 1623 1589 1649 ei
1604 1622 1735 1655 faverent;
1749 1624 1799 1652 etsi

1012 1669 1076 1692 ante
1090 1665 1332 1699 haslmpcratorias
1345 1666 1435 1694 literas
1448 1667 1504 1695 Iure
1517 1668 1572 1702 ipsa
1587 1668 1661 1702 plebs
1678 1669 1799 1696 innume-

1013 1710 1049 1737 ris
1062 1718 1121 1737 eum
1136 1710 1260 1738 conviciis
1275 1710 1452 1746 adsperscrat.
1468 1711 1566 1739 Verum
1580 1713 1628 1739 ista
1645 1721 1696 1740 non
1712 1713 1799 1748 inqui-

1013 1756 1111 1788 rimus,
1120 1755 1165 1782 sed
1186 1755 1326 1783 ostendere
1340 1756 1457 1784 volentes
1470 1757 1539 1792 quod
1557 1757 1582 1784 in
1595 1757 1725 1785 maleﬁcio
1737 1767 1796 1792 per,-

1013 1802 1148 1834 manserit,
1171 1798 1227 1829 inec
1242 1802 1369 1830 diximus.
1389 1802 1519 1830 Cznterum
1533 1810 1566 1831 ne
1578 1804 1616 1831 sic
1628 1803 1733 1839 quidem
1750 1812 1800 1832 nos

1013 1847 1169 1882 quievimus.
1178 1847 1224 1875 sed
1238 1847 1380 1875 institimus
1390 1848 1561 1882 postulantes,
1575 1853 1604 1875 ut
1612 1848 1738 1883 judicium
1753 1849 1799 1876 lia-

1014 1893 1121 1921 bcrctur
1141 1893 1285 1921 secundum
1300 1894 1460 1928 interrogata
1481 1898 1508 1921 et
1526 1901 1652 1928 responsa
1670 1903 1676 1922 :
1692 1899 1798 1929 paratos

1014 1940 1083 1967 enim
1099 1947 1159 1967 esse
1173 1939 1325 1967 dicebamus
1334 1939 1476 1967 ostendere
1487 1947 1535 1968 nos
1542 1941 1618 1975 culpa
1625 1947 1729 1973 vacare,
1739 1940 1798 1967 illos

1012 1990 1100 2012 autem
1115 1989 1232 2012 extrema
1249 1992 1360 2020 quaeque
1372 1992 1450 2013 ausos
1462 1992 1530 2013 esse.
1547 1985 1595 2013 Hic
1606 1985 1677 2012 enim
1692 1993 1799 2013 reman-

1013 2035 1102 2057 serant
1124 2030 1250 2065 Syrorum
1271 2030 1378 2065 quidam
1391 2030 1435 2065 qui
1456 2035 1517 2057 tunc
1530 2029 1678 2064 adfuerant,
1700 2035 1727 2058 et
1746 2039 1797 2058 una

1012 2083 1071 2103 cum
1083 2075 1140 2110 ipso
1152 2076 1239 2103 omnia
1251 2080 1393 2110 patrarant.
1409 2075 1494 2103 Etiam
1502 2075 1627 2104 adversus
1639 2076 1704 2104 istos
1715 2077 1798 2110 parati

1012 2128 1116 2149 eramus
1136 2121 1261 2156 judicium
1282 2121 1381 2154 subire,
1404 2125 1431 2149 et
1449 2121 1545 2156 smpius
1566 2128 1645 2155 super
1658 2121 1702 2148 illo
1718 2121 1798 2149 inter-

1012 2167 1180 2202 pellavimus,
1197 2172 1320 2202 rogantes
1334 2171 1421 2194 utaut
1437 2171 1494 2193 acta
1511 2167 1586 2193 nobis
1604 2166 1739 2198 darentur,
1753 2171 1798 2194 aut

1006 2212 1092 2240 libelli
1107 2217 1298 2244 accusatorum,
1316 2216 1360 2238 aut
1380 2212 1518 2238 criminum
1535 2219 1616 2246 genus
1629 2211 1796 2239 examinare-

1014 2262 1065 2290 Iur,
1081 2261 1126 2284 aut
1147 2257 1195 2291 ipsi
1219 2261 1400 2286 accusatores;
1425 2261 1450 2283 et
1472 2256 1534 2282 nihil
1559 2257 1651 2283 borum
1674 2256 1797 2290 impetra-

1014 2302 1109 2334 vimus,
1124 2301 1169 2328 sed
1185 2309 1275 2328 rursus
1288 2301 1405 2328 Ecclesia
1424 2301 1525 2334 expulsi
1547 2308 1649 2327 sumus.
1673 2300 1730 2334 Quo
1752 2309 1797 2334 pa-

1011 2353 1054 2375 cto
1066 2355 1124 2382 quae
1137 2346 1197 2374 inde
1210 2351 1267 2375 acta
1282 2351 1343 2374 sunt
1358 2347 1482 2380 deinceps
1497 2354 1604 2373 narrare
1619 2354 1724 2380 queam,
1738 2354 1797 2380 qttte

1011 2400 1117 2420 omnem
1140 2396 1266 2427 superant
1290 2392 1461 2426 tragoediam?
1481 2392 1540 2426 quis
1561 2398 1592 2418 ea
1614 2398 1702 2418 sermo
1720 2391 1796 2418 exbi—

1013 2437 1102 2464 hebit?
1124 2444 1182 2472 quae
1202 2436 1273 2464 auris
1295 2437 1351 2464 sine
1371 2436 1479 2463 horrore
1493 2435 1620 2471 accipiet?
1639 2435 1705 2463 Cum
1727 2436 1797 2463 enim

1011 2491 1042 2510 ca
1071 2483 1124 2517 ipsa
1138 2503 1144 2514 ,
1173 2482 1240 2509 sicut
1263 2486 1324 2509 ante
1346 2481 1417 2514 dixi,
1442 2480 1647 2509 obtenderemus
1666 2490 1671 2507 :
1690 2486 1799 2516 repento

1012 2528 1150 2556 multitudo
1175 2529 1286 2555 militum
1310 2528 1367 2562 ipso
1388 2534 1482 2562 magno
1504 2527 1630 2560 sabbato,
1652 2526 1684 2554 ad
1704 2534 1799 2562 vespe-

1013 2582 1067 2600 ram
1082 2574 1135 2608 jam
1151 2573 1292 2600 inclinante
1306 2573 1349 2600 die
1359 2594 1366 2606 ,
1382 2573 1406 2599 in
1421 2572 1547 2600 ecclesias
1561 2572 1664 2599 irruens
1674 2592 1682 2606 ,
1697 2572 1798 2599 clerum

1012 2626 1117 2646 omnem
1142 2619 1185 2654 qui
1212 2618 1348 2645 nobiscum
1367 2622 1434 2651 erat,
1453 2618 1477 2643 vi
1502 2617 1647 2651 ejecerunt,
1667 2621 1695 2644 et
1718 2617 1799 2643 amis

1013 2664 1095 2691 altare
1112 2663 1226 2697 undique
1241 2663 1442 2690 circumsessum
1465 2667 1525 2689 est:
1549 2666 1576 2688 el
1596 2661 1721 2688 mulieres
1740 2669 1798 2695 qua.-

1013 2710 1039 2736 iu
1065 2708 1148 2736 sacris
1181 2708 1282 2735 ardibus
1310 2708 1336 2735 id
1367 2707 1493 2743 temporis
1521 2707 1554 2734 ad
1581 2706 1740 2740 baptismum
1771 2713 1799 2732 se

1013 2759 1160 2786 exuerant,
1192 2758 1263 2780 metu
1296 2753 1399 2780 acerbae
1434 2753 1503 2779 illius
1533 2751 1686 2786 irruptionis
1720 2751 1798 2777 nuda.-

1013 2800 1169 2835 aufugerunt
1181 2807 1188 2831 ;
1204 2807 1263 2826 cum
1278 2807 1311 2826 ne
1323 2806 1381 2825 eam
1395 2798 1501 2833 quidem
1516 2805 1574 2832 qua:
1585 2796 1711 2823 mulieres
1724 2796 1799 2824 .lccet

1014 2851 1113 2872 vestem
1129 2845 1238 2872 induere
1249 2846 1476 2879 permitterentur.
1493 2843 1579 2870 Multa:
1591 2843 1670 2870 etiam
1680 2844 1801 2878 accepti»
