2024 3106
253 149 280 177 u
886 141 1047 170 PALLADll
1066 139 1237 169 utALoous
1851 144 1880 173 η

254 205 409 234 vulneribus
431 203 652 234 exturbabantur,
668 207 694 230 et
717 201 848 237 sanguine
868 201 1047 236 implebantur

253 252 374 288 piscinae,
390 256 419 279 et
431 251 500 278 sacri
522 249 614 276 latices
630 256 725 276 cruore
747 247 936 275 rubescebant.
955 246 1047 282 Neque

254 297 297 325 hic
308 296 407 324 malum
428 295 557 325 substitit,
574 294 620 322 sed
642 294 685 321 ubi
701 300 776 321 sacra
790 297 866 320 erant
879 292 996 328 reposita
1010 292 1048 319 ir-

254 347 408 378 rumpentes
419 363 427 376 ,
443 349 556 377 quorum
572 340 653 375 aliqui
666 361 674 372 ,
691 344 720 366 ut
740 338 921 373 comperimus
933 359 941 371 ,
959 346 992 364 ne
1006 337 1047 363 in-

253 388 320 416 itiati
341 388 448 424 quidem
467 392 562 420 erant,
587 391 614 413 et
628 385 752 413 viderunt
775 384 863 412 omnia
890 391 951 419 qme
977 383 1048 410 intus

253 438 330 462 erant
346 442 354 461 :
377 438 404 461 ct
417 433 603 461 sanctissimus
616 432 714 459 Christi
736 431 860 465 sanguis,
885 435 914 457 nt
931 430 957 456 in
974 434 1048 456 tanto

253 481 386 513 tumultu,
407 480 434 506 in
457 479 645 513 pra'diclorum
667 482 758 505 vestes
779 475 973 507 effundebatur,
999 475 1048 502 lie-

253 526 370 560 bantque
383 526 472 552 omnia
483 545 489 556 ,
502 529 530 551 ut
555 532 582 550 m
605 522 744 550 barbarica
766 521 932 556 captivitate.
947 519 1049 554 Vulgus

254 572 282 599 in
306 563 479 599 solitudinem
502 569 701 604 expcllebatur,
719 572 746 595 ct
771 569 911 595 universus
937 566 1049 601 populus

254 622 330 645 extra
356 617 493 645 civitatem
519 615 656 650 fugiebat,
680 618 809 649 erantque
835 613 861 640 in
885 616 958 639 tanto
981 612 1050 638 festo

254 671 345 691 vacua:
366 663 472 698 populis
485 661 620 692 ecclesim,
636 665 663 687 et
679 660 769 695 plures
781 667 860 694 quam
875 657 1049 693 quadraginta

253 708 392 744 episcopi,
408 709 452 743 qui
466 707 604 734 nobiscum
622 704 854 733 comnnmicabant
866 723 874 736 ι
890 710 949 730 cum
972 702 1050 736 plebe

254 759 355 782 temere
368 758 396 781 et
411 753 480 780 nulla
495 752 528 779 de
542 758 621 778 causa
633 750 808 786 pellebantur.
822 748 925 783 Ubique
934 747 1049 774 ululatus

255 805 282 827 et
296 800 412 832 lamenta
424 803 451 825 et
469 796 548 824 ﬂetus
562 801 589 824 et
610 797 695 824 fontes
718 795 897 831 lacrymarum
914 801 961 828 per
981 792 1048 826 fora,

255 854 305 882 per
317 846 413 873 domos
425 866 433 878 ,
459 852 507 880 per
518 843 678 872 solitudines
695 851 701 869 :
725 847 751 869 et
768 848 862 869 omnes
876 839 990 868 civitatis
1005 847 1049 866 re-

255 894 349 928 giones
360 891 402 918 his
414 889 611 918 calamitatibus
626 888 813 923 implebantur.
830 885 895 913 Nam
907 885 942 912 ob
954 885 1051 919 iniqui-

257 938 318 972 tatis
331 935 541 971 magnitudinem
561 942 614 961 non
636 933 724 960 solum
738 932 783 967 qui
811 931 986 966 patiebantur,
1003 929 1050 957 sed

255 989 283 1012 et
302 984 346 1018 qui
362 983 428 1010 nihil
444 983 497 1010 tale
511 979 779 1016 patiebantur,nobis
791 977 984 1008 condolebant;
997 984 1050 1003 non

257 1029 340 1057 modo
360 1027 490 1056 Catholici
506 1048 514 1060 ,
530 1026 576 1054 sed
591 1031 616 1054 et
632 1024 762 1057 hmretici,
777 1029 804 1051 et
820 1023 904 1051 Judazi
924 1027 951 1050 et
964 1021 1051 1057 genti-

255 1077 316 1104 les:
333 1079 360 1102 ct
373 1074 448 1109 quasi
471 1081 519 1108 per
533 1073 586 1100 vim
610 1076 687 1107 capta
711 1071 830 1103 civitate,
844 1070 879 1096 ita
895 1069 921 1096 in
936 1068 1050 1096 tumultu

255 1129 287 1150 ac
301 1121 500 1157 perturbatione
525 1125 552 1147 et
572 1118 715 1153 cjulatibus
738 1117 828 1144 omnia
849 1120 935 1144 erant.
963 1116 1050 1150 Atque

256 1168 314 1195 iure
322 1167 418 1194 fiebant
429 1170 523 1200 pra-ter
536 1164 696 1192 sententiam
705 1161 899 1197 religiosissimi
911 1160 1049 1195 principis,

255 1221 318 1241 cum
334 1221 387 1239 nox
402 1213 556 1246 ingrueret,
579 1209 712 1245 episcopis
737 1209 795 1237 haec
816 1207 1048 1243 comparantibus,

258 1268 327 1295 quos
339 1267 391 1286 non
404 1258 519 1292 pudebat
534 1256 754 1291 Campiductorcs
769 1259 920 1290 praeeuntes
933 1262 980 1288 pro
992 1253 1050 1280 dia-

257 1305 332 1333 conis
343 1304 509 1332 habere.Ubi
524 1310 588 1331 vero
602 1302 763 1334 illuxitdies,
778 1301 866 1328 omnis
873 1301 966 1328 civitas
976 1305 1050 1327 extra

257 1360 348 1380 nmros
361 1351 529 1385 demigravit,
545 1350 620 1384 quasi
634 1356 697 1376 oves
717 1348 856 1383 dispersae,
870 1347 965 1374 festum
980 1346 1050 1374 diem

259 1398 400 1426 celebrans
418 1397 469 1423 sub
490 1395 632 1423 arboribus
645 1399 673 1421 et
693 1394 719 1421 in
739 1393 860 1421 saltibus.
874 1393 914 1420 Ex
936 1392 977 1419 his
990 1392 1052 1418 licet

259 1444 334 1472 vobis
348 1451 379 1471 ea
394 1449 454 1478 qua:
469 1445 611 1469 consecuta
627 1444 699 1472 sunt,
714 1439 842 1473 deinceps
855 1442 979 1472 reputare
993 1444 1052 1464 om-

258 1491 301 1518 nia
317 1499 324 1517 :
343 1497 415 1522 nam,
431 1493 460 1515 ut
483 1492 544 1515 ante
570 1486 644 1519 dixi,
661 1493 720 1520 quae
743 1489 803 1512 acta
817 1488 880 1512 sunt
897 1482 1050 1518 singillatim

257 1535 368 1570 exsequi
383 1533 549 1569 impossibile
561 1537 612 1560 est.
636 1531 669 1559 Et
683 1530 754 1566 quod
777 1537 842 1557 sane
863 1528 1050 1564 permolestum

257 1587 317 1616 est,
346 1585 384 1608 tot
415 1584 443 1607 et
470 1579 532 1606 talia
565 1585 600 1605 ne
621 1584 692 1604 nunc
710 1575 818 1611 quidem
842 1574 922 1601 ﬁnem
941 1581 1052 1608 accepe-

257 1631 329 1660 rnnt,
344 1633 375 1653 ac
393 1632 428 1652 ne
446 1631 509 1660 spes
531 1622 639 1658 quidem
654 1621 707 1648 ulla
723 1620 784 1647 linis
799 1619 927 1651 faciendi;
943 1618 990 1645 sed
1003 1625 1051 1645 au-

257 1677 335 1708 getur
356 1671 382 1698 in
403 1669 460 1697 dies
475 1669 575 1696 malum
585 1688 592 1700 ,
607 1674 710 1702 nosque
726 1665 858 1701 plerisque
873 1664 976 1691 ridiCuli
991 1663 1052 1690 facti

257 1724 351 1745 sumus
365 1725 372 1743 :
384 1716 465 1742 immo
477 1721 542 1741 vero
554 1713 624 1741 ridet
637 1712 744 1747 quidem
756 1718 845 1743 nemo,
862 1709 966 1738 etiamsi
981 1717 1053 1736 sum-

259 1770 310 1791 ma:
322 1761 358 1788 sit
379 1758 575 1794 improbitatis;
596 1758 688 1792 lugent
706 1762 794 1783 autem
807 1775 814 1787 ,
829 1759 859 1782 ut
871 1754 925 1781 dixi
937 1776 943 1787 ,
959 1761 1053 1781 onmcs

259 1808 362 1844 apicem
388 1805 539 1838 malorum,
554 1803 699 1831 inauditam
715 1802 785 1829 hanc
804 1800 979 1836 iniquitatem.
994 1793 1052 1826 Jam

260 1862 323 1882 vero
331 1853 494 1888 reliquarum
508 1849 689 1878 Ecclesiarum
704 1847 920 1883 perturbationes
932 1846 990 1881 quis
999 1845 1055 1873 elo-

259 1900 378 1937 quatur?
400 1899 457 1926 Non
484 1898 556 1926 enim
583 1896 626 1923 hic
641 1894 721 1922 desiit
743 1894 794 1920 hoc
823 1893 940 1923 malum,
956 1891 1003 1919 sed
1028 1896 1055 1918 et

261 1955 344 1983 usque
359 1947 385 1974 in
408 1945 544 1973 Orientem
561 1942 692 1978 pervenit.
709 1940 775 1967 Nam
798 1944 826 1966 ut
847 1947 862 1966 a
885 1938 971 1973 capite
984 1937 1055 1965 malo

261 1995 372 2021 humore
383 1991 468 2019 effuso
490 1989 592 2023 reliqua
619 1986 740 2014 membra
762 1988 969 2019 corrumpuntur
990 1991 996 2009 :
1020 1983 1054 2010 ita

259 2039 361 2068 exortis
380 2038 459 2072 hujus
482 2042 587 2070 magna:
603 2032 719 2061 civitatis
738 2031 826 2064 malis,
841 2031 913 2058 velut
926 2039 959 2057 ex
971 2029 1054 2061 fonte,

262 2083 396 2112 tutnultns
416 2087 583 2117 quocumque
603 2079 646 2105 via
669 2076 804 2112 progressi
824 2081 884 2104 sunt
896 2096 903 2108 ,
919 2080 947 2102 ct
967 2075 1056 2102 clerici

262 2130 359 2165 ubique
387 2128 413 2155 in
435 2127 577 2162 episcopos
597 2125 821 2154 insurrexerunt,
849 2125 877 2148 et
902 2121 990 2156 populi
1012 2121 1055 2147 alii

261 2176 369 2211 quidem
383 2173 488 2201 discissi
512 2175 595 2203 sunt,
610 2169 654 2196 alii
670 2167 826 2204 propediem
847 2166 1012 2198 scindentur,
1029 2171 1057 2193 et

263 2222 362 2256 ubique
377 2219 509 2246 malorum
530 2215 695 2252 exspectatio
708 2214 834 2248 orbisque
849 2213 930 2240 totius
943 2212 1056 2240 subver-

262 2269 313 2296 sio.
336 2267 427 2302 Igitur,
443 2264 546 2293 domini
571 2263 623 2290 tnei
645 2261 760 2289 maxime
779 2259 923 2287 venerandi
943 2263 970 2286 et
991 2258 1056 2286 reli-

263 2312 419 2350 giosissimi,
435 2319 495 2339 cum
518 2309 575 2336 lucc
597 2308 632 2335 ita
653 2314 682 2334 se
700 2306 799 2333 habere
820 2304 981 2337 didiceritis,
998 2312 1056 2331 eam

263 2368 322 2396 quae
333 2367 380 2386 vos
392 2358 486 2389 decet,
500 2354 682 2383 fortitudinem
692 2356 719 2379 et
731 2351 847 2378 studium
859 2357 950 2385 qumso
968 2354 1058 2377 osten-

263 2394 330 2438 dite,
345 2410 372 2431 ut
388 2408 459 2430 tanta
479 2400 606 2435 iniquitas
618 2405 678 2433 qua:
700 2396 835 2424 Ecclesias
859 2395 955 2422 invasit
973 2394 1058 2428 repri-

265 2457 364 2480 matur.
380 2450 409 2477 Si
422 2449 495 2477 enim
510 2447 554 2474 hic
567 2453 627 2472 mos
641 2443 791 2475 invalucrit,
808 2447 834 2469 et
854 2442 875 2468 si
892 2441 982 2468 licebit
1000 2441 1058 2468 cui-

264 2499 305 2525 vis
318 2499 345 2524 in
369 2496 470 2523 alienas
495 2491 624 2519 invadere
651 2488 819 2524 provincias,
837 2487 916 2522 idque
930 2494 963 2513 ex
977 2486 1058 2513 tantis

214 2564 218 2568 -
264 2542 422 2573 intervallis,
432 2539 564 2574 ctcjicerc
576 2544 643 2572 quos
651 2535 710 2570 quis
719 2534 847 2566 voluerit,
858 2541 890 2561 ex
901 2533 1059 2560 auctoritate

264 2598 311 2618 sua
325 2587 462 2625 quodlibet
475 2583 597 2620 agendo;
609 2581 683 2609 scitis
703 2580 792 2608 omnia
815 2587 922 2615 pessum
937 2578 1016 2610 itura,
1031 2582 1061 2606 et

266 2635 426 2671 inexpiabile
447 2632 549 2660 bellum
568 2627 704 2665 quoddam
719 2626 811 2654 orbem
824 2630 953 2653 terrarum
968 2625 1058 2651 incur-

264 2690 372 2714 surum,
394 2679 517 2707 omnibus
530 2682 624 2704 omnes
650 2673 818 2709 ejicientibus
832 2679 857 2699 et
872 2672 988 2699 vicissim
1002 2673 1058 2705 eje-

265 2729 325 2756 ctis.
341 2727 378 2754 Ne
392 2727 473 2761 igitur
487 2726 560 2750 tanta
575 2719 697 2748 confusio
710 2725 816 2745 omnem
840 2725 901 2751 quae
924 2716 973 2743 sub
995 2715 1062 2743 (mlo

264 2778 305 2800 est
328 2760 425 2798 terram
460 2767 588 2798 invadat,
603 2771 669 2799 rogo
693 2767 722 2789 ut
741 2770 788 2797 per
809 2761 935 2795 epistolas
955 2760 1059 2787 denun-

266 2817 337 2844 tiotis
353 2836 360 2847 ,
376 2823 407 2843 ea
421 2821 481 2849 quae
495 2818 548 2840 tam
572 2810 662 2844 inique
689 2812 747 2834 acta
769 2811 831 2833 sunt
851 2808 884 2834 ab
899 2813 952 2833 una
966 2810 1041 2840 parte
1053 2827 1059 2837 .

266 2862 421 2894 absentibus
455 2859 532 2886 nobis
565 2860 590 2883 et
614 2861 666 2881 non
693 2852 888 2880 declinantibus
907 2851 1058 2885 judicium,

1103 201 1205 228 nullum
1228 201 1328 229 habere
1352 200 1443 233 robur,
1461 201 1530 228 sicut
1545 208 1576 229 ex
1604 207 1649 229 sua
1672 207 1763 231 natura
1788 206 1878 235 nullum

1101 245 1197 277 habet;
1212 251 1239 274 et
1251 251 1278 273 ut
1290 247 1335 281 qui
1352 247 1413 274 talia
1427 247 1485 274 ausi
1500 253 1562 275 sunt
1575 269 1582 281 ,
1599 250 1834 278 ecclesiasticarum
1849 254 1880 278 Ie-

1100 298 1162 325 gum
1177 290 1264 325 ptenis
1276 291 1462 326 subjiciuntur.
1477 292 1532 320 Nos
1546 294 1633 328 igitur,
1649 296 1693 330 qni
1707 303 1756 324 nec
1765 298 1878 329 convicti.

1102 344 1152 363 nec
1165 336 1319 371 reprehensi
1331 345 1432 369 sumus,
1445 345 1494 366 nec
1503 339 1543 366 rei
1558 339 1743 373 demonstrati,
1752 342 1831 369 literis
1839 351 1879 369 νο·

1101 381 1164 409 stris
1177 381 1228 408 frui
1244 381 1315 413 date.
1330 387 1357 410 et
1371 383 1482 411 caritate
1496 390 1584 412 vestra
1597 387 1754 422 caete-risque
1768 389 1868 416 omnibu

1102 431 1132 454 ut
1143 433 1230 455 antea.
1247 428 1275 455 Si
1288 436 1351 456 vero
1364 429 1407 464 qui
1423 429 1482 457 talia
1495 435 1643 464 patrarunt,
1651 433 1732 460 velint
1743 441 1809 461 nunc
1821 442 1880 469 quo-

1101 483 1154 509 que
1166 475 1279 502 crimina
1293 476 1412 510 obiicere
1425 477 1460 504 ob
1474 485 1533 511 qua:
1558 486 1608 506 nos
1631 479 1727 514 injuste
1740 480 1880 515 ejecerunt.

1101 520 1171 548 datis
1181 521 1260 548 nobis
1272 523 1384 555 actis,et
1399 530 1459 550 cum
1473 523 1552 550 libelli
1563 529 1766 554 ctaccusatorcs
1781 533 1882 560 compa-

1102 567 1216 598 ruerint,
1238 567 1398 603 incorruptis
1410 567 1543 603 judicibus
1564 569 1717 598 sedentibus
1731 578 1833 598 causam
1846 571 1883 598 di-

1101 620 1204 646 cemus,
1220 617 1248 641 et
1262 613 1435 641 ostendemus
1452 619 1526 641 extra
1539 615 1642 650 culpam
1658 623 1706 643 nos
1720 623 1779 644 e55e
1799 624 1882 644 eorum

1102 668 1161 694 qua:
1177 659 1254 687 nobis
1267 660 1438 694 objiciuntur,
1454 660 1522 687 sicut
1538 661 1615 695 plane
1629 669 1731 691 sumus,
1747 662 1810 690 Nam
1831 671 1883 697 qua:

1102 705 1202 733 abillis
1223 705 1302 738 facta,
1318 710 1410 732 contra
1432 713 1539 733 onmem
1560 711 1622 733 sunt
1644 707 1764 735 ordinem
1778 728 1785 739 ,
1800 713 1884 734 contra

1102 759 1196 779 omnes
1211 752 1284 786 leges
1297 755 1324 780 et
1338 759 1454 779 canones
1467 752 1661 780 ecclesiasticos
1674 763 1680 780 :
1692 761 1778 788 neque
1792 754 1815 780 in
1828 761 1886 787 geu-

1104 798 1189 824 tilium
1202 797 1320 832 judiciis,
1339 805 1426 832 neque
1445 798 1471 824 in
1495 798 1634 825 barbarico
1649 799 1756 834 quidem
1771 798 1886 826 tribunali

1104 843 1165 869 talia
1190 850 1315 877 umquam
1334 847 1392 870 acta
1407 847 1486 875 sunt;
1511 844 1592 870 immo
1605 851 1670 871 vero
1683 852 1771 879 neque
1788 844 1887 880 Scythe

1105 896 1192 924 neque
1213 888 1342 916 Sarmatze
1357 889 1392 915 ita
1407 896 1530 922 umquam
1544 888 1705 923 iudicarunt,
1719 889 1845 924 judicium
1857 889 1887 916 ab

1104 943 1156 962 una
1182 938 1257 968 parte
1281 933 1416 967 ferentes,
1431 935 1542 961 absente
1563 942 1596 961 eo
1615 935 1659 969 qui
1682 941 1831 968 accusatur,
1844 943 1888 962 nec

1105 984 1247 1008 recusante
1260 979 1399 1014 judicium,
1415 979 1462 1006 sed
1476 979 1659 1013 hostilitatem,
1671 987 1784 1009 vocante
1792 981 1888 1016 jndices

1104 1025 1260 1053 innumeros
1273 1046 1280 1058 ,
1296 1029 1372 1052 extra
1385 1025 1490 1059 culpam
1507 1032 1536 1052 se
1554 1032 1615 1053 esse
1637 1026 1754 1061 dicente,
1766 1032 1793 1055 et
1806 1034 1888 1055 coram

1105 1076 1236 1099 terrarum
1249 1071 1315 1098 orbe
1330 1071 1441 1098 crimina
1455 1071 1628 1105 depulsurum
1640 1093 1647 1104 ,
1663 1077 1745 1107 atque
1770 1074 1796 1100 in
1809 1081 1890 1100 omm-

1104 1118 1153 1145 bus
1168 1118 1301 1145 insontem
1325 1117 1442 1151 seipsum
1463 1124 1523 1144 esse
1544 1122 1724 1145 ostensurum.
1739 1119 1800 1146 Hzec
1820 1119 1891 1154 igitur

1103 1164 1193 1192 omnia
1207 1168 1377 1198 reputantes,
1395 1171 1408 1190 a
1424 1163 1539 1190 dominis
1556 1164 1622 1190 meis
1635 1165 1762 1199 piissimis
1774 1166 1891 1193 fratribus

1103 1209 1236 1245 episcopis
1254 1216 1314 1236 cum
1329 1208 1429 1243 liquido
1443 1209 1637 1243 compereritis,
1651 1211 1770 1237 studium
1782 1216 1892 1239 vestrum

1104 1262 1196 1290 qumso
1210 1253 1355 1289 adjnngite.
1371 1253 1407 1280 Ita
1432 1261 1484 1279 non
1499 1257 1600 1280 tantum
1621 1254 1654 1281 de
1672 1255 1751 1282 nobis
1764 1256 1830 1283 bene
1842 1263 1893 1283 me-

1103 1300 1238 1331 rebimini,
1257 1300 1305 1327 sed
1330 1303 1355 1328 et
1370 1299 1404 1325 de
1418 1299 1552 1325 communi
1570 1299 1748 1328 Ecelcsiarum
1773 1306 1857 1334 statu,
1870 1306 1895 1328 et

1105 1346 1257 1374 mercedem
1273 1354 1288 1374 a
1303 1347 1358 1374 Deo
1372 1345 1510 1378 accipietis
1521 1365 1528 1377 ,
1544 1345 1588 1380 qui
1602 1345 1636 1372 ob
1653 1347 1835 1375 Ecclesiarum
1852 1356 1895 1382 pa-

1103 1399 1162 1419 cem
1176 1393 1266 1419 omnia
1283 1393 1382 1427 jugiter
1399 1393 1471 1420 facit.
1488 1390 1550 1417 llmc
1566 1391 1621 1425 ipsa
1644 1392 1724 1419 etiam
1740 1394 1838 1428 scripta
1857 1397 1896 1421 est

1104 1437 1137 1464 ad
1148 1437 1289 1465 Venerium
1302 1438 1456 1473 episcopum
1472 1435 1658 1469 Mcdiolani,et
1671 1437 1704 1464 ad
1715 1437 1894 1466 Chromatium

1104 1484 1233 1518 Aquileiae
1244 1485 1410 1518 episcopum.
1427 1484 1492 1512 Vale
1503 1481 1530 1509 in
1545 1481 1666 1509 Domino.
1682 1491 1692 1509 ι

1138 1527 1203 1553 Cm.
1217 1534 1257 1554 Ill.
1265 1541 1300 1547 -—-
1308 1526 1349 1554 Ad
1358 1526 1413 1554 hac
1421 1526 1516 1554 beatus
1527 1527 1702 1555 innocentius
1711 1534 1782 1562 papa
1790 1527 1895 1561 utrique

1103 1573 1172 1606 parti
1191 1581 1273 1607 pares
1293 1573 1387 1600 literas
1402 1573 1606 1600 communionis
1629 1573 1715 1605 misit,
1736 1573 1894 1608 improbans

1100 1617 1233 1651 judicium
1249 1619 1321 1654 quod
1337 1627 1352 1646 a
1377 1618 1527 1654 Theophila
1552 1620 1654 1647 factum
1675 1619 1838 1647 videbatur:
1854 1619 1895 1645 di-

1101 1669 1167 1689 cens
1180 1663 1282 1691 debere
1294 1664 1375 1691 aliam
1395 1664 1454 1699 cogi
1474 1664 1613 1700 Synodum
1626 1664 1894 1699 irreprehensibilem

1102 1707 1320 1736 Occidentalium
1332 1716 1359 1737 et
1370 1709 1562 1743 Orientalium,
1572 1711 1688 1745 primum
1697 1710 1809 1744 quidem
1824 1717 1896 1737 sece—

1101 1753 1231 1782 dentibus
1245 1756 1335 1783 abillo
1343 1764 1477 1784 consessu
1489 1757 1596 1789 amicis,
1609 1757 1706 1784 deinde
1716 1761 1743 1783 et
1756 1756 1896 1783 inimicis:

1102 1808 1117 1826 a
1126 1801 1230 1829 neutris
1239 1803 1324 1835 enim,
1337 1807 1365 1829 ut
1373 1803 1531 1837 plurimum,
1542 1807 1647 1830 rectum
1658 1801 1899 1837 proficisciturju-

1101 1846 1214 1873 dicium.
1230 1846 1331 1875 Paucis
1344 1852 1404 1880 post
1417 1848 1513 1875 diebus
1525 1856 1621 1876 rursus
1635 1848 1745 1875 advertit
1757 1848 1899 1882 presbyter

1107 1891 1214 1926 quidam
1240 1891 1381 1925 Theophili
1405 1890 1520 1924 Petros,
1537 1899 1597 1918 cum
1621 1891 1746 1927 Martyrio
1772 1893 1898 1920 Ecclesia:

1107 1937 1408 1971 Constantinopolitante
1422 1936 1544 1968 diacono.
1568 1936 1612 1971 qui
1635 1937 1807 1965 reddiderunt
1827 1939 1899 1972 ejus-

1108 1984 1168 2011 dem
1183 1983 1283 2014 literas,
1299 1986 1326 2009 et
1341 1981 1468 2016 quosdam
1483 1986 1603 2008 actorum
1614 1984 1848 2010 commentariolos
1863 1983 1900 2009 vi-

1108 2030 1206 2058 delicet
1218 2050 1225 2062 ,
1250 2030 1277 2056 in
1293 2028 1388 2063 quibus
1403 2028 1544 2055 videbatur
1558 2028 1673 2055 Joannes
1687 2036 1701 2055 a
1725 2029 1831 2064 triginta
1854 2036 1899 2056 sex

1109 2076 1242 2110 episcopis
1267 2074 1476 2106 eondcmnatus;
1491 2081 1603 2108 quorum
1629 2074 1807 2109 undetriginta
1824 2078 1901 2102 erant

1110 2121 1246 2157 Egyptii,
1272 2124 1374 2154 septem
1404 2127 1468 2146 vero
1493 2120 1603 2146 aliarum
1625 2120 1773 2155 regionum.
1799 2121 1901 2154 Quibus

1109 2167 1176 2194 actis
1202 2166 1324 2200 perlectis
1336 2187 1343 2198 ,
1360 2173 1426 2200 papa
1452 2164 1631 2198 innocentius,
1646 2173 1706 2192 cum
1722 2167 1900 2200 comperisset

1111 2213 1198 2240 nullas
1211 2220 1306 2247 graves
1321 2219 1381 2239 esse
1394 2211 1576 2238 accusatiOues
1585 2232 1591 2244 ,
1611 2219 1697 2246 neque
1709 2211 1839 2239 Joannem
1853 2211 1901 2238 atl-

1111 2260 1207 2293 fuisse,
1223 2266 1308 2293 neque
1327 2265 1417 2285 coram
1446 2257 1636 2291 reprehensum
1658 2265 1718 2285 esse
1730 2278 1738 2290 ,
1760 2257 1902 2292 Theophili

1110 2305 1227 2332 furorem
1243 2303 1384 2332 exsibilare
1400 2303 1515 2338 perstitit
1528 2323 1534 2334 ,
1552 2303 1621 2337 quod
1642 2308 1735 2330 contra
1759 2303 1901 2330 absentem

1111 2356 1165 2378 tam
1182 2350 1343 2385 prmcipitem
1358 2353 1384 2376 et
1407 2347 1546 2382 abruptam
1564 2349 1724 2375 sententiam
1746 2347 1898 2375 ell'udissct.

1112 2396 1233 2423 Dimissis
1248 2395 1327 2430 igitur
1343 2394 1394 2420 illis
1406 2401 1466 2420 eum
1484 2393 1666 2427 increpatoriis
1689 2394 1790 2426 literis,
1808 2401 1905 2428 prcca-

1112 2442 1190 2469 batnr
1205 2442 1287 2468 Deum
1307 2439 1459 2473 supplicans
1485 2447 1544 2465 cum
1569 2438 1672 2473 jejunio
1688 2460 1695 2471 ,
1712 2444 1740 2466 ut
1763 2439 1906 2466 sedaretur

1112 2487 1219 2522 quidem
1228 2485 1354 2513 Ecclesia:
1367 2484 1509 2516 discordia,
1521 2484 1651 2510 fraternus
1663 2492 1726 2511 vero
1741 2492 1814 2512 amor
1825 2491 1904 2510 cotu-

1113 2536 1276 2570 pingerctnr.
1289 2532 1352 2558 Erat
1364 2534 1453 2557 autem
1471 2529 1591 2564 cpistola:
1605 2534 1682 2556 tenor
1695 2529 1738 2556 hic
1753 2538 1759 2555 :

1151 2588 1162 2605 σ
1191 2578 1283 2605 Frater
1307 2575 1473 2610 Theophile,
1501 2581 1550 2601 nos
1579 2575 1685 2609 quidem
1719 2574 1846 2601 habemus
1877 2578 1905 2600 et

1114 2629 1138 2652 te
1153 2628 1179 2650 et
1193 2623 1301 2649 fratrem
1316 2621 1445 2648 Joatmem
1462 2619 1539 2646 nobis
1560 2620 1786 2646 communicantes
1800 2640 1807 2651 ,
1821 2624 1851 2644 ut
1880 2619 1906 2644 in

1115 2668 1246 2704 prioribus
1268 2667 1350 2694 literis
1372 2670 1487 2693 mentem
1504 2670 1621 2691 nostram
1645 2665 1812 2692 manifestam
1838 2664 1907 2690 feci-

1114 2723 1184 2746 mus,
1199 2721 1228 2740 nc
1238 2720 1270 2739 ne
1283 2719 1354 2739 nunc
1365 2711 1471 2746 quidem
1486 2710 1520 2737 ab
1534 2717 1567 2737 eo
1578 2710 1714 2745 proposito
1728 2710 1902 2740 desistentcs,

1115 2766 1207 2786 rursus
1222 2758 1316 2785 eadem
1342 2757 1388 2783 tibi
1410 2755 1551 2783 scribimus
1565 2774 1573 2787 ,
1588 2760 1615 2782 et
1637 2755 1858 2789 quotiescumque
1874 2755 1908 2780 ad

1116 2811 1165 2832 nos
1186 2803 1313 2831 miseris:
1329 2801 1399 2836 quod
1422 2801 1471 2828 nisi
1497 2808 1643 2834 congruum
1667 2800 1794 2834 judicium
1808 2799 1908 2825 subse-

1116 2855 1210 2886 quatur
1225 2850 1250 2876 in
1265 2848 1306 2874 llis
1319 2855 1377 2881 qum
1391 2855 1437 2881 per
1453 2846 1593 2874 ludibrium
1604 2850 1676 2880 gesta
1692 2850 1762 2878 sunt,
1780 2846 1834 2872 fieri
1854 2853 1911 2871 non
