2052 3113
173 125 206 152 15
704 120 747 147 DE
770 118 848 146 VITA
867 118 894 146 S.
915 116 1053 145 JOANNlS
1071 116 1317 146 ClillYSOSTOMI.
1779 119 1811 158 μ

173 188 260 218 potest
273 186 304 209 ut
317 182 375 209 sine
397 175 502 208 ratione
516 187 530 206 a
544 178 653 207 Joannis
665 177 854 205 communione
873 175 963 203 disce-

172 230 278 257 damus.
294 228 334 256 Tu
361 227 441 262 igitur
454 248 462 260 ,
485 227 507 254 si
525 225 625 261 judicio
651 224 764 253 conﬁdis
778 243 787 257 ,
800 223 865 251 siste
890 227 916 250 te
932 223 966 249 ad

173 274 309 310 Synodum
320 294 327 306 ,
342 281 402 308 qua:
424 272 569 300 secundum
595 267 729 299 Christum
749 270 872 303 cogitur;
888 274 916 297 et
930 269 966 296 ibi

173 319 301 354 expositis
313 317 542 346 criminationibus
557 316 606 344 sub
621 316 730 344 testibus
744 315 843 343 Nic-.cni
854 314 966 342 Concilii

176 365 325 392 canonibus
341 364 350 399 (
364 364 444 391 alium
467 363 538 390 cuitu
563 369 693 389 canonem
708 361 827 389 Romana
850 369 903 388 non
921 361 968 387 ad—

174 411 256 437 mittit
267 409 412 444 Ecclesia),
423 409 633 445 irrefragabiiem
647 409 818 436 securitatem
828 408 947 436 habebis.
955 418 964 434 ι

210 455 316 483 Modico
332 459 391 490 post
409 461 528 489 tempore
541 454 650 482 advenit
675 454 815 489 presbyter
837 453 969 481 Conslan-

175 501 358 536 tinopolitana:
379 501 522 533 Ecclesize,
535 500 703 527 Theotccnus
717 500 839 533 nomine,
853 499 968 527 reddens

176 548 306 583 epistulas
320 547 422 583 Synodi
441 547 550 574 Joannis
561 567 569 578 ,
584 546 677 581 viginti
696 546 813 582 quinque
825 546 967 580 episcopo-

179 601 238 620 rum
253 597 300 620 aut
313 593 395 628 paulo
420 593 478 627 plus
494 601 501 619 :
517 593 613 626 quibus
637 591 779 623 docebant,
795 596 821 619 et
838 591 967 619 Joannem

178 638 288 665 militari
302 646 381 665 manu
403 638 469 665 urbe
491 637 630 671 expulsum
641 658 648 669 ,
662 642 689 664 et
702 638 834 664 Cucusum
849 638 874 664 iu
895 638 967 665 exsi-

177 684 240 711 lium
254 691 314 712 esse
338 684 448 711 missum
460 705 468 715 ,
483 689 561 718 atque
576 691 730 711 succensam
745 691 804 711 esse
816 684 968 712 ecclesiam.

177 729 225 756 Cui
238 730 318 757 etiam
334 728 409 756 dedit
430 729 600 756 innocentius
613 729 863 756 communieatorias
878 729 970 756 literas

178 781 206 802 ct
217 775 251 803 ad
266 776 395 803 Joannem
411 776 564 811 episcopum
576 780 602 803 et
621 776 653 802 ad
666 784 760 803 omnes
774 776 799 803 ei
817 776 968 803 communi-

178 825 271 848 cantes
284 820 422 856 episcopos
431 841 439 853 ,
456 820 564 848 hortans
577 828 637 848 cum
656 821 781 856 lacrymis
794 826 823 848 ut
838 821 970 855 patienter

179 868 280 901 lerant,
293 875 352 895 cum
366 875 444 902 opem
465 867 534 895 ferre
548 876 600 894 non
615 873 714 902 posset,
726 875 759 895 eo
779 867 849 903 quod
864 867 897 894 ad
910 875 969 894 ma-

179 913 232 939 lum
250 917 371 947 potentes
397 912 505 948 quidam
534 913 683 940 obstarent.
708 913 791 940 Paulo
817 917 876 948 post
898 913 970 941 vertit

180 958 324 985 homuncio
343 958 450 993 quidam
462 979 471 992 ,
485 959 543 986 visu
557 958 693 990 deformis,
709 963 736 986 et
750 959 794 993 qui
815 959 922 987 difﬁcile
935 959 972 986 in-

179 1005 261 1040 telligi
278 1010 376 1039 posset,
391 1005 520 1032 Paternus
533 1005 652 1037 nomine,
664 1005 846 1041 presbyterum
859 1013 889 1032 se
902 1005 971 1033 Con-

178 1051 421 1086 Manlittopolilamn
443 1051 569 1079 Ecclesia:
587 1051 701 1079 dicens:
724 1052 769 1086 qui
790 1057 817 1079 et
830 1052 886 1087 ipse
901 1057 971 1080 totus

178 1096 304 1124 clleratus
316 1117 325 1129 ,
347 1097 498 1124 inimicitias
517 1097 647 1125 adversus
668 1097 799 1125 Joannem
821 1099 895 1126 vultu
913 1099 971 1133 ipso

178 1141 314 1176 prodens.
338 1143 480 1178 multisque
513 1151 573 1170 eum
601 1143 705 1178 probris
728 1144 865 1178 lacerans,
880 1145 971 1172 literas

181 1195 325 1222 paucorum
341 1188 528 1223 episcoporum
544 1189 679 1221 reddidit,
698 1189 797 1223 Acacii,
812 1190 897 1222 Pauli,
914 1191 970 1217 An~

180 1233 259 1260 tiochi
275 1253 283 1263 .
302 1233 392 1269 Cyrini
406 1253 414 1266 ,
438 1233 573 1261 Severiaui
593 1239 621 1262 et
642 1235 754 1263 aliorum
772 1237 946 1270 quorumdam
963 1245 969 1263 :

180 1278 206 1306 in
219 1279 316 1314 quibus
334 1279 563 1307 ealumniabantur
576 1280 705 1308 Joannem
716 1302 723 1314 ,
739 1282 814 1317 quasi
829 1283 971 1310 ecclesiam

181 1324 353 1352 incendisset.
373 1325 439 1352 Tam
466 1325 529 1353 falsa
546 1327 622 1354 nobis
636 1327 722 1355 oratio
743 1329 882 1363 apparuit,
897 1334 924 1356 ut
938 1337 971 1356 ne

182 1370 298 1398 Joannes
321 1371 429 1406 quidem
453 1372 478 1399 in
491 1373 590 1400 celebri
605 1373 714 1408 Synodo
725 1374 803 1410 hujus
823 1375 863 1402 rei
877 1375 968 1404 defcn‘

183 1416 283 1444 sionem
298 1417 439 1444 attulerit:
456 1425 535 1452 quem
553 1425 640 1453 usque
651 1426 685 1446 eo
696 1418 820 1453 despexit
844 1430 911 1457 papa
928 1423 971 1449 ln-

183 1461 341 1494 nocentius,
362 1466 392 1489 ut
418 1462 582 1497 respondere
604 1462 726 1498 dignatus
747 1472 799 1491 non
824 1467 869 1494 sit.
882 1467 970 1495 Ense.

184 1506 296 1540 Dignare
312 1507 393 1541 igitur
418 1515 497 1535 aures
516 1508 579 1535 mihi
599 1509 716 1542 prtebcre
730 1533 739 1547 ,
762 1517 791 1540 ut
805 1513 853 1540 tibi
869 1513 970 1549 singula

183 1560 314 1587 exponam
329 1561 336 1579 :
350 1553 427 1580 valde
443 1554 524 1585 enim,
540 1557 570 1580 ut
582 1554 619 1580 ait
631 1555 706 1583 Elius
717 1558 751 1586 ad
762 1557 813 1586 Job
825 1579 833 1592 ,
847 1558 973 1586 Constrin-

187 1605 222 1640 σίι
245 1614 284 1632 me
305 1608 409 1640 spiritu:
432 1608 523 1635 ventris
546 1607 605 1643 (Job
627 1606 671 1633 59..
698 1605 765 1642 i8):
792 1609 911 1632 ventrem
937 1604 976 1631 iu-

187 1657 271 1678 unens
299 1657 417 1680 mentem
442 1653 607 1681 sermonibus
637 1652 749 1686 plenam.
772 1651 845 1677 Duc.
862 1650 976 1677 Necesse

186 1702 226 1724 est
239 1705 296 1728 me,
310 1697 412 1731 optime
431 1700 507 1727 Pater
521 1718 528 1730 ,
551 1702 646 1724 exacte
665 1697 774 1731 explere
793 1697 972 1724 narrationem

145 1773 153 1778 .
185 1749 279 1768 eorum
293 1763 300 1775 ,
315 1750 374 1777 quae
400 1742 434 1769 ad
457 1743 577 1770 notitiam
602 1747 719 1770 nostram
736 1747 931 1778 pervenerunt,
946 1747 975 1770 ut

186 1787 224 1814 sic
237 1787 378 1822 aggrediar
400 1787 566 1824 interrogare
580 1794 615 1816 te.
632 1789 735 1816 Rursus
758 1789 837 1824 igitur
850 1793 911 1824 post
923 1790 974 1816 ali-

186 1837 250 1866 quot
262 1833 318 1860 dies
331 1832 415 1860 adfuit
433 1833 617 1869 Synnadorum
638 1834 778 1869 episcopus
791 1835 928 1870 Cyriacns,
941 1835 975 1861 li-

187 1878 258 1905 (cras
272 1879 379 1913 quidem
402 1879 488 1906 nullas
508 1880 609 1907 habens
626 1901 632 1912 ,
648 1880 759 1908 idoneus
778 1888 842 1908 vero
862 1881 895 1908 ad
915 1887 975 1915 apte

188 1929 213 1951 et
225 1925 355 1952 concinne
378 1926 538 1954 narrandum
557 1936 563 1954 :
583 1927 627 1962 qui
650 1927 755 1954 dicebat
775 1927 874 1962 fugisse
894 1935 923 1955 se
942 1928 976 1954 ob

189 1969 333 2004 impcrialis
349 1971 428 1998 edicti
441 1972 683 2005 comminationem,
699 1972 768 2008 quod
781 1973 819 2000 sic
833 1972 929 2000 habet:
946 1972 977 2000 Si

188 2015 243 2048 quis
252 2023 303 2042 non
319 2017 483 2043 communicat
495 2016 636 2052 Theophila
648 2038 655 2049 ,
667 2017 770 2044 Arsacia
783 2022 806 2044 et
818 2017 976 2053 Porpltyrio,

189 2060 230 2087 ille
248 2061 347 2095 quidem
357 2062 502 2097 episcopatu
515 2068 649 2095 arceatur;
664 2063 739 2090 simul
750 2064 824 2090 etiam
845 2064 943 2090 amittat
955 2064 977 2090 si

188 2114 262 2140 quam
276 2108 343 2135 vim:
366 2110 442 2144 fuerit
457 2109 547 2136 habere
560 2110 725 2137 substantiam
749 2111 913 2144 pecuniarum
933 2115 978 2136 aut

190 2154 350 2188 pra'diorum.
364 2155 426 2182 Post
440 2155 578 2191 Cyriacmn
599 2156 707 2184 advenit
723 2157 857 2193 Eniysius,
871 2158 977 2191 cpisco-

191 2207 237 2234 pus
258 2200 384 2233 Apamea:
409 2201 538 2236 Bithynia:
554 2222 562 2234 ,
577 2202 691 2229 reddens
719 2202 808 2230 literas
825 2202 977 2237 quindecim

189 2246 374 2280 episcoporum
403 2255 418 2274 e
444 2247 546 2283 synodo
570 2248 700 2281 Joannis,
725 2253 752 2276 ct
777 2250 869 2284 optimi
906 2250 978 2277 senis

191 2291 291 2326 Anysii,
306 2291 511 2320 Thessalonices
530 2293 646 2328 episcopi
662 2302 669 2326 ;
693 2295 718 2321 in
741 2295 837 2330 quibus
857 2300 883 2322 et
906 2296 978 2329 prio-

191 2343 244 2363 rem
261 2342 287 2364 et
303 2342 461 2372 prmseutem
483 2339 564 2366 totius
585 2339 829 2375 Constantinopolis
849 2340 978 2375 direptio-

190 2389 249 2409 nem
263 2383 465 2417 perscribebant
476 2392 483 2410 :
493 2384 608 2420 Anysius
616 2393 679 2413 vero
687 2385 830 2420 scribebat,
841 2394 870 2414 se
879 2385 980 2421 judicio

191 2427 316 2456 Romanae
331 2429 459 2456 Ecclesia:
472 2431 641 2465 acquiescere
656 2440 662 2458 :
683 2431 740 2466 ipse
754 2431 879 2467 Eulysius
891 2432 980 2459 omnia

191 2473 301 2510 Cyriaco
315 2480 493 2504 consentanea
511 2477 636 2504 narravit.
650 2477 746 2512 Elapso
759 2486 851 2505 mense
864 2499 870 2510 ,
887 2486 979 2506 acces-

191 2520 223 2547 sit
239 2520 383 2555 Palladius,
399 2523 540 2558 episcopus
558 2523 729 2559 lielenopolis
739 2545 747 2556 ,
760 2524 860 2560 absque
873 2525 958 2552 literis
971 2534 977 2552 :

190 2568 233 2601 qui
248 2573 275 2594 et
289 2568 345 2602 ipse
358 2568 457 2603 fugisse
472 2577 502 2597 se
517 2569 718 2604 magistratuum
734 2571 849 2598 furorem
863 2571 979 2603 dicebat,

190 2616 216 2639 et
230 2613 306 2640 nobis
320 2615 410 2641 omnia
423 2615 575 2649 expressius
586 2616 749 2648 declaravit;
765 2617 912 2644 ostendens
925 2617 982 2645 edi-

189 2659 224 2686 ι·ιὶ
236 2661 398 2694 exemplum,
413 2661 483 2696 quod
496 2661 537 2689 sic
551 2662 631 2689 habet
645 2671 650 2688 ί
668 2663 823 2698 Quicumque
840 2664 979 2690 occultare-

190 2703 377 2739 ritepiuopum
400 2711 446 2732 aut
465 2706 602 2740 clericum,
618 2713 662 2734 aut
691 2709 792 2736 omnino
808 2711 933 2744 exceperit
956 2711 981 2737 in

190 2749 293 2776 domum
305 2759 378 2777 suam
393 2751 502 2786 aliquem
527 2753 569 2788 qui
590 2754 756 2780 communicet
772 2754 879 2788 Joanni,
894 2755 982 2782 donius

190 2796 247 2830 ejus
267 2797 418 2832 publicum.
433 2799 496 2826 Post
509 2799 669 2833 Palladium,
681 2800 812 2828 advenere
832 2801 981 2830 Germanus

195 2842 333 2873 Presbyter
345 2851 398 2872 una
411 2852 472 2875 cum
482 2843 608 2874 Cassiano
621 2845 743 2881 diacono,
756 2847 800 2880 qui
809 2853 883 2875 erant
893 2856 906 2874 ε
917 2857 979 2882 pzir-

1021 177 1217 210 tibusJoannis,
1227 177 1277 204 viri
1292 176 1419 211 religiosi,
1431 176 1520 203 literas
1532 176 1613 203 totius
1625 176 1688 203 cieri
1703 175 1812 204 Joannis

1020 223 1182 251 reddentes:
1199 222 1294 258 quibus
1318 222 1438 249 scribunt
1458 222 1603 249 Ecclesium
1627 222 1745 257 ipsorum
1760 223 1811 248 \‘im

1020 273 1100 302 atque
1114 268 1281 304 tyrannidem
1296 275 1450 303 perpessam
1464 275 1534 298 esse,
1553 267 1672 302 ipsorum
1686 268 1813 302 episcopo

1022 314 1128 342 militari
1144 323 1224 342 manu
1237 315 1335 349 ejecto,
1350 319 1430 349 atque
1452 314 1477 340 in
1501 313 1623 341 exsilium
1639 318 1697 341 acto
1709 321 1756 348 per
1772 313 1812 340 fa-

1020 360 1136 388 ctionem
1153 361 1252 393 Acacii,
1270 360 1371 388 Beroea:
1385 359 1501 394 episcopi
1517 380 1524 390 .
1541 358 1681 393 Theophili
1697 359 1812 385 Alexan-

1020 406 1097 438 drini,
1122 406 1245 433 Antiochi
1274 405 1462 439 Ptolemaidos,
1481 413 1507 433 et
1534 405 1671 433 Severiaui
1698 405 1814 433 Gabalu-

1022 460 1090 480 rmn.
1117 452 1218 480 interea
1242 453 1405 480 breviculum
1416 452 1693 487 prmdictiGcrmanus
1705 457 1731 479 et
1749 452 1810 478 Cas.

1021 499 1112 526 siatnts
1134 499 1328 532 ostenderunt,
1351 507 1404 534 quo
1420 500 1534 534 pretiosa
1561 507 1623 525 vasa
1650 500 1813 526 tradiderant

1021 553 1111 573 coram
1123 545 1267 579 judicibus,
1275 546 1369 573 Studio
1379 545 1506 580 prtcl'ecto
1513 545 1602 577 Urbis,
1611 551 1637 573 et
1648 546 1813 582 liutychiano

1021 591 1148 626 prmfeeto
1172 592 1304 626 Praeterii,
1319 597 1347 619 et
1361 592 1464 619 Joanne
1485 591 1582 619 comite
1604 592 1791 620 thesaurorum
1804 612 1812 624 ,

1021 643 1048 665 et
1070 638 1210 665 Enstathio
1225 643 1360 672 qumstore
1375 658 1383 670 ,
1408 646 1440 665 ac
1460 638 1596 665 tabulariis
1611 658 1618 670 ,
1642 638 1667 665 in
1683 645 1759 671 auro,
1771 646 1814 665 ar-

1021 688 1102 719 gento
1115 688 1142 711 et
1152 684 1282 716 vestibus,
1298 683 1458 711 calumniam
1473 691 1488 710 a
1502 683 1606 711 Joanne
1619 684 1744 719 episcopo
1765 684 1813 710 de-

1023 731 1162 764 pcllentes.
1189 730 1253 757 Post
1278 730 1338 757 illos
1359 730 1448 757 denuo
1469 731 1543 757 venit
1558 730 1726 762 Demetrius,
1748 730 1814 757 Pisi-

1022 776 1111 804 nuntis
1120 777 1271 812 episcopus,
1279 777 1325 812 qui
1335 777 1470 805 Orientem
1480 782 1657 813 percurrerat,
1668 778 1815 813 prmdicans

1022 823 1203 850 Romanorum
1225 823 1442 850 comumnionem
1465 832 1525 851 cum
1549 824 1650 851 Joanne
1665 824 1791 858 episcopo
1806 844 1813 855 ,

1022 870 1137 897 ostensis
1150 877 1224 904 papa:
1237 870 1382 897 Innocentii
1404 870 1498 902 literis.
1513 870 1627 898 all‘ercns
1642 870 1769 905 epistolas
1781 870 1815 897 ab

1023 915 1154 951 episcopis
1169 914 1253 943 Caria).
1266 936 1273 948 ,
1290 915 1386 950 quibus
1415 915 1451 943 illi
1467 916 1577 942 Joannis
1599 915 1814 942 communionem

1023 961 1249 995 complccttmtur,
1267 965 1348 996 atque
1360 961 1426 988 alias
1440 969 1454 988 a
1480 960 1644 996 presbyteris
1657 960 1813 991 Antiochiaz.

1023 1007 1120 1042 quibus
1136 1006 1318 1033 Romanorum
1330 1006 1498 1041 disciplinam
1513 1012 1668 1041 sequuntur,
1680 1010 1707 1033 et
1721 1006 1814 1041 deplo-

1023 1057 1084 1080 rant
1107 1052 1247 1088 Porphyrii
1269 1052 1465 1081 ordinationem
1489 1052 1584 1078 lactant
1608 1056 1700 1079 contra
1725 1051 1771 1085 jus
1787 1056 1814 1078 ct

1024 1099 1072 1126 ias.
1094 1099 1158 1126 Post
1181 1106 1249 1134 quos
1272 1106 1367 1126 omnes
1380 1098 1453 1125 venit
1474 1098 1613 1133 presbyter
1639 1097 1814 1128 Domitianus.

1023 1152 1178 1173 tecouomus
1193 1145 1320 1172 Ecclesia:
1330 1144 1641 1178 Con~tantinopnlitanzc.
1658 1148 1685 1170 ct
1695 1143 1815 1176 Vallagas

1024 1190 1143 1226 quidam,
1159 1191 1300 1226 presbyter
1321 1190 1465 1217 Nisibenus
1478 1211 1484 1222 ,
1505 1196 1618 1216 narrans
1638 1189 1816 1216 monasterio-

1024 1245 1084 1265 rum
1100 1245 1160 1273 qu:e
1187 1242 1250 1265 sunt
1279 1237 1306 1264 in
1334 1236 1526 1273 Mesopotamia
1552 1235 1748 1264 aﬂlictioncm:
1772 1237 1815 1269 qui

1023 1284 1103 1311 etiam
1120 1283 1292 1311 rt'ddiderttut
1304 1283 1393 1317 Optali
1407 1282 1543 1318 cujusdam
1566 1282 1683 1317 prml'ecti
1703 1286 1773 1314 aeta,
1791 1281 1816 1307 in

1023 1329 1120 1363 quibus
1134 1328 1254 1356 honesta:
1272 1328 1399 1356 mulieres
1418 1335 1451 1356 ex
1472 1335 1571 1364 genere
1590 1326 1742 1361 consulum,
1762 1326 1817 1355 dia-

1024 1376 1136 1403 conisszc
1143 1375 1271 1404 Ecclesiae
1279 1375 1628 1410 Constantinopolitanaejn
1635 1373 1817 1408 oculispopuli

1024 1420 1057 1448 ad
1071 1428 1132 1448 eum
1147 1421 1291 1454 ducuntur,
1307 1425 1408 1448 coacta:
1422 1424 1468 1447 aut
1487 1419 1687 1447 communicare
1697 1419 1816 1450 Ameio.

1024 1472 1069 1493 aut
1084 1466 1148 1494 ﬁsco
1159 1468 1222 1494 dare
1235 1467 1363 1494 ducentas
1385 1466 1445 1493 auri
1459 1466 1550 1493 libras.
1567 1466 1604 1493 De
1618 1466 1716 1493 ascetis
1729 1470 1756 1492 et
1765 1465 1816 1491 vin

1024 1513 1128 1547 ginibus
1142 1513 1205 1548 quid
1216 1513 1311 1540 attinet
1331 1511 1439 1539 dicere?
1453 1512 1498 1547 qui
1514 1511 1692 1538 ostendebant
1712 1510 1817 1538 sulcata

1025 1561 1107 1587 latera
1123 1560 1149 1587 in
1162 1559 1257 1587 eculeo
1271 1563 1298 1586 et
1320 1560 1345 1586 in
1362 1563 1436 1594 tergo
1459 1558 1600 1586 verberum
1623 1561 1711 1584 notas.
1736 1555 1773 1582 l-ta
1788 1560 1818 1583 ut

1025 1615 1077 1634 non
1098 1606 1213 1641 amplius
1228 1606 1362 1633 sustinens
1381 1613 1447 1640 papa
1467 1604 1647 1634 innocentius,
1666 1602 1768 1629 miserit
1783 1601 1819 1630 ad

1025 1653 1096 1688 pium
1108 1652 1297 1687 imperatorem
1310 1651 1466 1683 lionorium,
1481 1649 1632 1685 singillatim
1644 1649 1707 1684 quid
1719 1649 1819 1675 ferrent

1025 1698 1145 1733 epistola:
1158 1697 1209 1725 illa:
1224 1697 1395 1732 subjungcns.
1410 1696 1511 1730 Quibus
1522 1701 1640 1730 permota
1654 1694 1711 1728 ejus
1735 1693 1821 1728 pictas

1024 1744 1100 1779 jubet
1114 1743 1330 1774 Occidentalium
1340 1744 1481 1779 Synodum
1489 1741 1547 1775 cogi
1563 1761 1570 1774 ,
1590 1746 1690 1768 etcum
1714 1746 1764 1766 una
1783 1738 1819 1766 si-

1027 1789 1081 1816 mul
1095 1789 1254 1816 sententiam
1266 1787 1391 1815 tulissent
1403 1807 1410 1819 ,
1425 1794 1483 1814 eam
1497 1786 1530 1813 ad
1545 1793 1619 1813 suam
1633 1785 1758 1819 pietatem
1774 1791 1819 1812 re-

1029 1835 1108 1863 ferre.
1123 1835 1173 1869 Qui
1196 1834 1303 1870 quidem
1327 1833 1445 1868 episcopi
1460 1832 1541 1860 italiae
1559 1831 1728 1867 congregati,
1743 1835 1821 1859 orant

1029 1882 1229 1917 imperatorem,
1246 1879 1345 1907 scribat
1369 1878 1445 1905 fratri
1468 1885 1516 1905 Sno
1535 1882 1563 1905 et
1582 1877 1699 1905 consorti
1716 1876 1823 1911 imperii

1030 1928 1153 1960 Arcadio,
1168 1931 1195 1954 ut
1208 1927 1299 1961 jubcat
1313 1925 1511 1953 Thessalonica:
1529 1924 1668 1960 Synodum
1685 1924 1752 1956 ﬁeri,
1767 1930 1825 1957 quo.

1031 1974 1131 2000 facilius
1151 1977 1262 2007 utraque
1276 1979 1337 2006 pars
1350 1970 1466 1998 Orientis
1484 1974 1511 1996 et
1525 1968 1677 1997 Occidentis
1695 1968 1722 1995 iu
1738 1976 1823 1995 mmm

1030 2025 1170 2045 accurrere
1195 2016 1300 2053 possit,
1315 2020 1343 2043 et
1365 2015 1489 2052 Synodns
1507 2023 1560 2042 non
1581 2014 1606 2041 in
1633 2015 1826 2048 episcoporum.

1031 2071 1151 2095 numero,
1168 2063 1214 2090 sed
1224 2063 1249 2089 in
1264 2061 1381 2097 pondere
1391 2061 1529 2089 sententiae
1544 2059 1669 2094 perfecta,
1682 2065 1784 2087 cci-tum
1795 2064 1824 2086 ct

1032 2111 1206 2138 indubitatum
1218 2107 1530 2144 feratjudicium.Quibns
1538 2114 1648 2134 accensa
1659 2107 1717 2140 ejus
1727 2105 1820 2140 pictas,

1031 2158 1158 2192 episcopo
1171 2155 1278 2191 quidem
1301 2155 1429 2182 ilotnana:
1454 2153 1580 2181 Ecclesia:
1600 2152 1712 2179 scribit:
1736 2151 1824 2178 mittat

1032 2203 1147 2237 quinque
1157 2201 1306 2236 episcopos.
1329 2199 1498 2235 presbyteros
1511 2202 1598 2225 autem
1621 2196 1748 2224 RoInanze
1771 2196 1822 2222 Ec-

1032 2249 1121 2275 clesite
1135 2247 1202 2274 duos
1228 2251 1255 2274 et
1269 2246 1409 2274 diaconum
1424 2252 1515 2276 unutn,
1532 2243 1576 2278 qui
1592 2242 1678 2270 [erant
1691 2250 1764 2269 suam
1790 2241 1826 2268 aii

1034 2295 1140 2321 fratrem
1161 2301 1238 2321 suum
1261 2291 1411 2326 epistolam.
1427 2291 1503 2326 cujus
1518 2290 1575 2316 haec
1599 2288 1729 2316 sententia
1754 2291 1826 2316 erat;

1072 2350 1080 2365 I
1092 2339 1182 2366 'i‘crtio
1188 2338 1242 2374 jam
1257 2338 1344 2365 scribo
1353 2337 1385 2364 ad
1394 2334 1622 2364 mansuetudinem
1636 2338 1718 2365 tuam,
1728 2340 1827 2367 rogans

1034 2391 1062 2413 ut
1073 2394 1132 2421 qua:
1143 2393 1176 2413 ex
1189 2388 1327 2420 compacto
1341 2388 1432 2411 contra
1440 2382 1567 2410 Joannem
1583 2380 1736 2415 episcopum
1751 2384 1826 2414 gesta

1034 2437 1114 2465 sunt,
1131 2431 1306 2459 emendentur
1322 2439 1328 2456 :
1345 2434 1372 2457 et
1385 2433 1414 2456 ut
1428 2428 1531 2456 videtur
1546 2426 1664 2455 nondum
1679 2425 1827 2460 perfectum

1034 2483 1084 2506 est.
1101 2478 1188 2510 Quare
1200 2476 1289 2504 denuo
1300 2475 1394 2510 scripsi
1415 2482 1463 2509 per
1477 2473 1558 2501 hosce
1570 2473 1710 2508 episcopos
1724 2475 1750 2498 et
1763 2478 1825 2505 prc-

1035 2526 1176 2560 shyteros,
1199 2523 1311 2551 multum
1334 2522 1463 2549 sollicitus
1484 2520 1518 2548 de
1540 2526 1606 2555 paco
1626 2517 1804 2547 ecclesiastica
1818 2537 1825 2549 ,

1036 2580 1083 2606 per
1103 2578 1182 2605 quam
1203 2575 1230 2597 et
1244 2573 1364 2597 nostrum
1381 2567 1522 2602 imperiutn
1540 2572 1632 2601 pacem
1654 2564 1775 2595 obtinet,
1800 2567 1828 2589 ut

1033 2618 1126 2652 jubere
1141 2615 1257 2651 digneris
1269 2615 1385 2643 Orientis
1404 2615 1543 2649 episcopos
1555 2610 1751 2641 Thessalonica:
1764 2616 1828 2634 con-

1037 2663 1136 2689 venire.
1152 2662 1254 2690 Etenim
1267 2660 1419 2688 Occidentis
1433 2659 1516 2686 nostri
1531 2656 1660 2692 episcopi,
1675 2654 1750 2682 lectis
1764 2653 1828 2680 viris

1037 2709 1163 2737 adversus
1176 2708 1274 2736 malum
1287 2715 1320 2735 ac
1333 2706 1499 2734 mendacium
1515 2701 1683 2734 ﬁrmissimis,
1699 2700 1829 2727 miserunt

1037 2756 1175 2790 episcopos
1190 2754 1315 2790 quinque,
1336 2752 1507 2788 presbyteros
1521 2756 1584 2777 vero
1604 2747 1681 2777 duos,
1697 2750 1724 2774 et
1737 2744 1828 2772 diaco-

1036 2810 1099 2828 num
1124 2809 1204 2828 uuutn
1227 2807 1328 2835 magna:
1349 2797 1475 2826 Ecclesia:
1495 2796 1632 2824 Romamn.
1655 2792 1728 2826 Quos
1750 2790 1828 2835 velim

1037 2849 1107 2876 omni
1130 2848 1231 2875 honore
1247 2834 1361 2880 digneris
1378 2851 1384 2870 :
1403 2849 1431 2871 ut
1443 2863 1450 2877 ,
1473 2842 1494 2869 si
1509 2839 1627 2878 persuasi
1642 2837 1738 2866 fuerint
1759 2834 1831 2871 quod
