2052 3113
225 154 236 182 ί
241 155 257 181 5
855 143 1009 173 PALLADII
1030 142 1196 172 DIALOGUS
1820 146 1850 174 te

225 208 282 235 iure
293 207 419 242 expulsus
440 206 473 233 sit
486 205 600 232 Joannes
612 225 619 236 .
634 203 745 230 doceant
759 212 800 230 ine
813 203 844 229 ait
859 202 915 236 ejus
936 208 1009 227 coni-

225 254 352 281 munione
367 252 492 280 recedere
507 258 513 277 :
530 255 573 277 aut
595 250 616 277 si
639 249 803 284 eoargneriut
825 254 919 282 sponte
933 247 1008 273 mali-

226 308 291 335 gnos
312 306 372 326 esse
385 298 500 326 Orientis
513 297 651 331 episcopos
663 316 671 328 ,
693 297 725 322 ab
738 302 829 322 eorum
853 299 878 321 te
892 301 1010 320 commu-

226 346 306 372 nione
326 347 455 371 avertant.
478 342 603 375 Quanam
618 341 688 368 enim
703 341 735 367 sit
753 339 957 368 Occidentalium
978 338 1010 365 de

226 391 327 417 Joanne
339 390 461 424 episeopo
475 387 604 414 sententia
617 408 623 418 ,
638 394 669 413 ex
685 386 806 412 omnibus
820 384 938 419 epistolis
953 392 1010 418 qua:

226 435 258 461 ad
283 442 325 461 me
346 435 451 467 scripta:
474 437 534 459 sunt
556 432 620 458 duas
641 432 762 465 subjunvi
777 452 783 462 ,
809 430 927 465 ejusdem
951 437 1011 456 cum

226 477 329 506 ueteris
345 478 493 508 sentenlim,
507 485 585 504 unatn
602 476 722 508 Romani,
740 477 848 503 alteram
863 475 1012 510 Aquileien-

226 524 262 550 sis
270 523 395 557 episcopi.
407 523 488 549 Porro
497 523 615 549 lincaute
627 521 714 547 omnia
727 521 837 547 obsecro
846 519 1011 547 clementiam

227 574 318 601 tuam,
335 568 508 603 Theophilum
523 589 529 599 ,
546 567 710 595 Alexandri-.e
736 567 887 600 episcopum
900 586 906 598 ,
933 566 1011 592 etiam

227 614 361 647 nolentem
372 636 379 647 ,
395 615 489 641 sistere
499 614 592 647 jubeas
604 634 611 646 ,
627 614 670 648 qui
683 613 799 639 omnium
814 612 942 638 malorum
959 619 1013 638 ma-

227 661 298 687 xime
307 665 397 687 auctor
405 667 463 687 esse
478 659 587 691 dicitur;
597 664 626 685 ut
634 659 815 693 episcoporum
825 658 868 692 qui
882 656 1014 683 adfuerint

226 706 350 741 Synodus
362 706 469 732 minime
483 704 618 738 impedita,
632 704 833 730 convenientem
850 702 1013 736 temporibus

228 751 324 778 nostris
340 758 430 784 pacein
446 750 556 777 sanciat.
580 759 589 775 ι

262 795 326 823 Car.
350 803 386 822 tv.
401 810 436 814 —
450 795 515 822 Cum
539 795 616 829 igitur
637 798 742 821 sanctus
763 793 905 824 AEmilius,
929 793 1014 819 Bene-

228 841 297 868 venti
311 841 458 876 episcopus,
473 847 499 867 et
513 840 654 875 Cythegius
667 845 693 867 et
706 839 876 870 Gaudentius,
892 847 941 865 una
955 846 1013 865 cum

230 887 413 913 Valentiniano
438 891 465 913 et
489 886 622 913 Bonifacio
647 885 827 920 presbyteris,
851 885 1015 918 accepissent

230 933 318 959 literas
338 931 506 966 Imperatoris
522 931 628 958 Honorii
642 952 647 962 ,
664 930 807 957 Innocentii
821 950 827 961 ,
844 935 870 956 et
890 929 1013 956 Italorum

229 978 422 1012 episcoporum,
438 976 584 1003 Chromatii
599 975 784 1010 Aquileiensis,
800 979 825 1001 et
839 974 943 1001 Venet-Li
960 974 1015 1000 Me-

229 1022 391 1049 diolanensis
404 1043 411 1053 .
429 1027 508 1056 atque
523 1021 634 1048 aliorum
648 1041 654 1052 ,
669 1028 772 1047 necnon
786 1019 1014 1046 commonitorium

229 1068 327 1103 Synodi
353 1068 434 1094 totius
459 1067 628 1098 Occidentis,
653 1066 755 1100 publica
781 1065 918 1092 evectione
945 1065 1014 1090 Coll-

234 1113 428 1147 stautinopolim
442 1112 551 1146 profecti
571 1116 632 1139 sunt
644 1119 704 1138 cum
717 1111 827 1146 Cyriaco
840 1131 847 1142 ,
863 1111 962 1137 Deineti
971 1110 995 1136 io
1006 1130 1013 1141 ,

231 1158 347 1185 Palladio
360 1163 387 1185 et
404 1157 511 1192 Eulysio
526 1157 665 1192 episcopis.
681 1156 914 1183 Commonitorium
928 1161 1015 1182 autem

230 1202 400 1234 continebat,
414 1201 540 1229 Joannem
561 1202 686 1236 judicium
702 1201 802 1234 ingredi
824 1208 876 1228 non
899 1201 995 1227 debere
1007 1221 1014 1233 ,

232 1249 280 1274 nisi
295 1248 343 1282 ipsi
359 1248 430 1282 prius
446 1248 565 1274 restituta
584 1247 674 1273 fuisset
689 1251 715 1273 et
729 1245 845 1273 Ecclesia
860 1251 886 1272 et
899 1253 1018 1272 commu-

232 1293 275 1318 iiio
288 1301 294 1323 ς
310 1297 337 1318 ιιι
351 1292 452 1318 sublata
466 1299 543 1318 eausa
559 1291 720 1318 detrectandi
738 1290 828 1324 judicii
840 1310 848 1323 ,
861 1297 907 1316 sua
923 1294 1017 1324 sponte

232 1343 385 1363 CUIISCSSUIII
411 1336 497 1362 iniret.
515 1335 626 1362 Profecti
649 1335 726 1370 igitur
741 1335 1016 1369 Constantinopolim,

233 1387 292 1416 post
314 1387 426 1416 quatuor
441 1389 546 1409 menses
570 1382 704 1408 redierunt
717 1402 724 1414 ,
741 1386 877 1408 narrantes
901 1381 1017 1407 facinora

235 1428 400 1463 Babylonica.
421 1427 486 1455 Cum
508 1433 604 1461 praeter
625 1427 752 1454 (Ira-ciam
773 1427 889 1453 Athenas
910 1426 1016 1461 naviga-

233 1481 341 1505 remus,
363 1472 462 1499 detenti
485 1480 576 1499 sumus
598 1471 631 1498 ab
655 1472 750 1499 infesto
774 1472 886 1506 quodam
913 1472 1017 1498 tiibuno

234 1517 355 1549 militum,
365 1518 409 1552 qui
421 1518 508 1544 statim
521 1517 701 1545 centurionem
711 1525 790 1544 unum
804 1517 879 1544 nobis
887 1517 1016 1551 adjunxit,

233 1569 283 1589 non
306 1561 396 1589 sincas
418 1570 466 1589 nos
482 1562 696 1589 Thessalonicam
719 1562 854 1589 accedere.
870 1561 924 1588 Illic
947 1563 1017 1589 enim

233 1606 394 1640 propositum
417 1607 494 1633 nobis
516 1611 573 1633 erat
592 1607 681 1634 literas
704 1607 816 1641 primum
837 1607 900 1634 dare
919 1607 1018 1641 Anysio

232 1651 365 1685 episcopo.
380 1651 521 1686 Conjeetos
534 1651 613 1686 igitur
624 1659 673 1678 nos
684 1671 692 1684 ν
705 1651 797 1685 aiunt,
812 1652 839 1678 in
852 1651 905 1678 duo
917 1652 1018 1686 navigia

233 1696 342 1723 dimisit.
353 1696 492 1730 Ingruente
502 1702 593 1731 postea
603 1701 694 1724 austro
706 1697 865 1730 vehementi,
874 1698 957 1725 tribus
967 1698 1018 1724 die-

235 1741 283 1768 bus
291 1741 407 1776 A‘ngeum
421 1750 493 1769 mare
506 1747 533 1769 et
545 1743 609 1769 freta
623 1743 679 1769 sine
689 1744 748 1770 cibo
760 1743 911 1777 trajeciinus
928 1753 934 1770 :
948 1744 1017 1770 circa

235 1785 417 1812 duodecimam
439 1787 506 1813 tertii
518 1787 569 1814 diei
585 1787 676 1813 horam
691 1788 840 1821 appulimus
852 1793 912 1815 ante
926 1789 1017 1814 urbem

235 1830 332 1864 regiam
339 1829 412 1864 juxta
421 1831 568 1858 suburbana
577 1831 699 1858 Victoris.
711 1832 758 1859 Ubi
769 1834 862 1859 retenti
874 1833 906 1859 ab
915 1838 1020 1860 exacto-

233 1875 306 1902 ribus
319 1880 450 1910 portuum,
465 1881 536 1904 rctro
550 1877 734 1910 discessimus;
744 1878 818 1912 enjns
832 1883 917 1905 autem
931 1878 1017 1912 jussu,

234 1920 383 1955 ignoramus
409 1929 416 1948 :
442 1927 469 1948 et
491 1923 606 1949 conclusi
631 1931 722 1949 smnus
745 1923 876 1949 maritimo
901 1924 1018 1950 'I'liraciae

233 1966 351 1999 castello,
362 1966 460 2002 Alliyra
474 1967 553 1999 dicto,
563 1968 673 1995 Romani
686 1969 791 2003 quidem
806 1971 829 1995 in
844 1978 893 1996 una
906 1970 1017 1996 domun-

234 2011 303 2042 cula.
314 2011 339 2038 in
355 2012 471 2046 pluribus
485 2021 547 2040 vero
561 2014 605 2048 qui
619 2021 678 2040 cum
694 2015 803 2049 (Iyriaco
817 2020 902 2047 erant,
913 2016 1018 2050 illicipie

234 2056 339 2087 vexati;
356 2057 390 2083 ita
412 2062 441 2084 ut
460 2065 494 2084 ne
516 2057 630 2085 famulus
645 2059 749 2093 quidem
772 2064 868 2094 pricsto
890 2065 961 2087 esset
974 2061 1017 2096 qui

234 2099 405 2127 ministraret.
427 2101 492 2128 Cum
513 2103 605 2130 literas
624 2104 779 2137 petiissent,
803 2112 854 2131 non
877 2105 1016 2138 dedimus,

234 2143 352 2171 dicentes
363 2153 368 2170 :
379 2145 428 2177 Qui
443 2145 497 2172 fieri
513 2151 608 2180 potest,
623 2151 649 2174 ut
664 2148 707 2182 qui
722 2148 798 2183 legati
813 2156 913 2181 sumtis,
928 2149 1018 2176 literas

235 2188 402 2223 Imperatoris
414 2191 631 2225 etepiscoporum
643 2193 690 2227 ipsi
701 2193 853 2227 Imperatori
863 2201 914 2220 non
924 2195 1017 2221 redda-

234 2235 384 2261 mus‘tCum
395 2238 482 2262 autem
499 2245 603 2265 casnon
618 2238 681 2266 dare
697 2240 908 2274 persisteremus,
919 2241 1018 2275 primus

235 2281 306 2307 venit
325 2281 356 2307 ad
372 2288 418 2308 .i0s
433 2282 561 2319 Patricius
574 2285 691 2310 notarius
704 2305 711 2317 ,
725 2285 820 2312 deinde
835 2286 939 2320 quidam
954 2287 997 2314 alii
1010 2297 1016 2314 :

237 2331 397 2359 pesti-cuium
411 2329 481 2354 venit
493 2329 598 2363 quidam
613 2330 766 2358 Valerianus
780 2334 885 2360 nomine
897 2354 904 2365 ,
920 2341 935 2360 e
949 2334 1018 2368 Cap-

235 2371 342 2404 padocia
354 2393 360 2403 ,
378 2373 532 2407 prmpositus
546 2376 621 2401 unius
634 2376 752 2403 militaris
767 2378 866 2404 numeri
879 2398 886 2409 ,
903 2383 928 2405 et
941 2384 1018 2413 rupto

236 2414 342 2442 Mariaiii
357 2417 472 2452 episcopi
487 2419 591 2452 pollice,
601 2420 728 2454 signatam
738 2421 906 2456 Imperatoris
919 2425 1018 2458 episto-

235 2461 286 2486 lam
301 2468 359 2487 cum
369 2462 475 2496 reliquis
489 2463 604 2491 abstulit.
617 2466 742 2494 Postridie
752 2468 829 2502 igitur
843 2470 972 2497 miserunt
984 2471 1016 2498 ad

236 2513 293 2537 nos,
310 2514 342 2533 aii
357 2508 433 2534 aulici
449 2508 624 2542 Imperatoris,
641 2519 673 2538 aii
690 2513 789 2540 Atticus
804 2516 936 2542 nescimus
950 2517 1017 2551 (ipse

235 2553 304 2580 enim
314 2553 449 2581 dicebatur
457 2555 710 2590 ΕεςΙρεὶῷιΙιιιοιιιιιιι
724 2560 862 2596 invasisse)
873 2570 879 2587 :
890 2562 932 2596 qui
942 2562 1017 2588 nolris

235 2598 283 2624 tria
298 2598 378 2624 millia
395 2601 580 2628 numismatum
602 2603 699 2630 dabant
712 2624 719 2636 ,
736 2611 842 2632 orantes
857 2611 884 2632 ut
899 2608 1015 2640 persuasi

235 2643 322 2669 Attico
345 2646 617 2680 commuiiicaremus,
633 2654 659 2675 et
683 2649 715 2676 de
729 2649 837 2677 Joannis
856 2651 953 2684 judicio
976 2657 1016 2677 ta-

234 2695 364 2714 ceremus.
377 2689 476 2721 Quibus
489 2699 541 2718 non
556 2693 739 2727 asscntientes,
754 2695 915 2729 perstitiinus
928 2704 1013 2728 orare,

234 2739 293 2757 cuni
318 2733 380 2759 nihil
395 2734 528 2768 pacificum
543 2743 713 2772 peragi-ietur
724 2759 731 2770 ,
747 2745 774 2765 ut
786 2740 842 2766 sine
856 2739 971 2773 periculo
983 2740 1014 2767 ad

236 2782 338 2805 nostras
354 2779 482 2808 Ecclesias
500 2782 645 2810 rediremus
659 2804 666 2816 ,
681 2785 736 2811 visa
751 2785 793 2812 tali
815 2785 1015 2812 inhumanitate.

236 2822 347 2856 ldipsnm
371 2826 447 2852 \ariis
473 2829 676 2856 rerclationibiis
700 2830 821 2856 Servzitor
846 2831 915 2856 Deus
938 2831 1014 2855 nubis

1064 199 1227 233 declaravit,
1253 200 1317 227 adeo
1340 206 1366 228 ut
1390 202 1473 228 sancti
1496 202 1575 228 etiam
1598 201 1719 230 Eminclii
1741 203 1852 230 diacono

1064 245 1154 277 Paulo,
1172 246 1228 272 viro
1243 246 1382 273 mitissimo
1396 251 1421 273 et
1439 246 1569 281 prudenti,
1586 248 1610 273 in
1630 248 1688 274 navi
1703 250 1852 284 apparuerit

1064 291 1156 317 beatus
1169 292 1264 318 Paulus
1277 293 1421 326 apostolus,
1432 293 1523 320 dicens
1535 293 1583 328 ipsi
1601 303 1607 319 :
1631 293 1716 321 Videte
1727 294 1852 328 quomodo

1064 336 1212 363 uiiibtiletis:
1223 345 1272 363 non
1286 342 1312 363 ut
1325 338 1479 372 insipientes,
1493 339 1537 365 sed
1552 343 1578 365 ιιι
1593 340 1727 374 sapientes,
1744 341 1852 367 vidente:

1064 383 1131 416 quod
1145 383 1196 409 dies
1212 384 1271 409 mali
1284 389 1340 410 sunt
1355 387 1362 418 (
1376 383 1469 418 Eli/tes.
1485 385 1510 411 5.
1527 385 1569 412 15.
1595 386 1647 420 I6)
1665 394 1670 411 ι
1688 386 1852 420 significante

1065 429 1167 454 Somnio
1189 428 1286 455 variant
1310 429 1413 456 illorum
1438 429 1556 456 fraudem
1570 451 1576 461 ,
1597 438 1707 464 eantque
1729 431 1805 457 donis
1827 435 1854 458 et

1065 472 1199 499 blanditiis
1221 473 1253 499 ad
1267 473 1466 501 adulterandam
1489 475 1636 502 veritatem.
1661 475 1761 503 IttslatlS
1776 476 1854 510 igitur

1065 517 1133 544 idem
1158 519 1214 552 ipse
1236 519 1354 546 tribunus
1373 519 1524 547 Valerianus
1537 541 1544 553 ,
1565 521 1677 554 cenjecit
1693 529 1740 548 nos
1755 521 1779 548 in
1803 522 1852 548 dc-

1067 564 1200 590 lerriinam
1221 572 1334 597 navem,
1351 565 1473 592 mercede
1484 587 1492 598 ,
1507 570 1535 592 ut
1549 574 1639 593 rumor
1652 567 1707 600 ait,
1728 567 1853 594 nauclero

1065 607 1125 634 data
1149 613 1176 634 ut
1198 609 1319 642 perderet
1334 610 1471 644 episcopos
1494 611 1645 644 navigantes
1659 631 1665 643 ,
1681 619 1740 637 cum
1762 612 1852 646 viginti

1066 654 1192 681 militibus
1206 655 1336 681 variorum
1351 655 1498 682 officiorum
1516 664 1522 682 :
1539 660 1566 682 et
1583 656 1670 682 statim
1685 664 1732 682 nos
1747 657 1854 691 Atliyris

1065 699 1174 733 expulit.
1185 699 1250 725 Cum
1267 701 1463 734 navigassemus
1478 700 1560 727 stadia
1577 701 1697 735 plurima,
1707 705 1734 727 et
1745 701 1852 735 jainjaiii

1066 743 1175 778 perituri
1197 751 1334 777 essemus,
1359 745 1508 779 appulimus
1529 745 1722 780 Lampsacum;
1744 751 1771 772 et
1792 745 1854 773 inde

1067 796 1165 818 mutata
1189 800 1255 819 nave
1277 792 1405 820 vicesimo
1426 793 1469 820 die
1492 793 1665 827 applicuiinus
1691 793 1852 829 Ilydrunteni

1067 836 1203 863 Calabriae.
1218 837 1308 871 Neque
1320 837 1431 872 amplius
1445 837 1520 864 nobis
1533 838 1622 865 dicere
1636 843 1786 872 potuerunt,
1801 846 1854 872 quo

1067 882 1092 908 in
1109 887 1177 908 statu
1192 887 1264 909 esset
1285 882 1376 909 beatus
1391 882 1506 910 Joannes
1527 883 1666 916 episcopus
1680 904 1686 914 ,
1703 890 1787 917 neque
1809 883 1853 910 ubi

1067 928 1119 954 sint
1133 928 1280 954 Demetrius
1291 949 1298 960 ,
1312 928 1439 963 Cyriacus
1451 949 1458 960 ,
1474 929 1594 963 Eulysius
1607 949 1614 960 ,
1630 933 1707 963 atque
1723 929 1855 955 Palladius

1067 972 1202 1007 episcOpi.
1223 973 1267 1007 qui
1289 981 1348 999 Ctlm
1374 974 1470 1000 nostris
1494 973 1626 1007 episcopis
1647 974 1723 1008 legati
1746 973 1856 1007 profecti

1068 1023 1152 1044 erant.
1170 1018 1255 1045 Episc.
1270 1019 1325 1053 Age
1336 1018 1389 1053 jam
1403 1039 1409 1051 ,
1426 1027 1442 1046 ο
1457 1019 1634 1045 sacratissime
1646 1039 1653 1051 ,
1669 1019 1776 1046 adverte
1791 1019 1855 1046 mihi

1067 1062 1194 1094 animum,
1204 1063 1343 1090 attendens
1357 1063 1388 1089 iis
1400 1071 1459 1097 qua:
1471 1063 1542 1090 clare
1553 1063 1683 1096 dicentur,
1693 1069 1718 1090 et
1731 1063 1856 1098 deinceps

1069 1107 1114 1134 tibi
1142 1108 1282 1135 declarabo
1310 1109 1428 1142 publicos
1457 1109 1535 1135 totius
1564 1110 1699 1144 tragwtliie
1726 1110 1855 1145 satyricos

1069 1152 1217 1186 tumultus,
1241 1153 1311 1180 unde
1331 1153 1399 1180 lianc
1421 1154 1600 1180 temulentiaiii
1623 1155 1711 1181 exorsi
1734 1157 1804 1186 sint,
1830 1160 1856 1182 et

1069 1205 1205 1232 quousque
1217 1206 1336 1225 cessasse
1349 1199 1395 1225 visi
1411 1199 1473 1230 sint,
1489 1198 1599 1225 necdum
1615 1203 1701 1226 tamen
1718 1199 1854 1226 desierint.

1069 1242 1190 1269 Omnium
1205 1243 1345 1274 malorum,
1360 1248 1387 1270 ut
1399 1243 1458 1278 quis
1469 1243 1574 1276 dixerit,
1591 1243 1648 1270 fons
1660 1248 1687 1270 et
1699 1244 1856 1278 principium

1070 1286 1116 1314 Dei
1139 1295 1202 1314 osor
1216 1287 1319 1314 dieinon
1333 1309 1340 1320 ,
1356 1295 1461 1322 semper
1483 1288 1610 1314 insidians
1625 1294 1652 1315 ut
1676 1289 1751 1323 lupus
1773 1291 1855 1315 ratio-

1069 1331 1199 1358 nabilibus
1213 1332 1309 1359 Christi
1329 1333 1452 1366 gregibus
1463 1353 1471 1365 ,
1486 1333 1585 1367 peritos
1598 1340 1716 1367 quosque
1738 1340 1857 1366 pastores

1070 1377 1148 1403 variis
1171 1377 1247 1403 malis
1269 1378 1394 1404 atrociter
1415 1378 1562 1407 infestans.
1584 1378 1652 1404 sicut
1670 1377 1855 1413 Egyptiorum

1069 1431 1117 1450 rex
1125 1424 1254 1450 masculos
1263 1423 1424 1456 Judieorum.
1435 1424 1535 1451 f‘ucatos
1544 1432 1605 1451 vero
1613 1430 1638 1451 et
1649 1424 1729 1451 falsos
1740 1430 1857 1459 pastores

1070 1472 1234 1496 terrenarum
1248 1470 1412 1504 voluptatum
1428 1470 1537 1496 fallaciis
1549 1471 1681 1504 saginans.
1699 1471 1780 1498 Porro
1794 1479 1856 1505 pes-

1069 1513 1129 1540 simi
1151 1513 1229 1540 f'oiitis
1244 1514 1321 1549 hujus
1342 1515 1448 1542 canales
1461 1535 1467 1546 .
1482 1519 1511 1541 ιιι
1524 1515 1610 1542 omnis
1632 1521 1761 1542 terrarum
1784 1517 1857 1543 orbis

1071 1559 1162 1590 novit,
1190 1564 1252 1585 sunt
1277 1559 1408 1590 Aeacius.
1436 1560 1609 1592 Antiochius,
1640 1560 1802 1595 Theophilus
1829 1567 1857 1589 et

1070 1604 1244 1637 Severianus;
1261 1605 1303 1639 qtii
1318 1610 1445 1632 vocantur
1459 1606 1564 1639 quidem
1585 1606 1610 1632 id
1626 1606 1694 1640 quod
1710 1614 1762 1633 non
1775 1612 1835 1633 sunt
1848 1629 1857 1639 ,

1070 1655 1131 1676 sunt
1145 1658 1207 1676 vero
1219 1650 1288 1684 quod
1308 1650 1359 1677 dici
1381 1658 1410 1678 se
1425 1659 1477 1677 iion
1493 1651 1579 1678 ferunt
1596 1660 1602 1677 :
1618 1659 1650 1678 ex
1663 1651 1755 1678 ordine
1769 1657 1856 1678 autent

1070 1695 1226 1721 clericorum
1255 1695 1401 1730 presbyteri
1429 1695 1502 1727 duo,
1531 1700 1558 1722 et
1585 1696 1688 1723 diaeoiii
1716 1697 1854 1730 quinque,

1071 1739 1164 1773 partim
1180 1739 1284 1774 quidem
1307 1747 1340 1766 ex
1364 1740 1485 1774 impuro,
1501 1740 1596 1775 partim
1620 1748 1651 1767 ex
1676 1741 1855 1767 ntalelicorum

1072 1793 1180 1811 numero
1194 1786 1343 1820 congregati
1362 1795 1367 1810 :
1385 1793 1432 1812 nec
1446 1793 1509 1812 vero
1527 1786 1582 1812 scio
1600 1794 1632 1812 an
1648 1790 1731 1812 tutum
1745 1786 1778 1812 sit
1793 1786 1857 1813 tales

1071 1831 1239 1865 presbyteros
1264 1836 1309 1857 aiit
1332 1830 1455 1858 diaconos
1478 1838 1574 1858 vocare
1600 1840 1606 1856 :
1631 1838 1664 1857 ex
1690 1831 1858 1864 Imperatoris

1071 1881 1157 1902 autem
1166 1876 1224 1902 aula
1233 1875 1285 1902 duo
1293 1880 1337 1901 aut
1347 1881 1398 1902 tres
1407 1875 1572 1902 solummodo
1581 1875 1663 1906 fuere,
1673 1876 1716 1909 qui
1726 1875 1858 1909 'l‘lieopbi-

1072 1920 1123 1946 hnii
1140 1921 1306 1953 roborarunt,
1322 1921 1426 1947 militari
1442 1921 1565 1954 pricsidio
1577 1929 1653 1955 opem
1669 1921 1704 1947 illi
1721 1922 1854 1948 ferentes:

1071 1974 1085 1992 e
1100 1966 1251 1992 mulieribus
1264 1971 1358 2000 pra-ter
1372 1967 1428 1992 illas
1441 1974 1498 2000 qu:e
1511 1966 1588 2000 vulgo
1603 1971 1672 1993 nota:
1686 1971 1747 1992 sunt
1760 1987 1766 1998 ,
1783 1971 1835 1994 tres
1847 1988 1855 1999 ,

1071 2011 1155 2038 vidua:
1176 2012 1302 2046 quidem,
1326 2012 1371 2038 sed
1393 2020 1408 2038 a
1430 2013 1493 2038 viris
1515 2012 1609 2039 divites
1632 2013 1725 2043 factae,
1749 2014 1856 2040 inultam

1070 2065 1102 2083 ex
1119 2057 1217 2091 rapinis
1240 2057 1376 2091 pecuniam
1399 2057 1565 2091 possidentes
1580 2058 1605 2084 in
1631 2059 1744 2092 propriae
1765 2058 1858 2085 salutis

1072 2103 1233 2137 perniciem;
1251 2104 1407 2130 tumultuum
1423 2108 1449 2130 et
1468 2103 1625 2130 seditionum
1647 2104 1832 2131 commotrices
1849 2113 1855 2130 :

1071 2148 1152 2175 Marsa
1163 2148 1279 2175 Proinoti
1293 2157 1369 2181 uxor,
1379 2149 1505 2175 Castricia
1519 2149 1664 2181 Saturnini,
1674 2154 1700 2176 et
1710 2149 1857 2184 Eugrapliia

1070 2193 1190 2226 qua'dam
1212 2201 1399 2228 usquequaque
1415 2194 1511 2220 furiosa
1529 2203 1535 2220 :
1553 2194 1652 2228 reliqua
1667 2199 1754 2221 autem
1777 2194 1858 2228 pudet

1071 2239 1169 2267 dicere.
1184 2239 1314 2267 Ceterum
1335 2241 1375 2266 Ine
1396 2245 1474 2273 atque
1495 2240 1550 2271 illi,
1567 2240 1642 2266 tardo
1663 2240 1743 2267 corde
1758 2241 1784 2267 in
1806 2241 1858 2267 fide

1070 2293 1129 2312 cum
1142 2285 1204 2317 sint,
1214 2285 1284 2311 velut
1298 2284 1410 2316 phalanx
1427 2286 1513 2311 furore
1526 2284 1608 2316 ebria,
1620 2285 1644 2310 in
1657 2292 1736 2311 unain
1750 2291 1859 2311 Senten-

1071 2331 1132 2356 tiam
1147 2330 1207 2356 odio
1220 2329 1346 2356 doctrina:
1357 2329 1474 2361 adunati,
1487 2329 1558 2355 exitii
1573 2333 1717 2355 torrentem
1731 2329 1858 2358 adversus

1072 2376 1197 2402 Ecclesia:
1212 2382 1301 2409 pacem
1317 2374 1490 2400 concitarunt.
1503 2374 1653 2401 Dittc.\'eli5
1663 2374 1755 2408 igitur.
1770 2372 1856 2406 “iter.

1070 2427 1096 2448 et
1120 2421 1231 2448 libenter
1245 2420 1309 2447 velis
1330 2428 1418 2447 coram
1435 2420 1489 2447 Deo
1513 2419 1591 2446 nobis
1611 2419 1700 2446 dicere
1713 2440 1719 2450 ,
1739 2420 1808 2446 unde
1833 2427 1856 2446 i-t

1072 2467 1175 2493 illorum
1202 2465 1330 2491 adversus
1355 2465 1482 2492 Joannem
1509 2465 1618 2496 odium,
1643 2470 1670 2492 et
1695 2473 1752 2500 qtne
1781 2465 1857 2490 fuerit

1070 2511 1179 2538 Joannis
1193 2510 1308 2545 episcopi
1325 2511 1467 2544 pertinacia
1484 2515 1570 2537 tantas
1583 2515 1726 2545 potestates
1740 2510 1835 2537 lit-dere
1849 2518 1856 2536 :

1070 2556 1148 2582 simul
1169 2555 1273 2582 declara
1296 2556 1371 2582 nobis
1388 2555 1456 2582 unde
1472 2555 1549 2582 vitam
1566 2563 1676 2582 eitorsus
1696 2556 1748 2587 sit,
1764 2561 1789 2581 et
1804 2563 1856 2590 quo

1072 2605 1147 2634 pacto
1168 2601 1199 2626 ad
1214 2598 1454 2634 Constantinopolis
1470 2601 1648 2634 episcopatum
1671 2600 1705 2626 sit
1727 2605 1833 2626 evectus
1847 2621 1855 2632 ,

1070 2652 1096 2674 et
1109 2653 1207 2682 quanto
1223 2652 1339 2681 tempore
1353 2654 1413 2673 cuin
1436 2647 1569 2679 tenuerit,
1584 2651 1610 2673 et
1629 2647 1671 2681 qui
1686 2647 1780 2673 fuerint
1798 2647 1856 2680 cjus

1071 2701 1168 2723 mores,
1183 2698 1208 2719 et
1221 2693 1279 2727 quis
1295 2693 1351 2726 ejus
1368 2693 1427 2719 vitio
1444 2692 1512 2725 finis,
1528 2692 1657 2727 siquidem
1672 2698 1790 2720 mortuus
1803 2698 1855 2724 est,

1073 2745 1097 2764 ut
1122 2738 1253 2765 audimus.
1281 2739 1334 2764 litsi
1365 2746 1410 2773 per
1436 2745 1529 2765 omnes
1559 2738 1673 2764 maxime
1699 2743 1854 2773 pervagatur

1071 2785 1196 2812 mirabilis
1209 2789 1235 2811 et
1257 2790 1346 2811 sancta
1367 2785 1414 2811 \iri
1430 2785 1500 2811 illius
1522 2783 1589 2811 fama
1603 2792 1609 2816 ;
1626 2788 1713 2811 tamen
1730 2786 1854 2812 consuevi

1071 2839 1124 2855 lttill
1146 2831 1211 2858 adeo
1233 2831 1306 2858 facile
1328 2831 1476 2857 rumoribus
1497 2830 1624 2862 exedete,
1649 2830 1799 2864 pi'iosijuam
1822 2832 1855 2858 ab
