2024 3106
133 113 161 141 l7
629 112 671 139 DE
694 111 772 139 VITA
792 111 822 138 S.
843 110 984 139 JOANNIS
1003 110 1253 138 CilliYSOS'l‘UMI.
1730 115 1762 140 ut

128 170 266 197 hominibus
279 171 321 206 qui
337 170 488 205 vituperare
501 174 527 197 et
547 168 654 196 laudare
670 173 741 196 recte
756 171 886 196 noverunt
897 188 905 200 ,

127 224 176 243 rem
197 215 290 250 liquido
311 215 493 250 cognoverim.
518 215 604 241 Ertsc.
628 213 718 241 Laudo
742 213 906 249 diligentiam

127 266 208 293 tuam,
233 260 428 288 distinctioliem
456 267 520 288 vero
547 268 599 287 non
626 259 757 292 admitto,
787 259 907 286 veritatis

125 307 291 334 amantissime
312 311 338 334 et
364 306 419 334 Deo
441 313 502 333 care
527 306 566 333 vir
588 305 739 332 Theodore.
759 305 824 332 Nam
850 305 906 340 ipsa

123 351 221 379 canities
233 355 258 379 et
272 351 390 386 dignitas
404 356 505 381 nostra.
522 355 550 378 ut
564 350 598 378 de
612 358 654 378 me
669 350 727 385 ipso
741 350 844 385 loquar,
860 350 905 377 tibi

122 397 232 424 sufficere
239 396 381 428 debebant,
393 401 421 423 ut
430 404 490 424 vera
505 404 565 423 esse
578 395 704 424 crederes
713 404 771 430 qum
780 395 904 423 dicimus.

121 442 239 474 Quoniam
248 449 310 469 vero
320 441 347 468 id
357 449 410 468 non
424 441 519 473 fecisti,
529 445 555 468 et
565 441 605 468 bis
618 449 660 468 me
669 441 723 476 jam
736 440 905 475 adjudicium

123 487 162 514 llei
181 495 274 520 vocas;
292 491 355 522 post
376 487 426 514 hac
449 486 543 514 saltem
559 486 659 513 omisso
680 486 753 513 onmi
776 490 904 520 prietextu

119 541 189 561 aures
201 533 262 560 tnihi
276 532 464 564 accommoda,
475 540 508 560 ne
523 533 548 559 in
559 541 654 560 vanum
671 532 794 559 decurrat
808 533 903 558 oratio.

118 579 252 607 Srioeuim
267 587 327 614 qua:
352 579 378 606 in
394 579 453 613 lege
475 579 562 606 divina
587 581 687 613 scripta
710 584 771 606 sunt
787 587 794 606 :
813 578 905 605 Perdet

118 625 180 651 Deus
197 633 281 652 omnes
292 625 340 659 qui
359 625 494 659 loquuntur
516 625 673 652 mendacium
695 630 704 660 (
718 623 789 651 Paul.
804 624 831 651 5.
847 625 863 651 7
875 626 902 659 j;

116 675 139 697 et
149 670 214 706 apud
226 671 381 706 apostolum
394 670 523 698 Joannem
536 690 543 704 ,
561 670 611 704 Qui
624 670 734 702 loquitur
747 668 905 696 mendacium

115 725 160 743 non
170 722 203 744 ut
214 725 244 744 ex
258 717 314 744 Deo
331 716 420 752 (Im.
430 716 458 744 8.
475 715 534 753 ti);
547 721 574 744 et
583 724 675 744 rursus
686 716 755 751 apud
767 716 902 747 Davidem,

115 761 230 794 Quoniam
251 762 412 790 obstructum
433 766 468 789 est
483 770 510 789 os
525 762 679 797 loquentium
699 762 786 797 iniqua
807 761 902 797 (Paul.

115 806 154 835 62.
169 808 228 842 l2).
246 808 354 835 Revera
375 808 446 835 enim
468 808 557 843 inique
578 808 631 843 agit
645 808 689 843 qui
704 807 771 835 fallit
788 815 848 835 eum
862 807 903 834 cui

114 854 258 888 persuadet;
273 859 300 881 et
317 854 364 889 qui
377 854 462 881 credit
476 854 624 886 mentienti,
641 854 720 882 etiam
737 854 826 888 inique
838 856 900 888 agit,

114 898 167 925 dum
177 899 249 927 facile
257 899 357 927 credit.
367 898 434 926 Cum
447 899 525 934 igitur
533 900 672 935 :equaliter
680 905 790 934 uterque
800 904 902 934 peccet,

113 951 196 973 neuter
209 950 336 974 nostrum
358 946 454 981 injuria
469 945 568 973 afliciat
589 946 748 980 proximum.
764 946 811 973 list
832 945 903 972 enim

113 990 162 1019 lucc
182 992 264 1020 virtus
277 1013 284 1025 ,
301 992 420 1019 dicentis
443 991 551 1026 quidem
568 1000 630 1019 vera
653 991 743 1027 loqui,
760 992 818 1027 ejus
841 999 903 1019 vero

113 1038 150 1072 qui
171 1038 260 1070 audit,
286 1037 381 1072 iniqua
406 1037 561 1071 dijudicare.
588 1037 680 1064 Estote
704 1037 794 1069 enim,
819 1037 903 1072 inquit

112 1082 246 1118 Scriptura,
259 1084 341 1119 probi
352 1084 496 1118 trapezitae,
507 1083 600 1110 falsum
609 1091 623 1110 a
635 1084 718 1119 probo
733 1084 882 1118 rejicientes
894 1091 900 1109 :

112 1135 158 1156 non
179 1134 204 1156 ut
220 1129 319 1157 tinnitu
335 1130 506 1164 explorantes
519 1130 635 1157 sonitum
657 1130 818 1165 accipiamus
831 1149 838 1162 ,
854 1129 901 1157 sed

111 1179 136 1201 ut
148 1175 170 1202 in
185 1175 228 1203 Dei
252 1176 356 1203 timore
377 1183 439 1203 cum
454 1181 526 1204 recta
539 1176 703 1204 conscientia
723 1177 811 1204 omnia
832 1177 901 1204 dicta

112 1222 248 1256 autscripta
260 1221 456 1257 ponderantes,
467 1229 557 1249 rerum
566 1221 705 1250 veritatem
715 1223 900 1258 suscipiamus.

112 1267 210 1293 Aurinm
221 1272 247 1294 et
261 1267 365 1302 lingua:
376 1274 502 1302 magnum
518 1267 667 1302 periculum
680 1272 722 1296 est
738 1277 744 1294 :
762 1268 821 1296 ideo
834 1269 903 1303 opti-

111 1319 163 1339 mus
184 1320 270 1341 rerum
296 1313 398 1341 artifex
425 1313 494 1340 Deus
517 1314 631 1348 linguam
656 1321 671 1341 a
694 1313 799 1341 duobus
822 1315 902 1342 labris

112 1356 210 1385 interius
223 1358 276 1386 fixo
289 1358 414 1386 dentium
427 1364 504 1393 septo
515 1358 643 1387 custodiri
655 1360 758 1392 statuit,
774 1365 803 1387 ut
818 1365 901 1388 tutum

112 1401 167 1428 illud
181 1404 336 1437 praesidium
354 1404 414 1438 ejus
426 1403 578 1432 facilitatem
593 1410 738 1438 coerceret,
755 1406 901 1433 secundum

112 1447 133 1474 id
143 1449 208 1483 quod
221 1451 358 1485 scriptum
373 1455 415 1478 cst
431 1459 437 1476 :
454 1449 526 1477 Pone
537 1471 546 1483 ,
562 1450 669 1478 Domine
680 1472 688 1484 ,
711 1452 851 1478 custodiam
863 1453 902 1479 ori

109 1501 156 1520 meo
165 1514 174 1527 ,
187 1500 208 1522 et
220 1496 321 1523 ostium
339 1495 487 1522 ntunitiouir
498 1496 566 1522 circa
579 1496 646 1523 labia
660 1505 715 1524 mea
728 1498 736 1532 (
751 1496 823 1524 Psal.
841 1497 899 1525 140.

110 1540 161 1574 5),
186 1545 214 1569 ut
232 1550 287 1569 non
303 1541 462 1576 delinquant
478 1542 504 1569 in
526 1543 614 1577 lingua
630 1551 698 1570 mea.
714 1543 823 1570 Aurium
838 1552 901 1572 vero

108 1584 218 1613 foramen
234 1587 360 1614 ﬂexuoso
374 1587 499 1620 tornavil,
515 1586 597 1623 figura
610 1587 666 1622 ipsa
681 1587 833 1623 significans
849 1596 900 1616 non

109 1630 156 1656 cito
176 1630 375 1660 admittendum
401 1639 463 1659 esse
485 1639 636 1660 sermonem
649 1654 658 1667 ,
674 1638 703 1661 ut
725 1634 788 1661 dum
803 1634 902 1662 diutius

110 1675 231 1709 volvitur,
255 1676 395 1704 mendacii
419 1678 557 1705 materiam
573 1686 633 1706 cum
655 1679 764 1707 malitiae
778 1680 901 1707 sordibus

108 1719 192 1749 leviter
206 1723 363 1750 insinuatus
384 1722 418 1750 ad
436 1724 541 1750 aurium
555 1723 655 1752 aditum
679 1724 819 1760 relinquat.
843 1725 900 1752 Non

107 1765 185 1794 aulum
205 1773 298 1795 autem
324 1767 420 1795 horum
444 1768 682 1796 instrumentorum
703 1777 794 1798 curam
811 1770 902 1798 habuit

109 1810 180 1845 licus,
196 1814 272 1848 quasi
290 1813 351 1841 sola
366 1818 517 1848 pcccarcnt.
533 1814 581 1841 sed
594 1819 622 1842 et
641 1815 778 1842 Oculorum
796 1816 902 1850 pupillis

110 1857 181 1884 veluti
205 1859 335 1886 fenestris
359 1859 492 1886 velamina
515 1860 657 1894 apposuit.
674 1868 708 1888 ne
731 1860 902 1896 impudicitia:

108 1907 213 1929 mortem
227 1903 393 1936 admittant,
409 1911 489 1938 quam
510 1904 638 1939 propheta
660 1909 772 1932 testatur
785 1906 877 1934 dicens
893 1916 900 1934 :

110 1944 174 1973 Non
194 1949 311 1974 ascendit
324 1957 370 1981 per
384 1949 507 1983 fenestras
522 1949 593 1986 (Jer.
609 1951 636 1978 9.
652 1950 682 1978 El
695 1951 715 1987 ).
733 1951 807 1980 Duc.
821 1953 847 1980 Si
868 1954 902 1980 de

108 1991 200 2026 vulgari
225 2001 257 2020 ac
282 1994 350 2020 levis
373 1995 500 2021 momenti
523 1995 630 2030 negotio
653 1996 789 2031 inquisitio
810 2003 899 2031 essm,

109 2038 285 2066 sacratissime
305 2037 401 2072 Pater,
424 2039 557 2068 sufficeret
577 2040 720 2075 adspectus
741 2043 778 2069 tui
799 2044 902 2077 species

110 2082 139 2108 ad
153 2082 304 2112 faciendam
327 2085 416 2112 verbis
439 2086 490 2113 tuis
511 2086 591 2113 fidem
608 2094 614 2113 :
631 2087 678 2115 sed
693 2089 818 2123 quoniatn
840 2097 900 2117 cum

110 2126 139 2154 de
152 2129 260 2158 veritate
285 2130 446 2165 inquiritur,
463 2139 514 2159 non
538 2133 676 2161 minimam
702 2142 773 2162 nunc
794 2135 901 2170 quidem

112 2174 341 2206 reprehensionem
356 2176 444 2210 affert,
459 2184 548 2212 postea
564 2187 627 2206 vero
639 2179 901 2214 condemnationem,

110 2220 292 2249 assistentibus
300 2222 379 2249 simul
390 2223 551 2258 principibus
559 2229 584 2252 et
602 2226 706 2260 populis
715 2230 776 2253 ante
786 2231 902 2254 tremen-

112 2263 166 2292 dum
180 2268 300 2296 tribunal
316 2277 323 2295 :
340 2269 446 2304 ignosce
467 2270 530 2298 mihi
544 2292 550 2303 ,
565 2271 667 2306 optime
678 2293 686 2304 ,
703 2279 752 2299 nec
767 2272 831 2300 mihi
854 2281 901 2300 ca-

112 2319 154 2339 nos
165 2315 277 2349 capillos
291 2319 372 2343 testes
386 2315 475 2350 profer
491 2326 497 2343 :
514 2322 663 2345 senuerunt
674 2318 746 2346 enim
759 2319 839 2346 etiam
854 2319 903 2346 im-

113 2357 179 2391 probi
198 2360 244 2394 qui
271 2368 327 2387 non
348 2361 464 2389 animam
478 2362 619 2390 virtutibus
641 2371 734 2392 canam
759 2364 900 2397 fecerunt,

112 2402 153 2429 sed
164 2411 280 2439 corpora
304 2407 432 2441 temporis
444 2407 618 2436 diuturnitate
639 2410 713 2444 rugis
733 2415 876 2438 exararunt
892 2419 899 2437 :

114 2449 196 2482 quales
219 2455 303 2478 erant
325 2451 350 2479 in
372 2452 506 2488 Babylone
530 2453 588 2481 falsi
611 2462 709 2488 senes,
731 2460 758 2483 et
779 2455 805 2483 in
824 2456 901 2484 Jere-

114 2494 158 2520 tnia
174 2495 304 2529 Ephraim
314 2518 322 2530 ,
335 2496 371 2524 de
384 2505 438 2532 quo
452 2499 615 2534 exprobrans
628 2500 764 2535 Scriptura
779 2501 877 2529 clamat
892 2510 900 2528 :

113 2535 229 2572 Epkmim
254 2541 372 2570 columba
392 2543 522 2578 insipiens,
537 2554 587 2572 non
607 2546 700 2573 habt-ns
718 2555 782 2574 cor:
799 2548 902 2574 canities

113 2583 156 2628 ipsi
166 2586 279 2620 advenit,
298 2586 350 2621 ipse
369 2595 428 2614 vero
445 2597 493 2616 non
513 2592 627 2626 cognovit
649 2591 726 2627 (Osee
746 2593 771 2620 7.
792 2593 833 2620 il.
858 2593 898 2628 9).

115 2626 205 2657 lterum
218 2639 285 2659 vero
299 2632 423 2668 asperius
434 2633 511 2662 dixit:
526 2635 620 2664 Factus
632 2626 668 2664 est
684 2637 808 2672 Epltmim
827 2626 900 2674 panis

115 2674 304 2709 subet-ericius,
322 2679 369 2712 qui
384 2686 435 2704 non
445 2683 602 2716 convertitur,
616 2687 639 2710 et
651 2683 727 2711 alieni
739 2686 900 2713 comederunt

116 2718 183 2746 robur
196 2724 253 2756 ejus
262 2721 350 2757 (Ibid.
362 2730 391 2749 v.
403 2722 475 2755 8.9).
488 2725 549 2755 lllud
562 2735 668 2763 qucque
678 2729 784 2763 addam,
795 2731 900 2758 etiamsi

115 2770 196 2794 sermo
212 2768 259 2796 tiat
278 2768 409 2802 langior:
429 2768 483 2802 Quis
496 2774 576 2808 magis
594 2781 688 2808 canus,
709 2781 755 2803 aut
769 2777 828 2811 quis
842 2777 900 2804 visu

115 2812 256 2841 modestior
268 2813 373 2840 Acacio
384 2811 524 2852 Bernensi,
536 2826 614 2854 quem
626 2827 673 2848 vos
685 2829 755 2850 nunc
767 2823 898 2851 accusatis

963 171 991 193 ut
1004 166 1142 194 seditionis
1157 172 1303 200 auctorem,
1314 172 1341 195 et
1353 167 1443 196 delicti
1457 168 1652 196 eorumdueem
1663 171 1759 204 quires

962 219 1044 239 novas
1058 212 1227 240 excitarunt?
1248 213 1323 248 cujus
1342 214 1383 242 vel
1404 222 1484 242 nares
1506 215 1570 250 ipsze
1585 223 1666 242 cauus
1682 216 1759 244 habe-

961 257 1024 285 bant
1037 258 1104 292 pilos
1119 258 1298 293 longissimos,
1314 267 1374 286 cum
1394 259 1504 287 Romam
1517 261 1589 288 venit
1609 261 1696 289 ferens
1710 269 1755 289 or.

960 302 1104 331 diualionis
1126 304 1238 332 Joannis
1258 305 1376 340 episcopi
1397 306 1544 333 decretum.
1573 307 1660 334 Ense.
1683 308 1758 335 Nunc

959 349 1032 376 clare
1048 350 1108 377 novi
1121 355 1146 377 te
1160 351 1271 385 probum
1285 358 1345 378 esse
1359 352 1523 386 trapezitam,
1540 352 1584 386 qui
1601 360 1653 379 nou
1664 352 1758 380 cmlas

961 395 1075 430 pelliceo
1091 396 1275 429 tabernaculo,
1287 396 1334 424 sed
1349 398 1487 424 seicntiam
1500 398 1559 433 ejus
1569 398 1613 433 qui
1628 398 1757 426 inhabitat

960 441 1088 477 inquiras.
1116 442 1222 469 Etenim
1234 447 1261 469 et
1275 442 1461 478 Egypliornm
1475 443 1572 478 templa
1592 444 1756 478 amplissima

959 494 1018 514 cum
1035 488 1096 518 sint.
1113 493 1139 515 et
1156 488 1272 524 lapidum
1290 489 1379 523 specie
1394 496 1424 517 se
1437 490 1548 524 jactent.
1570 489 1643 517 intus
1665 491 1756 517 simias

960 532 1058 560 habent
1075 538 1102 560 et
1123 533 1179 560 ibes
1197 538 1224 561 et
1240 541 1320 561 canes
1334 542 1381 569 pro
1396 535 1458 561 diis.
1480 534 1612 562 Caeterum
1629 536 1756 563 Dominus

959 583 1050 605 noster
1079 583 1106 605 et
1133 578 1201 605 Deus
1228 579 1339 614 loquens
1371 579 1488 607 Samucli
1511 580 1545 608 de
1567 581 1756 609 constituendo

958 622 1026 650 duce
1050 622 1167 657 lsraelis,
1191 623 1313 658 prmcipit
1339 632 1373 652 ne
1406 625 1558 654 consideret
1588 627 1706 654 habitum
1728 633 1756 654 ct

958 666 1113 702 figmentum
1136 669 1198 696 lutei
1221 670 1356 703 corporis,
1377 670 1469 698 dicens
1487 680 1494 698 :
1518 670 1577 698 Non
1596 671 1661 699 sicut
1680 672 1757 699 homo

957 713 1048 740 videbit
1061 713 1130 741 Deut
1144 723 1152 741 :
1166 715 1241 741 Itonia
1256 716 1322 742 enim
1335 717 1361 742 in
1379 717 1480 752 facient,
1495 717 1562 744 Deus
1573 723 1658 745 autem
1671 719 1697 745 in
1712 727 1756 745 (ον

957 758 991 794 (ll
1006 758 1070 795 Reg.
1095 760 1138 787 16.
1165 761 1203 795 7).
1225 762 1313 794 Quare
1339 763 1383 797 qui
1409 763 1434 790 in
1463 764 1538 791 oumi
1565 772 1594 791 re
1619 765 1756 792 imitantur

958 805 1052 838 Deum,
1069 807 1196 834 interiora
1213 813 1426 842 perscrutautur.
1442 809 1517 837 Unde
1528 819 1570 838 tne
1583 811 1630 838 tibi
1642 810 1756 838 liberatur

957 853 1092 887 pcrmitto,
1113 854 1158 888 qtti
1173 854 1300 881 trutinam
1316 859 1388 882 tuam
1404 855 1429 882 in
1453 860 1574 883 neutram
1596 862 1698 891 partetn
1716 858 1756 883 in-

956 897 1055 926 clinare
1067 899 1273 933 exploraverim.
1297 899 1436 936 Babylonii
1450 908 1527 933 vero.
1549 909 1630 929 senes
1645 902 1753 936 quidem

955 950 1079 978 corpore,
1087 944 1176 971 animo
1188 949 1277 973 autem
1286 946 1321 973 ob
1328 950 1462 981 stuporem
1475 947 1618 974 admodum
1627 947 1752 979 infantes,

956 989 978 1016 si
988 994 1153 1017 mortuorum
1166 991 1354 1019 resurrectioui
1363 992 1552 1027 credidissent,
1563 994 1636 1028 prius
1643 993 1752 1028 quidem

957 1033 1111 1063 habuissent
1133 1043 1226 1063 sanam
1241 1037 1410 1071 sapientiam,
1432 1045 1482 1066 nec
1503 1038 1681 1073 deperiissent
1701 1039 1753 1065 Sn-

955 1088 1066 1109 sannam
1093 1082 1203 1110 alterius
1220 1090 1330 1110 uxorem
1347 1091 1354 1110 :
1371 1083 1486 1116 deinde,
1511 1084 1533 1112 si
1557 1084 1602 1112 Dei
1628 1085 1752 1112 timorem

956 1128 1127 1161 habuissent,
1152 1128 1326 1164 impudicitia:
1353 1137 1409 1157 suae
1429 1138 1572 1165 mtmquam
1592 1131 1753 1158 calumniam

954 1173 1148 1208 adjunxissent.
1165 1174 1282 1202 Infamia:
1297 1175 1322 1202 in
1337 1182 1402 1203 sene
1418 1175 1546 1203 indicium
1561 1180 1611 1209 cst,
1628 1176 1754 1211 juvenilis

956 1219 1047 1246 forma:
1060 1220 1207 1255 corruptio.

990 1264 1054 1292 Car.
1063 1273 1089 1292 v.
1097 1280 1132 1286 -—
1139 1265 1257 1294 Joannes
1265 1265 1309 1293 ille
1316 1273 1415 1302 genere
1421 1266 1529 1302 quidem
1537 1272 1596 1295 erat
1605 1268 1752 1296 Antioche-

955 1318 1006 1337 nus
1021 1310 1153 1346 (inortuus
1166 1312 1238 1339 enim
1251 1312 1315 1347 est),
1331 1317 1408 1340 natus
1420 1320 1436 1340 e
1447 1313 1612 1348 parentibus,
1621 1314 1665 1349 qui
1676 1315 1753 1342 nobi-

955 1356 1016 1384 liter
1024 1357 1148 1385 vixerunt
1157 1358 1183 1385 in
1192 1358 1281 1385 ofllcio
1288 1358 1407 1393 magistri
1418 1359 1532 1386 militum
1542 1359 1638 1396 Syriae,
1646 1360 1716 1396 patri
1727 1361 1752 1388 in

955 1403 1040 1430 lucem
1052 1403 1139 1430 editus
1159 1409 1220 1439 post
1230 1411 1362 1432 sororem.
1379 1403 1445 1432 Cum
1459 1410 1549 1432 autem
1561 1409 1634 1433 esset
1647 1406 1754 1440 ingenio

953 1448 1105 1481 solertiori,
1120 1449 1220 1476 sesein
1243 1448 1380 1476 literarum
1396 1449 1486 1477 studio
1508 1451 1632 1478 exercuit
1656 1451 1689 1478 ad
1705 1460 1750 1478 sa-

953 1501 1061 1522 crarum
1088 1494 1289 1529 Scripturarum
1315 1495 1504 1523 ministerium.
1520 1496 1588 1523 llinc
1611 1496 1703 1524 decem
1725 1502 1753 1524 et

954 1545 1015 1567 octo
1028 1547 1113 1567 annos
1127 1544 1220 1573 natus,
1243 1548 1258 1567 a
1279 1540 1417 1575 sophistis,
1433 1541 1478 1576 qui
1492 1542 1602 1569 voculas
1622 1547 1750 1577 captant,

954 1585 1065 1613 descivit
1081 1594 1088 1612 :
1103 1585 1147 1613 ubi
1173 1593 1237 1613 vero
1260 1591 1350 1614 mente
1365 1587 1433 1614 virili
1449 1586 1516 1620 fuit,
1541 1595 1633 1616 amore
1655 1593 1750 1624 captus

956 1635 998 1658 est
1018 1637 1154 1658 sacrarum
1173 1629 1334 1658 Literarum.
1348 1631 1465 1660 Praeerat
1478 1637 1540 1660 tunc
1554 1634 1683 1668 temporis
1694 1635 1744 1660 An-

955 1676 1085 1704 tiochena:
1099 1677 1226 1704 Ecclesia:
1239 1677 1333 1705 beatus
1344 1677 1466 1706 Meletius
1478 1678 1632 1710 Confessor,
1648 1687 1747 1714 genere

957 1721 1103 1749 Armenius
1121 1731 1128 1749 :
1143 1722 1189 1758 qui
1203 1723 1421 1751 animadvertens
1429 1724 1534 1758 juvenis
1545 1725 1617 1752 illius
1632 1725 1695 1752 felix
1709 1726 1749 1752 in-

953 1768 1077 1802 genium,
1095 1773 1122 1795 et
1137 1768 1336 1803 pulchritudine
1352 1771 1450 1797 mentis
1474 1771 1544 1798 illius
1564 1776 1673 1806 captus,
1689 1780 1751 1806 per-

954 1813 1078 1840 mittebat
1093 1814 1117 1840 ci
1133 1819 1162 1841 ut
1177 1821 1269 1842 secum
1285 1815 1391 1842 assidue
1404 1822 1567 1850 versaretur,
1584 1817 1683 1844 lumine
1694 1825 1750 1852 pro-

954 1858 1064 1894 phetico
1077 1860 1226 1894 prmvidens
1238 1860 1344 1895 juvenis
1360 1861 1431 1888 illius
1445 1870 1611 1890 successum.
1626 1862 1692 1890 Cum
1704 1871 1751 1891 νει

955 1911 986 1932 ro
1000 1908 1055 1931 tres
1067 1911 1152 1932 annos
1162 1905 1269 1933 assidue
1283 1906 1352 1940 apud
1368 1914 1428 1933 eum
1443 1907 1604 1940 mansisset,
1619 1915 1697 1935 sacro
1713 1911 1749 1935 ta-

955 1957 1036 1978 vacro
1051 1949 1087 1977 ab
1100 1950 1195 1978 eodem
1209 1951 1327 1978 initiatus
1339 1973 1347 1985 ,
1363 1952 1446 1980 lector
1461 1957 1642 1987 promovetur.
1652 1953 1747 1981 Verum

955 1996 1109 2031 impellente
1122 2003 1183 2024 eum
1198 1997 1288 2024 animo
1301 2019 1308 2029 ,
1324 2003 1351 2024 ut
1364 2002 1506 2026 contentus
1516 2006 1569 2026 non
1582 2003 1640 2026 erat
1651 2000 1747 2026 civita-

954 2043 988 2070 tis
1010 2043 1146 2070 lahoribus
1159 2064 1166 2076 ,
1191 2043 1216 2070 in
1239 2045 1336 2071 ardore
1357 2044 1522 2078 juventutis,
1546 2045 1651 2073 tametsi
1672 2054 1747 2073 mens

953 2096 1017 2116 sana
1031 2094 1103 2116 esset
1117 2110 1125 2121 ,
1141 2089 1172 2116 ad
1191 2089 1292 2117 vicinos
1309 2094 1412 2118 montes
1426 2091 1490 2118 adit.
1507 2091 1555 2119 llic
1573 2099 1634 2119 cum
1652 2092 1678 2119 in
1694 2093 1744 2127 Sy-

957 2142 1016 2161 rum
1042 2134 1184 2169 quemdam
1212 2135 1349 2163 incidisset
1377 2136 1555 2164 severissima:
1578 2137 1746 2165 continentia

953 2187 1046 2206 senem
1061 2201 1068 2212 ,
1091 2179 1199 2207 duriora
1216 2180 1276 2207 vitm
1301 2181 1359 2216 ejus
1386 2181 1505 2209 instituta
1529 2182 1647 2210 imitatur
1669 2191 1747 2210 annis

953 2230 1077 2260 quatuor,
1102 2233 1169 2260 quos
1192 2226 1262 2262 apud
1288 2227 1374 2261 ipsum
1388 2248 1396 2259 ,
1421 2227 1525 2254 luctans
1545 2236 1606 2255 cum
1627 2229 1745 2263 volupta-

955 2276 1009 2298 tum
1025 2272 1165 2304 cautibus,
1192 2272 1300 2307 exegit:
1316 2281 1382 2308 quas
1403 2273 1447 2301 ubi
1474 2274 1576 2301 fztcilius
1589 2296 1595 2306 ,
1619 2283 1672 2302 non
1695 2280 1747 2302 tam

955 2317 1044 2345 labore
1058 2325 1137 2352 quam
1154 2318 1264 2349 ratione,
1280 2319 1414 2353 superavit
1426 2340 1434 2352 ,
1451 2324 1505 2345 tmn
1520 2321 1632 2347 secessit
1647 2321 1672 2347 in
1686 2327 1745 2355 spe-

954 2363 1060 2391 luncam
1073 2364 1146 2390 solus
1158 2384 1166 2397 ,
1179 2363 1339 2392 delitescere
1349 2366 1470 2399 cupiens.
1485 2365 1540 2392 Illic
1562 2373 1647 2393 annos
1662 2375 1735 2394 mora

955 2414 997 2436 tus
1010 2415 1051 2436 cst
1063 2410 1130 2437 duos
1142 2431 1149 2442 ,
1161 2410 1258 2445 quibus
1273 2411 1403 2438 insomnis
1417 2415 1444 2438 ut
1459 2411 1599 2445 plurimum
1616 2412 1748 2446 perstitit,

953 2454 1052 2482 Christi
1079 2460 1287 2488 testamentum,
1310 2464 1364 2491 quo
1386 2457 1561 2490 ignorantiam
1584 2458 1747 2493 expelleret,

953 2500 1106 2529 addiscens.
1127 2500 1193 2529 Cum
1219 2507 1274 2529 toto
1293 2502 1339 2529 illo
1357 2502 1464 2530 biennio
1487 2511 1536 2530 nec
1553 2503 1685 2536 interdiu,
1701 2511 1749 2531 nec

954 2551 1033 2575 noctu
1045 2547 1216 2575 decubuissct
1232 2557 1238 2574 :
1253 2548 1374 2583 proxima
1388 2548 1473 2575 ventri
1488 2549 1512 2575 ei
1527 2554 1588 2576 sunt
1606 2554 1726 2577 emortua
1741 2571 1748 2581 ,

954 2592 1158 2628 lumborumque
1172 2593 1242 2621 vires
1258 2601 1311 2629 pra:
1332 2593 1431 2629 frigore
1446 2593 1602 2629 profligate.
1619 2594 1685 2621 Cum
1701 2602 1735 2621 au

954 2643 1007 2667 tem
1018 2638 1069 2666 sibi
1080 2645 1158 2674 opem
1169 2638 1239 2666 ferre
1249 2647 1301 2666 non
1313 2643 1421 2674 posset,
1433 2639 1526 2667 rursus
1539 2639 1748 2667 ecclesiasticum

954 2689 1059 2720 portum
1087 2685 1273 2720 apprehendit.
1298 2686 1384 2720 Atque
1408 2685 1433 2713 id
1455 2686 1552 2713 divina:
1574 2685 1748 2720 providentize

953 2740 1020 2766 opus
1035 2731 1101 2764 fuit,
1116 2739 1176 2767 qua:
1190 2732 1223 2759 ad
1234 2732 1374 2760 utilitatem
1394 2732 1520 2760 Ecclesia:
1535 2739 1596 2759 eum
1611 2739 1659 2766 per
1672 2731 1754 2758 inlir~

953 2778 1073 2806 [nitatem
1098 2786 1112 2805 a
1143 2778 1298 2805 monasticae
1323 2777 1386 2805 vita:
1410 2777 1548 2805 laboribus
1571 2777 1682 2804 retraxit
1697 2785 1704 2801 τ
1719 2781 1748 2804 ut

954 2825 1113 2854 necessitate
1124 2825 1285 2858 iinooditus,
1302 2832 1318 2852 a
1332 2825 1466 2859 speluncis
1483 2823 1650 2852 avelleretur.
1665 2823 1729 2851 Inde
1740 2843 1748 2854 ,
