2052 3113
271 123 301 149 19
902 124 1058 152 PALLADII
1079 125 1247 153 DIALOGL'S
1877 125 1911 152 20

272 183 409 213 postquam
421 178 496 205 altari
509 186 594 205 annos
607 179 724 214 quinque
739 180 914 207 ministrassct
929 200 935 211 ,
950 187 964 206 a
980 180 1062 207 Mele-

272 225 307 250 tio
321 224 450 251 diaconus
465 223 612 251 ordinatur.
637 224 769 251 Creterum
784 245 790 257 ,
815 231 874 251 cum
896 225 954 260 ejus
967 225 999 252 ad
1015 225 1064 251 do-

271 269 384 296 cendum
402 269 512 296 facultas
532 270 586 304 jam
613 269 819 302 inclaresceret,
845 275 871 297 et
893 270 1006 305 populus
1031 277 1064 298 ex

273 315 362 341 szeculi
378 315 559 342 amaritudine
577 315 745 342 dulcesceret
759 315 817 350 ejus
839 316 1042 343 conversatione
1059 325 1065 342 :

274 368 287 386 a
311 360 436 388 Flaviana
460 361 585 395 episcopo
608 361 748 396 presbyter
775 361 923 390 ordinatur.
948 362 1068 396 Cumque

275 406 415 432 duodecim
437 413 520 432 annos
541 406 567 432 in
589 406 709 433 Ecclesia
741 407 889 434 Antiochia:
906 406 1066 439 eﬁ'ulsissct,

275 456 366 477 macta
377 451 436 477 vine
446 458 536 477 norma
547 451 647 478 clcrtnn
658 452 864 480 Antiochensem
877 452 1004 479 illustrat:
1021 452 1068 479 hos

276 497 412 531 sapientia:
425 498 480 524 sale
494 497 633 529 condiens,
644 498 692 524 hos
703 498 821 526 doctrina
834 500 996 530 illuminans,
1010 499 1069 526 illos

279 543 394 576 Spiritus
409 544 493 570 sancti
505 543 626 571 laticihus
639 544 761 579 irrigans.
775 545 841 571 Dum
855 546 910 571 lucc
924 545 956 572 ad
972 545 1069 571 (Ihrisli

280 588 397 615 ﬁdelium
412 589 631 623 gubernationem
646 590 745 624 optime
759 589 798 617 sic
815 590 974 623 succedunt,
990 591 1070 616 mori-

281 640 324 661 tur
336 635 429 661 beatus
443 635 582 662 Nectarius
593 656 600 668 ,
617 636 757 670 episcopus
770 635 1070 670 Constantinopolitante

280 680 419 707 licclesite.
435 680 510 707 'l'unc
525 686 687 707 concurrunt
710 681 815 715 quidam
830 681 874 715 qui
899 689 950 707 nott
966 688 1070 715 qurere-

278 725 374 751 hantur
384 745 390 756 ,
403 726 549 752 ambientes
562 726 743 759 episcopatum
754 747 760 758 ,
777 726 824 752 viri
840 725 946 760 quidam
962 726 1071 753 ntinime

282 771 330 796 viri
342 791 349 802 ,
366 771 515 806 presbyteri
531 771 638 804 quidem
656 771 794 806 dignitate,
810 772 855 798 sed
869 771 1018 798 sacerdotio
1032 772 1072 798 in-

278 817 349 850 digni
367 817 425 843 :alii
439 818 593 852 prmtorium
610 818 749 852 fatigautes
762 839 769 851 ,
791 818 834 845 alii
858 818 935 845 donis
952 825 1070 845 corrum-

281 863 383 896 pcutes,
393 862 436 889 alii
449 871 511 889 vero
523 863 554 890 ad
568 863 652 897 plebis
665 863 745 890 etiam
757 871 841 898 genua
855 863 1069 898 procumbentes.

281 907 367 942 Super
381 907 422 934 Itis
430 914 612 935 commOvctur
623 908 832 935 orthodnxorum
847 909 968 943 popttltts,
985 909 1072 943 Impe-

283 957 398 980 t'atorctn
419 954 582 986 sollicitans,
611 955 752 981 sacerdotii
779 954 891 988 peritum
923 955 1071 989 requirens.

281 998 417 1025 Summam
438 1003 524 1026 autem
544 1008 634 1026 rcrttnt
653 1000 758 1027 tenebat
770 1001 912 1034 Eutropius
923 1000 1071 1033 eunuchus,

281 1045 439 1078 prmpositus
465 1046 532 1072 sacri
559 1046 686 1072 cubiculi.
717 1045 784 1073 Cum
812 1045 944 1073 Joannem
968 1051 1074 1081 optaret

281 1097 435 1124 praeponere
453 1091 553 1118 civitati
568 1092 646 1127 (ejus
661 1092 732 1119 enim
751 1092 835 1119 virtus
856 1097 917 1119 nota
929 1093 953 1120 ei
977 1092 1072 1125 fuerat,

279 1143 339 1161 cum
350 1136 628 1171 lmperatorisnegotia
638 1138 722 1171 ipsum
732 1137 763 1164 ad
777 1138 931 1164 interiorem
943 1138 1072 1165 orientem

280 1180 470 1215 aluhtxissent)
484 1201 491 1212 ,
507 1182 590 1209 ellicit
605 1183 662 1218 ipse
675 1188 704 1210 ut
718 1183 863 1218 Imperator
873 1184 964 1210 literas
976 1184 1074 1211 scribat

280 1227 313 1252 ad
334 1227 457 1254 comitem
473 1227 603 1261 Orientis,
620 1233 650 1255 ut
666 1229 726 1256 sine
745 1230 867 1263 strepitu,
889 1230 954 1257 ttiltil
967 1234 1075 1257 contur-

282 1273 347 1299 bans
369 1273 536 1301 Antiochiam
549 1295 556 1306 ,
573 1274 702 1302 Joannem
719 1275 862 1302 emitteret.
880 1276 903 1303 Is
917 1276 1005 1303 statim
1031 1285 1074 1303 ac-

282 1319 366 1353 ceptis
390 1319 490 1352 literis,
516 1320 638 1347 hortatur
662 1321 765 1355 ipsunt,
790 1326 817 1348 ut
841 1326 914 1348 extra
940 1321 1073 1349 civitatem

284 1373 367 1399 usque
391 1365 424 1391 ad
439 1366 578 1402 llarlyria.
598 1368 672 1400 juxta
692 1372 794 1401 portam
816 1367 1009 1395 Romanensem
1033 1368 1074 1395 tli—

282 1416 363 1442 ctam,
376 1411 453 1438 sistat
466 1419 494 1438 se
511 1421 516 1437 :
531 1417 557 1438 et
572 1411 683 1446 publica:
699 1412 788 1439 rltedrc
804 1413 968 1447 impositum,
989 1421 1073 1440 eunu—

283 1456 334 1482 rho
359 1456 391 1483 ad
423 1456 448 1483 id
475 1457 557 1484 misso
582 1465 641 1484 eum
666 1458 748 1485 tnilite
773 1458 889 1493 Magistri
916 1459 1006 1486 tradit.
1032 1460 1074 1486 Sic

284 1502 413 1528 adductus
441 1502 580 1529 ordinatur
605 1503 746 1538 episcopus
772 1504 1074 1539 Constantinopolitanm

283 1547 420 1574 Ecclesize.
436 1548 477 1575 Ab
496 1548 571 1575 initio
596 1548 675 1583 igitur
688 1549 861 1584 Theophilus,
880 1549 1074 1577 Alexandrinus

281 1593 438 1627 cpiscopus,
456 1600 514 1620 cum
533 1593 566 1620 ad
583 1594 642 1628 ejus
655 1594 847 1621 ordinationem
862 1596 992 1627 venisset,
1010 1596 1075 1623 irre-

283 1637 488 1672 prehensibilern
504 1638 561 1672 ejus
583 1638 707 1673 loquendi
722 1639 870 1666 libertatem
888 1639 997 1671 videns,
1018 1640 1074 1674 ejus

284 1683 450 1710 ordinatione
464 1684 631 1710 exanimatus
646 1691 696 1712 est.
721 1685 801 1712 Vafer
815 1685 885 1712 eniut
900 1690 940 1713 est
965 1693 998 1712 ex
1016 1685 1074 1719 ipso

284 1728 408 1762 adspectu
436 1738 442 1755 :
469 1729 601 1756 occultum
624 1730 693 1756 enini
716 1731 844 1766 cujusque
869 1730 984 1757 hominis
1007 1738 1072 1757 con-

283 1774 370 1801 silium
409 1779 435 1801 ct
466 1780 580 1802 mentem
610 1776 777 1811 dignoscere.
808 1777 885 1804 Duc.
920 1777 1070 1811 Exspecta.

282 1821 380 1854 Pater,
401 1826 430 1847 ιιι
455 1828 536 1855 pauca
559 1829 702 1856 opponam.
726 1822 812 1849 EPlSC.
827 1822 894 1855 Quid
917 1822 967 1849 hoc
985 1827 1072 1850 autetn

286 1866 399 1893 maxime
409 1872 449 1894 est
457 1867 468 1894 ἶ)
476 1867 550 1894 Duc.
562 1867 588 1894 Si
600 1867 660 1894 talis
670 1873 711 1895 est
721 1867 894 1902 Theophilus,
905 1872 934 1894 ut
943 1867 975 1894 ad
987 1868 1072 1894 solum

286 1913 439 1947 adspectum
463 1914 560 1940 mentis
575 1914 631 1941 acie
653 1913 741 1941 omnia
767 1914 902 1948 pervideat
919 1914 1074 1948 :quomodo

266 1992 269 1995 Ι
287 1958 430 1992 ignoravit,
454 1960 570 1994 expulso
590 1959 709 1991 Joanne,
732 1959 824 1986 orbem
850 1959 1002 1986 universum
1015 1967 1029 1986 a
1044 1967 1074 1987 se

284 2005 443 2032 turbandam
469 2005 546 2032 esse?
561 2005 650 2033 Ense.
667 2005 722 2032 lloc
736 2005 887 2032 mirandum
902 2013 953 2032 non
977 2010 1019 2033 est
1031 2027 1037 2036 .
1058 2014 1074 2032 ο

284 2051 393 2084 optime.
419 2051 523 2078 Etenim
542 2051 677 2079 daemones
688 2073 695 2084 ,
713 2052 757 2086 qui
771 2051 913 2079 adventum
926 2052 1073 2079 Servatoris

284 2095 453 2122 declararunt
463 2117 470 2129 ,
485 2097 641 2131 ignorarunt
651 2105 704 2125 ttno
715 2097 815 2124 Christi
829 2097 944 2124 ﬁdelium
960 2102 1031 2125 statu
1045 2106 1074 2126 se

288 2141 506 2176 constringendos
521 2150 593 2169 esse.
608 2142 684 2170 Duc.
703 2143 752 2171 Ubi
765 2147 852 2171 autem
864 2144 1014 2171 Servatoris
1028 2145 1075 2171 atl-

293 2191 394 2213 ;entum
409 2186 597 2214 declararunt?
613 2188 702 2215 Ense.
720 2189 786 2215 Cum
809 2189 978 2216 clamabant:
996 2189 1076 2216 Nori-

287 2240 341 2258 mus
352 2238 375 2258 te
386 2252 392 2264 ,
408 2233 451 2263 qui
464 2233 498 2260 ris
509 2254 516 2264 ,
531 2238 633 2260 sanctus
648 2233 694 2260 Dei
709 2243 717 2265 ;
733 2234 794 2269 quid
808 2235 894 2261 uenisti
905 2240 964 2261 ante
978 2239 1074 2269 tempus

289 2286 401 2311 .0rquere
413 2286 458 2305 nos
470 2278 573 2312 (Matt/1.
589 2279 615 2306 8.
631 2279 702 2314 99)?
719 2279 798 2307 Vides
810 2284 836 2306 ut
862 2284 923 2307 ante
941 2281 1076 2308 novissent

288 2331 337 2350 .tnn
360 2324 444 2350 solum
467 2330 587 2352 sanctum
601 2332 662 2352 eum
685 2333 763 2358 esse,
787 2325 833 2353 sed
849 2326 928 2353 etiam
948 2327 1074 2361 judicent.

267 2384 269 2387 -
288 2369 354 2402 Quid
368 2378 433 2397 vero
455 2371 548 2404 loquor
560 2370 593 2397 de
608 2371 791 2399 daemonibus?
811 2371 930 2400 infelices
952 2374 1076 2402 meretri-

285 2415 353 2442 cula:
366 2423 397 2442 ex
414 2416 548 2443 oculorum
564 2420 633 2443 statu
644 2421 732 2444 castos
743 2417 812 2444 viros
825 2418 985 2453 dignoscunt
995 2440 1001 2452 ,
1014 2427 1074 2447 eos-

287 2469 338 2495 que
351 2466 507 2488 aversantur
524 2471 530 2488 :
547 2467 575 2488 ut
588 2462 708 2490 inﬁrmus
720 2464 812 2490 oculus
833 2464 897 2491 solis
911 2465 1014 2492 radium
1027 2486 1033 2496 ,
1049 2471 1076 2493 et

288 2507 374 2533 vultur
389 2512 559 2542 unguentum.
579 2508 652 2536 Unde
671 2514 758 2536 autem
779 2510 961 2545 peccatoribus
983 2511 1076 2546 religio

286 2553 476 2580 abominationi
492 2558 550 2587 est,
566 2555 589 2581 si
601 2562 659 2581 eam
679 2563 731 2582 non
744 2556 871 2583 nossent?
884 2556 928 2584 Sic
942 2562 969 2584 ct
990 2557 1077 2584 Theo-

286 2598 374 2631 philus
386 2619 393 2631 ,
409 2606 440 2625 ex
457 2606 509 2633 qtto
524 2599 549 2626 in
564 2599 674 2627 Joannis
685 2600 811 2636 adspectu
825 2609 877 2629 non
894 2602 993 2630 invenit
1005 2603 1076 2637 quod

286 2643 370 2670 oculis
381 2645 435 2671 suis
449 2645 624 2679 responderet
634 2650 679 2673 aut
692 2652 795 2681 gratum
810 2652 894 2679 esset,
911 2648 1075 2682 conjectura.

287 2697 338 2716 non
358 2695 430 2717 certa
455 2691 564 2718 scientia
584 2693 746 2719 contrarium
769 2693 919 2728 suspicatus
933 2698 984 2720 est.
1000 2693 1074 2721 Duc.

290 2735 352 2763 Mira
366 2736 474 2769 dixisti,
489 2737 575 2765 l‘ater.
593 2737 647 2765 Cur
659 2746 722 2766 vero
738 2738 884 2766 obsistebat
901 2739 959 2772 ejus
970 2738 1076 2766 ordina-

287 2782 371 2809 tioni‘!
384 2783 470 2811 Ense.
485 2783 541 2811 Mos
557 2784 606 2818 ipsi
616 2784 677 2811 talis
690 2789 749 2812 erat
758 2805 765 2816 ,
779 2789 808 2811 ut
821 2784 904 2811 bonos
917 2788 944 2811 et
954 2784 1077 2812 eordatos

288 2837 339 2856 non
352 2829 504 2863 ordinaret,
518 2830 567 2857 nisi
583 2829 688 2861 quando
703 2837 750 2857 sua
761 2837 821 2857 eutn
835 2829 987 2864 conjectura
1002 2829 1076 2857 fefel-

1121 181 1195 208 lisset
1212 190 1218 208 :
1235 181 1358 208 ontnibus
1379 182 1510 216 imperare
1529 182 1618 209 volcn:
1636 187 1662 209 ut
1686 182 1815 217 stopidis,
1830 184 1910 209 satius

1117 227 1238 261 judicans
1268 227 1454 262 insipientibus
1474 228 1620 262 imperare,
1644 236 1721 262 quant
1745 228 1910 262 sapientibus

1121 279 1224 306 parere.
1241 273 1262 298 A
1278 272 1376 299 salubri
1400 276 1488 300 tamen
1512 273 1680 308 providentia
1703 273 1794 300 volens
1820 273 1912 300 nolens

1120 322 1260 352 superatus
1275 323 1324 345 est.
1342 318 1385 345 Sic
1401 318 1539 345 ordinatus
1555 318 1688 352 Joannes,
1710 326 1798 346 rerum
1821 326 1913 346 curam

1121 363 1287 398 aggreditur.
1315 372 1363 398 per
1386 365 1542 392 rationalem
1569 365 1683 391 ﬁstulam
1710 373 1772 392 oves
1801 365 1914 400 probare

1121 416 1242 436 exorsus.
1259 409 1329 435 Raro
1344 414 1432 436 attlem
1447 409 1575 437 adhibens
1589 411 1668 436 etiam
1683 410 1779 444 pedum
1794 411 1916 445 increpa-

1123 454 1217 485 tiones,
1231 455 1343 482 intendit
1355 462 1505 482 scrntonem
1526 455 1656 483 adversus
1670 456 1756 483 ﬁctam
1770 457 1914 490 sororiam,

1124 503 1153 526 ut
1167 504 1279 533 vocant,
1295 501 1357 527 vitro
1371 500 1524 528 societatem
1538 509 1545 533 ;
1569 509 1660 528 revera
1682 506 1768 529 autem
1789 502 1918 529 adverSus

1123 545 1327 573 inverccttndam
1339 550 1367 573 et
1384 546 1529 581 improbam
1540 548 1618 573 vitam
1629 555 1688 574 cum
1701 548 1856 575 mulieribus
1868 549 1918 575 illis

1122 597 1181 624 qu:c
1197 590 1320 617 dicurtur
1335 591 1542 618 subintroductre
1556 612 1563 624 ,
1578 592 1735 624 ostendens,
1754 593 1775 620 si
1787 594 1916 621 malorum

1123 635 1201 662 detur
1211 636 1293 670 optio,
1304 636 1427 663 meliores
1437 637 1495 663 istis
1503 637 1612 664 lenones
1621 644 1691 664 esse.
1705 637 1742 664 llli
1754 638 1824 665 enim
1836 639 1914 673 longe

1123 688 1137 707 a
1160 681 1322 708 medicorum
1340 681 1446 709 ofﬁcina
1468 682 1635 716 habitantes,
1658 682 1726 717 apud
1741 690 1769 710 se
1793 684 1914 711 morbum

1124 724 1239 758 habent,
1261 725 1308 753 sed
1330 726 1479 753 volentibus
1495 735 1501 752 :
1516 727 1541 753 lti
1555 732 1644 753 attlem
1661 727 1687 754 in
1703 727 1796 754 salutis
1811 728 1917 754 ofﬁcina

1124 770 1274 798 ltabitantes
1284 792 1290 803 ,
1304 772 1384 798 etiam
1410 779 1488 798 sanos
1502 771 1641 806 impellunt
1656 772 1687 798 ad
1706 773 1837 799 tnorlutm.
1857 773 1920 800 lnrle

1125 824 1186 851 pars
1200 817 1281 850 cleri,
1297 817 1407 845 minime
1422 818 1555 853 religiosa,
1568 826 1678 853 quzeque
1700 820 1791 846 morbo
1811 820 1855 846 illo
1878 825 1916 846 tc-

1125 863 1254 894 nchatur.
1279 868 1412 890 commota
1439 868 1490 890 est.
1521 863 1584 891 Post
1608 864 1737 898 ejusmodi
1763 872 1917 892 sermonem

1125 908 1275 942 aggreditur
1299 908 1451 943 injustitiam
1464 930 1470 942 ,
1486 909 1626 936 destruens
1645 910 1775 937 malorum
1798 911 1917 938 omniunt

1126 954 1293 987 tnetropolim
1307 974 1313 985 ,
1337 954 1492 986 avaritiam,
1510 960 1537 982 ttt
1560 955 1700 982 aediﬁcium
1724 956 1832 991 justitiw
1855 965 1918 984 cnu-

1125 1003 1250 1025 strueret.
1273 999 1329 1026 Iloc
1353 999 1424 1026 enim
1439 1000 1576 1034 proprium
1596 1005 1637 1027 est
1658 1002 1807 1035 sapientum
1833 1002 1919 1028 archi-

1127 1049 1256 1072 tectorum
1267 1065 1274 1077 ,
1289 1046 1362 1079 prius
1378 1045 1506 1072 mendacii
1520 1046 1659 1073 mdiﬁeium
1674 1046 1825 1079 destruere,
1841 1047 1917 1074 dein-

1125 1091 1159 1117 dc
1175 1091 1293 1118 veritatis
1306 1091 1395 1126 jacere
1409 1091 1578 1119 fundamenta
1592 1112 1599 1125 ,
1621 1096 1650 1119 ut
1664 1092 1761 1119 dicitur
1773 1093 1842 1128 apud
1858 1100 1919 1127 pro.

1127 1137 1232 1171 phetam
1246 1146 1252 1163 :
1267 1136 1389 1164 Constitui
1406 1142 1429 1164 te
1443 1145 1518 1172 super
1532 1142 1616 1172 gentes
1629 1142 1652 1164 et
1669 1146 1746 1173 regna
1759 1158 1765 1169 ,
1781 1143 1809 1164 ut
1827 1139 1919 1165 evellas

1127 1189 1148 1208 cl
1160 1183 1257 1217 planta
1268 1204 1274 1214 ,
1289 1188 1315 1209 ut
1329 1183 1443 1210 destruat
1462 1188 1485 1210 et
1498 1184 1636 1218 recedi/ire:
1655 1183 1727 1218 (Jer.
1751 1184 1775 1210 Ι.
1792 1183 1843 1219 l0)
1862 1192 1868 1216 ;
1886 1184 1919 1210 il-

1127 1227 1171 1254 lud
1185 1227 1290 1262 quidem
1302 1249 1309 1261 ,
1324 1233 1352 1255 ut
1374 1228 1506 1262 agricola;
1528 1228 1578 1255 hoc
1593 1233 1681 1255 autem
1696 1232 1724 1255 ut
1746 1228 1918 1255 architectus.

1128 1273 1166 1300 Ex
1184 1281 1216 1300 eo
1231 1281 1322 1300 rurstts
1338 1273 1508 1307 perturbatur
1521 1280 1581 1307 pars
1600 1280 1692 1300 eorum
1714 1273 1758 1308 qui
1780 1274 1916 1308 marsupia

1127 1323 1257 1353 spectant.
1275 1318 1337 1345 Post
1349 1318 1405 1345 hrcc
1424 1325 1514 1345 curam
1527 1318 1613 1345 victus
1635 1326 1726 1345 eorum
1743 1317 1839 1351 ltabet,
1855 1317 1919 1344 hor-

1128 1368 1186 1390 tans
1200 1371 1246 1390 eos
1262 1368 1289 1390 ttt
1304 1363 1422 1390 contenti
1441 1363 1494 1390 sint
1514 1363 1569 1390 suis
1589 1363 1722 1396 obsoniis,
1744 1371 1792 1390 nec
1805 1363 1917 1391 divitum

1127 1409 1234 1436 nidores
1247 1413 1407 1444 sequantur,
1424 1416 1457 1435 ne
1467 1429 1473 1440 ,
1488 1409 1550 1436 dum
1566 1409 1660 1436 dueetn
1675 1409 1773 1436 habent
1792 1409 1895 1436 fumum
1908 1430 1916 1442 ,

1128 1455 1339 1489 intemperantize
1355 1455 1406 1489 igni
1420 1455 1558 1481 tradantur
1570 1475 1576 1487 ,
1591 1454 1757 1482 adulatorum
1775 1460 1802 1482 et
1817 1455 1917 1489 parasi-

1127 1506 1212 1526 torum
1225 1501 1303 1526 vitam
1315 1500 1417 1527 sectati.
1431 1500 1496 1526 llinc
1508 1500 1626 1535 plerique
1636 1508 1651 1527 e
1664 1500 1817 1528 lurconibus
1828 1507 1918 1528 emer-

1126 1554 1188 1578 gere
1202 1546 1345 1581 incipiunt,
1371 1551 1396 1573 et
1421 1547 1579 1581 copulantur
1599 1547 1739 1574 calumnia:
1760 1546 1916 1574 artiﬁcibus.

1127 1592 1190 1618 Post
1204 1593 1260 1619 hmc
1272 1592 1403 1619 meononti
1419 1592 1521 1618 tabulas
1535 1597 1678 1625 scrutatur,
1689 1596 1716 1619 et
1726 1592 1826 1627 reperit
1839 1599 1914 1620 sum.

1121 1641 1182 1670 ptus
1190 1634 1479 1668 Ecclesiteinutilesmt
1492 1637 1584 1664 horum
1599 1637 1745 1665 subsidium
1757 1645 1864 1665 cessare
1873 1637 1917 1673 ju-

1128 1682 1180 1709 bet.
1195 1681 1272 1708 Vcnit
1285 1681 1345 1709 inde
1359 1682 1391 1709 ad
1405 1682 1595 1709 examinandos
1606 1687 1727 1717 sumptus
1738 1683 1873 1718 episcopi,
1889 1687 1916 1710 et

1128 1728 1227 1754 invenit
1242 1728 1409 1755 immodicam
1427 1728 1619 1763 profusionem;
1642 1733 1721 1764 atque
1736 1729 1841 1756 illorum
1854 1737 1918 1764 pro-

1127 1773 1199 1799 fusos
1214 1778 1333 1807 sumptus
1351 1774 1384 1801 ad
1396 1774 1577 1801 nosocornittm
1595 1774 1729 1801 transferri
1742 1774 1827 1809 jubet.
1844 1774 1913 1802 Cum

1127 1823 1213 1845 autern
1228 1819 1372 1846 necessitas
1391 1819 1578 1853 invalesecrct,
1594 1820 1667 1854 plura
1686 1821 1838 1847 nosocomia
1854 1820 1918 1847 tedi-

1129 1864 1204 1896 tlcat,
1218 1872 1375 1898 prreponens
1399 1865 1568 1900 presbyteros
1579 1865 1636 1900 pios
1647 1866 1731 1897 duos;
1748 1870 1877 1899 praeterea
1890 1870 1918 1892 et

1128 1909 1244 1936 ntedicos
1256 1914 1283 1937 et
1293 1917 1392 1945 coquos
1403 1915 1481 1945 atque
1491 1911 1575 1938 bonos
1585 1911 1694 1945 opiﬁces
1715 1918 1730 1938 e
1740 1911 1860 1938 cmlibum
1873 1918 1917 1938 or-

1126 1955 1188 1981 dine
1198 1955 1230 1982 ad
1239 1963 1331 1982 eorum
1341 1955 1515 1983 ministerium
1530 1965 1536 1983 :
1549 1960 1576 1983 ttt
1587 1956 1756 1983 advenientes
1766 1956 1884 1991 hospites
1892 1961 1919 1984 et

1128 2001 1220 2028 morbo
1233 2001 1346 2036 correpti
1359 2007 1525 2034 curarentur,
1537 2002 1616 2038 idque
1627 2010 1686 2030 cum
1698 2008 1806 2037 propter
1818 2002 1917 2029 bonum

1128 2047 1211 2082 ipsum
1223 2068 1230 2080 ,
1246 2052 1300 2073 tum
1314 2051 1422 2082 propter
1436 2047 1546 2083 gloriam
1558 2047 1715 2075 Servatoris.
1727 2047 1791 2074 Post
1807 2047 1858 2074 ltoe
1872 2047 1919 2073 ad-

1128 2099 1204 2121 vocat
1217 2094 1354 2121 viduarum
1370 2094 1508 2127 ordinem,
1523 2094 1692 2129 undiquaque
1709 2100 1833 2129 quaerens
1846 2100 1920 2128 qure-

1129 2148 1188 2166 nam
1215 2140 1283 2166 inter
1303 2147 1348 2167 eas
1362 2147 1414 2166 non
1431 2144 1502 2167 recte
1526 2140 1664 2172 viverent;
1682 2139 1742 2166 etsi
1758 2145 1824 2173 quas
1848 2139 1921 2165 inve-

1129 2185 1211 2212 nisset
1228 2185 1332 2219 corpori
1346 2185 1448 2212 deditas
1458 2206 1464 2217 ,
1483 2184 1642 2212 admonebat
1663 2188 1691 2211 ut
1702 2189 1747 2211 aut
1757 2184 1919 2218 jejunarent.

1128 2231 1291 2258 abstinentes
1305 2238 1318 2256 a
1335 2230 1435 2257 balneis
1455 2235 1533 2265 atque
1556 2230 1696 2264 exquisitis
1718 2229 1860 2261 vestibus;
1875 2234 1920 2255 ant

1129 2279 1248 2312 protinus
1271 2278 1303 2304 ad
1326 2277 1456 2305 secundas
1478 2277 1582 2311 nuptias
1606 2276 1800 2306 concederent,
1820 2283 1855 2302 ne
1878 2275 1920 2301 lex

1130 2323 1233 2351 Domini
1246 2323 1367 2358 injttriam
1381 2328 1523 2358 pateretur.
1544 2322 1644 2350 Deinde
1660 2321 1814 2349 hortabatur
1835 2328 1921 2356 popu-

1130 2370 1168 2397 los
1178 2390 1185 2401 ,
1198 2374 1227 2396 ut
1241 2370 1265 2396 in
1287 2369 1424 2396 nocturnis
1441 2368 1563 2404 precibus
1575 2368 1675 2395 assidui
1695 2371 1802 2400 essent,
1824 2365 1920 2392 hortnn

1129 2420 1217 2442 autem
1240 2423 1338 2442 uxores
1359 2414 1431 2441 domi
1458 2418 1613 2445 manerent,
1637 2420 1684 2440 eas
1707 2411 1824 2439 interdiu
1843 2418 1921 2438 orare

1129 2461 1273 2488 exhortans
1285 2481 1292 2493 ,
1307 2461 1376 2495 quod
1390 2461 1438 2487 viri
1455 2459 1571 2487 interdiu
1583 2466 1634 2486 non
1648 2461 1782 2485 vacarent.
1795 2456 1858 2484 lltec
1873 2463 1922 2482 att-

1131 2511 1182 2533 tcm
1196 2506 1285 2533 omnia
1305 2505 1437 2541 angebant
1451 2505 1656 2541 negligentiores
1675 2511 1690 2531 e
1704 2504 1793 2535 clero,
1813 2506 1920 2530 noctem

1130 2557 1211 2579 totam
1222 2552 1339 2579 dormire
1349 2552 1451 2579 solitos.
1464 2551 1527 2578 Post
1547 2551 1603 2578 luce
1617 2548 1791 2585 apprehendit
1803 2548 1918 2584 gladium

1130 2599 1344 2634 reprehensionis
1359 2598 1487 2626 adversus
1498 2598 1604 2629 divites,
1619 2597 1760 2624 abscessus
1780 2594 1862 2622 animi
1875 2601 1920 2621 eo-

1130 2653 1188 2672 rum
1204 2652 1297 2672 secans
1309 2664 1317 2677 ,
1334 2644 1508 2671 humilitatem
1522 2644 1595 2678 ipsos
1608 2643 1722 2670 edocens
1749 2645 1776 2669 et
1796 2648 1858 2668 eum
1873 2640 1920 2666 lto-

1130 2689 1245 2717 minibus
1258 2689 1367 2725 reliquis
1380 2689 1500 2716 modeste
1510 2696 1589 2723 agere
1599 2708 1605 2720 ,
1628 2688 1775 2722 apostolico
1800 2686 1918 2714 sermoni

1131 2743 1232 2763 morem
1247 2742 1341 2770 gerens
1350 2755 1358 2768 ,
1373 2735 1418 2770 qui
1432 2738 1474 2762 est
1487 2733 1521 2760 ad
1533 2733 1702 2760 Timotheum
1715 2741 1721 2759 :
1732 2730 1859 2759 Divitibus
1872 2731 1921 2757 hu-

1129 2783 1172 2817 ius
1184 2782 1269 2809 iaculi
1284 2781 1406 2817 precipe,
1418 2789 1468 2807 non
1483 2779 1589 2807 sublime
1606 2786 1704 2813 rapere,
1727 2785 1806 2812 neque
1820 2783 1920 2812 sperare

1133 2830 1158 2856 in
1173 2829 1267 2856 incerto
1288 2828 1433 2855 divitiarum
1447 2827 1471 2863 (l
1489 2825 1553 2854 Tim.
1570 2825 1597 2852 6.
1622 2825 1685 2860 l7).
1703 2822 1770 2852 Cum
1784 2822 1863 2859 igitur
1877 2828 1920 2849 res
