  <div class='ocr_page' id='page_1' title='image "/cluster/home/n/w/nwhite01/storage/ocr_20150623/47-48/njp.32101077772612/078.png"; bbox 0 0 2052 3113; ppageno 0'>
   <div class='ocr_carea' id='block_1_1' title="bbox 121 125 1761 158">
    <p class='ocr_par' dir='ltr' id='par_1_1' title="bbox 121 125 1761 158">
     <span class='ocr_line' id='line_1_1' title="bbox 121 125 1761 158; baseline 0.003 -6"><span class='ocrx_word' id='word_1_1' title='bbox 121 130 151 156; x_wconf 65' lang='grc'><strong>21</strong></span> <span class='ocrx_word' id='word_1_2' title='bbox 639 127 680 154; x_wconf 81' lang='lat' dir='ltr'><strong>DE</strong></span> <span class='ocrx_word' id='word_1_3' title='bbox 701 125 777 154; x_wconf 71' lang='lat' dir='ltr'><strong>\‘IT.\</strong></span> <span class='ocrx_word' id='word_1_4' title='bbox 799 127 826 154; x_wconf 87' lang='lat' dir='ltr'><strong>S.</strong></span> <span class='ocrx_word' id='word_1_5' title='bbox 847 126 983 153; x_wconf 68' lang='lat' dir='ltr'><strong>J().\NNIS</strong></span> <span class='ocrx_word' id='word_1_6' title='bbox 1002 126 1246 156; x_wconf 72' lang='lat' dir='ltr'><strong>Cl&#39;lliYSOSTOMI.</strong></span> <span class='ocrx_word' id='word_1_7' title='bbox 1728 131 1761 158; x_wconf 70' lang='lat'><strong>3‘1</strong></span> 
     </span>
    </p>
   </div>
   <div class='ocr_carea' id='block_1_2' title="bbox 123 183 916 218">
    <p class='ocr_par' dir='ltr' id='par_1_2' title="bbox 123 183 916 218">
     <span class='ocr_line' id='line_1_2' title="bbox 123 183 916 218; baseline -0.006 -4"><span class='ocrx_word' id='word_1_8' title='bbox 123 188 158 214; x_wconf 84' lang='lat' dir='ltr'><strong>ita</strong></span> <span class='ocrx_word' id='word_1_9' title='bbox 171 193 195 213; x_wconf 78' lang='grc' dir='ltr'><strong>εί</strong></span> <span class='ocrx_word' id='word_1_10' title='bbox 215 185 364 218; x_wconf 83' lang='lat' dir='ltr'><strong>haberent,</strong></span> <span class='ocrx_word' id='word_1_11' title='bbox 381 185 502 213; x_wconf 80' lang='lat' dir='ltr'><strong>Ecclesia</strong></span> <span class='ocrx_word' id='word_1_12' title='bbox 522 185 546 211; x_wconf 90' lang='lat' dir='ltr'><strong>in</strong></span> <span class='ocrx_word' id='word_1_13' title='bbox 563 184 617 211; x_wconf 84' lang='lat' dir='ltr'><strong>dies</strong></span> <span class='ocrx_word' id='word_1_14' title='bbox 632 183 814 211; x_wconf 73' lang='lat' dir='ltr'><strong>efl&#39;lorescmte</strong></span> <span class='ocrx_word' id='word_1_15' title='bbox 826 185 850 210; x_wconf 88' lang='lat' dir='ltr'><strong>lll</strong></span> <span class='ocrx_word' id='word_1_16' title='bbox 862 192 916 210; x_wconf 86' lang='lat' dir='ltr'><strong>nte-</strong></span> 
     </span>
    </p>
   </div>
   <div class='ocr_carea' id='block_1_3' title="bbox 123 229 915 264">
    <p class='ocr_par' dir='ltr' id='par_1_3' title="bbox 123 229 915 264">
     <span class='ocr_line' id='line_1_3' title="bbox 123 229 915 264; baseline -0.005 -6"><span class='ocrx_word' id='word_1_17' title='bbox 123 231 192 263; x_wconf 85' lang='lat' dir='ltr'><strong>lius,</strong></span> <span class='ocrx_word' id='word_1_18' title='bbox 205 235 233 258; x_wconf 82' lang='lat' dir='ltr'><strong>et</strong></span> <span class='ocrx_word' id='word_1_19' title='bbox 247 235 302 257; x_wconf 89' lang='lat' dir='ltr'><strong>tota</strong></span> <span class='ocrx_word' id='word_1_20' title='bbox 318 231 428 257; x_wconf 88' lang='lat' dir='ltr'><strong>civitate</strong></span> <span class='ocrx_word' id='word_1_21' title='bbox 444 230 470 256; x_wconf 91' lang='lat' dir='ltr'><strong>in</strong></span> <span class='ocrx_word' id='word_1_22' title='bbox 489 230 613 264; x_wconf 88' lang='lat' dir='ltr'><strong>pietatem</strong></span> <span class='ocrx_word' id='word_1_23' title='bbox 637 229 821 256; x_wconf 82' lang='lat' dir='ltr'><strong>transformata</strong></span> <span class='ocrx_word' id='word_1_24' title='bbox 834 249 841 261; x_wconf 89' lang='lat'><strong>,</strong></span> <span class='ocrx_word' id='word_1_25' title='bbox 858 229 915 255; x_wconf 91' lang='lat' dir='ltr'><strong>ani-</strong></span> 
     </span>
    </p>
   </div>
   <div class='ocr_carea' id='block_1_4' title="bbox 124 273 915 310">
    <p class='ocr_par' dir='ltr' id='par_1_4' title="bbox 124 273 915 310">
     <span class='ocr_line' id='line_1_4' title="bbox 124 273 915 310; baseline -0.004 -8"><span class='ocrx_word' id='word_1_26' title='bbox 124 276 269 309; x_wconf 71' lang='lat' dir='ltr'><strong>mabusqae</strong></span> <span class='ocrx_word' id='word_1_27' title='bbox 284 275 410 302; x_wconf 84' lang='lat' dir='ltr'><strong>castitate</strong></span> <span class='ocrx_word' id='word_1_28' title='bbox 425 279 453 301; x_wconf 91' lang='lat' dir='ltr'><strong>et</strong></span> <span class='ocrx_word' id='word_1_29' title='bbox 468 274 613 310; x_wconf 79' lang='lat' dir='ltr'><strong>pSuhnodia</strong></span> <span class='ocrx_word' id='word_1_30' title='bbox 637 273 840 306; x_wconf 80' lang='lat' dir='ltr'><strong>exsultantibus,</strong></span> <span class='ocrx_word' id='word_1_31' title='bbox 864 281 915 300; x_wconf 88' lang='lat' dir='ltr'><strong>non</strong></span> 
     </span>
    </p>
   </div>
   <div class='ocr_carea' id='block_1_5' title="bbox 125 318 916 353">
    <p class='ocr_par' dir='ltr' id='par_1_5' title="bbox 125 318 916 353">
     <span class='ocr_line' id='line_1_5' title="bbox 125 318 916 353; baseline -0.005 -5"><span class='ocrx_word' id='word_1_32' title='bbox 125 322 183 349; x_wconf 90' lang='lat' dir='ltr'><strong>tulit</strong></span> <span class='ocrx_word' id='word_1_33' title='bbox 198 322 330 347; x_wconf 88' lang='lat' dir='ltr'><strong>bonorum</strong></span> <span class='ocrx_word' id='word_1_34' title='bbox 345 327 409 347; x_wconf 86' lang='lat' dir='ltr'><strong>osor</strong></span> <span class='ocrx_word' id='word_1_35' title='bbox 421 320 524 346; x_wconf 61' lang='lat' dir='ltr'><strong>daemon</strong></span> <span class='ocrx_word' id='word_1_36' title='bbox 539 319 625 353; x_wconf 83' lang='lat' dir='ltr'><strong>fugam</strong></span> <span class='ocrx_word' id='word_1_37' title='bbox 640 326 730 346; x_wconf 89' lang='lat' dir='ltr'><strong>eorum</strong></span> <span class='ocrx_word' id='word_1_38' title='bbox 744 319 787 353; x_wconf 87' lang='lat' dir='ltr'><strong>qui</strong></span> <span class='ocrx_word' id='word_1_39' title='bbox 803 318 835 345; x_wconf 91' lang='lat' dir='ltr'><strong>ab</strong></span> <span class='ocrx_word' id='word_1_40' title='bbox 859 318 916 352; x_wconf 90' lang='lat' dir='ltr'><strong>ipso</strong></span> 
     </span>
    </p>
   </div>
   <div class='ocr_carea' id='block_1_6' title="bbox 124 364 916 400">
    <p class='ocr_par' dir='ltr' id='par_1_6' title="bbox 124 364 916 400">
     <span class='ocr_line' id='line_1_6' title="bbox 124 364 916 400; baseline -0.006 -5"><span class='ocrx_word' id='word_1_41' title='bbox 124 368 282 395; x_wconf 82' lang='lat' dir='ltr'><strong>tenebantur</strong></span> <span class='ocrx_word' id='word_1_42' title='bbox 293 387 300 398; x_wconf 84' lang='lat'><strong>,</strong></span> <span class='ocrx_word' id='word_1_43' title='bbox 311 374 379 400; x_wconf 92' lang='lat' dir='ltr'><strong>quos</strong></span> <span class='ocrx_word' id='word_1_44' title='bbox 393 366 497 392; x_wconf 86' lang='lat' dir='ltr'><strong>Domini</strong></span> <span class='ocrx_word' id='word_1_45' title='bbox 511 373 598 392; x_wconf 85' lang='lat' dir='ltr'><strong>sermo</strong></span> <span class='ocrx_word' id='word_1_46' title='bbox 610 373 656 400; x_wconf 93' lang='lat' dir='ltr'><strong>per</strong></span> <span class='ocrx_word' id='word_1_47' title='bbox 667 364 777 391; x_wconf 87' lang='lat' dir='ltr'><strong>Joannis</strong></span> <span class='ocrx_word' id='word_1_48' title='bbox 791 364 916 398; x_wconf 66' lang='lat' dir='ltr'><strong>praedica-</strong></span> 
     </span>
    </p>
   </div>
   <div class='ocr_carea' id='block_1_7' title="bbox 124 410 916 444">
    <p class='ocr_par' dir='ltr' id='par_1_7' title="bbox 124 410 916 444">
     <span class='ocr_line' id='line_1_7' title="bbox 124 410 916 444; baseline -0.005 -5"><span class='ocrx_word' id='word_1_49' title='bbox 124 414 221 440; x_wconf 87' lang='lat' dir='ltr'><strong>tionem</strong></span> <span class='ocrx_word' id='word_1_50' title='bbox 237 412 273 439; x_wconf 80' lang='lat' dir='ltr'><strong>ab</strong></span> <span class='ocrx_word' id='word_1_51' title='bbox 287 419 320 439; x_wconf 88' lang='lat' dir='ltr'><strong>eo</strong></span> <span class='ocrx_word' id='word_1_52' title='bbox 335 417 492 438; x_wconf 86' lang='lat' dir='ltr'><strong>amoverat:</strong></span> <span class='ocrx_word' id='word_1_53' title='bbox 509 411 542 438; x_wconf 78' lang='lat' dir='ltr'><strong>ita</strong></span> <span class='ocrx_word' id='word_1_54' title='bbox 557 415 585 437; x_wconf 92' lang='lat' dir='ltr'><strong>ut</strong></span> <span class='ocrx_word' id='word_1_55' title='bbox 597 410 641 444; x_wconf 92' lang='lat' dir='ltr'><strong>qui</strong></span> <span class='ocrx_word' id='word_1_56' title='bbox 660 410 722 437; x_wconf 86' lang='lat' dir='ltr'><strong>circi</strong></span> <span class='ocrx_word' id='word_1_57' title='bbox 742 418 831 437; x_wconf 89' lang='lat' dir='ltr'><strong>amore</strong></span> <span class='ocrx_word' id='word_1_58' title='bbox 847 410 916 436; x_wconf 90' lang='lat' dir='ltr'><strong>iusa-</strong></span> 
     </span>
    </p>
   </div>
   <div class='ocr_carea' id='block_1_8' title="bbox 122 455 916 490">
    <p class='ocr_par' dir='ltr' id='par_1_8' title="bbox 122 455 916 490">
     <span class='ocr_line' id='line_1_8' title="bbox 122 455 916 490; baseline -0.004 -6"><span class='ocrx_word' id='word_1_59' title='bbox 122 457 230 484; x_wconf 85' lang='lat' dir='ltr'><strong>niebant</strong></span> <span class='ocrx_word' id='word_1_60' title='bbox 254 462 282 484; x_wconf 89' lang='lat' dir='ltr'><strong>et</strong></span> <span class='ocrx_word' id='word_1_61' title='bbox 306 457 477 484; x_wconf 88' lang='lat' dir='ltr'><strong>tlteatralium</strong></span> <span class='ocrx_word' id='word_1_62' title='bbox 491 455 719 490; x_wconf 86' lang='lat' dir='ltr'><strong>spectaculorum,</strong></span> <span class='ocrx_word' id='word_1_63' title='bbox 741 455 839 482; x_wconf 79' lang='lat' dir='ltr'><strong>relictis</strong></span> <span class='ocrx_word' id='word_1_64' title='bbox 859 455 916 482; x_wconf 88' lang='lat' dir='ltr'><strong>dia—</strong></span> 
     </span>
    </p>
   </div>
   <div class='ocr_carea' id='block_1_9' title="bbox 123 501 914 535">
    <p class='ocr_par' dir='ltr' id='par_1_9' title="bbox 123 501 914 535">
     <span class='ocr_line' id='line_1_9' title="bbox 123 501 914 535; baseline -0.005 -4"><span class='ocrx_word' id='word_1_65' title='bbox 123 504 173 532; x_wconf 74' lang='lat' dir='ltr'><strong>boli</strong></span> <span class='ocrx_word' id='word_1_66' title='bbox 187 503 283 535; x_wconf 88' lang='lat' dir='ltr'><strong>atriis,</strong></span> <span class='ocrx_word' id='word_1_67' title='bbox 297 503 398 530; x_wconf 90' lang='lat' dir='ltr'><strong>cursim</strong></span> <span class='ocrx_word' id='word_1_68' title='bbox 413 503 447 529; x_wconf 92' lang='lat' dir='ltr'><strong>ad</strong></span> <span class='ocrx_word' id='word_1_69' title='bbox 460 502 548 530; x_wconf 94' lang='lat' dir='ltr'><strong>caulas</strong></span> <span class='ocrx_word' id='word_1_70' title='bbox 571 501 720 529; x_wconf 88' lang='lat' dir='ltr'><strong>Servatoris</strong></span> <span class='ocrx_word' id='word_1_71' title='bbox 741 503 896 528; x_wconf 72' lang='lat' dir='ltr'><strong>accederent</strong></span> <span class='ocrx_word' id='word_1_72' title='bbox 906 521 914 533; x_wconf 95' lang='lat'><strong>,</strong></span> 
     </span>
    </p>
   </div>
   <div class='ocr_carea' id='block_1_10' title="bbox 121 548 780 584">
    <p class='ocr_par' dir='ltr' id='par_1_10' title="bbox 121 548 780 584">
     <span class='ocr_line' id='line_1_10' title="bbox 121 548 780 584; baseline -0.005 -8"><span class='ocrx_word' id='word_1_73' title='bbox 121 550 189 584; x_wconf 84' lang='lat' dir='ltr'><strong>capti</strong></span> <span class='ocrx_word' id='word_1_74' title='bbox 205 556 299 576; x_wconf 83' lang='lat' dir='ltr'><strong>amore</strong></span> <span class='ocrx_word' id='word_1_75' title='bbox 315 549 411 575; x_wconf 72' lang='lat' dir='ltr'><strong>listulm</strong></span> <span class='ocrx_word' id='word_1_76' title='bbox 426 548 537 582; x_wconf 78' lang='lat' dir='ltr'><strong>pastoris</strong></span> <span class='ocrx_word' id='word_1_77' title='bbox 553 548 641 574; x_wconf 83' lang='lat' dir='ltr'><strong>ovium</strong></span> <span class='ocrx_word' id='word_1_78' title='bbox 657 548 780 574; x_wconf 90' lang='lat' dir='ltr'><strong>amantis.</strong></span> 
     </span>
    </p>
   </div>
   <div class='ocr_carea' id='block_1_11' title="bbox 155 595 916 628">
    <p class='ocr_par' dir='ltr' id='par_1_11' title="bbox 155 595 916 628">
     <span class='ocr_line' id='line_1_11' title="bbox 155 595 916 628; baseline -0.005 -6"><span class='ocrx_word' id='word_1_79' title='bbox 155 595 220 622; x_wconf 70' lang='lat' dir='ltr'><strong>(Ite.</strong></span> <span class='ocrx_word' id='word_1_80' title='bbox 237 603 310 621; x_wconf 86' lang='lat' dir='ltr'><strong>vt.—-—</strong></span> <span class='ocrx_word' id='word_1_81' title='bbox 324 595 363 622; x_wconf 82' lang='lat' dir='ltr'><strong>Ex</strong></span> <span class='ocrx_word' id='word_1_82' title='bbox 379 595 430 621; x_wconf 85' lang='lat' dir='ltr'><strong>hoc</strong></span> <span class='ocrx_word' id='word_1_83' title='bbox 453 595 677 621; x_wconf 71' lang='lat' dir='ltr'><strong>meroenariorum</strong></span> <span class='ocrx_word' id='word_1_84' title='bbox 689 597 824 628; x_wconf 82' lang='lat' dir='ltr'><strong>pastorum</strong></span> <span class='ocrx_word' id='word_1_85' title='bbox 841 601 916 619; x_wconf 90' lang='lat' dir='ltr'><strong>tuen-</strong></span> 
     </span>
    </p>
   </div>
   <div class='ocr_carea' id='block_1_12' title="bbox 121 638 913 674">
    <p class='ocr_par' dir='ltr' id='par_1_12' title="bbox 121 638 913 674">
     <span class='ocr_line' id='line_1_12' title="bbox 121 638 913 674; baseline -0.004 -7"><span class='ocrx_word' id='word_1_86' title='bbox 121 647 162 667; x_wconf 74' lang='lat' dir='ltr'><strong>tes</strong></span> <span class='ocrx_word' id='word_1_87' title='bbox 177 641 246 667; x_wconf 73' lang='lat' dir='ltr'><strong>livor</strong></span> <span class='ocrx_word' id='word_1_88' title='bbox 262 645 374 674; x_wconf 88' lang='lat' dir='ltr'><strong>occupat</strong></span> <span class='ocrx_word' id='word_1_89' title='bbox 387 660 394 671; x_wconf 89' lang='lat'><strong>,</strong></span> <span class='ocrx_word' id='word_1_90' title='bbox 411 640 456 674; x_wconf 86' lang='lat' dir='ltr'><strong>qui</strong></span> <span class='ocrx_word' id='word_1_91' title='bbox 471 647 502 666; x_wconf 78' lang='lat' dir='ltr'><strong>ex</strong></span> <span class='ocrx_word' id='word_1_92' title='bbox 519 639 715 674; x_wconf 79' lang='lat' dir='ltr'><strong>comparatione</strong></span> <span class='ocrx_word' id='word_1_93' title='bbox 727 638 913 673; x_wconf 76' lang='lat' dir='ltr'><strong>arguebantur.</strong></span> 
     </span>
    </p>
   </div>
   <div class='ocr_carea' id='block_1_13' title="bbox 119 684 914 721">
    <p class='ocr_par' dir='ltr' id='par_1_13' title="bbox 119 684 914 721">
     <span class='ocr_line' id='line_1_13' title="bbox 119 684 914 721; baseline -0.004 -7"><span class='ocrx_word' id='word_1_94' title='bbox 119 687 169 720; x_wconf 86' lang='lat' dir='ltr'><strong>Qui</strong></span> <span class='ocrx_word' id='word_1_95' title='bbox 184 694 246 714; x_wconf 90' lang='lat' dir='ltr'><strong>cum</strong></span> <span class='ocrx_word' id='word_1_96' title='bbox 257 694 320 714; x_wconf 87' lang='lat' dir='ltr'><strong>eum</strong></span> <span class='ocrx_word' id='word_1_97' title='bbox 335 694 462 721; x_wconf 90' lang='lat' dir='ltr'><strong>superare</strong></span> <span class='ocrx_word' id='word_1_98' title='bbox 477 693 529 712; x_wconf 91' lang='lat' dir='ltr'><strong>non</strong></span> <span class='ocrx_word' id='word_1_99' title='bbox 546 685 688 712; x_wconf 85' lang='lat' dir='ltr'><strong>valuissent</strong></span> <span class='ocrx_word' id='word_1_100' title='bbox 701 705 707 716; x_wconf 86' lang='lat'><strong>,</strong></span> <span class='ocrx_word' id='word_1_101' title='bbox 724 692 756 711; x_wconf 90' lang='lat' dir='ltr'><strong>eo</strong></span> <span class='ocrx_word' id='word_1_102' title='bbox 775 684 845 719; x_wconf 89' lang='lat' dir='ltr'><strong>quod</strong></span> <span class='ocrx_word' id='word_1_103' title='bbox 863 692 914 711; x_wconf 89' lang='lat' dir='ltr'><strong>non</strong></span> 
     </span>
    </p>
   </div>
   <div class='ocr_carea' id='block_1_14' title="bbox 119 729 912 760">
    <p class='ocr_par' dir='ltr' id='par_1_14' title="bbox 119 729 912 760">
     <span class='ocr_line' id='line_1_14' title="bbox 119 729 912 760; baseline -0.006 0"><span class='ocrx_word' id='word_1_104' title='bbox 119 732 282 760; x_wconf 81' lang='lat' dir='ltr'><strong>advocarent</strong></span> <span class='ocrx_word' id='word_1_105' title='bbox 298 731 406 759; x_wconf 75' lang='lat' dir='ltr'><strong>invidia:</strong></span> <span class='ocrx_word' id='word_1_106' title='bbox 418 731 610 759; x_wconf 82' lang='lat' dir='ltr'><strong>drstructorem</strong></span> <span class='ocrx_word' id='word_1_107' title='bbox 635 729 794 756; x_wconf 86' lang='lat' dir='ltr'><strong>Dominum:</strong></span> <span class='ocrx_word' id='word_1_108' title='bbox 812 729 912 755; x_wconf 88' lang='lat' dir='ltr'><strong>calum-</strong></span> 
     </span>
    </p>
   </div>
   <div class='ocr_carea' id='block_1_15' title="bbox 120 774 915 809">
    <p class='ocr_par' dir='ltr' id='par_1_15' title="bbox 120 774 915 809">
     <span class='ocr_line' id='line_1_15' title="bbox 120 774 915 809; baseline -0.005 -5"><span class='ocrx_word' id='word_1_109' title='bbox 120 778 177 804; x_wconf 81' lang='lat' dir='ltr'><strong>nias</strong></span> <span class='ocrx_word' id='word_1_110' title='bbox 192 781 304 804; x_wconf 88' lang='lat' dir='ltr'><strong>nectunt</strong></span> <span class='ocrx_word' id='word_1_111' title='bbox 317 777 444 804; x_wconf 83' lang='lat' dir='ltr'><strong>adversus</strong></span> <span class='ocrx_word' id='word_1_112' title='bbox 454 776 581 803; x_wconf 87' lang='lat' dir='ltr'><strong>Joannem</strong></span> <span class='ocrx_word' id='word_1_113' title='bbox 594 796 601 808; x_wconf 93' lang='lat'><strong>,</strong></span> <span class='ocrx_word' id='word_1_114' title='bbox 616 775 745 809; x_wconf 86' lang='lat' dir='ltr'><strong>aliquibus</strong></span> <span class='ocrx_word' id='word_1_115' title='bbox 758 774 815 809; x_wconf 83' lang='lat' dir='ltr'><strong>ejus</strong></span> <span class='ocrx_word' id='word_1_116' title='bbox 831 774 915 801; x_wconf 89' lang='lat' dir='ltr'><strong>homi-</strong></span> 
     </span>
    </p>
   </div>
   <div class='ocr_carea' id='block_1_16' title="bbox 120 819 913 856">
    <p class='ocr_par' dir='ltr' id='par_1_16' title="bbox 120 819 913 856">
     <span class='ocr_line' id='line_1_16' title="bbox 120 819 913 856; baseline -0.006 -6"><span class='ocrx_word' id='word_1_117' title='bbox 120 824 162 850; x_wconf 87' lang='lat' dir='ltr'><strong>liis</strong></span> <span class='ocrx_word' id='word_1_118' title='bbox 180 822 296 850; x_wconf 86' lang='lat' dir='ltr'><strong>detortis</strong></span> <span class='ocrx_word' id='word_1_119' title='bbox 318 823 343 848; x_wconf 89' lang='lat' dir='ltr'><strong>itt</strong></span> <span class='ocrx_word' id='word_1_120' title='bbox 361 823 437 856; x_wconf 88' lang='lat' dir='ltr'><strong>jocos</strong></span> <span class='ocrx_word' id='word_1_121' title='bbox 450 821 578 848; x_wconf 88' lang='lat' dir='ltr'><strong>adversus</strong></span> <span class='ocrx_word' id='word_1_122' title='bbox 590 820 735 854; x_wconf 50' lang='lat' dir='ltr'><strong>Augustam</strong></span> <span class='ocrx_word' id='word_1_123' title='bbox 756 824 782 846; x_wconf 91' lang='lat' dir='ltr'><strong>et</strong></span> <span class='ocrx_word' id='word_1_124' title='bbox 802 819 867 846; x_wconf 88' lang='lat' dir='ltr'><strong>alios</strong></span> <span class='ocrx_word' id='word_1_125' title='bbox 882 827 913 845; x_wconf 77' lang='lat' dir='ltr'><strong>ex</strong></span> 
     </span>
    </p>
   </div>
   <div class='ocr_carea' id='block_1_17' title="bbox 119 865 914 902">
    <p class='ocr_par' dir='ltr' id='par_1_17' title="bbox 119 865 914 902">
     <span class='ocr_line' id='line_1_17' title="bbox 119 865 914 902; baseline -0.006 -7"><span class='ocrx_word' id='word_1_126' title='bbox 119 869 179 895; x_wconf 89' lang='lat' dir='ltr'><strong>aula</strong></span> <span class='ocrx_word' id='word_1_127' title='bbox 193 867 380 902; x_wconf 82' lang='lat' dir='ltr'><strong>imperatoris.</strong></span> <span class='ocrx_word' id='word_1_128' title='bbox 392 867 508 902; x_wconf 83' lang='lat' dir='ltr'><strong>Contigit</strong></span> <span class='ocrx_word' id='word_1_129' title='bbox 520 872 606 893; x_wconf 86' lang='lat' dir='ltr'><strong>autem</strong></span> <span class='ocrx_word' id='word_1_130' title='bbox 620 871 647 893; x_wconf 90' lang='lat' dir='ltr'><strong>ut</strong></span> <span class='ocrx_word' id='word_1_131' title='bbox 660 865 685 892; x_wconf 90' lang='lat' dir='ltr'><strong>id</strong></span> <span class='ocrx_word' id='word_1_132' title='bbox 702 865 827 899; x_wconf 83' lang='lat' dir='ltr'><strong>temporis</strong></span> <span class='ocrx_word' id='word_1_133' title='bbox 847 865 914 891; x_wconf 84' lang='lat' dir='ltr'><strong>Aea-</strong></span> 
     </span>
    </p>
   </div>
   <div class='ocr_carea' id='block_1_18' title="bbox 119 910 913 949">
    <p class='ocr_par' dir='ltr' id='par_1_18' title="bbox 119 910 913 949">
     <span class='ocr_line' id='line_1_18' title="bbox 119 910 913 949; baseline -0.008 -7"><span class='ocrx_word' id='word_1_134' title='bbox 119 916 176 942; x_wconf 71' lang='lat' dir='ltr'><strong>cius</strong></span> <span class='ocrx_word' id='word_1_135' title='bbox 187 936 193 947; x_wconf 85' lang='lat'><strong>,</strong></span> <span class='ocrx_word' id='word_1_136' title='bbox 208 915 354 949; x_wconf 83' lang='lat' dir='ltr'><strong>episcopus</strong></span> <span class='ocrx_word' id='word_1_137' title='bbox 370 914 482 945; x_wconf 72' lang='lat' dir='ltr'><strong>Bermzr,</strong></span> <span class='ocrx_word' id='word_1_138' title='bbox 498 912 542 947; x_wconf 90' lang='lat' dir='ltr'><strong>qui</strong></span> <span class='ocrx_word' id='word_1_139' title='bbox 561 911 704 939; x_wconf 82' lang='lat' dir='ltr'><strong>advenerat</strong></span> <span class='ocrx_word' id='word_1_140' title='bbox 724 910 913 937; x_wconf 87' lang='lat' dir='ltr'><strong>Constantino-</strong></span> 
     </span>
    </p>
   </div>
   <div class='ocr_carea' id='block_1_19' title="bbox 120 957 912 996">
    <p class='ocr_par' dir='ltr' id='par_1_19' title="bbox 120 957 912 996">
     <span class='ocr_line' id='line_1_19' title="bbox 120 957 912 996; baseline -0.009 -8"><span class='ocrx_word' id='word_1_141' title='bbox 120 962 212 996; x_wconf 89' lang='lat' dir='ltr'><strong>polim,</strong></span> <span class='ocrx_word' id='word_1_142' title='bbox 222 961 430 995; x_wconf 83' lang='lat' dir='ltr'><strong>haudquaquam</strong></span> <span class='ocrx_word' id='word_1_143' title='bbox 442 960 538 986; x_wconf 91' lang='lat' dir='ltr'><strong>bonum</strong></span> <span class='ocrx_word' id='word_1_144' title='bbox 554 958 695 992; x_wconf 71' lang='lat' dir='ltr'><strong>hospitium</strong></span> <span class='ocrx_word' id='word_1_145' title='bbox 707 957 912 988; x_wconf 86' lang='lat' dir='ltr'><strong>nancisceretur,</strong></span> 
     </span>
    </p>
   </div>
   <div class='ocr_carea' id='block_1_20' title="bbox 119 1003 912 1039">
    <p class='ocr_par' dir='ltr' id='par_1_20' title="bbox 119 1003 912 1039">
     <span class='ocr_line' id='line_1_20' title="bbox 119 1003 912 1039; baseline -0.01 -4"><span class='ocrx_word' id='word_1_146' title='bbox 119 1014 146 1035; x_wconf 91' lang='lat' dir='ltr'><strong>ut</strong></span> <span class='ocrx_word' id='word_1_147' title='bbox 169 1008 278 1035; x_wconf 71' lang='lat' dir='ltr'><strong>ditebat</strong></span> <span class='ocrx_word' id='word_1_148' title='bbox 294 1029 301 1039; x_wconf 94' lang='lat'><strong>,</strong></span> <span class='ocrx_word' id='word_1_149' title='bbox 318 1012 344 1033; x_wconf 85' lang='lat' dir='ltr'><strong>et</strong></span> <span class='ocrx_word' id='word_1_150' title='bbox 370 1006 404 1032; x_wconf 91' lang='lat' dir='ltr'><strong>ob</strong></span> <span class='ocrx_word' id='word_1_151' title='bbox 428 1006 477 1033; x_wconf 89' lang='lat' dir='ltr'><strong>ltoc</strong></span> <span class='ocrx_word' id='word_1_152' title='bbox 498 1011 628 1035; x_wconf 70' lang='lat' dir='ltr'><strong>atterens.</strong></span> <span class='ocrx_word' id='word_1_153' title='bbox 645 1004 682 1030; x_wconf 87' lang='lat' dir='ltr'><strong>ira</strong></span> <span class='ocrx_word' id='word_1_154' title='bbox 705 1003 912 1033; x_wconf 84' lang='lat' dir='ltr'><strong>intnntescehat,</strong></span> 
     </span>
    </p>
   </div>
   <div class='ocr_carea' id='block_1_21' title="bbox 119 1049 913 1088">
    <p class='ocr_par' dir='ltr' id='par_1_21' title="bbox 119 1049 913 1088">
     <span class='ocr_line' id='line_1_21' title="bbox 119 1049 913 1088; baseline -0.008 -8"><span class='ocrx_word' id='word_1_155' title='bbox 119 1054 194 1088; x_wconf 83' lang='lat' dir='ltr'><strong>quasi</strong></span> <span class='ocrx_word' id='word_1_156' title='bbox 215 1053 356 1087; x_wconf 66' lang='lat' dir='ltr'><strong>neglectus</strong></span> <span class='ocrx_word' id='word_1_157' title='bbox 375 1059 389 1078; x_wconf 92' lang='lat' dir='ltr'><strong>a</strong></span> <span class='ocrx_word' id='word_1_158' title='bbox 405 1051 516 1079; x_wconf 88' lang='lat' dir='ltr'><strong>Joanne.</strong></span> <span class='ocrx_word' id='word_1_159' title='bbox 531 1050 738 1084; x_wconf 79' lang='lat' dir='ltr'><strong>Cogitationibus</strong></span> <span class='ocrx_word' id='word_1_160' title='bbox 760 1054 847 1075; x_wconf 87' lang='lat' dir='ltr'><strong>autem</strong></span> <span class='ocrx_word' id='word_1_161' title='bbox 863 1049 913 1075; x_wconf 88' lang='lat' dir='ltr'><strong>itu-</strong></span> 
     </span>
    </p>
   </div>
   <div class='ocr_carea' id='block_1_22' title="bbox 121 1089 915 1128">
    <p class='ocr_par' dir='ltr' id='par_1_22' title="bbox 121 1089 915 1128">
     <span class='ocr_line' id='line_1_22' title="bbox 121 1089 915 1128; baseline -0.006 -3"><span class='ocrx_word' id='word_1_162' title='bbox 121 1099 267 1125; x_wconf 78' lang='lat' dir='ltr'><strong>moderatis</strong></span> <span class='ocrx_word' id='word_1_163' title='bbox 293 1098 399 1128; x_wconf 78' lang='lat' dir='ltr'><strong>vietus,</strong></span> <span class='ocrx_word' id='word_1_164' title='bbox 426 1096 568 1123; x_wconf 38' lang='lat' dir='ltr'><strong>ab‘nrdum</strong></span> <span class='ocrx_word' id='word_1_165' title='bbox 602 1089 750 1122; x_wconf 77' lang='lat' dir='ltr'><strong>sermonem</strong></span> <span class='ocrx_word' id='word_1_166' title='bbox 776 1102 807 1121; x_wconf 88' lang='lat' dir='ltr'><strong>ex</strong></span> <span class='ocrx_word' id='word_1_167' title='bbox 834 1093 915 1120; x_wconf 92' lang='lat' dir='ltr'><strong>abun-</strong></span> 
     </span>
    </p>
   </div>
   <div class='ocr_carea' id='block_1_23' title="bbox 119 1140 914 1177">
    <p class='ocr_par' dir='ltr' id='par_1_23' title="bbox 119 1140 914 1177">
     <span class='ocr_line' id='line_1_23' title="bbox 119 1140 914 1177; baseline -0.008 -5"><span class='ocrx_word' id='word_1_168' title='bbox 119 1145 211 1172; x_wconf 83' lang='lat' dir='ltr'><strong>dantia</strong></span> <span class='ocrx_word' id='word_1_169' title='bbox 227 1145 317 1171; x_wconf 80' lang='lat' dir='ltr'><strong>cordis</strong></span> <span class='ocrx_word' id='word_1_170' title='bbox 333 1143 410 1171; x_wconf 69' lang='lat' dir='ltr'><strong>effort</strong></span> <span class='ocrx_word' id='word_1_171' title='bbox 425 1143 531 1177; x_wconf 84' lang='lat' dir='ltr'><strong>dignum</strong></span> <span class='ocrx_word' id='word_1_172' title='bbox 552 1150 598 1169; x_wconf 89' lang='lat' dir='ltr'><strong>sua</strong></span> <span class='ocrx_word' id='word_1_173' title='bbox 620 1146 708 1168; x_wconf 84' lang='lat' dir='ltr'><strong>tuente</strong></span> <span class='ocrx_word' id='word_1_174' title='bbox 721 1162 727 1173; x_wconf 90' lang='lat'><strong>,</strong></span> <span class='ocrx_word' id='word_1_175' title='bbox 741 1140 914 1175; x_wconf 67' lang='lat' dir='ltr'><strong>[triL‘SOIlllbuS</strong></span> 
     </span>
    </p>
   </div>
   <div class='ocr_carea' id='block_1_24' title="bbox 120 1185 914 1226">
    <p class='ocr_par' dir='ltr' id='par_1_24' title="bbox 120 1185 914 1226">
     <span class='ocr_line' id='line_1_24' title="bbox 120 1185 914 1226; baseline -0.008 -9"><span class='ocrx_word' id='word_1_176' title='bbox 120 1191 280 1226; x_wconf 78' lang='lat' dir='ltr'><strong>quibusdam</strong></span> <span class='ocrx_word' id='word_1_177' title='bbox 295 1190 407 1217; x_wconf 82' lang='lat' dir='ltr'><strong>Joannis</strong></span> <span class='ocrx_word' id='word_1_178' title='bbox 431 1188 535 1216; x_wconf 87' lang='lat' dir='ltr'><strong>clericis</strong></span> <span class='ocrx_word' id='word_1_179' title='bbox 546 1208 552 1220; x_wconf 91' lang='lat'><strong>,</strong></span> <span class='ocrx_word' id='word_1_180' title='bbox 573 1187 663 1214; x_wconf 87' lang='lat' dir='ltr'><strong>dicens</strong></span> <span class='ocrx_word' id='word_1_181' title='bbox 677 1195 683 1212; x_wconf 89' lang='lat'><strong>:</strong></span> <span class='ocrx_word' id='word_1_182' title='bbox 698 1187 754 1221; x_wconf 88' lang='lat' dir='ltr'><strong>Ego</strong></span> <span class='ocrx_word' id='word_1_183' title='bbox 766 1186 815 1220; x_wconf 83' lang='lat' dir='ltr'><strong>ipsi</strong></span> <span class='ocrx_word' id='word_1_184' title='bbox 834 1185 914 1212; x_wconf 89' lang='lat' dir='ltr'><strong>ollam</strong></span> 
     </span>
    </p>
   </div>
   <div class='ocr_carea' id='block_1_25' title="bbox 120 1232 914 1271">
    <p class='ocr_par' dir='ltr' id='par_1_25' title="bbox 120 1232 914 1271">
     <span class='ocr_line' id='line_1_25' title="bbox 120 1232 914 1271; baseline -0.009 -7"><span class='ocrx_word' id='word_1_185' title='bbox 120 1237 230 1264; x_wconf 81' lang='lat' dir='ltr'><strong>condio.</strong></span> <span class='ocrx_word' id='word_1_186' title='bbox 251 1236 355 1264; x_wconf 75' lang='lat' dir='ltr'><strong>Exinde</strong></span> <span class='ocrx_word' id='word_1_187' title='bbox 369 1236 450 1271; x_wconf 78' lang='lat' dir='ltr'><strong>igitur</strong></span> <span class='ocrx_word' id='word_1_188' title='bbox 463 1234 618 1269; x_wconf 87' lang='lat' dir='ltr'><strong>conjunetus</strong></span> <span class='ocrx_word' id='word_1_189' title='bbox 634 1237 674 1260; x_wconf 87' lang='lat' dir='ltr'><strong>est</strong></span> <span class='ocrx_word' id='word_1_190' title='bbox 687 1232 846 1263; x_wconf 86' lang='lat' dir='ltr'><strong>Severiano,</strong></span> <span class='ocrx_word' id='word_1_191' title='bbox 859 1232 914 1258; x_wconf 85' lang='lat' dir='ltr'><strong>An-</strong></span> 
     </span>
    </p>
   </div>
   <div class='ocr_carea' id='block_1_26' title="bbox 122 1277 914 1316">
    <p class='ocr_par' dir='ltr' id='par_1_26' title="bbox 122 1277 914 1316">
     <span class='ocr_line' id='line_1_26' title="bbox 122 1277 914 1316; baseline -0.008 -7"><span class='ocrx_word' id='word_1_192' title='bbox 122 1283 230 1314; x_wconf 86' lang='lat' dir='ltr'><strong>tiocho,</strong></span> <span class='ocrx_word' id='word_1_193' title='bbox 255 1282 355 1309; x_wconf 90' lang='lat' dir='ltr'><strong>Isaacio</strong></span> <span class='ocrx_word' id='word_1_194' title='bbox 373 1280 481 1316; x_wconf 81' lang='lat' dir='ltr'><strong>Syrisco</strong></span> <span class='ocrx_word' id='word_1_195' title='bbox 493 1301 500 1312; x_wconf 87' lang='lat'><strong>,</strong></span> <span class='ocrx_word' id='word_1_196' title='bbox 525 1278 732 1306; x_wconf 89' lang='lat' dir='ltr'><strong>circumforaneo</strong></span> <span class='ocrx_word' id='word_1_197' title='bbox 744 1298 751 1310; x_wconf 91' lang='lat'><strong>,</strong></span> <span class='ocrx_word' id='word_1_198' title='bbox 772 1277 914 1312; x_wconf 71' lang='lat' dir='ltr'><strong>prmposito</strong></span> 
     </span>
    </p>
   </div>
   <div class='ocr_carea' id='block_1_27' title="bbox 125 1323 914 1359">
    <p class='ocr_par' dir='ltr' id='par_1_27' title="bbox 125 1323 914 1359">
     <span class='ocr_line' id='line_1_27' title="bbox 125 1323 914 1359; baseline -0.008 -5"><span class='ocrx_word' id='word_1_199' title='bbox 125 1328 195 1354; x_wconf 78' lang='lat' dir='ltr'><strong>&#39;alsis</strong></span> <span class='ocrx_word' id='word_1_200' title='bbox 211 1327 358 1358; x_wconf 78' lang='lat' dir='ltr'><strong>monachis,</strong></span> <span class='ocrx_word' id='word_1_201' title='bbox 371 1327 433 1352; x_wconf 90' lang='lat' dir='ltr'><strong>trito</strong></span> <span class='ocrx_word' id='word_1_202' title='bbox 450 1326 474 1352; x_wconf 90' lang='lat' dir='ltr'><strong>in</strong></span> <span class='ocrx_word' id='word_1_203' title='bbox 487 1324 620 1359; x_wconf 85' lang='lat' dir='ltr'><strong>perpetuis</strong></span> <span class='ocrx_word' id='word_1_204' title='bbox 634 1323 762 1350; x_wconf 84' lang='lat' dir='ltr'><strong>adversus</strong></span> <span class='ocrx_word' id='word_1_205' title='bbox 776 1323 914 1357; x_wconf 82' lang='lat' dir='ltr'><strong>episcopos</strong></span> 
     </span>
    </p>
   </div>
   <div class='ocr_carea' id='block_1_28' title="bbox 120 1367 914 1399">
    <p class='ocr_par' dir='ltr' id='par_1_28' title="bbox 120 1367 914 1399">
     <span class='ocr_line' id='line_1_28' title="bbox 120 1367 914 1399; baseline -0.008 0"><span class='ocrx_word' id='word_1_206' title='bbox 120 1372 264 1399; x_wconf 58' lang='lat' dir='ltr'><strong>salunmiis</strong></span> <span class='ocrx_word' id='word_1_207' title='bbox 281 1381 287 1398; x_wconf 90' lang='lat'><strong><em>:</em></strong></span> <span class='ocrx_word' id='word_1_208' title='bbox 304 1372 456 1398; x_wconf 87' lang='lat' dir='ltr'><strong>deliberant</strong></span> <span class='ocrx_word' id='word_1_209' title='bbox 469 1370 565 1397; x_wconf 86' lang='lat' dir='ltr'><strong>armari</strong></span> <span class='ocrx_word' id='word_1_210' title='bbox 581 1369 680 1396; x_wconf 82' lang='lat' dir='ltr'><strong>scilicet</strong></span> <span class='ocrx_word' id='word_1_211' title='bbox 696 1368 822 1395; x_wconf 85' lang='lat' dir='ltr'><strong>adversus</strong></span> <span class='ocrx_word' id='word_1_212' title='bbox 835 1367 914 1395; x_wconf 88' lang='lat' dir='ltr'><strong>Joan-</strong></span> 
     </span>
    </p>
   </div>
   <div class='ocr_carea' id='block_1_29' title="bbox 123 1411 914 1450">
    <p class='ocr_par' dir='ltr' id='par_1_29' title="bbox 123 1411 914 1450">
     <span class='ocr_line' id='line_1_29' title="bbox 123 1411 914 1450; baseline -0.008 -6"><span class='ocrx_word' id='word_1_213' title='bbox 123 1426 185 1444; x_wconf 63' lang='lat' dir='ltr'><strong>nrm</strong></span> <span class='ocrx_word' id='word_1_214' title='bbox 199 1426 206 1450; x_wconf 88' lang='lat'><strong>;</strong></span> <span class='ocrx_word' id='word_1_215' title='bbox 221 1425 312 1445; x_wconf 78' lang='lat' dir='ltr'><strong>revera</strong></span> <span class='ocrx_word' id='word_1_216' title='bbox 326 1421 414 1443; x_wconf 83' lang='lat' dir='ltr'><strong>autem</strong></span> <span class='ocrx_word' id='word_1_217' title='bbox 431 1421 522 1443; x_wconf 88' lang='lat' dir='ltr'><strong>contra</strong></span> <span class='ocrx_word' id='word_1_218' title='bbox 536 1414 646 1450; x_wconf 77' lang='lat' dir='ltr'><strong>gloriam</strong></span> <span class='ocrx_word' id='word_1_219' title='bbox 662 1413 819 1441; x_wconf 86' lang='lat' dir='ltr'><strong>Servatoris.</strong></span> <span class='ocrx_word' id='word_1_220' title='bbox 831 1411 914 1439; x_wconf 68' lang='lat' dir='ltr'><strong>(la-te-</strong></span> 
     </span>
    </p>
   </div>
   <div class='ocr_carea' id='block_1_30' title="bbox 124 1457 916 1495">
    <p class='ocr_par' dir='ltr' id='par_1_30' title="bbox 124 1457 916 1495">
     <span class='ocr_line' id='line_1_30' title="bbox 124 1457 916 1495; baseline -0.009 -6"><span class='ocrx_word' id='word_1_221' title='bbox 124 1470 203 1494; x_wconf 88' lang='lat' dir='ltr'><strong>rutn,</strong></span> <span class='ocrx_word' id='word_1_222' title='bbox 227 1470 287 1489; x_wconf 90' lang='lat' dir='ltr'><strong>cum</strong></span> <span class='ocrx_word' id='word_1_223' title='bbox 313 1461 450 1488; x_wconf 84' lang='lat' dir='ltr'><strong>misissent</strong></span> <span class='ocrx_word' id='word_1_224' title='bbox 476 1460 590 1495; x_wconf 89' lang='lat' dir='ltr'><strong>primtttn</strong></span> <span class='ocrx_word' id='word_1_225' title='bbox 615 1459 801 1490; x_wconf 80' lang='lat' dir='ltr'><strong>Antiochiam,</strong></span> <span class='ocrx_word' id='word_1_226' title='bbox 830 1457 916 1483; x_wconf 71' lang='lat' dir='ltr'><strong>adole-</strong></span> 
     </span>
    </p>
   </div>
   <div class='ocr_carea' id='block_1_31' title="bbox 123 1503 915 1541">
    <p class='ocr_par' dir='ltr' id='par_1_31' title="bbox 123 1503 915 1541">
     <span class='ocr_line' id='line_1_31' title="bbox 123 1503 915 1541; baseline -0.008 -7"><span class='ocrx_word' id='word_1_227' title='bbox 123 1508 233 1534; x_wconf 81' lang='lat' dir='ltr'><strong>scentia:</strong></span> <span class='ocrx_word' id='word_1_228' title='bbox 249 1507 307 1541; x_wconf 90' lang='lat' dir='ltr'><strong>ejus</strong></span> <span class='ocrx_word' id='word_1_229' title='bbox 325 1506 422 1533; x_wconf 87' lang='lat' dir='ltr'><strong>delicta</strong></span> <span class='ocrx_word' id='word_1_230' title='bbox 447 1506 609 1540; x_wconf 87' lang='lat' dir='ltr'><strong>perquirunt.</strong></span> <span class='ocrx_word' id='word_1_231' title='bbox 623 1504 671 1531; x_wconf 82' lang='lat' dir='ltr'><strong>Ubi</strong></span> <span class='ocrx_word' id='word_1_232' title='bbox 687 1511 749 1530; x_wconf 91' lang='lat' dir='ltr'><strong>vero</strong></span> <span class='ocrx_word' id='word_1_233' title='bbox 773 1503 915 1536; x_wconf 74' lang='lat' dir='ltr'><strong>defecerunt</strong></span> 
     </span>
    </p>
   </div>
   <div class='ocr_carea' id='block_1_32' title="bbox 124 1549 915 1586">
    <p class='ocr_par' dir='ltr' id='par_1_32' title="bbox 124 1549 915 1586">
     <span class='ocr_line' id='line_1_32' title="bbox 124 1549 915 1586; baseline -0.005 -7"><span class='ocrx_word' id='word_1_234' title='bbox 124 1557 263 1579; x_wconf 76' lang='lat' dir='ltr'><strong>srrulantcs</strong></span> <span class='ocrx_word' id='word_1_235' title='bbox 285 1552 452 1579; x_wconf 73' lang='lat' dir='ltr'><strong>scrutationea</strong></span> <span class='ocrx_word' id='word_1_236' title='bbox 466 1550 549 1586; x_wconf 78' lang='lat' dir='ltr'><strong>(Psal.</strong></span> <span class='ocrx_word' id='word_1_237' title='bbox 566 1550 609 1577; x_wconf 80' lang='lat'><strong>63.</strong></span> <span class='ocrx_word' id='word_1_238' title='bbox 625 1550 663 1584; x_wconf 78' lang='grc' dir='ltr'><strong>Τ),</strong></span> <span class='ocrx_word' id='word_1_239' title='bbox 677 1555 702 1577; x_wconf 89' lang='lat' dir='ltr'><strong>et</strong></span> <span class='ocrx_word' id='word_1_240' title='bbox 723 1549 787 1576; x_wconf 84' lang='lat' dir='ltr'><strong>nihil</strong></span> <span class='ocrx_word' id='word_1_241' title='bbox 808 1549 915 1576; x_wconf 91' lang='lat' dir='ltr'><strong>invene-</strong></span> 
     </span>
    </p>
   </div>
   <div class='ocr_carea' id='block_1_33' title="bbox 126 1593 913 1629">
    <p class='ocr_par' dir='ltr' id='par_1_33' title="bbox 126 1593 913 1629">
     <span class='ocr_line' id='line_1_33' title="bbox 126 1593 913 1629; baseline -0.006 -5"><span class='ocrx_word' id='word_1_242' title='bbox 126 1603 204 1629; x_wconf 88' lang='lat' dir='ltr'><strong>runt,</strong></span> <span class='ocrx_word' id='word_1_243' title='bbox 221 1598 329 1624; x_wconf 91' lang='lat' dir='ltr'><strong>mittunt</strong></span> <span class='ocrx_word' id='word_1_244' title='bbox 343 1596 530 1624; x_wconf 82' lang='lat' dir='ltr'><strong>Alexandriam</strong></span> <span class='ocrx_word' id='word_1_245' title='bbox 556 1595 589 1622; x_wconf 87' lang='lat' dir='ltr'><strong>ad</strong></span> <span class='ocrx_word' id='word_1_246' title='bbox 605 1595 743 1629; x_wconf 87' lang='lat' dir='ltr'><strong>Tlteopltili</strong></span> <span class='ocrx_word' id='word_1_247' title='bbox 763 1593 891 1621; x_wconf 88' lang='lat' dir='ltr'><strong>vafritiem</strong></span> <span class='ocrx_word' id='word_1_248' title='bbox 907 1615 913 1626; x_wconf 92' lang='lat'><strong>,</strong></span> 
     </span>
    </p>
   </div>
   <div class='ocr_carea' id='block_1_34' title="bbox 124 1639 916 1677">
    <p class='ocr_par' dir='ltr' id='par_1_34' title="bbox 124 1639 916 1677">
     <span class='ocr_line' id='line_1_34' title="bbox 124 1639 916 1677; baseline -0.004 -9"><span class='ocrx_word' id='word_1_249' title='bbox 124 1643 168 1677; x_wconf 90' lang='lat' dir='ltr'><strong>qui</strong></span> <span class='ocrx_word' id='word_1_250' title='bbox 184 1643 320 1670; x_wconf 86' lang='lat' dir='ltr'><strong>dicebatur</strong></span> <span class='ocrx_word' id='word_1_251' title='bbox 331 1641 484 1673; x_wconf 79' lang='lat' dir='ltr'><strong>Cat/turnus,</strong></span> <span class='ocrx_word' id='word_1_252' title='bbox 495 1640 600 1667; x_wconf 77' lang='lat' dir='ltr'><strong>solertis</strong></span> <span class='ocrx_word' id='word_1_253' title='bbox 617 1641 677 1668; x_wconf 90' lang='lat' dir='ltr'><strong>talia</strong></span> <span class='ocrx_word' id='word_1_254' title='bbox 688 1639 774 1666; x_wconf 88' lang='lat' dir='ltr'><strong>tuoliri</strong></span> <span class='ocrx_word' id='word_1_255' title='bbox 791 1649 796 1666; x_wconf 90' lang='lat'><strong>:</strong></span> <span class='ocrx_word' id='word_1_256' title='bbox 811 1639 855 1674; x_wconf 89' lang='lat' dir='ltr'><strong>qui</strong></span> <span class='ocrx_word' id='word_1_257' title='bbox 867 1643 916 1665; x_wconf 87' lang='lat' dir='ltr'><strong>sta-</strong></span> 
     </span>
    </p>
   </div>
   <div class='ocr_carea' id='block_1_35' title="bbox 126 1685 914 1723">
    <p class='ocr_par' dir='ltr' id='par_1_35' title="bbox 126 1685 914 1723">
     <span class='ocr_line' id='line_1_35' title="bbox 126 1685 914 1723; baseline -0.004 -8"><span class='ocrx_word' id='word_1_258' title='bbox 126 1691 172 1716; x_wconf 88' lang='lat' dir='ltr'><strong>tim</strong></span> <span class='ocrx_word' id='word_1_259' title='bbox 187 1689 315 1723; x_wconf 85' lang='lat' dir='ltr'><strong>replicans</strong></span> <span class='ocrx_word' id='word_1_260' title='bbox 326 1689 425 1715; x_wconf 88' lang='lat' dir='ltr'><strong>mentis</strong></span> <span class='ocrx_word' id='word_1_261' title='bbox 440 1695 493 1715; x_wconf 68' lang='lat' dir='ltr'><strong>suae</strong></span> <span class='ocrx_word' id='word_1_262' title='bbox 504 1687 635 1714; x_wconf 88' lang='lat' dir='ltr'><strong>volumina</strong></span> <span class='ocrx_word' id='word_1_263' title='bbox 649 1694 708 1713; x_wconf 92' lang='lat' dir='ltr'><strong>eum</strong></span> <span class='ocrx_word' id='word_1_264' title='bbox 721 1686 774 1712; x_wconf 88' lang='lat' dir='ltr'><strong>otio</strong></span> <span class='ocrx_word' id='word_1_265' title='bbox 789 1690 815 1713; x_wconf 89' lang='lat' dir='ltr'><strong>et</strong></span> <span class='ocrx_word' id='word_1_266' title='bbox 827 1685 914 1720; x_wconf 89' lang='lat' dir='ltr'><strong>quiete</strong></span> 
     </span>
    </p>
   </div>
   <div class='ocr_carea' id='block_1_36' title="bbox 126 1731 913 1769">
    <p class='ocr_par' dir='ltr' id='par_1_36' title="bbox 126 1731 913 1769">
     <span class='ocr_line' id='line_1_36' title="bbox 126 1731 913 1769; baseline -0.006 -8"><span class='ocrx_word' id='word_1_267' title='bbox 126 1735 291 1767; x_wconf 65' lang='lat' dir='ltr'><strong>latrocinali,</strong></span> <span class='ocrx_word' id='word_1_268' title='bbox 306 1734 425 1769; x_wconf 79' lang='lat' dir='ltr'><strong>cujusvis</strong></span> <span class='ocrx_word' id='word_1_269' title='bbox 449 1733 528 1760; x_wconf 88' lang='lat' dir='ltr'><strong>etiam</strong></span> <span class='ocrx_word' id='word_1_270' title='bbox 554 1736 698 1767; x_wconf 73' lang='lat' dir='ltr'><strong>pra-textus</strong></span> <span class='ocrx_word' id='word_1_271' title='bbox 718 1732 832 1766; x_wconf 89' lang='lat' dir='ltr'><strong>speciem</strong></span> <span class='ocrx_word' id='word_1_272' title='bbox 853 1731 913 1757; x_wconf 90' lang='lat' dir='ltr'><strong>dili-</strong></span> 
     </span>
    </p>
   </div>
   <div class='ocr_carea' id='block_1_37' title="bbox 124 1776 914 1814">
    <p class='ocr_par' dir='ltr' id='par_1_37' title="bbox 124 1776 914 1814">
     <span class='ocr_line' id='line_1_37' title="bbox 124 1776 914 1814; baseline -0.005 -7"><span class='ocrx_word' id='word_1_273' title='bbox 124 1785 218 1814; x_wconf 80' lang='lat' dir='ltr'><strong>genter</strong></span> <span class='ocrx_word' id='word_1_274' title='bbox 240 1779 466 1814; x_wconf 87' lang='lat' dir='ltr'><strong>perscrutabatur.</strong></span> <span class='ocrx_word' id='word_1_275' title='bbox 483 1779 556 1805; x_wconf 73' lang='lat' dir='ltr'><strong>Duc.</strong></span> <span class='ocrx_word' id='word_1_276' title='bbox 573 1778 657 1810; x_wconf 86' lang='lat' dir='ltr'><strong>Siste,</strong></span> <span class='ocrx_word' id='word_1_277' title='bbox 675 1777 771 1811; x_wconf 82' lang='lat' dir='ltr'><strong>Pater,</strong></span> <span class='ocrx_word' id='word_1_278' title='bbox 784 1776 914 1803; x_wconf 77' lang='lat' dir='ltr'><strong>sermonis</strong></span> 
     </span>
    </p>
   </div>
   <div class='ocr_carea' id='block_1_38' title="bbox 126 1822 915 1859">
    <p class='ocr_par' dir='ltr' id='par_1_38' title="bbox 126 1822 915 1859">
     <span class='ocr_line' id='line_1_38' title="bbox 126 1822 915 1859; baseline -0.005 -8"><span class='ocrx_word' id='word_1_279' title='bbox 126 1827 161 1852; x_wconf 88' lang='lat' dir='ltr'><strong>tui</strong></span> <span class='ocrx_word' id='word_1_280' title='bbox 176 1833 282 1852; x_wconf 88' lang='lat' dir='ltr'><strong>cursum</strong></span> <span class='ocrx_word' id='word_1_281' title='bbox 295 1846 302 1857; x_wconf 90' lang='lat'><strong>,</strong></span> <span class='ocrx_word' id='word_1_282' title='bbox 317 1829 461 1859; x_wconf 84' lang='lat' dir='ltr'><strong>antequam</strong></span> <span class='ocrx_word' id='word_1_283' title='bbox 474 1824 627 1856; x_wconf 86' lang='lat' dir='ltr'><strong>obliviscar,</strong></span> <span class='ocrx_word' id='word_1_284' title='bbox 645 1827 673 1850; x_wconf 90' lang='lat' dir='ltr'><strong>ut</strong></span> <span class='ocrx_word' id='word_1_285' title='bbox 687 1822 731 1849; x_wconf 88' lang='lat' dir='ltr'><strong>tibi</strong></span> <span class='ocrx_word' id='word_1_286' title='bbox 747 1822 833 1849; x_wconf 87' lang='lat' dir='ltr'><strong>dicattt</strong></span> <span class='ocrx_word' id='word_1_287' title='bbox 853 1829 915 1848; x_wconf 84' lang='lat' dir='ltr'><strong>cau—</strong></span> 
     </span>
    </p>
   </div>
   <div class='ocr_carea' id='block_1_39' title="bbox 125 1868 913 1906">
    <p class='ocr_par' dir='ltr' id='par_1_39' title="bbox 125 1868 913 1906">
     <span class='ocr_line' id='line_1_39' title="bbox 125 1868 913 1906; baseline -0.004 -9"><span class='ocrx_word' id='word_1_288' title='bbox 125 1879 182 1898; x_wconf 87' lang='lat' dir='ltr'><strong>sam</strong></span> <span class='ocrx_word' id='word_1_289' title='bbox 195 1892 201 1902; x_wconf 85' lang='lat'><strong>,</strong></span> <span class='ocrx_word' id='word_1_290' title='bbox 216 1879 276 1906; x_wconf 82' lang='lat' dir='ltr'><strong>qua:</strong></span> <span class='ocrx_word' id='word_1_291' title='bbox 290 1871 322 1897; x_wconf 88' lang='lat' dir='ltr'><strong>ad</strong></span> <span class='ocrx_word' id='word_1_292' title='bbox 338 1878 385 1898; x_wconf 91' lang='lat' dir='ltr'><strong>nos</strong></span> <span class='ocrx_word' id='word_1_293' title='bbox 401 1877 483 1904; x_wconf 88' lang='lat' dir='ltr'><strong>usque</strong></span> <span class='ocrx_word' id='word_1_294' title='bbox 498 1868 657 1896; x_wconf 80' lang='lat' dir='ltr'><strong>Alexandria</strong></span> <span class='ocrx_word' id='word_1_295' title='bbox 681 1869 801 1903; x_wconf 81' lang='lat' dir='ltr'><strong>pervenit</strong></span> <span class='ocrx_word' id='word_1_296' title='bbox 814 1873 838 1895; x_wconf 91' lang='lat' dir='ltr'><strong>ct</strong></span> <span class='ocrx_word' id='word_1_297' title='bbox 854 1876 913 1902; x_wconf 80' lang='lat' dir='ltr'><strong>pcr—</strong></span> 
     </span>
    </p>
   </div>
   <div class='ocr_carea' id='block_1_40' title="bbox 124 1913 915 1948">
    <p class='ocr_par' dir='ltr' id='par_1_40' title="bbox 124 1913 915 1948">
     <span class='ocr_line' id='line_1_40' title="bbox 124 1913 915 1948; baseline -0.004 -6"><span class='ocrx_word' id='word_1_298' title='bbox 124 1917 237 1943; x_wconf 86' lang='lat' dir='ltr'><strong>crebuit.</strong></span> <span class='ocrx_word' id='word_1_299' title='bbox 252 1915 383 1943; x_wconf 59' lang='lat' dir='ltr'><strong>Joannem</strong></span> <span class='ocrx_word' id='word_1_300' title='bbox 412 1915 482 1942; x_wconf 79' lang='lat' dir='ltr'><strong>enirn</strong></span> <span class='ocrx_word' id='word_1_301' title='bbox 507 1914 581 1941; x_wconf 92' lang='lat' dir='ltr'><strong>aiunt</strong></span> <span class='ocrx_word' id='word_1_302' title='bbox 601 1913 712 1941; x_wconf 87' lang='lat' dir='ltr'><strong>clericos</strong></span> <span class='ocrx_word' id='word_1_303' title='bbox 735 1921 749 1940; x_wconf 92' lang='lat' dir='ltr'><strong>a</strong></span> <span class='ocrx_word' id='word_1_304' title='bbox 767 1913 915 1948; x_wconf 88' lang='lat' dir='ltr'><strong>Tlteophilo</strong></span> 
     </span>
    </p>
   </div>
   <div class='ocr_carea' id='block_1_41' title="bbox 124 1958 913 1995">
    <p class='ocr_par' dir='ltr' id='par_1_41' title="bbox 124 1958 913 1995">
     <span class='ocr_line' id='line_1_41' title="bbox 124 1958 913 1995; baseline -0.003 -8"><span class='ocrx_word' id='word_1_305' title='bbox 124 1961 261 1995; x_wconf 73' lang='lat' dir='ltr'><strong>depositus</strong></span> <span class='ocrx_word' id='word_1_306' title='bbox 290 1961 431 1987; x_wconf 88' lang='lat' dir='ltr'><strong>admisisse</strong></span> <span class='ocrx_word' id='word_1_307' title='bbox 456 1959 489 1986; x_wconf 89' lang='lat' dir='ltr'><strong>ad</strong></span> <span class='ocrx_word' id='word_1_308' title='bbox 522 1959 752 1989; x_wconf 83' lang='lat' dir='ltr'><strong>communionem;</strong></span> <span class='ocrx_word' id='word_1_309' title='bbox 774 1963 852 1993; x_wconf 89' lang='lat' dir='ltr'><strong>atque</strong></span> <span class='ocrx_word' id='word_1_310' title='bbox 879 1958 913 1985; x_wconf 80' lang='lat' dir='ltr'><strong>ita</strong></span> 
     </span>
    </p>
   </div>
   <div class='ocr_carea' id='block_1_42' title="bbox 123 2003 915 2040">
    <p class='ocr_par' dir='ltr' id='par_1_42' title="bbox 123 2003 915 2040">
     <span class='ocr_line' id='line_1_42' title="bbox 123 2003 915 2040; baseline -0.004 -8"><span class='ocrx_word' id='word_1_311' title='bbox 123 2006 303 2040; x_wconf 79' lang='lat' dir='ltr'><strong>Theophilum</strong></span> <span class='ocrx_word' id='word_1_312' title='bbox 317 2005 461 2032; x_wconf 80' lang='lat' dir='ltr'><strong>offendisse</strong></span> <span class='ocrx_word' id='word_1_313' title='bbox 477 2014 483 2031; x_wconf 85' lang='lat'>:</span> <span class='ocrx_word' id='word_1_314' title='bbox 498 2004 568 2038; x_wconf 91' lang='lat' dir='ltr'><strong>quod</strong></span> <span class='ocrx_word' id='word_1_315' title='bbox 590 2003 699 2030; x_wconf 90' lang='lat' dir='ltr'><strong>minime</strong></span> <span class='ocrx_word' id='word_1_316' title='bbox 720 2003 816 2030; x_wconf 85' lang='lat' dir='ltr'><strong>factum</strong></span> <span class='ocrx_word' id='word_1_317' title='bbox 837 2011 915 2038; x_wconf 74' lang='lat' dir='ltr'><strong>opor-</strong></span> 
     </span>
    </p>
   </div>
   <div class='ocr_carea' id='block_1_43' title="bbox 124 2049 914 2084">
    <p class='ocr_par' dir='ltr' id='par_1_43' title="bbox 124 2049 914 2084">
     <span class='ocr_line' id='line_1_43' title="bbox 124 2049 914 2084; baseline -0.004 -6"><span class='ocrx_word' id='word_1_318' title='bbox 124 2053 174 2078; x_wconf 90' lang='lat' dir='ltr'><strong>tuit</strong></span> <span class='ocrx_word' id='word_1_319' title='bbox 189 2061 194 2078; x_wconf 93' lang='lat'>:</span> <span class='ocrx_word' id='word_1_320' title='bbox 212 2050 281 2078; x_wconf 91' lang='lat' dir='ltr'><strong>adeo</strong></span> <span class='ocrx_word' id='word_1_321' title='bbox 299 2055 327 2077; x_wconf 90' lang='lat' dir='ltr'><strong>ut</strong></span> <span class='ocrx_word' id='word_1_322' title='bbox 337 2059 370 2078; x_wconf 79' lang='lat' dir='ltr'><strong>ex</strong></span> <span class='ocrx_word' id='word_1_323' title='bbox 382 2058 414 2077; x_wconf 89' lang='lat' dir='ltr'><strong>eo</strong></span> <span class='ocrx_word' id='word_1_324' title='bbox 430 2049 548 2077; x_wconf 88' lang='lat' dir='ltr'><strong>infensus</strong></span> <span class='ocrx_word' id='word_1_325' title='bbox 563 2049 668 2081; x_wconf 85' lang='lat' dir='ltr'><strong>Joanni,</strong></span> <span class='ocrx_word' id='word_1_326' title='bbox 689 2056 841 2084; x_wconf 85' lang='lat' dir='ltr'><strong>oppugnare</strong></span> <span class='ocrx_word' id='word_1_327' title='bbox 854 2056 914 2075; x_wconf 89' lang='lat' dir='ltr'><strong>cutn</strong></span> 
     </span>
    </p>
   </div>
   <div class='ocr_carea' id='block_1_44' title="bbox 123 2094 915 2132">
    <p class='ocr_par' dir='ltr' id='par_1_44' title="bbox 123 2094 915 2132">
     <span class='ocr_line' id='line_1_44' title="bbox 123 2094 915 2132; baseline -0.004 -9"><span class='ocrx_word' id='word_1_328' title='bbox 123 2105 268 2132; x_wconf 74' lang='lat' dir='ltr'><strong>aggressus</strong></span> <span class='ocrx_word' id='word_1_329' title='bbox 281 2097 325 2124; x_wconf 87' lang='lat' dir='ltr'><strong>sit.</strong></span> <span class='ocrx_word' id='word_1_330' title='bbox 341 2097 430 2122; x_wconf 76' lang='lat' dir='ltr'><strong>Emsc.</strong></span> <span class='ocrx_word' id='word_1_331' title='bbox 443 2095 540 2122; x_wconf 86' lang='lat' dir='ltr'><strong>Demus</strong></span> <span class='ocrx_word' id='word_1_332' title='bbox 555 2095 624 2122; x_wconf 88' lang='lat' dir='ltr'><strong>ltunc</strong></span> <span class='ocrx_word' id='word_1_333' title='bbox 638 2102 782 2127; x_wconf 89' lang='lat' dir='ltr'><strong>rumorem,</strong></span> <span class='ocrx_word' id='word_1_334' title='bbox 797 2094 841 2129; x_wconf 90' lang='lat' dir='ltr'><strong>qui</strong></span> <span class='ocrx_word' id='word_1_335' title='bbox 855 2102 915 2128; x_wconf 85' lang='lat' dir='ltr'><strong>per-</strong></span> 
     </span>
    </p>
   </div>
   <div class='ocr_carea' id='block_1_45' title="bbox 124 2139 916 2174">
    <p class='ocr_par' dir='ltr' id='par_1_45' title="bbox 124 2139 916 2174">
     <span class='ocr_line' id='line_1_45' title="bbox 124 2139 916 2174; baseline -0.004 -6"><span class='ocrx_word' id='word_1_336' title='bbox 124 2142 244 2174; x_wconf 66' lang='lat' dir='ltr'><strong>crebuit,</strong></span> <span class='ocrx_word' id='word_1_337' title='bbox 259 2149 318 2168; x_wconf 87' lang='lat' dir='ltr'><strong>esse</strong></span> <span class='ocrx_word' id='word_1_338' title='bbox 334 2148 428 2168; x_wconf 85' lang='lat' dir='ltr'><strong>verum</strong></span> <span class='ocrx_word' id='word_1_339' title='bbox 445 2149 451 2166; x_wconf 91' lang='lat'><strong>:</strong></span> <span class='ocrx_word' id='word_1_340' title='bbox 471 2148 504 2167; x_wconf 87' lang='lat' dir='ltr'><strong>an</strong></span> <span class='ocrx_word' id='word_1_341' title='bbox 518 2139 635 2174; x_wconf 84' lang='lat' dir='ltr'><strong>episcopi</strong></span> <span class='ocrx_word' id='word_1_342' title='bbox 650 2143 706 2172; x_wconf 87' lang='lat' dir='ltr'><strong>est,</strong></span> <span class='ocrx_word' id='word_1_343' title='bbox 723 2139 822 2165; x_wconf 89' lang='lat' dir='ltr'><strong>tnalum</strong></span> <span class='ocrx_word' id='word_1_344' title='bbox 846 2139 916 2165; x_wconf 88' lang='lat' dir='ltr'><strong>ntalo</strong></span> 
     </span>
    </p>
   </div>
   <div class='ocr_carea' id='block_1_46' title="bbox 125 2184 916 2221">
    <p class='ocr_par' dir='ltr' id='par_1_46' title="bbox 125 2184 916 2221">
     <span class='ocr_line' id='line_1_46' title="bbox 125 2184 916 2221; baseline -0.005 -7"><span class='ocrx_word' id='word_1_345' title='bbox 125 2188 279 2214; x_wconf 84' lang='lat' dir='ltr'><strong>curare?et</strong></span> <span class='ocrx_word' id='word_1_346' title='bbox 295 2187 338 2214; x_wconf 89' lang='lat' dir='ltr'><strong>ubi</strong></span> <span class='ocrx_word' id='word_1_347' title='bbox 353 2190 395 2214; x_wconf 88' lang='lat' dir='ltr'><strong>est</strong></span> <span class='ocrx_word' id='word_1_348' title='bbox 414 2186 478 2213; x_wconf 90' lang='lat' dir='ltr'><strong>illud</strong></span> <span class='ocrx_word' id='word_1_349' title='bbox 498 2186 632 2221; x_wconf 74' lang='lat' dir='ltr'><strong>Evangelii</strong></span> <span class='ocrx_word' id='word_1_350' title='bbox 647 2185 715 2220; x_wconf 91' lang='lat' dir='ltr'><strong>quod</strong></span> <span class='ocrx_word' id='word_1_351' title='bbox 728 2186 783 2217; x_wconf 92' lang='lat' dir='ltr'><strong>ait,</strong></span> <span class='ocrx_word' id='word_1_352' title='bbox 799 2184 846 2212; x_wconf 82' lang='lat' dir='ltr'><strong>Sol</strong></span> <span class='ocrx_word' id='word_1_353' title='bbox 867 2193 916 2210; x_wconf 79' lang='lat' dir='ltr'><strong>non</strong></span> 
     </span>
    </p>
   </div>
   <div class='ocr_carea' id='block_1_47' title="bbox 127 2230 917 2268">
    <p class='ocr_par' dir='ltr' id='par_1_47' title="bbox 127 2230 917 2268">
     <span class='ocr_line' id='line_1_47' title="bbox 127 2230 917 2268; baseline -0.004 -9"><span class='ocrx_word' id='word_1_354' title='bbox 127 2233 224 2259; x_wconf 74' lang='lat' dir='ltr'><strong>occidat</strong></span> <span class='ocrx_word' id='word_1_355' title='bbox 235 2241 312 2268; x_wconf 71' lang='lat' dir='ltr'><strong>super</strong></span> <span class='ocrx_word' id='word_1_356' title='bbox 325 2232 483 2258; x_wconf 80' lang='lat' dir='ltr'><strong>iracundiam</strong></span> <span class='ocrx_word' id='word_1_357' title='bbox 491 2236 595 2258; x_wconf 62' lang='lat' dir='ltr'><strong>vestram</strong></span> <span class='ocrx_word' id='word_1_358' title='bbox 607 2230 713 2266; x_wconf 77' lang='lat' dir='ltr'><strong>(Ep/ws.</strong></span> <span class='ocrx_word' id='word_1_359' title='bbox 725 2230 798 2265; x_wconf 65' lang='lat'><strong>4.96)</strong></span> <span class='ocrx_word' id='word_1_360' title='bbox 811 2231 822 2256; x_wconf 73' lang='lat'><strong>2’</strong></span> <span class='ocrx_word' id='word_1_361' title='bbox 834 2230 876 2256; x_wconf 89' lang='lat' dir='ltr'><strong>ubi</strong></span> <span class='ocrx_word' id='word_1_362' title='bbox 887 2230 917 2256; x_wconf 91' lang='lat' dir='ltr'><strong>il-</strong></span> 
     </span>
    </p>
   </div>
   <div class='ocr_carea' id='block_1_48' title="bbox 129 2275 916 2313">
    <p class='ocr_par' dir='ltr' id='par_1_48' title="bbox 129 2275 916 2313">
     <span class='ocr_line' id='line_1_48' title="bbox 129 2275 916 2313; baseline -0.005 -8"><span class='ocrx_word' id='word_1_363' title='bbox 129 2279 171 2304; x_wconf 81' lang='lat' dir='ltr'><strong>l:nl</strong></span> <span class='ocrx_word' id='word_1_364' title='bbox 183 2278 307 2313; x_wconf 84' lang='lat' dir='ltr'><strong>apostoli,</strong></span> <span class='ocrx_word' id='word_1_365' title='bbox 328 2277 403 2303; x_wconf 82' lang='lat' dir='ltr'><strong>Vince</strong></span> <span class='ocrx_word' id='word_1_366' title='bbox 413 2277 437 2303; x_wconf 79' lang='lat' dir='ltr'><strong>in</strong></span> <span class='ocrx_word' id='word_1_367' title='bbox 447 2277 509 2303; x_wconf 86' lang='lat' dir='ltr'><strong>bona</strong></span> <span class='ocrx_word' id='word_1_368' title='bbox 523 2276 617 2302; x_wconf 87' lang='lat' dir='ltr'><strong>ntalum</strong></span> <span class='ocrx_word' id='word_1_369' title='bbox 631 2276 717 2311; x_wconf 84' lang='lat' dir='ltr'><strong>(Rom.</strong></span> <span class='ocrx_word' id='word_1_370' title='bbox 735 2276 776 2302; x_wconf 74' lang='lat' dir='ltr'><strong>I2.</strong></span> <span class='ocrx_word' id='word_1_371' title='bbox 788 2275 833 2310; x_wconf 69' lang='lat'><strong>2|)</strong></span> <span class='ocrx_word' id='word_1_372' title='bbox 846 2275 857 2301; x_wconf 86' lang='lat'><strong>?</strong></span> <span class='ocrx_word' id='word_1_373' title='bbox 873 2275 916 2301; x_wconf 87' lang='lat' dir='ltr'><strong>ubi</strong></span> 
     </span>
    </p>
   </div>
   <div class='ocr_carea' id='block_1_49' title="bbox 130 2321 916 2359">
    <p class='ocr_par' dir='ltr' id='par_1_49' title="bbox 130 2321 916 2359">
     <span class='ocr_line' id='line_1_49' title="bbox 130 2321 916 2359; baseline -0.005 -8"><span class='ocrx_word' id='word_1_374' title='bbox 130 2324 190 2351; x_wconf 90' lang='lat' dir='ltr'><strong>illud</strong></span> <span class='ocrx_word' id='word_1_375' title='bbox 204 2325 351 2359; x_wconf 67' lang='lat' dir='ltr'><strong>prophetae,</strong></span> <span class='ocrx_word' id='word_1_376' title='bbox 363 2323 392 2350; x_wconf 84' lang='lat' dir='ltr'><strong>Si</strong></span> <span class='ocrx_word' id='word_1_377' title='bbox 403 2323 500 2349; x_wconf 78' lang='lat' dir='ltr'><strong>reddidi</strong></span> <span class='ocrx_word' id='word_1_378' title='bbox 511 2323 699 2350; x_wconf 79' lang='lat' dir='ltr'><strong>relribuenttbus</strong></span> <span class='ocrx_word' id='word_1_379' title='bbox 708 2322 768 2348; x_wconf 80' lang='lat' dir='ltr'><strong>mihi</strong></span> <span class='ocrx_word' id='word_1_380' title='bbox 778 2322 846 2348; x_wconf 85' lang='lat' dir='ltr'><strong>mala</strong></span> <span class='ocrx_word' id='word_1_381' title='bbox 856 2321 916 2356; x_wconf 84' lang='lat' dir='ltr'><strong>(Ps.</strong></span> 
     </span>
    </p>
   </div>
   <div class='ocr_carea' id='block_1_50' title="bbox 131 2367 917 2404">
    <p class='ocr_par' dir='ltr' id='par_1_50' title="bbox 131 2367 917 2404">
     <span class='ocr_line' id='line_1_50' title="bbox 131 2367 917 2404; baseline -0.003 -9"><span class='ocrx_word' id='word_1_382' title='bbox 131 2371 155 2395; x_wconf 77' lang='grc'><strong>7.</strong></span> <span class='ocrx_word' id='word_1_383' title='bbox 169 2370 218 2404; x_wconf 76' lang='lat'><strong>5)?</strong></span> <span class='ocrx_word' id='word_1_384' title='bbox 233 2369 333 2396; x_wconf 86' lang='lat' dir='ltr'><strong>Deinde</strong></span> <span class='ocrx_word' id='word_1_385' title='bbox 348 2377 412 2396; x_wconf 91' lang='lat' dir='ltr'><strong>num</strong></span> <span class='ocrx_word' id='word_1_386' title='bbox 428 2368 566 2403; x_wconf 86' lang='lat' dir='ltr'><strong>operosius</strong></span> <span class='ocrx_word' id='word_1_387' title='bbox 582 2373 638 2395; x_wconf 87' lang='lat' dir='ltr'><strong>erat</strong></span> <span class='ocrx_word' id='word_1_388' title='bbox 657 2375 746 2395; x_wconf 90' lang='lat' dir='ltr'><strong>coram</strong></span> <span class='ocrx_word' id='word_1_389' title='bbox 765 2367 917 2395; x_wconf 82' lang='lat' dir='ltr'><strong>revereudis</strong></span> 
     </span>
    </p>
   </div>
   <div class='ocr_carea' id='block_1_51' title="bbox 132 2413 916 2450">
    <p class='ocr_par' dir='ltr' id='par_1_51' title="bbox 132 2413 916 2450">
     <span class='ocr_line' id='line_1_51' title="bbox 132 2413 916 2450; baseline -0.003 -9"><span class='ocrx_word' id='word_1_390' title='bbox 132 2415 259 2450; x_wconf 83' lang='lat' dir='ltr'><strong>episcopis</strong></span> <span class='ocrx_word' id='word_1_391' title='bbox 273 2422 334 2442; x_wconf 88' lang='lat' dir='ltr'><strong>eum</strong></span> <span class='ocrx_word' id='word_1_392' title='bbox 356 2421 483 2441; x_wconf 83' lang='lat' dir='ltr'><strong>accusare</strong></span> <span class='ocrx_word' id='word_1_393' title='bbox 503 2418 528 2441; x_wconf 91' lang='lat' dir='ltr'><strong>et</strong></span> <span class='ocrx_word' id='word_1_394' title='bbox 546 2413 636 2440; x_wconf 87' lang='lat' dir='ltr'><strong>dicere</strong></span> <span class='ocrx_word' id='word_1_395' title='bbox 650 2422 656 2440; x_wconf 93' lang='lat'>:</span> <span class='ocrx_word' id='word_1_396' title='bbox 674 2413 765 2440; x_wconf 84' lang='lat' dir='ltr'><strong>Frater</strong></span> <span class='ocrx_word' id='word_1_397' title='bbox 778 2413 896 2440; x_wconf 84' lang='lat' dir='ltr'><strong>Joannes</strong></span> <span class='ocrx_word' id='word_1_398' title='bbox 910 2434 916 2444; x_wconf 95' lang='lat'><strong>,</strong></span> 
     </span>
    </p>
   </div>
   <div class='ocr_carea' id='block_1_52' title="bbox 133 2458 918 2494">
    <p class='ocr_par' dir='ltr' id='par_1_52' title="bbox 133 2458 918 2494">
     <span class='ocr_line' id='line_1_52' title="bbox 133 2458 918 2494; baseline 0 -8"><span class='ocrx_word' id='word_1_399' title='bbox 133 2460 180 2488; x_wconf 85' lang='lat' dir='ltr'><strong>hoc</strong></span> <span class='ocrx_word' id='word_1_400' title='bbox 193 2465 236 2487; x_wconf 88' lang='lat' dir='ltr'><strong>aut</strong></span> <span class='ocrx_word' id='word_1_401' title='bbox 251 2459 316 2487; x_wconf 91' lang='lat' dir='ltr'><strong>illud</strong></span> <span class='ocrx_word' id='word_1_402' title='bbox 332 2468 367 2487; x_wconf 90' lang='lat' dir='ltr'><strong>an</strong></span> <span class='ocrx_word' id='word_1_403' title='bbox 384 2459 538 2494; x_wconf 86' lang='lat' dir='ltr'><strong>imprudens</strong></span> <span class='ocrx_word' id='word_1_404' title='bbox 552 2459 636 2486; x_wconf 79' lang='lat' dir='ltr'><strong>fecisti</strong></span> <span class='ocrx_word' id='word_1_405' title='bbox 650 2459 661 2484; x_wconf 86' lang='lat'><strong>?</strong></span> <span class='ocrx_word' id='word_1_406' title='bbox 675 2463 701 2486; x_wconf 88' lang='lat' dir='ltr'><strong>et</strong></span> <span class='ocrx_word' id='word_1_407' title='bbox 722 2458 851 2486; x_wconf 86' lang='lat' dir='ltr'><strong>Joannem</strong></span> <span class='ocrx_word' id='word_1_408' title='bbox 869 2459 918 2486; x_wconf 83' lang='lat' dir='ltr'><strong>dc-</strong></span> 
     </span>
    </p>
   </div>
   <div class='ocr_carea' id='block_1_53' title="bbox 134 2504 917 2539">
    <p class='ocr_par' dir='ltr' id='par_1_53' title="bbox 134 2504 917 2539">
     <span class='ocr_line' id='line_1_53' title="bbox 134 2504 917 2539; baseline 0 -8"><span class='ocrx_word' id='word_1_409' title='bbox 134 2504 255 2532; x_wconf 84' lang='lat' dir='ltr'><strong>fensionis</strong></span> <span class='ocrx_word' id='word_1_410' title='bbox 275 2505 336 2532; x_wconf 82' lang='lat' dir='ltr'><strong>loco</strong></span> <span class='ocrx_word' id='word_1_411' title='bbox 349 2505 450 2538; x_wconf 88' lang='lat' dir='ltr'><strong>dicere,</strong></span> <span class='ocrx_word' id='word_1_412' title='bbox 460 2512 515 2531; x_wconf 84' lang='lat' dir='ltr'><strong>rem</strong></span> <span class='ocrx_word' id='word_1_413' title='bbox 529 2505 662 2539; x_wconf 75' lang='lat' dir='ltr'><strong>ignorasse</strong></span> <span class='ocrx_word' id='word_1_414' title='bbox 672 2504 722 2531; x_wconf 88' lang='lat' dir='ltr'><strong>se?</strong></span> <span class='ocrx_word' id='word_1_415' title='bbox 736 2504 808 2531; x_wconf 74' lang='lat' dir='ltr'><strong>Duc.</strong></span> <span class='ocrx_word' id='word_1_416' title='bbox 822 2505 917 2531; x_wconf 84' lang='lat' dir='ltr'><strong>Verum</strong></span> 
     </span>
    </p>
   </div>
   <div class='ocr_carea' id='block_1_54' title="bbox 133 2549 919 2583">
    <p class='ocr_par' dir='ltr' id='par_1_54' title="bbox 133 2549 919 2583">
     <span class='ocr_line' id='line_1_54' title="bbox 133 2549 919 2583; baseline -0.001 -7"><span class='ocrx_word' id='word_1_417' title='bbox 133 2550 205 2583; x_wconf 84' lang='lat' dir='ltr'><strong>dicis,</strong></span> <span class='ocrx_word' id='word_1_418' title='bbox 216 2550 238 2576; x_wconf 92' lang='lat' dir='ltr'><strong>si</strong></span> <span class='ocrx_word' id='word_1_419' title='bbox 252 2550 278 2577; x_wconf 92' lang='lat' dir='ltr'><strong>in</strong></span> <span class='ocrx_word' id='word_1_420' title='bbox 294 2558 327 2577; x_wconf 86' lang='lat' dir='ltr'><strong>eo</strong></span> <span class='ocrx_word' id='word_1_421' title='bbox 343 2549 438 2576; x_wconf 87' lang='lat' dir='ltr'><strong>fuisset</strong></span> <span class='ocrx_word' id='word_1_422' title='bbox 448 2549 568 2576; x_wconf 83' lang='lat' dir='ltr'><strong>voluntas</strong></span> <span class='ocrx_word' id='word_1_423' title='bbox 584 2550 663 2581; x_wconf 90' lang='lat' dir='ltr'><strong>bona,</strong></span> <span class='ocrx_word' id='word_1_424' title='bbox 675 2556 724 2576; x_wconf 87' lang='lat' dir='ltr'><strong>nec</strong></span> <span class='ocrx_word' id='word_1_425' title='bbox 736 2550 919 2583; x_wconf 70' lang='lat' dir='ltr'><strong>prmtexuisset</strong></span> 
     </span>
    </p>
   </div>
   <div class='ocr_carea' id='block_1_55' title="bbox 133 2593 917 2628">
    <p class='ocr_par' dir='ltr' id='par_1_55' title="bbox 133 2593 917 2628">
     <span class='ocr_line' id='line_1_55' title="bbox 133 2593 917 2628; baseline -0.003 -6"><span class='ocrx_word' id='word_1_426' title='bbox 133 2595 287 2622; x_wconf 84' lang='lat' dir='ltr'><strong>clericorum</strong></span> <span class='ocrx_word' id='word_1_427' title='bbox 319 2601 447 2626; x_wconf 83' lang='lat' dir='ltr'><strong>causam,</strong></span> <span class='ocrx_word' id='word_1_428' title='bbox 476 2599 503 2621; x_wconf 91' lang='lat' dir='ltr'><strong>ut</strong></span> <span class='ocrx_word' id='word_1_429' title='bbox 531 2593 663 2628; x_wconf 87' lang='lat' dir='ltr'><strong>propriam</strong></span> <span class='ocrx_word' id='word_1_430' title='bbox 689 2594 753 2620; x_wconf 88' lang='lat' dir='ltr'><strong>iram</strong></span> <span class='ocrx_word' id='word_1_431' title='bbox 788 2594 917 2628; x_wconf 73' lang='lat' dir='ltr'><strong>ettpleret.</strong></span> 
     </span>
    </p>
   </div>
   <div class='ocr_carea' id='block_1_56' title="bbox 133 2639 918 2673">
    <p class='ocr_par' dir='ltr' id='par_1_56' title="bbox 133 2639 918 2673">
     <span class='ocr_line' id='line_1_56' title="bbox 133 2639 918 2673; baseline -0.003 -6"><span class='ocrx_word' id='word_1_432' title='bbox 133 2640 215 2668; x_wconf 73' lang='lat' dir='ltr'><strong>Episc.</strong></span> <span class='ocrx_word' id='word_1_433' title='bbox 231 2640 284 2667; x_wconf 86' lang='lat' dir='ltr'><strong>Per</strong></span> <span class='ocrx_word' id='word_1_434' title='bbox 300 2640 425 2667; x_wconf 90' lang='lat' dir='ltr'><strong>timorem</strong></span> <span class='ocrx_word' id='word_1_435' title='bbox 443 2639 488 2666; x_wconf 90' lang='lat' dir='ltr'><strong>Dei</strong></span> <span class='ocrx_word' id='word_1_436' title='bbox 501 2639 543 2673; x_wconf 90' lang='lat' dir='ltr'><strong>qui</strong></span> <span class='ocrx_word' id='word_1_437' title='bbox 559 2639 667 2666; x_wconf 80' lang='lat' dir='ltr'><strong>infinitis</strong></span> <span class='ocrx_word' id='word_1_438' title='bbox 681 2639 818 2666; x_wconf 87' lang='lat' dir='ltr'><strong>timoribus</strong></span> <span class='ocrx_word' id='word_1_439' title='bbox 831 2639 918 2665; x_wconf 83' lang='lat' dir='ltr'><strong>donti-</strong></span> 
     </span>
    </p>
   </div>
   <div class='ocr_carea' id='block_1_57' title="bbox 131 2683 920 2719">
    <p class='ocr_par' dir='ltr' id='par_1_57' title="bbox 131 2683 920 2719">
     <span class='ocr_line' id='line_1_57' title="bbox 131 2683 920 2719; baseline -0.001 -6"><span class='ocrx_word' id='word_1_440' title='bbox 131 2690 214 2719; x_wconf 87' lang='lat' dir='ltr'><strong>natur,</strong></span> <span class='ocrx_word' id='word_1_441' title='bbox 232 2693 286 2712; x_wconf 87' lang='lat' dir='ltr'><strong>non</strong></span> <span class='ocrx_word' id='word_1_442' title='bbox 315 2685 394 2711; x_wconf 89' lang='lat' dir='ltr'><strong>aliter</strong></span> <span class='ocrx_word' id='word_1_443' title='bbox 410 2684 455 2710; x_wconf 89' lang='lat' dir='ltr'><strong>tibi</strong></span> <span class='ocrx_word' id='word_1_444' title='bbox 470 2683 573 2717; x_wconf 88' lang='lat' dir='ltr'><strong>dicant,</strong></span> <span class='ocrx_word' id='word_1_445' title='bbox 588 2691 666 2718; x_wconf 91' lang='lat' dir='ltr'><strong>quam</strong></span> <span class='ocrx_word' id='word_1_446' title='bbox 687 2688 716 2710; x_wconf 92' lang='lat' dir='ltr'><strong>ut</strong></span> <span class='ocrx_word' id='word_1_447' title='bbox 737 2691 765 2710; x_wconf 89' lang='lat' dir='ltr'><strong>se</strong></span> <span class='ocrx_word' id='word_1_448' title='bbox 781 2684 858 2711; x_wconf 84' lang='lat' dir='ltr'><strong>habet</strong></span> <span class='ocrx_word' id='word_1_449' title='bbox 882 2685 920 2712; x_wconf 89' lang='lat' dir='ltr'><strong>rei</strong></span> 
     </span>
    </p>
   </div>
   <div class='ocr_carea' id='block_1_58' title="bbox 130 2729 919 2765">
    <p class='ocr_par' dir='ltr' id='par_1_58' title="bbox 130 2729 919 2765">
     <span class='ocr_line' id='line_1_58' title="bbox 130 2729 919 2765; baseline -0.005 -5"><span class='ocrx_word' id='word_1_450' title='bbox 130 2738 219 2760; x_wconf 83' lang='lat' dir='ltr'><strong>natura</strong></span> <span class='ocrx_word' id='word_1_451' title='bbox 233 2732 268 2759; x_wconf 88' lang='lat' dir='ltr'><strong>de</strong></span> <span class='ocrx_word' id='word_1_452' title='bbox 285 2731 319 2758; x_wconf 90' lang='lat' dir='ltr'><strong>iis</strong></span> <span class='ocrx_word' id='word_1_453' title='bbox 334 2730 455 2762; x_wconf 90' lang='lat' dir='ltr'><strong>clericis,</strong></span> <span class='ocrx_word' id='word_1_454' title='bbox 471 2738 536 2765; x_wconf 88' lang='lat' dir='ltr'><strong>qttos</strong></span> <span class='ocrx_word' id='word_1_455' title='bbox 556 2730 718 2757; x_wconf 86' lang='lat' dir='ltr'><strong>memorasti.</strong></span> <span class='ocrx_word' id='word_1_456' title='bbox 733 2729 846 2757; x_wconf 91' lang='lat' dir='ltr'><strong>Isidorus</strong></span> <span class='ocrx_word' id='word_1_457' title='bbox 860 2731 919 2764; x_wconf 90' lang='lat' dir='ltr'><strong>qui-</strong></span> 
     </span>
    </p>
   </div>
   <div class='ocr_carea' id='block_1_59' title="bbox 128 2775 919 2813">
    <p class='ocr_par' dir='ltr' id='par_1_59' title="bbox 128 2775 919 2813">
     <span class='ocr_line' id='line_1_59' title="bbox 128 2775 919 2813; baseline -0.005 -7"><span class='ocrx_word' id='word_1_458' title='bbox 128 2779 184 2806; x_wconf 80' lang='lat' dir='ltr'><strong>dam</strong></span> <span class='ocrx_word' id='word_1_459' title='bbox 200 2778 347 2813; x_wconf 81' lang='lat' dir='ltr'><strong>presbyter</strong></span> <span class='ocrx_word' id='word_1_460' title='bbox 363 2783 396 2802; x_wconf 76' lang='lat' dir='ltr'><strong>ex</strong></span> <span class='ocrx_word' id='word_1_461' title='bbox 418 2775 486 2802; x_wconf 90' lang='lat' dir='ltr'><strong>beati</strong></span> <span class='ocrx_word' id='word_1_462' title='bbox 501 2776 587 2810; x_wconf 87' lang='lat' dir='ltr'><strong>magni</strong></span> <span class='ocrx_word' id='word_1_463' title='bbox 602 2775 735 2802; x_wconf 75' lang='lat' dir='ltr'><strong>Athanasii</strong></span> <span class='ocrx_word' id='word_1_464' title='bbox 753 2775 919 2803; x_wconf 84' lang='lat' dir='ltr'><strong>ordinatione</strong></span> 
     </span>
    </p>
   </div>
   <div class='ocr_carea' id='block_1_60' title="bbox 128 2822 917 2860">
    <p class='ocr_par' dir='ltr' id='par_1_60' title="bbox 128 2822 917 2860">
     <span class='ocr_line' id='line_1_60' title="bbox 128 2822 917 2860; baseline -0.004 -8"><span class='ocrx_word' id='word_1_465' title='bbox 128 2828 266 2860; x_wconf 49' lang='lat' dir='ltr'><strong>supererat</strong></span> <span class='ocrx_word' id='word_1_466' title='bbox 279 2844 288 2856; x_wconf 89' lang='lat'><strong>,</strong></span> <span class='ocrx_word' id='word_1_467' title='bbox 307 2822 501 2856; x_wconf 77' lang='lat' dir='ltr'><strong>octogesimum</strong></span> <span class='ocrx_word' id='word_1_468' title='bbox 515 2823 599 2850; x_wconf 69' lang='lat' dir='ltr'><strong>mtatis</strong></span> <span class='ocrx_word' id='word_1_469' title='bbox 618 2830 712 2849; x_wconf 89' lang='lat' dir='ltr'><strong>annttm</strong></span> <span class='ocrx_word' id='word_1_470' title='bbox 727 2830 807 2858; x_wconf 86' lang='lat' dir='ltr'><strong>agens</strong></span> <span class='ocrx_word' id='word_1_471' title='bbox 818 2843 824 2855; x_wconf 92' lang='lat'><strong>,</strong></span> <span class='ocrx_word' id='word_1_472' title='bbox 839 2830 917 2858; x_wconf 87' lang='lat' dir='ltr'><strong>quem</strong></span> 
     </span>
    </p>
   </div>
   <div class='ocr_carea' id='block_1_61' title="bbox 973 185 1760 220">
    <p class='ocr_par' dir='ltr' id='par_1_61' title="bbox 973 185 1760 220">
     <span class='ocr_line' id='line_1_61' title="bbox 973 185 1760 220; baseline 0.005 -11"><span class='ocrx_word' id='word_1_473' title='bbox 973 190 1067 210; x_wconf 87' lang='lat' dir='ltr'><strong>norunt</strong></span> <span class='ocrx_word' id='word_1_474' title='bbox 1080 185 1259 211; x_wconf 76' lang='lat' dir='ltr'><strong>Itomanorum</strong></span> <span class='ocrx_word' id='word_1_475' title='bbox 1281 185 1398 220; x_wconf 84' lang='lat' dir='ltr'><strong>plerique</strong></span> <span class='ocrx_word' id='word_1_476' title='bbox 1411 186 1649 214; x_wconf 76' lang='lat' dir='ltr'><strong>ecclesiasticarum</strong></span> <span class='ocrx_word' id='word_1_477' title='bbox 1673 194 1760 213; x_wconf 86' lang='lat' dir='ltr'><strong>rerum</strong></span> 
     </span>
    </p>
   </div>
   <div class='ocr_carea' id='block_1_62' title="bbox 971 229 1759 266">
    <p class='ocr_par' dir='ltr' id='par_1_62' title="bbox 971 229 1759 266">
     <span class='ocr_line' id='line_1_62' title="bbox 971 229 1759 266; baseline 0.004 -11"><span class='ocrx_word' id='word_1_478' title='bbox 971 236 1050 256; x_wconf 84' lang='lat' dir='ltr'><strong>causa</strong></span> <span class='ocrx_word' id='word_1_479' title='bbox 1078 229 1190 256; x_wconf 82' lang='lat' dir='ltr'><strong>Romam</strong></span> <span class='ocrx_word' id='word_1_480' title='bbox 1214 229 1336 262; x_wconf 87' lang='lat' dir='ltr'><strong>venisse,</strong></span> <span class='ocrx_word' id='word_1_481' title='bbox 1351 238 1410 258; x_wconf 91' lang='lat' dir='ltr'><strong>cum</strong></span> <span class='ocrx_word' id='word_1_482' title='bbox 1437 231 1604 258; x_wconf 75' lang='lat' dir='ltr'><strong>Alexandria:</strong></span> <span class='ocrx_word' id='word_1_483' title='bbox 1627 231 1759 266; x_wconf 84' lang='lat' dir='ltr'><strong>hospitum</strong></span> 
     </span>
    </p>
   </div>
   <div class='ocr_carea' id='block_1_63' title="bbox 971 275 1759 310">
    <p class='ocr_par' dir='ltr' id='par_1_63' title="bbox 971 275 1759 310">
     <span class='ocr_line' id='line_1_63' title="bbox 971 275 1759 310; baseline 0.003 -9"><span class='ocrx_word' id='word_1_484' title='bbox 971 279 1109 309; x_wconf 87' lang='lat' dir='ltr'><strong>susceptor</strong></span> <span class='ocrx_word' id='word_1_485' title='bbox 1131 280 1210 302; x_wconf 83' lang='lat' dir='ltr'><strong>esset.</strong></span> <span class='ocrx_word' id='word_1_486' title='bbox 1228 275 1266 301; x_wconf 90' lang='lat' dir='ltr'><strong>&#39;I&#39;n</strong></span> <span class='ocrx_word' id='word_1_487' title='bbox 1292 283 1355 302; x_wconf 81' lang='lat' dir='ltr'><strong>vero</strong></span> <span class='ocrx_word' id='word_1_488' title='bbox 1381 280 1407 302; x_wconf 86' lang='lat' dir='ltr'><strong>et</strong></span> <span class='ocrx_word' id='word_1_489' title='bbox 1434 277 1490 310; x_wconf 53' lang='lat' dir='ltr'><strong>ipse</strong></span> <span class='ocrx_word' id='word_1_490' title='bbox 1515 277 1585 304; x_wconf 86' lang='lat' dir='ltr'><strong>nosti</strong></span> <span class='ocrx_word' id='word_1_491' title='bbox 1613 277 1759 309; x_wconf 85' lang='lat' dir='ltr'><strong>hominem,</strong></span> 
     </span>
    </p>
   </div>
   <div class='ocr_carea' id='block_1_64' title="bbox 970 320 1755 354">
    <p class='ocr_par' dir='ltr' id='par_1_64' title="bbox 970 320 1755 354">
     <span class='ocr_line' id='line_1_64' title="bbox 970 320 1755 354; baseline 0.006 -9"><span class='ocrx_word' id='word_1_492' title='bbox 970 320 1077 354; x_wconf 90' lang='lat' dir='ltr'><strong>quando</strong></span> <span class='ocrx_word' id='word_1_493' title='bbox 1100 328 1159 347; x_wconf 89' lang='lat' dir='ltr'><strong>eum</strong></span> <span class='ocrx_word' id='word_1_494' title='bbox 1181 322 1276 348; x_wconf 83' lang='lat' dir='ltr'><strong>Acacio</strong></span> <span class='ocrx_word' id='word_1_495' title='bbox 1300 322 1428 354; x_wconf 90' lang='lat' dir='ltr'><strong>veniens,</strong></span> <span class='ocrx_word' id='word_1_496' title='bbox 1446 322 1562 350; x_wconf 83' lang='lat' dir='ltr'><strong>Flaviani</strong></span> <span class='ocrx_word' id='word_1_497' title='bbox 1585 331 1645 350; x_wconf 91' lang='lat' dir='ltr'><strong>cum</strong></span> <span class='ocrx_word' id='word_1_498' title='bbox 1666 323 1755 350; x_wconf 85' lang='lat' dir='ltr'><strong>Theo-</strong></span> 
     </span>
    </p>
   </div>
   <div class='ocr_carea' id='block_1_65' title="bbox 971 366 1758 403">
    <p class='ocr_par' dir='ltr' id='par_1_65' title="bbox 971 366 1758 403">
     <span class='ocr_line' id='line_1_65' title="bbox 971 366 1758 403; baseline 0.006 -12"><span class='ocrx_word' id='word_1_499' title='bbox 971 366 1042 400; x_wconf 87' lang='lat' dir='ltr'><strong>philo</strong></span> <span class='ocrx_word' id='word_1_500' title='bbox 1057 367 1271 394; x_wconf 88' lang='lat' dir='ltr'><strong>communionem</strong></span> <span class='ocrx_word' id='word_1_501' title='bbox 1285 367 1374 394; x_wconf 88' lang='lat' dir='ltr'><strong>attnlit</strong></span> <span class='ocrx_word' id='word_1_502' title='bbox 1387 388 1393 399; x_wconf 92' lang='lat'><strong>,</strong></span> <span class='ocrx_word' id='word_1_503' title='bbox 1410 368 1498 402; x_wconf 77' lang='lat' dir='ltr'><strong>viginti</strong></span> <span class='ocrx_word' id='word_1_504' title='bbox 1514 376 1598 396; x_wconf 90' lang='lat' dir='ltr'><strong>annos</strong></span> <span class='ocrx_word' id='word_1_505' title='bbox 1619 369 1758 403; x_wconf 89' lang='lat' dir='ltr'><strong>abruptam</strong></span> 
     </span>
    </p>
   </div>
   <div class='ocr_carea' id='block_1_66' title="bbox 969 411 1758 447">
    <p class='ocr_par' dir='ltr' id='par_1_66' title="bbox 969 411 1758 447">
     <span class='ocr_line' id='line_1_66' title="bbox 969 411 1758 447; baseline 0.006 -10"><span class='ocrx_word' id='word_1_506' title='bbox 969 411 1039 438; x_wconf 87' lang='lat' dir='ltr'><strong>beati</strong></span> <span class='ocrx_word' id='word_1_507' title='bbox 1053 412 1157 446; x_wconf 81' lang='lat' dir='ltr'><strong>Evagrii</strong></span> <span class='ocrx_word' id='word_1_508' title='bbox 1170 420 1249 439; x_wconf 86' lang='lat' dir='ltr'><strong>causa</strong></span> <span class='ocrx_word' id='word_1_509' title='bbox 1261 422 1266 438; x_wconf 93' lang='lat'><strong>:</strong></span> <span class='ocrx_word' id='word_1_510' title='bbox 1279 415 1323 447; x_wconf 90' lang='lat' dir='ltr'><strong>qui</strong></span> <span class='ocrx_word' id='word_1_511' title='bbox 1339 413 1449 447; x_wconf 89' lang='lat' dir='ltr'><strong>pluritna</strong></span> <span class='ocrx_word' id='word_1_512' title='bbox 1463 415 1608 441; x_wconf 86' lang='lat' dir='ltr'><strong>certamina</strong></span> <span class='ocrx_word' id='word_1_513' title='bbox 1622 415 1647 441; x_wconf 89' lang='lat' dir='ltr'><strong>in</strong></span> <span class='ocrx_word' id='word_1_514' title='bbox 1663 415 1758 442; x_wconf 85' lang='lat' dir='ltr'><strong>obeun-</strong></span> 
     </span>
    </p>
   </div>
   <div class='ocr_carea' id='block_1_67' title="bbox 970 456 1757 494">
    <p class='ocr_par' dir='ltr' id='par_1_67' title="bbox 970 456 1757 494">
     <span class='ocr_line' id='line_1_67' title="bbox 970 456 1757 494; baseline 0.004 -11"><span class='ocrx_word' id='word_1_515' title='bbox 970 456 1010 484; x_wconf 89' lang='lat' dir='ltr'><strong>dis</strong></span> <span class='ocrx_word' id='word_1_516' title='bbox 1030 457 1218 484; x_wconf 85' lang='lat' dir='ltr'><strong>ecclesiasticis</strong></span> <span class='ocrx_word' id='word_1_517' title='bbox 1239 458 1374 485; x_wconf 88' lang='lat' dir='ltr'><strong>laboribus</strong></span> <span class='ocrx_word' id='word_1_518' title='bbox 1390 459 1506 493; x_wconf 82' lang='lat' dir='ltr'><strong>pertulit.</strong></span> <span class='ocrx_word' id='word_1_519' title='bbox 1529 459 1593 486; x_wconf 86' lang='lat' dir='ltr'><strong>lluie</strong></span> <span class='ocrx_word' id='word_1_520' title='bbox 1613 460 1691 494; x_wconf 77' lang='lat' dir='ltr'><strong>igitur</strong></span> <span class='ocrx_word' id='word_1_521' title='bbox 1709 458 1757 487; x_wconf 67' lang='lat' dir='ltr'><strong>isiv</strong></span> 
     </span>
    </p>
   </div>
   <div class='ocr_carea' id='block_1_68' title="bbox 969 503 1757 539">
    <p class='ocr_par' dir='ltr' id='par_1_68' title="bbox 969 503 1757 539">
     <span class='ocr_line' id='line_1_68' title="bbox 969 503 1757 539; baseline 0.006 -11"><span class='ocrx_word' id='word_1_522' title='bbox 969 503 1035 530; x_wconf 88' lang='lat' dir='ltr'><strong>duro</strong></span> <span class='ocrx_word' id='word_1_523' title='bbox 1051 503 1145 530; x_wconf 90' lang='lat' dir='ltr'><strong>mulier</strong></span> <span class='ocrx_word' id='word_1_524' title='bbox 1163 503 1285 538; x_wconf 68' lang='lat' dir='ltr'><strong>quaedam</strong></span> <span class='ocrx_word' id='word_1_525' title='bbox 1307 504 1383 531; x_wconf 86' lang='lat' dir='ltr'><strong>vidua</strong></span> <span class='ocrx_word' id='word_1_526' title='bbox 1400 513 1414 532; x_wconf 88' lang='lat' dir='ltr'><strong>c</strong></span> <span class='ocrx_word' id='word_1_527' title='bbox 1436 506 1602 539; x_wconf 83' lang='lat' dir='ltr'><strong>magnatibus</strong></span> <span class='ocrx_word' id='word_1_528' title='bbox 1620 506 1665 532; x_wconf 90' lang='lat' dir='ltr'><strong>dat</strong></span> <span class='ocrx_word' id='word_1_529' title='bbox 1685 507 1757 534; x_wconf 80' lang='lat' dir='ltr'><strong>mille</strong></span> 
     </span>
    </p>
   </div>
   <div class='ocr_carea' id='block_1_69' title="bbox 968 549 1755 584">
    <p class='ocr_par' dir='ltr' id='par_1_69' title="bbox 968 549 1755 584">
     <span class='ocr_line' id='line_1_69' title="bbox 968 549 1755 584; baseline 0.005 -10"><span class='ocrx_word' id='word_1_530' title='bbox 968 556 1062 575; x_wconf 83' lang='lat' dir='ltr'><strong>aureos</strong></span> <span class='ocrx_word' id='word_1_531' title='bbox 1073 569 1079 580; x_wconf 91' lang='lat'><strong>,</strong></span> <span class='ocrx_word' id='word_1_532' title='bbox 1094 549 1234 584; x_wconf 63' lang='lat' dir='ltr'><strong>adigitque</strong></span> <span class='ocrx_word' id='word_1_533' title='bbox 1255 550 1428 584; x_wconf 83' lang='lat' dir='ltr'><strong>jurejurando</strong></span> <span class='ocrx_word' id='word_1_534' title='bbox 1444 559 1490 584; x_wconf 90' lang='lat' dir='ltr'><strong>per</strong></span> <span class='ocrx_word' id='word_1_535' title='bbox 1504 550 1653 578; x_wconf 87' lang='lat' dir='ltr'><strong>Servatoris</strong></span> <span class='ocrx_word' id='word_1_536' title='bbox 1678 560 1755 578; x_wconf 57' lang='lat' dir='ltr'><strong>men-</strong></span> 
     </span>
    </p>
   </div>
   <div class='ocr_carea' id='block_1_70' title="bbox 968 596 1756 630">
    <p class='ocr_par' dir='ltr' id='par_1_70' title="bbox 968 596 1756 630">
     <span class='ocr_line' id='line_1_70' title="bbox 968 596 1756 630; baseline 0.005 -10"><span class='ocrx_word' id='word_1_537' title='bbox 968 602 1036 627; x_wconf 85' lang='lat' dir='ltr'><strong>sam,</strong></span> <span class='ocrx_word' id='word_1_538' title='bbox 1046 596 1142 629; x_wconf 91' lang='lat' dir='ltr'><strong>emptis</strong></span> <span class='ocrx_word' id='word_1_539' title='bbox 1156 596 1274 623; x_wconf 79' lang='lat' dir='ltr'><strong>vestibus</strong></span> <span class='ocrx_word' id='word_1_540' title='bbox 1284 596 1453 630; x_wconf 86' lang='lat' dir='ltr'><strong>pauperiores</strong></span> <span class='ocrx_word' id='word_1_541' title='bbox 1466 597 1632 624; x_wconf 70' lang='lat' dir='ltr'><strong>Alexandria:</strong></span> <span class='ocrx_word' id='word_1_542' title='bbox 1644 598 1756 625; x_wconf 84' lang='lat' dir='ltr'><strong>feminas</strong></span> 
     </span>
    </p>
   </div>
   <div class='ocr_carea' id='block_1_71' title="bbox 969 642 1757 676">
    <p class='ocr_par' dir='ltr' id='par_1_71' title="bbox 969 642 1757 676">
     <span class='ocr_line' id='line_1_71' title="bbox 969 642 1757 676; baseline 0.004 -9"><span class='ocrx_word' id='word_1_543' title='bbox 969 646 1149 668; x_wconf 80' lang='lat' dir='ltr'><strong>contecturum</strong></span> <span class='ocrx_word' id='word_1_544' title='bbox 1177 642 1243 668; x_wconf 89' lang='lat' dir='ltr'><strong>clam</strong></span> <span class='ocrx_word' id='word_1_545' title='bbox 1269 642 1430 676; x_wconf 75' lang='grc' dir='ltr'><strong>ΤΙιοομΙιίΙο,</strong></span> <span class='ocrx_word' id='word_1_546' title='bbox 1447 650 1480 670; x_wconf 84' lang='lat' dir='ltr'><strong>ne</strong></span> <span class='ocrx_word' id='word_1_547' title='bbox 1506 643 1527 670; x_wconf 90' lang='lat' dir='ltr'><strong>is</strong></span> <span class='ocrx_word' id='word_1_548' title='bbox 1555 651 1677 669; x_wconf 91' lang='lat' dir='ltr'><strong>nummos</strong></span> <span class='ocrx_word' id='word_1_549' title='bbox 1698 644 1757 671; x_wconf 77' lang='lat' dir='ltr'><strong>illos</strong></span> 
     </span>
    </p>
   </div>
   <div class='ocr_carea' id='block_1_72' title="bbox 968 687 1753 721">
    <p class='ocr_par' dir='ltr' id='par_1_72' title="bbox 968 687 1753 721">
     <span class='ocr_line' id='line_1_72' title="bbox 968 687 1753 721; baseline 0.004 -9"><span class='ocrx_word' id='word_1_550' title='bbox 968 691 1085 721; x_wconf 85' lang='lat' dir='ltr'><strong>caperet,</strong></span> <span class='ocrx_word' id='word_1_551' title='bbox 1096 691 1173 721; x_wconf 89' lang='lat' dir='ltr'><strong>atque</strong></span> <span class='ocrx_word' id='word_1_552' title='bbox 1183 687 1366 720; x_wconf 85' lang='lat' dir='ltr'><strong>comparandis</strong></span> <span class='ocrx_word' id='word_1_553' title='bbox 1382 687 1513 721; x_wconf 71' lang='lat' dir='ltr'><strong>lapidibus</strong></span> <span class='ocrx_word' id='word_1_554' title='bbox 1528 688 1684 715; x_wconf 86' lang='lat' dir='ltr'><strong>insumeret.</strong></span> <span class='ocrx_word' id='word_1_555' title='bbox 1701 689 1753 715; x_wconf 85' lang='lat' dir='ltr'><strong>La-</strong></span> 
     </span>
    </p>
   </div>
   <div class='ocr_carea' id='block_1_73' title="bbox 969 732 1754 767">
    <p class='ocr_par' dir='ltr' id='par_1_73' title="bbox 969 732 1754 767">
     <span class='ocr_line' id='line_1_73' title="bbox 969 732 1754 767; baseline 0.001 -9"><span class='ocrx_word' id='word_1_556' title='bbox 969 732 1058 766; x_wconf 87' lang='lat' dir='ltr'><strong>pidtnn</strong></span> <span class='ocrx_word' id='word_1_557' title='bbox 1082 733 1152 758; x_wconf 85' lang='lat' dir='ltr'><strong>enim</strong></span> <span class='ocrx_word' id='word_1_558' title='bbox 1177 732 1248 759; x_wconf 82' lang='lat' dir='ltr'><strong>furor</strong></span> <span class='ocrx_word' id='word_1_559' title='bbox 1262 732 1367 766; x_wconf 84' lang='lat' dir='ltr'><strong>quidam</strong></span> <span class='ocrx_word' id='word_1_560' title='bbox 1386 732 1549 759; x_wconf 77' lang='lat' dir='ltr'><strong>I’haraonius</strong></span> <span class='ocrx_word' id='word_1_561' title='bbox 1564 733 1650 767; x_wconf 90' lang='lat' dir='ltr'><strong>ipsum</strong></span> <span class='ocrx_word' id='word_1_562' title='bbox 1669 735 1754 767; x_wconf 51' lang='lat' dir='ltr'><strong>poesi-</strong></span> 
     </span>
    </p>
   </div>
   <div class='ocr_carea' id='block_1_74' title="bbox 967 777 1754 812">
    <p class='ocr_par' dir='ltr' id='par_1_74' title="bbox 967 777 1754 812">
     <span class='ocr_line' id='line_1_74' title="bbox 967 777 1754 812; baseline 0.004 -9"><span class='ocrx_word' id='word_1_563' title='bbox 967 777 1011 803; x_wconf 91' lang='lat' dir='ltr'><strong>det</strong></span> <span class='ocrx_word' id='word_1_564' title='bbox 1023 797 1030 809; x_wconf 87' lang='lat'><strong>,</strong></span> <span class='ocrx_word' id='word_1_565' title='bbox 1047 777 1077 803; x_wconf 86' lang='lat' dir='ltr'><strong>ad</strong></span> <span class='ocrx_word' id='word_1_566' title='bbox 1093 777 1202 803; x_wconf 76' lang='lat' dir='ltr'><strong>:etlificia</strong></span> <span class='ocrx_word' id='word_1_567' title='bbox 1217 778 1312 811; x_wconf 85' lang='lat' dir='ltr'><strong>quibus</strong></span> <span class='ocrx_word' id='word_1_568' title='bbox 1324 778 1388 804; x_wconf 91' lang='lat' dir='ltr'><strong>nihil</strong></span> <span class='ocrx_word' id='word_1_569' title='bbox 1404 778 1500 812; x_wconf 76' lang='lat' dir='ltr'><strong>indiget</strong></span> <span class='ocrx_word' id='word_1_570' title='bbox 1513 778 1641 805; x_wconf 85' lang='lat' dir='ltr'><strong>Ecclesia.</strong></span> <span class='ocrx_word' id='word_1_571' title='bbox 1653 780 1683 806; x_wconf 84' lang='lat' dir='ltr'><strong>Et</strong></span> <span class='ocrx_word' id='word_1_572' title='bbox 1697 779 1754 806; x_wconf 72' lang='lat' dir='ltr'><strong>Ita-e</strong></span> 
     </span>
    </p>
   </div>
   <div class='ocr_carea' id='block_1_75' title="bbox 967 823 1754 858">
    <p class='ocr_par' dir='ltr' id='par_1_75' title="bbox 967 823 1754 858">
     <span class='ocr_line' id='line_1_75' title="bbox 967 823 1754 858; baseline 0.001 -9"><span class='ocrx_word' id='word_1_573' title='bbox 967 823 1072 857; x_wconf 84' lang='lat' dir='ltr'><strong>quidem</strong></span> <span class='ocrx_word' id='word_1_574' title='bbox 1087 823 1240 850; x_wconf 71' lang='lat' dir='ltr'><strong>mittamus:</strong></span> <span class='ocrx_word' id='word_1_575' title='bbox 1255 823 1324 857; x_wconf 88' lang='lat' dir='ltr'><strong>quod</strong></span> <span class='ocrx_word' id='word_1_576' title='bbox 1338 828 1425 850; x_wconf 87' lang='lat' dir='ltr'><strong>autent</strong></span> <span class='ocrx_word' id='word_1_577' title='bbox 1440 823 1473 851; x_wconf 87' lang='lat' dir='ltr'><strong>de</strong></span> <span class='ocrx_word' id='word_1_578' title='bbox 1490 824 1591 851; x_wconf 84' lang='lat' dir='ltr'><strong>Isidoro</strong></span> <span class='ocrx_word' id='word_1_579' title='bbox 1607 829 1691 858; x_wconf 87' lang='lat' dir='ltr'><strong>urget,</strong></span> <span class='ocrx_word' id='word_1_580' title='bbox 1709 833 1754 850; x_wconf 77' lang='lat' dir='ltr'><strong>:ltt-</strong></span> 
     </span>
    </p>
   </div>
   <div class='ocr_carea' id='block_1_76' title="bbox 967 869 1754 904">
    <p class='ocr_par' dir='ltr' id='par_1_76' title="bbox 967 869 1754 904">
     <span class='ocr_line' id='line_1_76' title="bbox 967 869 1754 904; baseline 0 -8"><span class='ocrx_word' id='word_1_581' title='bbox 967 869 1002 896; x_wconf 89' lang='lat' dir='ltr'><strong>di.</strong></span> <span class='ocrx_word' id='word_1_582' title='bbox 1017 869 1083 896; x_wconf 91' lang='lat' dir='ltr'><strong>Cum</strong></span> <span class='ocrx_word' id='word_1_583' title='bbox 1097 869 1174 904; x_wconf 85' lang='lat' dir='ltr'><strong>igitur</strong></span> <span class='ocrx_word' id='word_1_584' title='bbox 1188 869 1303 896; x_wconf 80' lang='lat' dir='ltr'><strong>Isidorus</strong></span> <span class='ocrx_word' id='word_1_585' title='bbox 1318 877 1364 896; x_wconf 88' lang='lat' dir='ltr'><strong>eos</strong></span> <span class='ocrx_word' id='word_1_586' title='bbox 1385 877 1507 896; x_wconf 89' lang='lat' dir='ltr'><strong>nnmtnos</strong></span> <span class='ocrx_word' id='word_1_587' title='bbox 1523 870 1689 904; x_wconf 87' lang='lat' dir='ltr'><strong>accepisset,</strong></span> <span class='ocrx_word' id='word_1_588' title='bbox 1706 871 1754 896; x_wconf 82' lang='lat' dir='ltr'><strong>illl—</strong></span> 
     </span>
    </p>
   </div>
   <div class='ocr_carea' id='block_1_77' title="bbox 968 915 1753 949">
    <p class='ocr_par' dir='ltr' id='par_1_77' title="bbox 968 915 1753 949">
     <span class='ocr_line' id='line_1_77' title="bbox 968 915 1753 949; baseline 0.003 -9"><span class='ocrx_word' id='word_1_589' title='bbox 968 915 1058 949; x_wconf 84' lang='lat' dir='ltr'><strong>pendit</strong></span> <span class='ocrx_word' id='word_1_590' title='bbox 1073 915 1241 949; x_wconf 83' lang='lat' dir='ltr'><strong>pauperculis</strong></span> <span class='ocrx_word' id='word_1_591' title='bbox 1255 919 1282 941; x_wconf 90' lang='lat' dir='ltr'><strong>et</strong></span> <span class='ocrx_word' id='word_1_592' title='bbox 1298 915 1382 941; x_wconf 88' lang='lat' dir='ltr'><strong>viduis</strong></span> <span class='ocrx_word' id='word_1_593' title='bbox 1399 915 1564 941; x_wconf 81' lang='lat' dir='ltr'><strong>mulieribus.</strong></span> <span class='ocrx_word' id='word_1_594' title='bbox 1579 915 1708 942; x_wconf 78' lang='lat' dir='ltr'><strong>Alicunde</strong></span> <span class='ocrx_word' id='word_1_595' title='bbox 1729 916 1753 942; x_wconf 88' lang='lat' dir='ltr'><strong>id</strong></span> 
     </span>
    </p>
   </div>
   <div class='ocr_carea' id='block_1_78' title="bbox 968 959 1751 994">
    <p class='ocr_par' dir='ltr' id='par_1_78' title="bbox 968 959 1751 994">
     <span class='ocr_line' id='line_1_78' title="bbox 968 959 1751 994; baseline 0.001 -8"><span class='ocrx_word' id='word_1_596' title='bbox 968 960 1042 987; x_wconf 68' lang='lat' dir='ltr'><strong>norit</strong></span> <span class='ocrx_word' id='word_1_597' title='bbox 1066 960 1246 994; x_wconf 83' lang='lat' dir='ltr'><strong>Theophilus:</strong></span> <span class='ocrx_word' id='word_1_598' title='bbox 1262 960 1327 987; x_wconf 90' lang='lat' dir='ltr'><strong>nihil</strong></span> <span class='ocrx_word' id='word_1_599' title='bbox 1347 959 1418 986; x_wconf 89' lang='lat' dir='ltr'><strong>enim</strong></span> <span class='ocrx_word' id='word_1_600' title='bbox 1436 961 1520 994; x_wconf 89' lang='lat' dir='ltr'><strong>ipsutn</strong></span> <span class='ocrx_word' id='word_1_601' title='bbox 1545 960 1641 987; x_wconf 89' lang='lat' dir='ltr'><strong>latebat</strong></span> <span class='ocrx_word' id='word_1_602' title='bbox 1661 969 1751 988; x_wconf 82' lang='lat' dir='ltr'><strong>eorum</strong></span> 
     </span>
    </p>
   </div>
   <div class='ocr_carea' id='block_1_79' title="bbox 967 1006 1752 1041">
    <p class='ocr_par' dir='ltr' id='par_1_79' title="bbox 967 1006 1752 1041">
     <span class='ocr_line' id='line_1_79' title="bbox 967 1006 1752 1041; baseline -0.001 -8"><span class='ocrx_word' id='word_1_603' title='bbox 967 1015 1026 1041; x_wconf 84' lang='lat' dir='ltr'><strong>qu.c</strong></span> <span class='ocrx_word' id='word_1_604' title='bbox 1039 1007 1134 1041; x_wconf 80' lang='lat' dir='ltr'><strong>ubique</strong></span> <span class='ocrx_word' id='word_1_605' title='bbox 1151 1007 1245 1033; x_wconf 84' lang='lat' dir='ltr'><strong>tierent</strong></span> <span class='ocrx_word' id='word_1_606' title='bbox 1260 1011 1286 1033; x_wconf 88' lang='lat' dir='ltr'><strong>et</strong></span> <span class='ocrx_word' id='word_1_607' title='bbox 1299 1006 1463 1038; x_wconf 85' lang='lat' dir='ltr'><strong>dicerentur,</strong></span> <span class='ocrx_word' id='word_1_608' title='bbox 1479 1010 1569 1040; x_wconf 88' lang='lat' dir='ltr'><strong>utpote</strong></span> <span class='ocrx_word' id='word_1_609' title='bbox 1583 1007 1625 1041; x_wconf 91' lang='lat' dir='ltr'><strong>qui</strong></span> <span class='ocrx_word' id='word_1_610' title='bbox 1642 1006 1752 1034; x_wconf 82' lang='lat' dir='ltr'><strong>haberet</strong></span> 
     </span>
    </p>
   </div>
   <div class='ocr_carea' id='block_1_80' title="bbox 966 1051 1752 1086">
    <p class='ocr_par' dir='ltr' id='par_1_80' title="bbox 966 1051 1752 1086">
     <span class='ocr_line' id='line_1_80' title="bbox 966 1051 1752 1086; baseline 0 -8"><span class='ocrx_word' id='word_1_611' title='bbox 966 1057 993 1079; x_wconf 89' lang='lat' dir='ltr'><strong>et</strong></span> <span class='ocrx_word' id='word_1_612' title='bbox 1006 1052 1132 1079; x_wconf 88' lang='lat' dir='ltr'><strong>factorum</strong></span> <span class='ocrx_word' id='word_1_613' title='bbox 1150 1057 1174 1078; x_wconf 88' lang='lat' dir='ltr'><strong>et</strong></span> <span class='ocrx_word' id='word_1_614' title='bbox 1190 1052 1319 1078; x_wconf 87' lang='lat' dir='ltr'><strong>dictorum</strong></span> <span class='ocrx_word' id='word_1_615' title='bbox 1342 1051 1541 1086; x_wconf 82' lang='lat' dir='ltr'><strong>exploratores,</strong></span> <span class='ocrx_word' id='word_1_616' title='bbox 1557 1059 1588 1078; x_wconf 92' lang='lat' dir='ltr'><strong>ne</strong></span> <span class='ocrx_word' id='word_1_617' title='bbox 1612 1052 1688 1078; x_wconf 84' lang='lat' dir='ltr'><strong>aliter</strong></span> <span class='ocrx_word' id='word_1_618' title='bbox 1706 1060 1752 1079; x_wconf 86' lang='lat' dir='ltr'><strong>eos</strong></span> 
     </span>
    </p>
   </div>
   <div class='ocr_carea' id='block_1_81' title="bbox 966 1096 1750 1132">
    <p class='ocr_par' dir='ltr' id='par_1_81' title="bbox 966 1096 1750 1132">
     <span class='ocr_line' id='line_1_81' title="bbox 966 1096 1750 1132; baseline -0.003 -8"><span class='ocrx_word' id='word_1_619' title='bbox 966 1097 1104 1132; x_wconf 88' lang='lat' dir='ltr'><strong>appellem.</strong></span> <span class='ocrx_word' id='word_1_620' title='bbox 1122 1097 1248 1123; x_wconf 76' lang='lat' dir='ltr'><strong>lsidorum</strong></span> <span class='ocrx_word' id='word_1_621' title='bbox 1273 1101 1385 1129; x_wconf 83' lang='lat' dir='ltr'><strong>evocat,</strong></span> <span class='ocrx_word' id='word_1_622' title='bbox 1405 1096 1542 1123; x_wconf 89' lang='lat' dir='ltr'><strong>moderate</strong></span> <span class='ocrx_word' id='word_1_623' title='bbox 1568 1096 1750 1130; x_wconf 85' lang='lat' dir='ltr'><strong>interrogans,</strong></span> 
     </span>
    </p>
   </div>
   <div class='ocr_carea' id='block_1_82' title="bbox 967 1143 1750 1177">
    <p class='ocr_par' dir='ltr' id='par_1_82' title="bbox 967 1143 1750 1177">
     <span class='ocr_line' id='line_1_82' title="bbox 967 1143 1750 1177; baseline 0 -7"><span class='ocrx_word' id='word_1_624' title='bbox 967 1152 998 1171; x_wconf 90' lang='lat' dir='ltr'><strong>an</strong></span> <span class='ocrx_word' id='word_1_625' title='bbox 1012 1152 1041 1171; x_wconf 90' lang='lat' dir='ltr'><strong>ea</strong></span> <span class='ocrx_word' id='word_1_626' title='bbox 1056 1144 1090 1170; x_wconf 61' lang='lat' dir='ltr'><strong>ita.</strong></span> <span class='ocrx_word' id='word_1_627' title='bbox 1105 1152 1133 1170; x_wconf 73' lang='lat' dir='ltr'><strong>se</strong></span> <span class='ocrx_word' id='word_1_628' title='bbox 1154 1143 1290 1171; x_wconf 88' lang='lat' dir='ltr'><strong>haberent.</strong></span> <span class='ocrx_word' id='word_1_629' title='bbox 1306 1143 1362 1170; x_wconf 80' lang='lat' dir='ltr'><strong>Non</strong></span> <span class='ocrx_word' id='word_1_630' title='bbox 1384 1143 1488 1177; x_wconf 86' lang='lat' dir='ltr'><strong>negavit</strong></span> <span class='ocrx_word' id='word_1_631' title='bbox 1509 1143 1624 1170; x_wconf 88' lang='lat' dir='ltr'><strong>Isidorus</strong></span> <span class='ocrx_word' id='word_1_632' title='bbox 1638 1164 1646 1176; x_wconf 86' lang='lat'><strong>,</strong></span> <span class='ocrx_word' id='word_1_633' title='bbox 1659 1143 1750 1177; x_wconf 84' lang='lat' dir='ltr'><strong>reique</strong></span> 
     </span>
    </p>
   </div>
   <div class='ocr_carea' id='block_1_83' title="bbox 967 1189 1751 1223">
    <p class='ocr_par' dir='ltr' id='par_1_83' title="bbox 967 1189 1751 1223">
     <span class='ocr_line' id='line_1_83' title="bbox 967 1189 1751 1223; baseline -0.003 -6"><span class='ocrx_word' id='word_1_634' title='bbox 967 1190 1046 1217; x_wconf 88' lang='lat' dir='ltr'><strong>totius</strong></span> <span class='ocrx_word' id='word_1_635' title='bbox 1060 1190 1317 1217; x_wconf 78' lang='lat' dir='ltr'><strong>administrationem</strong></span> <span class='ocrx_word' id='word_1_636' title='bbox 1339 1189 1426 1216; x_wconf 87' lang='lat' dir='ltr'><strong>fassus</strong></span> <span class='ocrx_word' id='word_1_637' title='bbox 1437 1193 1486 1216; x_wconf 89' lang='lat' dir='ltr'><strong>est.</strong></span> <span class='ocrx_word' id='word_1_638' title='bbox 1503 1189 1559 1223; x_wconf 87' lang='lat' dir='ltr'><strong>Quo</strong></span> <span class='ocrx_word' id='word_1_639' title='bbox 1583 1189 1626 1216; x_wconf 89' lang='lat' dir='ltr'><strong>ille</strong></span> <span class='ocrx_word' id='word_1_640' title='bbox 1643 1189 1732 1216; x_wconf 86' lang='lat' dir='ltr'><strong>audito</strong></span> <span class='ocrx_word' id='word_1_641' title='bbox 1744 1210 1751 1221; x_wconf 92' lang='lat'><strong>,</strong></span> 
     </span>
    </p>
   </div>
   <div class='ocr_carea' id='block_1_84' title="bbox 967 1234 1753 1269">
    <p class='ocr_par' dir='ltr' id='par_1_84' title="bbox 967 1234 1753 1269">
     <span class='ocr_line' id='line_1_84' title="bbox 967 1234 1753 1269; baseline -0.001 -8"><span class='ocrx_word' id='word_1_642' title='bbox 967 1242 1072 1262; x_wconf 89' lang='lat' dir='ltr'><strong>scenam</strong></span> <span class='ocrx_word' id='word_1_643' title='bbox 1089 1238 1172 1261; x_wconf 90' lang='lat' dir='ltr'><strong>mutat</strong></span> <span class='ocrx_word' id='word_1_644' title='bbox 1187 1244 1191 1259; x_wconf 93' lang='lat'><em>:</em></span> <span class='ocrx_word' id='word_1_645' title='bbox 1207 1238 1234 1261; x_wconf 90' lang='lat' dir='ltr'><strong>et</strong></span> <span class='ocrx_word' id='word_1_646' title='bbox 1249 1234 1292 1269; x_wconf 87' lang='lat' dir='ltr'><strong>qtti</strong></span> <span class='ocrx_word' id='word_1_647' title='bbox 1313 1234 1390 1268; x_wconf 91' lang='lat' dir='ltr'><strong>paulo</strong></span> <span class='ocrx_word' id='word_1_648' title='bbox 1408 1239 1470 1260; x_wconf 85' lang='lat' dir='ltr'><strong>ante</strong></span> <span class='ocrx_word' id='word_1_649' title='bbox 1498 1235 1522 1260; x_wconf 92' lang='lat' dir='ltr'><strong>in</strong></span> <span class='ocrx_word' id='word_1_650' title='bbox 1547 1234 1753 1268; x_wconf 78' lang='lat' dir='ltr'><strong>interrogatione</strong></span> 
     </span>
    </p>
   </div>
   <div class='ocr_carea' id='block_1_85' title="bbox 967 1281 1753 1315">
    <p class='ocr_par' dir='ltr' id='par_1_85' title="bbox 967 1281 1753 1315">
     <span class='ocr_line' id='line_1_85' title="bbox 967 1281 1753 1315; baseline -0.001 -8"><span class='ocrx_word' id='word_1_651' title='bbox 967 1281 1118 1308; x_wconf 87' lang='lat' dir='ltr'><strong>moderatus</strong></span> <span class='ocrx_word' id='word_1_652' title='bbox 1131 1289 1162 1308; x_wconf 91' lang='lat' dir='ltr'><strong>ac</strong></span> <span class='ocrx_word' id='word_1_653' title='bbox 1177 1281 1243 1308; x_wconf 88' lang='lat' dir='ltr'><strong>lettis</strong></span> <span class='ocrx_word' id='word_1_654' title='bbox 1259 1285 1428 1315; x_wconf 88' lang='lat' dir='ltr'><strong>apparuerat,</strong></span> <span class='ocrx_word' id='word_1_655' title='bbox 1445 1285 1580 1307; x_wconf 83' lang='lat' dir='ltr'><strong>momento</strong></span> <span class='ocrx_word' id='word_1_656' title='bbox 1592 1287 1649 1315; x_wconf 87' lang='lat' dir='ltr'><strong>post</strong></span> <span class='ocrx_word' id='word_1_657' title='bbox 1663 1281 1753 1307; x_wconf 72' lang='lat' dir='ltr'><strong>audito</strong></span> 
     </span>
    </p>
   </div>
   <div class='ocr_carea' id='block_1_86' title="bbox 968 1325 1751 1360">
    <p class='ocr_par' dir='ltr' id='par_1_86' title="bbox 968 1325 1751 1360">
     <span class='ocr_line' id='line_1_86' title="bbox 968 1325 1751 1360; baseline 0 -8"><span class='ocrx_word' id='word_1_658' title='bbox 968 1327 1059 1353; x_wconf 84' lang='lat' dir='ltr'><strong>Isidori</strong></span> <span class='ocrx_word' id='word_1_659' title='bbox 1087 1334 1233 1360; x_wconf 88' lang='lat' dir='ltr'><strong>responso,</strong></span> <span class='ocrx_word' id='word_1_660' title='bbox 1255 1331 1324 1353; x_wconf 88' lang='lat' dir='ltr'><strong>totus</strong></span> <span class='ocrx_word' id='word_1_661' title='bbox 1349 1327 1491 1358; x_wconf 86' lang='lat' dir='ltr'><strong>intumuit,</strong></span> <span class='ocrx_word' id='word_1_662' title='bbox 1515 1331 1613 1353; x_wconf 85' lang='lat' dir='ltr'><strong>mutata</strong></span> <span class='ocrx_word' id='word_1_663' title='bbox 1639 1325 1751 1353; x_wconf 81' lang='lat' dir='ltr'><strong>subinde</strong></span> 
     </span>
    </p>
   </div>
   <div class='ocr_carea' id='block_1_87' title="bbox 967 1371 1752 1406">
    <p class='ocr_par' dir='ltr' id='par_1_87' title="bbox 967 1371 1752 1406">
     <span class='ocr_line' id='line_1_87' title="bbox 967 1371 1752 1406; baseline 0 -9"><span class='ocrx_word' id='word_1_664' title='bbox 967 1371 1042 1398; x_wconf 78' lang='lat' dir='ltr'><strong>ftrie.</strong></span> <span class='ocrx_word' id='word_1_665' title='bbox 1060 1371 1093 1398; x_wconf 88' lang='lat' dir='ltr'><strong>Et</strong></span> <span class='ocrx_word' id='word_1_666' title='bbox 1106 1379 1165 1397; x_wconf 92' lang='lat' dir='ltr'><strong>eum</strong></span> <span class='ocrx_word' id='word_1_667' title='bbox 1183 1371 1316 1406; x_wconf 86' lang='lat' dir='ltr'><strong>paululum</strong></span> <span class='ocrx_word' id='word_1_668' title='bbox 1331 1371 1485 1406; x_wconf 80' lang='lat' dir='ltr'><strong>quievissct,</strong></span> <span class='ocrx_word' id='word_1_669' title='bbox 1502 1377 1527 1398; x_wconf 89' lang='lat' dir='ltr'><strong>ttt</strong></span> <span class='ocrx_word' id='word_1_670' title='bbox 1542 1372 1614 1398; x_wconf 92' lang='lat' dir='ltr'><strong>canis</strong></span> <span class='ocrx_word' id='word_1_671' title='bbox 1627 1371 1671 1404; x_wconf 86' lang='lat' dir='ltr'><strong>qui</strong></span> <span class='ocrx_word' id='word_1_672' title='bbox 1685 1371 1752 1397; x_wconf 84' lang='lat' dir='ltr'><strong>elant</strong></span> 
     </span>
    </p>
   </div>
   <div class='ocr_carea' id='block_1_88' title="bbox 968 1415 1755 1450">
    <p class='ocr_par' dir='ltr' id='par_1_88' title="bbox 968 1415 1755 1450">
     <span class='ocr_line' id='line_1_88' title="bbox 968 1415 1755 1450; baseline 0 -8"><span class='ocrx_word' id='word_1_673' title='bbox 968 1417 1090 1448; x_wconf 89' lang='lat' dir='ltr'><strong>mordet,</strong></span> <span class='ocrx_word' id='word_1_674' title='bbox 1108 1421 1165 1450; x_wconf 86' lang='lat' dir='ltr'><strong>post</strong></span> <span class='ocrx_word' id='word_1_675' title='bbox 1180 1423 1283 1442; x_wconf 87' lang='lat' dir='ltr'><strong>menses</strong></span> <span class='ocrx_word' id='word_1_676' title='bbox 1307 1415 1374 1442; x_wconf 83' lang='lat' dir='ltr'><strong>duos</strong></span> <span class='ocrx_word' id='word_1_677' title='bbox 1398 1421 1543 1443; x_wconf 83' lang='lat' dir='ltr'><strong>convocato</strong></span> <span class='ocrx_word' id='word_1_678' title='bbox 1556 1416 1638 1446; x_wconf 87' lang='lat' dir='ltr'><strong>clero,</strong></span> <span class='ocrx_word' id='word_1_679' title='bbox 1654 1415 1755 1449; x_wconf 84' lang='lat' dir='ltr'><strong>profert</strong></span> 
     </span>
    </p>
   </div>
   <div class='ocr_carea' id='block_1_89' title="bbox 967 1460 1754 1495">
    <p class='ocr_par' dir='ltr' id='par_1_89' title="bbox 967 1460 1754 1495">
     <span class='ocr_line' id='line_1_89' title="bbox 967 1460 1754 1495; baseline -0.001 -7"><span class='ocrx_word' id='word_1_680' title='bbox 967 1461 1113 1488; x_wconf 84' lang='lat' dir='ltr'><strong>chartulam</strong></span> <span class='ocrx_word' id='word_1_681' title='bbox 1137 1465 1267 1495; x_wconf 67' lang='lat' dir='ltr'><strong>prmsentc</strong></span> <span class='ocrx_word' id='word_1_682' title='bbox 1295 1460 1417 1493; x_wconf 88' lang='lat' dir='ltr'><strong>lsodoro,</strong></span> <span class='ocrx_word' id='word_1_683' title='bbox 1440 1460 1552 1487; x_wconf 88' lang='lat' dir='ltr'><strong>dicens:</strong></span> <span class='ocrx_word' id='word_1_684' title='bbox 1571 1460 1642 1487; x_wconf 82' lang='lat' dir='ltr'><strong>Ilanc</strong></span> <span class='ocrx_word' id='word_1_685' title='bbox 1663 1460 1754 1495; x_wconf 81' lang='lat' dir='ltr'><strong>accepi</strong></span> 
     </span>
    </p>
   </div>
   <div class='ocr_carea' id='block_1_90' title="bbox 967 1505 1753 1538">
    <p class='ocr_par' dir='ltr' id='par_1_90' title="bbox 967 1505 1753 1538">
     <span class='ocr_line' id='line_1_90' title="bbox 967 1505 1753 1538; baseline -0.003 -5"><span class='ocrx_word' id='word_1_686' title='bbox 967 1512 1028 1534; x_wconf 89' lang='lat' dir='ltr'><strong>ante</strong></span> <span class='ocrx_word' id='word_1_687' title='bbox 1044 1507 1134 1534; x_wconf 74' lang='lat' dir='ltr'><strong>drceltt</strong></span> <span class='ocrx_word' id='word_1_688' title='bbox 1147 1511 1173 1533; x_wconf 90' lang='lat' dir='ltr'><strong>et</strong></span> <span class='ocrx_word' id='word_1_689' title='bbox 1188 1511 1247 1533; x_wconf 88' lang='lat' dir='ltr'><strong>octo</strong></span> <span class='ocrx_word' id='word_1_690' title='bbox 1261 1513 1343 1533; x_wconf 88' lang='lat' dir='ltr'><strong>annos</strong></span> <span class='ocrx_word' id='word_1_691' title='bbox 1354 1527 1361 1538; x_wconf 89' lang='lat'><strong>,</strong></span> <span class='ocrx_word' id='word_1_692' title='bbox 1376 1505 1475 1533; x_wconf 87' lang='lat' dir='ltr'><strong>Isidore</strong></span> <span class='ocrx_word' id='word_1_693' title='bbox 1486 1526 1493 1538; x_wconf 92' lang='lat'><strong>,</strong></span> <span class='ocrx_word' id='word_1_694' title='bbox 1516 1505 1642 1532; x_wconf 86' lang='lat' dir='ltr'><strong>adversus</strong></span> <span class='ocrx_word' id='word_1_695' title='bbox 1666 1509 1691 1532; x_wconf 85' lang='lat' dir='ltr'><strong>te</strong></span> <span class='ocrx_word' id='word_1_696' title='bbox 1704 1513 1709 1536; x_wconf 85' lang='lat'><strong>;</strong></span> <span class='ocrx_word' id='word_1_697' title='bbox 1727 1509 1753 1531; x_wconf 89' lang='lat' dir='ltr'><strong>et</strong></span> 
     </span>
    </p>
   </div>
   <div class='ocr_carea' id='block_1_91' title="bbox 967 1549 1751 1587">
    <p class='ocr_par' dir='ltr' id='par_1_91' title="bbox 967 1549 1751 1587">
     <span class='ocr_line' id='line_1_91' title="bbox 967 1549 1751 1587; baseline -0.004 -9"><span class='ocrx_word' id='word_1_698' title='bbox 967 1552 1090 1587; x_wconf 88' lang='lat' dir='ltr'><strong>quoniam</strong></span> <span class='ocrx_word' id='word_1_699' title='bbox 1105 1550 1179 1577; x_wconf 87' lang='lat' dir='ltr'><strong>valde</strong></span> <span class='ocrx_word' id='word_1_700' title='bbox 1194 1558 1276 1585; x_wconf 84' lang='lat' dir='ltr'><strong>occup</strong></span> <span class='ocrx_word' id='word_1_701' title='bbox 1286 1557 1336 1578; x_wconf 74' lang='lat' dir='ltr'><strong>IIIIS</strong></span> <span class='ocrx_word' id='word_1_702' title='bbox 1347 1559 1429 1583; x_wconf 88' lang='lat' dir='ltr'><strong>eram,</strong></span> <span class='ocrx_word' id='word_1_703' title='bbox 1446 1558 1502 1578; x_wconf 89' lang='lat' dir='ltr'><strong>rem</strong></span> <span class='ocrx_word' id='word_1_704' title='bbox 1517 1550 1623 1577; x_wconf 78' lang='lat' dir='ltr'><strong>silentio</strong></span> <span class='ocrx_word' id='word_1_705' title='bbox 1635 1549 1729 1576; x_wconf 87' lang='lat' dir='ltr'><strong>tradidi</strong></span> <span class='ocrx_word' id='word_1_706' title='bbox 1745 1558 1751 1576; x_wconf 90' lang='lat'><strong><em>:</em></strong></span> 
     </span>
    </p>
   </div>
   <div class='ocr_carea' id='block_1_92' title="bbox 967 1594 1754 1630">
    <p class='ocr_par' dir='ltr' id='par_1_92' title="bbox 967 1594 1754 1630">
     <span class='ocr_line' id='line_1_92' title="bbox 967 1594 1754 1630; baseline -0.001 -8"><span class='ocrx_word' id='word_1_707' title='bbox 967 1603 1036 1623; x_wconf 93' lang='lat' dir='ltr'><strong>nunc</strong></span> <span class='ocrx_word' id='word_1_708' title='bbox 1050 1603 1113 1622; x_wconf 87' lang='lat' dir='ltr'><strong>vero</strong></span> <span class='ocrx_word' id='word_1_709' title='bbox 1132 1595 1196 1622; x_wconf 88' lang='lat' dir='ltr'><strong>alias</strong></span> <span class='ocrx_word' id='word_1_710' title='bbox 1209 1596 1314 1622; x_wconf 90' lang='lat' dir='ltr'><strong>chartas</strong></span> <span class='ocrx_word' id='word_1_711' title='bbox 1337 1603 1460 1630; x_wconf 69' lang='lat' dir='ltr'><strong>qnmrens</strong></span> <span class='ocrx_word' id='word_1_712' title='bbox 1472 1616 1479 1627; x_wconf 92' lang='lat'><strong>,</strong></span> <span class='ocrx_word' id='word_1_713' title='bbox 1497 1595 1565 1621; x_wconf 86' lang='lat' dir='ltr'><strong>hanc</strong></span> <span class='ocrx_word' id='word_1_714' title='bbox 1580 1595 1612 1621; x_wconf 87' lang='lat' dir='ltr'><strong>de</strong></span> <span class='ocrx_word' id='word_1_715' title='bbox 1633 1600 1657 1621; x_wconf 87' lang='lat' dir='ltr'><strong>te</strong></span> <span class='ocrx_word' id='word_1_716' title='bbox 1674 1594 1754 1621; x_wconf 59' lang='lat' dir='ltr'><strong>char»</strong></span> 
     </span>
    </p>
   </div>
   <div class='ocr_carea' id='block_1_93' title="bbox 969 1639 1753 1668">
    <p class='ocr_par' dir='ltr' id='par_1_93' title="bbox 969 1639 1753 1668">
     <span class='ocr_line' id='line_1_93' title="bbox 969 1639 1753 1668; baseline -0.003 -1"><span class='ocrx_word' id='word_1_717' title='bbox 969 1641 1049 1668; x_wconf 90' lang='lat' dir='ltr'><strong>tulatn</strong></span> <span class='ocrx_word' id='word_1_718' title='bbox 1064 1641 1150 1668; x_wconf 77' lang='lat' dir='ltr'><strong>inveni</strong></span> <span class='ocrx_word' id='word_1_719' title='bbox 1167 1660 1173 1666; x_wconf 89' lang='lat'><strong>.</strong></span> <span class='ocrx_word' id='word_1_720' title='bbox 1190 1646 1282 1667; x_wconf 90' lang='lat' dir='ltr'><strong>contra</strong></span> <span class='ocrx_word' id='word_1_721' title='bbox 1299 1641 1367 1668; x_wconf 90' lang='lat' dir='ltr'><strong>hanc</strong></span> <span class='ocrx_word' id='word_1_722' title='bbox 1380 1641 1486 1668; x_wconf 91' lang='lat' dir='ltr'><strong>institue</strong></span> <span class='ocrx_word' id='word_1_723' title='bbox 1499 1640 1690 1666; x_wconf 81' lang='lat' dir='ltr'><strong>defensionem.</strong></span> <span class='ocrx_word' id='word_1_724' title='bbox 1707 1639 1753 1665; x_wconf 86' lang='lat' dir='ltr'><strong>Illa</strong></span> 
     </span>
    </p>
   </div>
   <div class='ocr_carea' id='block_1_94' title="bbox 967 1685 1748 1714">
    <p class='ocr_par' dir='ltr' id='par_1_94' title="bbox 967 1685 1748 1714">
     <span class='ocr_line' id='line_1_94' title="bbox 967 1685 1748 1714; baseline -0.004 -1"><span class='ocrx_word' id='word_1_725' title='bbox 967 1692 1054 1714; x_wconf 88' lang='lat' dir='ltr'><strong>autem</strong></span> <span class='ocrx_word' id='word_1_726' title='bbox 1076 1687 1193 1714; x_wconf 77' lang='lat' dir='ltr'><strong>chartula</strong></span> <span class='ocrx_word' id='word_1_727' title='bbox 1217 1687 1369 1714; x_wconf 86' lang='lat' dir='ltr'><strong>continebat</strong></span> <span class='ocrx_word' id='word_1_728' title='bbox 1383 1686 1579 1713; x_wconf 88' lang='lat' dir='ltr'><strong>accusationem</strong></span> <span class='ocrx_word' id='word_1_729' title='bbox 1594 1685 1748 1712; x_wconf 74' lang='lat' dir='ltr'><strong>Sndomitici</strong></span> 
     </span>
    </p>
   </div>
   <div class='ocr_carea' id='block_1_95' title="bbox 969 1729 1754 1765">
    <p class='ocr_par' dir='ltr' id='par_1_95' title="bbox 969 1729 1754 1765">
     <span class='ocr_line' id='line_1_95' title="bbox 969 1729 1754 1765; baseline -0.005 -6"><span class='ocrx_word' id='word_1_730' title='bbox 969 1733 1101 1759; x_wconf 70' lang='lat' dir='ltr'><strong>criminis.</strong></span> <span class='ocrx_word' id='word_1_731' title='bbox 1128 1731 1169 1759; x_wconf 83' lang='lat' dir='ltr'><strong>Ad</strong></span> <span class='ocrx_word' id='word_1_732' title='bbox 1196 1732 1254 1759; x_wconf 61' lang='lat' dir='ltr'><strong>hinc</strong></span> <span class='ocrx_word' id='word_1_733' title='bbox 1283 1732 1407 1759; x_wconf 88' lang='lat' dir='ltr'><strong>Isodorus</strong></span> <span class='ocrx_word' id='word_1_734' title='bbox 1431 1731 1577 1765; x_wconf 82' lang='lat' dir='ltr'><strong>&#39;l&#39;hcophilo</strong></span> <span class='ocrx_word' id='word_1_735' title='bbox 1604 1729 1754 1763; x_wconf 72' lang='lat' dir='ltr'><strong>respondit,</strong></span> 
     </span>
    </p>
   </div>
   <div class='ocr_carea' id='block_1_96' title="bbox 968 1777 1754 1808">
    <p class='ocr_par' dir='ltr' id='par_1_96' title="bbox 968 1777 1754 1808">
     <span class='ocr_line' id='line_1_96' title="bbox 968 1777 1754 1808; baseline -0.004 -4"><span class='ocrx_word' id='word_1_736' title='bbox 968 1778 1113 1805; x_wconf 80' lang='lat' dir='ltr'><strong>defendens</strong></span> <span class='ocrx_word' id='word_1_737' title='bbox 1132 1785 1160 1804; x_wconf 82' lang='lat' dir='ltr'><strong>se</strong></span> <span class='ocrx_word' id='word_1_738' title='bbox 1177 1787 1183 1803; x_wconf 89' lang='lat'>:</span> <span class='ocrx_word' id='word_1_739' title='bbox 1199 1777 1380 1804; x_wconf 83' lang='lat' dir='ltr'><strong>Concedamus</strong></span> <span class='ocrx_word' id='word_1_740' title='bbox 1397 1777 1446 1803; x_wconf 89' lang='lat' dir='ltr'><strong>Itoc</strong></span> <span class='ocrx_word' id='word_1_741' title='bbox 1461 1784 1551 1803; x_wconf 89' lang='lat' dir='ltr'><strong>vermu</strong></span> <span class='ocrx_word' id='word_1_742' title='bbox 1567 1783 1636 1808; x_wconf 89' lang='lat' dir='ltr'><strong>esse,</strong></span> <span class='ocrx_word' id='word_1_743' title='bbox 1652 1781 1677 1802; x_wconf 86' lang='lat' dir='ltr'><strong>et</strong></span> <span class='ocrx_word' id='word_1_744' title='bbox 1700 1783 1713 1800; x_wconf 91' lang='lat' dir='ltr'><strong>a</strong></span> <span class='ocrx_word' id='word_1_745' title='bbox 1729 1780 1754 1801; x_wconf 85' lang='lat' dir='ltr'><strong>te</strong></span> 
     </span>
    </p>
   </div>
   <div class='ocr_carea' id='block_1_97' title="bbox 969 1820 1754 1857">
    <p class='ocr_par' dir='ltr' id='par_1_97' title="bbox 969 1820 1754 1857">
     <span class='ocr_line' id='line_1_97' title="bbox 969 1820 1754 1857; baseline -0.003 -9"><span class='ocrx_word' id='word_1_746' title='bbox 969 1828 1103 1857; x_wconf 84' lang='lat' dir='ltr'><strong>acceptant</strong></span> <span class='ocrx_word' id='word_1_747' title='bbox 1119 1830 1177 1850; x_wconf 84' lang='lat' dir='ltr'><strong>esse</strong></span> <span class='ocrx_word' id='word_1_748' title='bbox 1193 1823 1339 1849; x_wconf 87' lang='lat' dir='ltr'><strong>chartulam</strong></span> <span class='ocrx_word' id='word_1_749' title='bbox 1353 1843 1360 1855; x_wconf 91' lang='lat'><strong>,</strong></span> <span class='ocrx_word' id='word_1_750' title='bbox 1384 1827 1410 1849; x_wconf 90' lang='lat' dir='ltr'><strong>et</strong></span> <span class='ocrx_word' id='word_1_751' title='bbox 1434 1821 1480 1848; x_wconf 90' lang='lat' dir='ltr'><strong>tibi</strong></span> <span class='ocrx_word' id='word_1_752' title='bbox 1502 1820 1632 1848; x_wconf 54' lang='lat' dir='ltr'><strong>excidisse</strong></span> <span class='ocrx_word' id='word_1_753' title='bbox 1648 1830 1653 1848; x_wconf 93' lang='lat'><strong>:</strong></span> <span class='ocrx_word' id='word_1_754' title='bbox 1667 1829 1754 1846; x_wconf 85' lang='lat' dir='ltr'><strong>nonne</strong></span> 
     </span>
    </p>
   </div>
   <div class='ocr_carea' id='block_1_98' title="bbox 968 1867 1754 1904">
    <p class='ocr_par' dir='ltr' id='par_1_98' title="bbox 968 1867 1754 1904">
     <span class='ocr_line' id='line_1_98' title="bbox 968 1867 1754 1904; baseline -0.005 -8"><span class='ocrx_word' id='word_1_755' title='bbox 968 1869 1060 1896; x_wconf 85' lang='lat' dir='ltr'><strong>aderat</strong></span> <span class='ocrx_word' id='word_1_756' title='bbox 1074 1869 1116 1904; x_wconf 91' lang='lat' dir='ltr'><strong>qui</strong></span> <span class='ocrx_word' id='word_1_757' title='bbox 1129 1869 1244 1896; x_wconf 89' lang='lat' dir='ltr'><strong>libellum</strong></span> <span class='ocrx_word' id='word_1_758' title='bbox 1258 1868 1345 1901; x_wconf 81' lang='lat' dir='ltr'><strong>dedit,</strong></span> <span class='ocrx_word' id='word_1_759' title='bbox 1361 1873 1388 1895; x_wconf 91' lang='lat' dir='ltr'><strong>ut</strong></span> <span class='ocrx_word' id='word_1_760' title='bbox 1404 1867 1490 1894; x_wconf 91' lang='lat' dir='ltr'><strong>denuo</strong></span> <span class='ocrx_word' id='word_1_761' title='bbox 1502 1867 1546 1894; x_wconf 88' lang='lat' dir='ltr'><strong>ille</strong></span> <span class='ocrx_word' id='word_1_762' title='bbox 1559 1875 1573 1893; x_wconf 89' lang='lat' dir='ltr'><strong>a</strong></span> <span class='ocrx_word' id='word_1_763' title='bbox 1590 1872 1615 1894; x_wconf 88' lang='lat' dir='ltr'><strong>te</strong></span> <span class='ocrx_word' id='word_1_764' title='bbox 1630 1873 1754 1900; x_wconf 72' lang='lat' dir='ltr'><strong>reposce~</strong></span> 
     </span>
    </p>
   </div>
   <div class='ocr_carea' id='block_1_99' title="bbox 969 1913 1754 1948">
    <p class='ocr_par' dir='ltr' id='par_1_99' title="bbox 969 1913 1754 1948">
     <span class='ocr_line' id='line_1_99' title="bbox 969 1913 1754 1948; baseline -0.005 -7"><span class='ocrx_word' id='word_1_765' title='bbox 969 1915 1063 1942; x_wconf 82' lang='lat' dir='ltr'><strong>retur?</strong></span> <span class='ocrx_word' id='word_1_766' title='bbox 1078 1915 1116 1941; x_wconf 84' lang='lat' dir='ltr'><strong>Ad</strong></span> <span class='ocrx_word' id='word_1_767' title='bbox 1139 1915 1194 1941; x_wconf 70' lang='lat' dir='ltr'><strong>hate</strong></span> <span class='ocrx_word' id='word_1_768' title='bbox 1215 1913 1377 1948; x_wconf 86' lang='lat' dir='ltr'><strong>Theophilus</strong></span> <span class='ocrx_word' id='word_1_769' title='bbox 1394 1923 1399 1941; x_wconf 90' lang='lat'><strong>:</strong></span> <span class='ocrx_word' id='word_1_770' title='bbox 1415 1913 1468 1941; x_wconf 83' lang='lat' dir='ltr'><strong>Sed</strong></span> <span class='ocrx_word' id='word_1_771' title='bbox 1492 1921 1542 1940; x_wconf 93' lang='lat' dir='ltr'><strong>non</strong></span> <span class='ocrx_word' id='word_1_772' title='bbox 1559 1913 1651 1940; x_wconf 82' lang='lat' dir='ltr'><strong>aderat</strong></span> <span class='ocrx_word' id='word_1_773' title='bbox 1674 1920 1754 1946; x_wconf 86' lang='lat' dir='ltr'><strong>puer,</strong></span> 
     </span>
    </p>
   </div>
   <div class='ocr_carea' id='block_1_100' title="bbox 971 1957 1753 1994">
    <p class='ocr_par' dir='ltr' id='par_1_100' title="bbox 971 1957 1753 1994">
     <span class='ocr_line' id='line_1_100' title="bbox 971 1957 1753 1994; baseline -0.004 -8"><span class='ocrx_word' id='word_1_774' title='bbox 971 1960 1108 1994; x_wconf 82' lang='lat' dir='ltr'><strong>navigabat</strong></span> <span class='ocrx_word' id='word_1_775' title='bbox 1119 1960 1190 1986; x_wconf 80' lang='lat' dir='ltr'><strong>enini</strong></span> <span class='ocrx_word' id='word_1_776' title='bbox 1205 1960 1230 1986; x_wconf 92' lang='lat' dir='ltr'><strong>in</strong></span> <span class='ocrx_word' id='word_1_777' title='bbox 1242 1959 1318 1985; x_wconf 88' lang='lat' dir='ltr'><strong>tnari.</strong></span> <span class='ocrx_word' id='word_1_778' title='bbox 1328 1959 1358 1985; x_wconf 76' lang='lat' dir='ltr'><strong>Et</strong></span> <span class='ocrx_word' id='word_1_779' title='bbox 1372 1958 1485 1985; x_wconf 89' lang='lat' dir='ltr'><strong>Isidorus</strong></span> <span class='ocrx_word' id='word_1_780' title='bbox 1495 1967 1501 1984; x_wconf 87' lang='lat'><strong>:</strong></span> <span class='ocrx_word' id='word_1_781' title='bbox 1511 1958 1567 1984; x_wconf 81' lang='lat' dir='ltr'><strong>Non</strong></span> <span class='ocrx_word' id='word_1_782' title='bbox 1579 1957 1670 1984; x_wconf 89' lang='lat' dir='ltr'><strong>aderat</strong></span> <span class='ocrx_word' id='word_1_783' title='bbox 1681 1961 1753 1989; x_wconf 82' lang='lat' dir='ltr'><strong>tunc,</strong></span> 
     </span>
    </p>
   </div>
   <div class='ocr_carea' id='block_1_101' title="bbox 970 2002 1754 2039">
    <p class='ocr_par' dir='ltr' id='par_1_101' title="bbox 970 2002 1754 2039">
     <span class='ocr_line' id='line_1_101' title="bbox 970 2002 1754 2039; baseline -0.005 -8"><span class='ocrx_word' id='word_1_784' title='bbox 970 2010 997 2031; x_wconf 87' lang='lat' dir='ltr'><strong>ttt</strong></span> <span class='ocrx_word' id='word_1_785' title='bbox 1008 2005 1084 2038; x_wconf 89' lang='lat' dir='ltr'><strong>dicis,</strong></span> <span class='ocrx_word' id='word_1_786' title='bbox 1101 2012 1165 2039; x_wconf 89' lang='lat' dir='ltr'><strong>papa</strong></span> <span class='ocrx_word' id='word_1_787' title='bbox 1183 2014 1188 2030; x_wconf 93' lang='lat'>:</span> <span class='ocrx_word' id='word_1_788' title='bbox 1208 2009 1265 2038; x_wconf 89' lang='lat' dir='ltr'><strong>post</strong></span> <span class='ocrx_word' id='word_1_789' title='bbox 1278 2004 1469 2038; x_wconf 78' lang='lat' dir='ltr'><strong>navigationem</strong></span> <span class='ocrx_word' id='word_1_790' title='bbox 1485 2011 1572 2030; x_wconf 87' lang='lat' dir='ltr'><strong>nontto</strong></span> <span class='ocrx_word' id='word_1_791' title='bbox 1586 2002 1688 2030; x_wconf 78' lang='lat' dir='ltr'><strong>adfuit?</strong></span> <span class='ocrx_word' id='word_1_792' title='bbox 1702 2010 1754 2028; x_wconf 73' lang='lat' dir='ltr'><strong>non</strong></span> 
     </span>
    </p>
   </div>
   <div class='ocr_carea' id='block_1_102' title="bbox 968 2047 1756 2082">
    <p class='ocr_par' dir='ltr' id='par_1_102' title="bbox 968 2047 1756 2082">
     <span class='ocr_line' id='line_1_102' title="bbox 968 2047 1756 2082; baseline -0.004 -6"><span class='ocrx_word' id='word_1_793' title='bbox 968 2050 1105 2076; x_wconf 71' lang='lat' dir='ltr'><strong>secundo?</strong></span> <span class='ocrx_word' id='word_1_794' title='bbox 1119 2057 1169 2076; x_wconf 88' lang='lat' dir='ltr'><strong>non</strong></span> <span class='ocrx_word' id='word_1_795' title='bbox 1185 2050 1262 2076; x_wconf 83' lang='lat' dir='ltr'><strong>tertio</strong></span> <span class='ocrx_word' id='word_1_796' title='bbox 1275 2050 1362 2076; x_wconf 88' lang='lat' dir='ltr'><strong>anno?</strong></span> <span class='ocrx_word' id='word_1_797' title='bbox 1373 2053 1399 2076; x_wconf 85' lang='lat' dir='ltr'><strong>et</strong></span> <span class='ocrx_word' id='word_1_798' title='bbox 1415 2057 1482 2075; x_wconf 87' lang='lat' dir='ltr'><strong>nunc</strong></span> <span class='ocrx_word' id='word_1_799' title='bbox 1496 2049 1516 2075; x_wconf 88' lang='lat' dir='ltr'><strong>si</strong></span> <span class='ocrx_word' id='word_1_800' title='bbox 1532 2048 1621 2080; x_wconf 81' lang='lat' dir='ltr'><strong>adest,</strong></span> <span class='ocrx_word' id='word_1_801' title='bbox 1631 2048 1693 2082; x_wconf 87' lang='lat' dir='ltr'><strong>jube</strong></span> <span class='ocrx_word' id='word_1_802' title='bbox 1708 2047 1756 2074; x_wconf 83' lang='lat' dir='ltr'><strong>lto-</strong></span> 
     </span>
    </p>
   </div>
   <div class='ocr_carea' id='block_1_103' title="bbox 969 2093 1755 2129">
    <p class='ocr_par' dir='ltr' id='par_1_103' title="bbox 969 2093 1755 2129">
     <span class='ocr_line' id='line_1_103' title="bbox 969 2093 1755 2129; baseline -0.001 -7"><span class='ocrx_word' id='word_1_803' title='bbox 969 2096 1066 2122; x_wconf 87' lang='lat' dir='ltr'><strong>minem</strong></span> <span class='ocrx_word' id='word_1_804' title='bbox 1089 2095 1182 2122; x_wconf 85' lang='lat' dir='ltr'><strong>sistere</strong></span> <span class='ocrx_word' id='word_1_805' title='bbox 1199 2103 1237 2122; x_wconf 84' lang='lat' dir='ltr'><strong>se.</strong></span> <span class='ocrx_word' id='word_1_806' title='bbox 1264 2095 1304 2121; x_wconf 90' lang='lat' dir='ltr'><strong>Ad</strong></span> <span class='ocrx_word' id='word_1_807' title='bbox 1326 2095 1383 2121; x_wconf 83' lang='lat' dir='ltr'><strong>hace</strong></span> <span class='ocrx_word' id='word_1_808' title='bbox 1407 2094 1585 2128; x_wconf 85' lang='lat' dir='ltr'><strong>Theophilus,</strong></span> <span class='ocrx_word' id='word_1_809' title='bbox 1600 2101 1679 2129; x_wconf 89' lang='lat' dir='ltr'><strong>quem</strong></span> <span class='ocrx_word' id='word_1_810' title='bbox 1700 2093 1755 2127; x_wconf 78' lang='lat' dir='ltr'><strong>ipsa</strong></span> 
     </span>
    </p>
   </div>
   <div class='ocr_carea' id='block_1_104' title="bbox 970 2139 1755 2174">
    <p class='ocr_par' dir='ltr' id='par_1_104' title="bbox 970 2139 1755 2174">
     <span class='ocr_line' id='line_1_104' title="bbox 970 2139 1755 2174; baseline -0.003 -7"><span class='ocrx_word' id='word_1_811' title='bbox 970 2141 1065 2168; x_wconf 74' lang='lat' dir='ltr'><strong>\‘t‘I‘llaS</strong></span> <span class='ocrx_word' id='word_1_812' title='bbox 1080 2140 1303 2174; x_wconf 86' lang='lat' dir='ltr'><strong>contemptibilem</strong></span> <span class='ocrx_word' id='word_1_813' title='bbox 1320 2140 1454 2169; x_wconf 87' lang='lat' dir='ltr'><strong>redditura</strong></span> <span class='ocrx_word' id='word_1_814' title='bbox 1470 2144 1543 2172; x_wconf 86' lang='lat' dir='ltr'><strong>erat,</strong></span> <span class='ocrx_word' id='word_1_815' title='bbox 1566 2147 1622 2166; x_wconf 87' lang='lat' dir='ltr'><strong>rem</strong></span> <span class='ocrx_word' id='word_1_816' title='bbox 1638 2140 1663 2165; x_wconf 91' lang='lat' dir='ltr'><strong>in</strong></span> <span class='ocrx_word' id='word_1_817' title='bbox 1676 2139 1755 2166; x_wconf 90' lang='lat' dir='ltr'><strong>alituu</strong></span> 
     </span>
    </p>
   </div>
   <div class='ocr_carea' id='block_1_105' title="bbox 969 2184 1757 2220">
    <p class='ocr_par' dir='ltr' id='par_1_105' title="bbox 969 2184 1757 2220">
     <span class='ocr_line' id='line_1_105' title="bbox 969 2184 1757 2220; baseline -0.001 -8"><span class='ocrx_word' id='word_1_818' title='bbox 969 2186 1037 2212; x_wconf 89' lang='lat' dir='ltr'><strong>diem</strong></span> <span class='ocrx_word' id='word_1_819' title='bbox 1058 2185 1143 2219; x_wconf 89' lang='lat' dir='ltr'><strong>rejicit</strong></span> <span class='ocrx_word' id='word_1_820' title='bbox 1159 2194 1165 2210; x_wconf 73' lang='grc' dir='ltr'>ε</span> <span class='ocrx_word' id='word_1_821' title='bbox 1181 2190 1207 2212; x_wconf 84' lang='lat' dir='ltr'><strong>ct</strong></span> <span class='ocrx_word' id='word_1_822' title='bbox 1218 2185 1341 2220; x_wconf 81' lang='lat' dir='ltr'><strong>juvenem</strong></span> <span class='ocrx_word' id='word_1_823' title='bbox 1363 2185 1503 2220; x_wconf 88' lang='lat' dir='ltr'><strong>quemdam</strong></span> <span class='ocrx_word' id='word_1_824' title='bbox 1526 2184 1757 2219; x_wconf 77' lang='lat' dir='ltr'><strong>pollicitationibus</strong></span> 
     </span>
    </p>
   </div>
   <div class='ocr_carea' id='block_1_106' title="bbox 970 2229 1756 2263">
    <p class='ocr_par' dir='ltr' id='par_1_106' title="bbox 970 2229 1756 2263">
     <span class='ocr_line' id='line_1_106' title="bbox 970 2229 1756 2263; baseline -0.001 -6"><span class='ocrx_word' id='word_1_825' title='bbox 970 2232 1057 2257; x_wconf 85' lang='lat' dir='ltr'><strong>multis</strong></span> <span class='ocrx_word' id='word_1_826' title='bbox 1072 2231 1225 2257; x_wconf 88' lang='lat' dir='ltr'><strong>demulcens</strong></span> <span class='ocrx_word' id='word_1_827' title='bbox 1236 2251 1242 2263; x_wconf 96' lang='lat'><strong>,</strong></span> <span class='ocrx_word' id='word_1_828' title='bbox 1258 2230 1290 2257; x_wconf 92' lang='lat' dir='ltr'><strong>ad</strong></span> <span class='ocrx_word' id='word_1_829' title='bbox 1305 2231 1497 2257; x_wconf 79' lang='lat' dir='ltr'><strong>accusatioacm</strong></span> <span class='ocrx_word' id='word_1_830' title='bbox 1517 2235 1607 2256; x_wconf 89' lang='lat' dir='ltr'><strong>contra</strong></span> <span class='ocrx_word' id='word_1_831' title='bbox 1620 2229 1756 2256; x_wconf 86' lang='lat' dir='ltr'><strong>Isodornnt</strong></span> 
     </span>
    </p>
   </div>
   <div class='ocr_carea' id='block_1_107' title="bbox 971 2276 1758 2311">
    <p class='ocr_par' dir='ltr' id='par_1_107' title="bbox 971 2276 1758 2311">
     <span class='ocr_line' id='line_1_107' title="bbox 971 2276 1758 2311; baseline -0.003 -8"><span class='ocrx_word' id='word_1_832' title='bbox 971 2277 1093 2303; x_wconf 60' lang='lat' dir='ltr'><strong>instruxit</strong></span> <span class='ocrx_word' id='word_1_833' title='bbox 1104 2298 1111 2310; x_wconf 90' lang='lat'><strong>,</strong></span> <span class='ocrx_word' id='word_1_834' title='bbox 1124 2277 1191 2304; x_wconf 87' lang='lat' dir='ltr'><strong>datis</strong></span> <span class='ocrx_word' id='word_1_835' title='bbox 1202 2277 1249 2311; x_wconf 87' lang='lat' dir='ltr'><strong>ipsi</strong></span> <span class='ocrx_word' id='word_1_836' title='bbox 1261 2296 1267 2307; x_wconf 83' lang='lat'><strong>,</strong></span> <span class='ocrx_word' id='word_1_837' title='bbox 1284 2281 1311 2303; x_wconf 92' lang='lat' dir='ltr'><strong>ut</strong></span> <span class='ocrx_word' id='word_1_838' title='bbox 1326 2277 1414 2308; x_wconf 90' lang='lat' dir='ltr'><strong>aiunt,</strong></span> <span class='ocrx_word' id='word_1_839' title='bbox 1430 2276 1580 2311; x_wconf 88' lang='lat' dir='ltr'><strong>quindecim</strong></span> <span class='ocrx_word' id='word_1_840' title='bbox 1597 2276 1758 2310; x_wconf 83' lang='lat' dir='ltr'><strong>aureis:qui</strong></span> 
     </span>
    </p>
   </div>
   <div class='ocr_carea' id='block_1_108' title="bbox 971 2321 1759 2356">
    <p class='ocr_par' dir='ltr' id='par_1_108' title="bbox 971 2321 1759 2356">
     <span class='ocr_line' id='line_1_108' title="bbox 971 2321 1759 2356; baseline -0.003 -7"><span class='ocrx_word' id='word_1_841' title='bbox 971 2323 1058 2349; x_wconf 87' lang='lat' dir='ltr'><strong>slatint</strong></span> <span class='ocrx_word' id='word_1_842' title='bbox 1076 2329 1122 2349; x_wconf 89' lang='lat' dir='ltr'><strong>eos</strong></span> <span class='ocrx_word' id='word_1_843' title='bbox 1137 2323 1213 2349; x_wconf 88' lang='lat' dir='ltr'><strong>matri</strong></span> <span class='ocrx_word' id='word_1_844' title='bbox 1235 2322 1320 2349; x_wconf 83' lang='lat' dir='ltr'><strong>affert.</strong></span> <span class='ocrx_word' id='word_1_845' title='bbox 1341 2323 1384 2349; x_wconf 90' lang='lat' dir='ltr'><strong>llla</strong></span> <span class='ocrx_word' id='word_1_846' title='bbox 1407 2326 1493 2348; x_wconf 86' lang='lat' dir='ltr'><strong>autent</strong></span> <span class='ocrx_word' id='word_1_847' title='bbox 1510 2322 1605 2356; x_wconf 87' lang='lat' dir='ltr'><strong>partim</strong></span> <span class='ocrx_word' id='word_1_848' title='bbox 1628 2326 1700 2348; x_wconf 87' lang='lat' dir='ltr'><strong>metu</strong></span> <span class='ocrx_word' id='word_1_849' title='bbox 1718 2321 1759 2347; x_wconf 91' lang='lat' dir='ltr'><strong>in-</strong></span> 
     </span>
    </p>
   </div>
   <div class='ocr_carea' id='block_1_109' title="bbox 971 2367 1759 2402">
    <p class='ocr_par' dir='ltr' id='par_1_109' title="bbox 971 2367 1759 2402">
     <span class='ocr_line' id='line_1_109' title="bbox 971 2367 1759 2402; baseline -0.003 -8"><span class='ocrx_word' id='word_1_850' title='bbox 971 2368 1136 2395; x_wconf 82' lang='lat' dir='ltr'><strong>conniventis</strong></span> <span class='ocrx_word' id='word_1_851' title='bbox 1154 2368 1222 2395; x_wconf 87' lang='lat' dir='ltr'><strong>oeuli</strong></span> <span class='ocrx_word' id='word_1_852' title='bbox 1236 2375 1282 2395; x_wconf 88' lang='lat' dir='ltr'><strong>eos</strong></span> <span class='ocrx_word' id='word_1_853' title='bbox 1303 2375 1353 2395; x_wconf 94' lang='lat' dir='ltr'><strong>non</strong></span> <span class='ocrx_word' id='word_1_854' title='bbox 1376 2368 1495 2402; x_wconf 88' lang='lat' dir='ltr'><strong>accepit,</strong></span> <span class='ocrx_word' id='word_1_855' title='bbox 1512 2367 1607 2402; x_wconf 89' lang='lat' dir='ltr'><strong>partim</strong></span> <span class='ocrx_word' id='word_1_856' title='bbox 1623 2367 1709 2401; x_wconf 83' lang='lat' dir='ltr'><strong>legum</strong></span> <span class='ocrx_word' id='word_1_857' title='bbox 1727 2367 1759 2392; x_wconf 83' lang='lat' dir='ltr'><strong>ti-</strong></span> 
     </span>
    </p>
   </div>
   <div class='ocr_carea' id='block_1_110' title="bbox 972 2413 1757 2448">
    <p class='ocr_par' dir='ltr' id='par_1_110' title="bbox 972 2413 1757 2448">
     <span class='ocr_line' id='line_1_110' title="bbox 972 2413 1757 2448; baseline -0.001 -9"><span class='ocrx_word' id='word_1_858' title='bbox 972 2421 1046 2441; x_wconf 90' lang='lat' dir='ltr'><strong>more</strong></span> <span class='ocrx_word' id='word_1_859' title='bbox 1061 2414 1191 2448; x_wconf 86' lang='lat' dir='ltr'><strong>perculsa,</strong></span> <span class='ocrx_word' id='word_1_860' title='bbox 1203 2413 1322 2448; x_wconf 84' lang='lat' dir='ltr'><strong>cogitans</strong></span> <span class='ocrx_word' id='word_1_861' title='bbox 1333 2421 1366 2441; x_wconf 94' lang='lat' dir='ltr'><strong>ne</strong></span> <span class='ocrx_word' id='word_1_862' title='bbox 1380 2413 1485 2448; x_wconf 89' lang='lat' dir='ltr'><strong>quando</strong></span> <span class='ocrx_word' id='word_1_863' title='bbox 1496 2413 1612 2440; x_wconf 88' lang='lat' dir='ltr'><strong>Isidorus</strong></span> <span class='ocrx_word' id='word_1_864' title='bbox 1627 2413 1757 2440; x_wconf 85' lang='lat' dir='ltr'><strong>calumnia</strong></span> 
     </span>
    </p>
   </div>
   <div class='ocr_carea' id='block_1_111' title="bbox 972 2458 1761 2495">
    <p class='ocr_par' dir='ltr' id='par_1_111' title="bbox 972 2458 1761 2495">
     <span class='ocr_line' id='line_1_111' title="bbox 972 2458 1761 2495; baseline -0.004 -9"><span class='ocrx_word' id='word_1_865' title='bbox 972 2460 1117 2494; x_wconf 83' lang='lat' dir='ltr'><strong>appetitus,</strong></span> <span class='ocrx_word' id='word_1_866' title='bbox 1138 2460 1170 2486; x_wconf 88' lang='lat' dir='ltr'><strong>ad</strong></span> <span class='ocrx_word' id='word_1_867' title='bbox 1185 2459 1323 2495; x_wconf 66' lang='lat' dir='ltr'><strong>prarsidem</strong></span> <span class='ocrx_word' id='word_1_868' title='bbox 1340 2460 1481 2494; x_wconf 80' lang='lat' dir='ltr'><strong>provincia:</strong></span> <span class='ocrx_word' id='word_1_869' title='bbox 1497 2463 1665 2494; x_wconf 85' lang='lat' dir='ltr'><strong>provocaret.</strong></span> <span class='ocrx_word' id='word_1_870' title='bbox 1678 2458 1761 2486; x_wconf 77' lang='lat' dir='ltr'><strong>Isido—</strong></span> 
     </span>
    </p>
   </div>
   <div class='ocr_carea' id='block_1_112' title="bbox 973 2504 1758 2540">
    <p class='ocr_par' dir='ltr' id='par_1_112' title="bbox 973 2504 1758 2540">
     <span class='ocr_line' id='line_1_112' title="bbox 973 2504 1758 2540; baseline -0.003 -8"><span class='ocrx_word' id='word_1_871' title='bbox 973 2513 1031 2532; x_wconf 87' lang='lat' dir='ltr'><strong>rtttn</strong></span> <span class='ocrx_word' id='word_1_872' title='bbox 1044 2505 1184 2538; x_wconf 84' lang='lat' dir='ltr'><strong>convenit,</strong></span> <span class='ocrx_word' id='word_1_873' title='bbox 1202 2510 1280 2539; x_wconf 85' lang='lat' dir='ltr'><strong>atque</strong></span> <span class='ocrx_word' id='word_1_874' title='bbox 1303 2505 1352 2539; x_wconf 91' lang='lat' dir='ltr'><strong>ipsi</strong></span> <span class='ocrx_word' id='word_1_875' title='bbox 1373 2510 1453 2532; x_wconf 90' lang='lat' dir='ltr'><strong>totam</strong></span> <span class='ocrx_word' id='word_1_876' title='bbox 1475 2505 1630 2540; x_wconf 85' lang='lat' dir='ltr'><strong>tragccdiam</strong></span> <span class='ocrx_word' id='word_1_877' title='bbox 1652 2504 1758 2535; x_wconf 86' lang='lat' dir='ltr'><strong>fatetur,</strong></span> 
     </span>
    </p>
   </div>
   <div class='ocr_carea' id='block_1_113' title="bbox 972 2550 1759 2584">
    <p class='ocr_par' dir='ltr' id='par_1_113' title="bbox 972 2550 1759 2584">
     <span class='ocr_line' id='line_1_113' title="bbox 972 2550 1759 2584; baseline -0.001 -7"><span class='ocrx_word' id='word_1_878' title='bbox 972 2551 996 2577; x_wconf 86' lang='lat' dir='ltr'><strong>ei</strong></span> <span class='ocrx_word' id='word_1_879' title='bbox 1011 2550 1153 2577; x_wconf 88' lang='lat' dir='ltr'><strong>ostendens</strong></span> <span class='ocrx_word' id='word_1_880' title='bbox 1164 2558 1258 2577; x_wconf 87' lang='lat' dir='ltr'><strong>aureos</strong></span> <span class='ocrx_word' id='word_1_881' title='bbox 1268 2570 1274 2582; x_wconf 90' lang='lat'><strong>,</strong></span> <span class='ocrx_word' id='word_1_882' title='bbox 1290 2558 1356 2584; x_wconf 90' lang='lat' dir='ltr'><strong>quos</strong></span> <span class='ocrx_word' id='word_1_883' title='bbox 1370 2557 1384 2577; x_wconf 94' lang='lat' dir='ltr'><strong>a</strong></span> <span class='ocrx_word' id='word_1_884' title='bbox 1400 2557 1491 2577; x_wconf 85' lang='lat' dir='ltr'><strong>sorore</strong></span> <span class='ocrx_word' id='word_1_885' title='bbox 1503 2550 1640 2584; x_wconf 90' lang='lat' dir='ltr'><strong>Theophili</strong></span> <span class='ocrx_word' id='word_1_886' title='bbox 1655 2557 1759 2576; x_wconf 80' lang='lat' dir='ltr'><strong>merce-</strong></span> 
     </span>
    </p>
   </div>
   <div class='ocr_carea' id='block_1_114' title="bbox 972 2595 1759 2629">
    <p class='ocr_par' dir='ltr' id='par_1_114' title="bbox 972 2595 1759 2629">
     <span class='ocr_line' id='line_1_114' title="bbox 972 2595 1759 2629; baseline -0.001 -7"><span class='ocrx_word' id='word_1_887' title='bbox 972 2596 1013 2622; x_wconf 71' lang='lat' dir='ltr'><strong>d‘s</strong></span> <span class='ocrx_word' id='word_1_888' title='bbox 1027 2596 1084 2623; x_wconf 86' lang='lat' dir='ltr'><strong>loco</strong></span> <span class='ocrx_word' id='word_1_889' title='bbox 1099 2596 1231 2629; x_wconf 89' lang='lat' dir='ltr'><strong>accepisse</strong></span> <span class='ocrx_word' id='word_1_890' title='bbox 1242 2603 1270 2623; x_wconf 87' lang='lat' dir='ltr'><strong>se</strong></span> <span class='ocrx_word' id='word_1_891' title='bbox 1279 2596 1383 2623; x_wconf 85' lang='lat' dir='ltr'><strong>dicebat</strong></span> <span class='ocrx_word' id='word_1_892' title='bbox 1402 2595 1529 2622; x_wconf 81' lang='lat' dir='ltr'><strong>adversus</strong></span> <span class='ocrx_word' id='word_1_893' title='bbox 1540 2596 1668 2622; x_wconf 89' lang='lat' dir='ltr'><strong>Isidorum</strong></span> <span class='ocrx_word' id='word_1_894' title='bbox 1684 2596 1759 2622; x_wconf 87' lang='lat' dir='ltr'><strong>inno-</strong></span> 
     </span>
    </p>
   </div>
   <div class='ocr_carea' id='block_1_115' title="bbox 973 2641 1757 2676">
    <p class='ocr_par' dir='ltr' id='par_1_115' title="bbox 973 2641 1757 2676">
     <span class='ocr_line' id='line_1_115' title="bbox 973 2641 1757 2676; baseline -0.003 -8"><span class='ocrx_word' id='word_1_895' title='bbox 973 2647 1086 2668; x_wconf 86' lang='lat' dir='ltr'><strong>centcm.</strong></span> <span class='ocrx_word' id='word_1_896' title='bbox 1103 2641 1135 2668; x_wconf 84' lang='lat' dir='ltr'><strong>Et</strong></span> <span class='ocrx_word' id='word_1_897' title='bbox 1150 2641 1192 2668; x_wconf 86' lang='lat' dir='ltr'><strong>illa</strong></span> <span class='ocrx_word' id='word_1_898' title='bbox 1203 2641 1308 2676; x_wconf 90' lang='lat' dir='ltr'><strong>quidem</strong></span> <span class='ocrx_word' id='word_1_899' title='bbox 1323 2649 1383 2668; x_wconf 91' lang='lat' dir='ltr'><strong>cum</strong></span> <span class='ocrx_word' id='word_1_900' title='bbox 1397 2641 1430 2668; x_wconf 89' lang='lat' dir='ltr'><strong>ob</strong></span> <span class='ocrx_word' id='word_1_901' title='bbox 1448 2641 1539 2673; x_wconf 85' lang='lat' dir='ltr'><strong>multa,</strong></span> <span class='ocrx_word' id='word_1_902' title='bbox 1556 2646 1609 2667; x_wconf 91' lang='lat' dir='ltr'><strong>tum</strong></span> <span class='ocrx_word' id='word_1_903' title='bbox 1626 2641 1757 2676; x_wconf 68' lang='lat' dir='ltr'><strong>praecipuo</strong></span> 
     </span>
    </p>
   </div>
   <div class='ocr_carea' id='block_1_116' title="bbox 973 2686 1756 2720">
    <p class='ocr_par' dir='ltr' id='par_1_116' title="bbox 973 2686 1756 2720">
     <span class='ocr_line' id='line_1_116' title="bbox 973 2686 1756 2720; baseline -0.001 -7"><span class='ocrx_word' id='word_1_904' title='bbox 973 2687 1007 2713; x_wconf 84' lang='lat' dir='ltr'><strong>ob</strong></span> <span class='ocrx_word' id='word_1_905' title='bbox 1026 2694 1084 2714; x_wconf 86' lang='lat' dir='ltr'><strong>eam</strong></span> <span class='ocrx_word' id='word_1_906' title='bbox 1102 2694 1224 2718; x_wconf 85' lang='lat' dir='ltr'><strong>causata,</strong></span> <span class='ocrx_word' id='word_1_907' title='bbox 1240 2687 1341 2714; x_wconf 89' lang='lat' dir='ltr'><strong>meritis</strong></span> <span class='ocrx_word' id='word_1_908' title='bbox 1362 2687 1447 2720; x_wconf 71' lang='lat' dir='ltr'><strong>poznis</strong></span> <span class='ocrx_word' id='word_1_909' title='bbox 1473 2686 1613 2720; x_wconf 89' lang='lat' dir='ltr'><strong>persolutis</strong></span> <span class='ocrx_word' id='word_1_910' title='bbox 1637 2686 1756 2714; x_wconf 87' lang='lat' dir='ltr'><strong>moritur.</strong></span> 
     </span>
    </p>
   </div>
   <div class='ocr_carea' id='block_1_117' title="bbox 974 2730 1756 2766">
    <p class='ocr_par' dir='ltr' id='par_1_117' title="bbox 974 2730 1756 2766">
     <span class='ocr_line' id='line_1_117' title="bbox 974 2730 1756 2766; baseline -0.003 -8"><span class='ocrx_word' id='word_1_911' title='bbox 974 2732 1095 2766; x_wconf 74' lang='lat' dir='ltr'><strong>chirurgo</strong></span> <span class='ocrx_word' id='word_1_912' title='bbox 1109 2731 1239 2758; x_wconf 91' lang='lat' dir='ltr'><strong>mamillas</strong></span> <span class='ocrx_word' id='word_1_913' title='bbox 1253 2731 1310 2766; x_wconf 84' lang='lat' dir='ltr'><strong>ejus</strong></span> <span class='ocrx_word' id='word_1_914' title='bbox 1325 2735 1444 2758; x_wconf 89' lang='lat' dir='ltr'><strong>curante.</strong></span> <span class='ocrx_word' id='word_1_915' title='bbox 1458 2731 1559 2758; x_wconf 88' lang='lat' dir='ltr'><strong>Interea</strong></span> <span class='ocrx_word' id='word_1_916' title='bbox 1578 2731 1692 2757; x_wconf 88' lang='lat' dir='ltr'><strong>Isidorus</strong></span> <span class='ocrx_word' id='word_1_917' title='bbox 1706 2730 1756 2756; x_wconf 81' lang='lat' dir='ltr'><strong>do-</strong></span> 
     </span>
    </p>
   </div>
   <div class='ocr_carea' id='block_1_118' title="bbox 974 2777 1758 2811">
    <p class='ocr_par' dir='ltr' id='par_1_118' title="bbox 974 2777 1758 2811">
     <span class='ocr_line' id='line_1_118' title="bbox 974 2777 1758 2811; baseline -0.004 -7"><span class='ocrx_word' id='word_1_918' title='bbox 974 2778 1008 2804; x_wconf 92' lang='lat' dir='ltr'><strong>mi</strong></span> <span class='ocrx_word' id='word_1_919' title='bbox 1023 2778 1160 2809; x_wconf 88' lang='lat' dir='ltr'><strong>manebat,</strong></span> <span class='ocrx_word' id='word_1_920' title='bbox 1178 2778 1258 2804; x_wconf 85' lang='lat' dir='ltr'><strong>Deum</strong></span> <span class='ocrx_word' id='word_1_921' title='bbox 1280 2785 1368 2804; x_wconf 86' lang='lat' dir='ltr'><strong>orans.</strong></span> <span class='ocrx_word' id='word_1_922' title='bbox 1383 2777 1452 2804; x_wconf 87' lang='lat' dir='ltr'><strong>Puer</strong></span> <span class='ocrx_word' id='word_1_923' title='bbox 1470 2781 1556 2804; x_wconf 89' lang='lat' dir='ltr'><strong>autem</strong></span> <span class='ocrx_word' id='word_1_924' title='bbox 1573 2777 1666 2811; x_wconf 82' lang='lat' dir='ltr'><strong>partim</strong></span> <span class='ocrx_word' id='word_1_925' title='bbox 1687 2777 1758 2808; x_wconf 56' lang='lat' dir='ltr'><strong>logs</strong></span> 
     </span>
    </p>
   </div>
   <div class='ocr_carea' id='block_1_119' title="bbox 975 2821 1757 2859">
    <p class='ocr_par' dir='ltr' id='par_1_119' title="bbox 975 2821 1757 2859">
     <span class='ocr_line' id='line_1_119' title="bbox 975 2821 1757 2859; baseline 0.001 -10"><span class='ocrx_word' id='word_1_926' title='bbox 975 2823 1071 2849; x_wconf 83' lang='lat' dir='ltr'><strong>veritus</strong></span> <span class='ocrx_word' id='word_1_927' title='bbox 1084 2844 1089 2857; x_wconf 89' lang='lat'><strong>,</strong></span> <span class='ocrx_word' id='word_1_928' title='bbox 1107 2822 1200 2858; x_wconf 87' lang='lat' dir='ltr'><strong>partim</strong></span> <span class='ocrx_word' id='word_1_929' title='bbox 1221 2822 1382 2857; x_wconf 80' lang='lat' dir='ltr'><strong>asperiorem</strong></span> <span class='ocrx_word' id='word_1_930' title='bbox 1398 2821 1571 2859; x_wconf 86' lang='lat' dir='ltr'><strong>Theophilum</strong></span> <span class='ocrx_word' id='word_1_931' title='bbox 1586 2823 1737 2857; x_wconf 67' lang='lat' dir='ltr'><strong>conjec-laus</strong></span> <span class='ocrx_word' id='word_1_932' title='bbox 1751 2843 1757 2855; x_wconf 85' lang='lat'><strong>,</strong></span> 
     </span>
    </p>
   </div>
  </div>
