2052 3113
259 158 294 184 23
898 144 1053 172 f‘.\l.l.,\l'lll
1075 142 1244 170 l)lAl.thUS
1871 136 1907 162 ‘28

239 243 242 245 λ
262 213 283 238 si
309 218 390 245 scopo
417 209 566 240 excideret,
583 206 614 233 ad
635 206 775 233 ecclesiam
790 226 796 236 ,
810 203 872 231 utile
901 209 1052 237 propugna-

263 247 370 290 culum,
392 255 521 290 confugit,
540 254 615 281 altari
635 253 783 280 adhtcrens.
810 251 846 278 Ita
868 249 1034 284 Theophilus
1047 269 1054 281 ,

265 303 361 331 silente
384 301 503 336 iustitia,
533 299 660 326 Isidot'ttm
689 296 807 324 Ecclesia
830 295 968 327 eliminat,
997 301 1056 321 cutn

267 346 429 376 exsecranda
454 345 634 380 divulgasset,
659 342 813 378 injustitiam
839 341 968 376 gravitate
988 346 1058 374 pra:-

269 400 371 422 texens.
389 391 488 419 Deinde
504 392 599 417 timens
613 389 729 416 Isidorus
740 409 747 420 ,
768 395 801 415 ne
821 386 926 414 tandem
940 383 1058 420 graviori

271 447 308 468 ira
323 439 462 474 instigatus
478 436 641 471 Theophilus
654 456 660 468 ,
676 435 753 462 saluti
775 442 829 461 smn
853 432 961 460 insidias
977 431 1061 458 medi-

269 491 370 512 tarctur
383 485 461 520 (nam
475 482 507 510 ad
521 482 578 509 hate
593 489 676 516 usque
689 481 768 508 etiam
789 479 910 515 progredi
933 477 999 506 Solet
1010 498 1018 511 ,
1033 480 1062 504 ut

270 530 366 564 aiunt),
381 536 460 556 cursu
483 528 548 563 petit
571 531 688 554 montem
704 526 796 553 Nitria:
820 526 852 552 ad
871 524 1060 552 monachorum

272 576 393 604 ordinem
407 596 414 608 ,
431 575 476 602 tibi
496 578 676 602 commoratus
697 573 782 600 fuerat
803 571 959 598 adolescens
971 578 977 596 :
989 573 1016 597 et
1036 569 1063 595 in

272 622 337 649 cella
351 629 399 648 sua
413 620 509 647 sedens
522 641 529 653 ,
544 619 717 654 precabatur,
733 616 955 650 patientiSSimum
978 615 1063 642 Deum

275 668 457 703 interpellans.
472 666 558 701 Super
573 665 612 692 his
629 665 760 692 indecora:
773 667 798 690 et
821 663 928 689 incerta:
946 660 1065 688 victoriae

276 714 327 742 sibi
353 714 476 740 conscius
497 711 680 746 Theophilus,
710 709 791 737 mittit
822 708 913 735 literas
941 706 973 733 ad
999 706 1064 733 vici-

276 767 325 787 nos
355 760 510 795 episcopos,
536 762 563 784 et
588 756 664 792 jubet
695 753 825 790 quosdam
851 761 866 781 e
893 752 1025 788 primariis
1051 759 1066 778 a

277 808 367 832 monte
385 808 412 831 et
432 803 466 830 ab
481 802 599 830 interiori
620 808 711 828 eremo
725 799 837 835 expelli,
853 805 952 833 eosque
975 797 1069 832 pracci-

282 857 348 885 puos
371 848 530 880 monachos,
545 847 653 874 minime
672 845 762 873 addita
775 844 923 877 causa.Qui
946 843 1068 870 monachi

279 904 338 922 cum
363 895 513 922 senioribus
541 892 729 920 Alexandriam
757 899 817 918 cum
847 889 1066 921 descendissent,

279 942 391 968 orabant
409 939 586 976 Theophilum
599 959 607 972 ,
630 945 737 966 causam
757 942 786 964 ut
802 936 920 968 diceret,
937 936 972 963 ob
991 943 1069 969 quam

279 988 447 1015 condemnati
471 986 601 1021 ejectique
622 989 722 1013 essent.
745 983 790 1011 Ille
813 987 902 1010 autem
927 981 1070 1016 sanguino-

280 1034 360 1061 lentis
383 1034 468 1061 oculis
491 1033 636 1059 draconum
663 1031 749 1058 instar
774 1029 934 1061 intendens,
964 1032 1070 1054 torvum

281 1086 291 1106 ι
301 1080 386 1107 iurino
399 1086 473 1106 more
483 1077 652 1110 intuebatur;
665 1076 744 1104 modo
757 1075 862 1111 quidem
877 1073 983 1106 lividus,
993 1072 1072 1099 modo

283 1125 395 1160 pallidus
407 1146 414 1158 ,
429 1124 508 1152 modo
522 1129 608 1151 autem
621 1130 712 1150 amare
725 1122 876 1153 subridens,
888 1120 921 1147 ab
932 1119 1072 1146 immodica

282 1173 319 1198 ira
344 1171 468 1205 abreptus
479 1191 485 1202 ,
511 1169 670 1202 Ammonio,
685 1169 743 1195 vita
763 1166 906 1202 grandtcvo
918 1186 925 1199 ,
944 1164 1073 1199 omopho-

282 1218 351 1244 riunt
367 1216 489 1243 manibus
503 1215 558 1250 ipse
572 1216 628 1242 suis
643 1214 725 1249 injicit
742 1214 766 1241 in
782 1213 879 1240 collum
892 1233 900 1246 ,
915 1220 975 1240 cum
998 1211 1074 1238 malis

283 1262 342 1296 cjus
356 1262 444 1296 plagas
457 1260 612 1293 inﬂexisset,
626 1264 653 1287 ct
667 1259 761 1294 pugnis
776 1266 853 1285 nares
866 1257 923 1292 cjns
937 1261 1075 1284 cruentas-

286 1313 327 1334 sct
339 1328 346 1340 ,
362 1307 509 1334 inclamans
525 1306 565 1333 his
576 1306 685 1333 vocibus
698 1314 704 1332 z
719 1305 865 1337 Hmretice,
881 1302 1074 1330 anathematiza

284 1353 426 1387 Origcnem
441 1361 447 1379 :
462 1359 523 1379 cum
546 1351 611 1378 nihil
632 1356 702 1378 esset
723 1351 887 1385 propositum
906 1349 939 1376 de
962 1348 1076 1383 Origene

286 1402 381 1431 praeter
393 1397 595 1432 postulationem
607 1396 698 1423 lsidori
710 1403 800 1423 causa.
811 1395 884 1423 Talis
893 1395 964 1422 enim
976 1395 1013 1422 ira
1025 1399 1074 1426 est,

286 1443 364 1470 veluti
380 1449 477 1476 canes,
491 1449 559 1470 creo:
579 1447 605 1469 et
621 1442 690 1469 dicta
710 1446 736 1469 et
760 1441 827 1468 facta
843 1441 922 1476 parit.
940 1440 1020 1475 Igitur
1039 1440 1076 1467 sic

286 1490 415 1524 sanguine
429 1488 565 1524 adspersi,
582 1493 609 1516 et
626 1489 683 1516 sine
705 1495 836 1523 responso
857 1488 955 1515 reversi
979 1488 1012 1515 ad
1029 1494 1075 1514 sua

286 1535 445 1562 monasteria
473 1535 636 1570 propositum
663 1535 723 1561 vita:
752 1535 899 1561 institutum
933 1540 1077 1568 perseque-

286 1581 391 1613 bantur,
403 1580 599 1615 Scripturarum
609 1580 719 1606 scientia
737 1579 870 1614 ingenium
882 1583 1018 1610 acuentes,
1031 1585 1078 1612 per

286 1633 353 1660 qttas
375 1625 446 1653 salus
468 1625 631 1660 acquiritur,
647 1625 717 1652 illius
742 1625 872 1652 insaniam
899 1631 932 1651 eo
954 1628 1078 1650 curantes

287 1673 389 1704 minus,
405 1671 476 1706 quod
491 1672 588 1699 nullius
599 1671 661 1699 mali
677 1671 726 1698 sibi
740 1671 841 1698 conscii
856 1675 958 1699 essent.

321 1716 384 1744 Car.
401 1725 447 1743 vn.
461 1731 498 1736 —
512 1716 557 1744 llis
569 1724 621 1743 non
636 1716 809 1751 adquiescens
824 1715 998 1750 Theophilus,
1016 1716 1078 1742 mit-

288 1762 319 1789 tit
332 1762 364 1789 ad
380 1762 480 1789 vicinos
494 1762 650 1797 episcopos,
665 1767 692 1790 et
706 1763 834 1789 adversns
848 1762 994 1789 monachos
1009 1763 1080 1797 cogit

287 1807 426 1835 concilium
438 1827 444 1839 ,
461 1815 546 1842 neque
564 1807 597 1834 ad
617 1806 798 1835 defensionem
815 1807 914 1835 vocatis
928 1807 992 1842 ipsis
1003 1828 1011 1839 ,
1031 1815 1079 1835 nec

287 1854 354 1881 facta
370 1853 422 1881 illis
431 1853 535 1881 dicendi
549 1858 689 1889 potestate.
702 1858 755 1881 tres
766 1853 837 1881 viros
853 1861 868 1881 e
881 1854 1022 1889 przrcipuis
1031 1862 1078 1881 ex-

287 1900 466 1927 euntutuuicat
477 1920 485 1932 ,
499 1899 597 1927 veritus
611 1899 690 1927 simul
703 1904 796 1926 contra
810 1899 1006 1927 multitudinem
1024 1907 1079 1934 po:-

289 1953 348 1972 nam
362 1945 518 1978 decernere,
531 1949 681 1980 prmtexens
693 1944 845 1979 dogmatum
859 1945 1059 1980 perversitatem
1071 1954 1078 1978 ;

260 2005 263 2008 ι
288 1996 314 2018 ct
326 1999 392 2026 quos
402 1999 472 2026 saepe
483 1992 542 2026 plus
552 1998 629 2026 quam
639 1991 779 2026 episcopos
793 1989 971 2018 honnraverat
981 1996 1009 2018 ut
1023 1999 1079 2018 ma-

287 2037 393 2071 gistros,
410 2041 517 2072 propter
531 2037 623 2069 vitam,
633 2035 781 2064 doctrinam
797 2041 824 2063 et
836 2040 952 2070 tetatcm,
966 2044 1013 2064 eos
1026 2044 1078 2064 non

290 2083 381 2116 puduit
396 2082 529 2117 appellare
549 2083 755 2118 prmstigiatores
767 2105 774 2117 ,
790 2090 822 2111 eo
835 2083 906 2118 quod
920 2091 982 2119 erga
997 2083 1080 2111 lsido—

290 2134 348 2154 rum
363 2129 463 2162 oplinte
477 2127 564 2156 atl'ecti
583 2133 683 2156 essent.
700 2128 734 2156 Et
754 2133 813 2164 post
830 2130 1081 2157 excommunicatio-

290 2180 350 2200 nem
365 2180 397 2200 ex
412 2173 469 2208 ipso
485 2178 574 2201 monte
590 2174 695 2201 instruit
708 2174 884 2202 homunculos
896 2175 1020 2210 quinque,
1036 2176 1080 2210 qui

291 2227 434 2254 numquam
451 2219 475 2246 in
491 2225 561 2247 caatu
573 2220 707 2248 seniorum
721 2220 803 2247 eremi
819 2225 956 2253 steterant,
970 2226 996 2248 ct
1010 2221 1080 2248 indi—

279 2266 332 2300 gni
343 2270 428 2299 crant,
444 2266 514 2301 piget
525 2266 623 2299 dicere,
633 2267 678 2301 qui
690 2267 731 2294 vel
744 2267 845 2294 Ostiarii
856 2272 960 2295 essent:
973 2272 1000 2296 et
1011 2268 1081 2296 hunc

289 2311 394 2345 quidem
408 2311 512 2339 ordinat
522 2312 686 2347 episcopum,
699 2312 786 2339 viculo
801 2313 958 2348 prmﬁciens,
970 2321 1030 2341 cum
1041 2315 1079 2341 ci-

290 2358 397 2386 vitatem
409 2366 461 2385 non
474 2358 582 2386 haberet
593 2358 703 2393 (etenim
718 2359 775 2386 sine
786 2359 840 2386 ullo
854 2360 954 2394 pudore
965 2361 1022 2388 illas
1033 2369 1080 2388 no-

288 2403 383 2430 vitates
398 2404 530 2437 audebat,
547 2412 576 2431 se
593 2403 707 2431 alterum
728 2404 844 2440 ltloyscm
859 2407 986 2442 vocans),
1006 2407 1078 2435 illutn

288 2456 351 2476 vero
366 2450 560 2485 presbyterum,
572 2454 598 2477 et
613 2454 665 2478 tres
677 2450 744 2478 alios
757 2450 883 2478 diaconos
897 2452 1019 2487 ordinat,
1033 2455 1079 2489 qui

289 2502 342 2522 non
361 2499 437 2522 erant
455 2494 572 2530 Egyptii
586 2516 593 2529 ,
616 2496 663 2524 sed
676 2504 691 2524 c
705 2497 818 2524 diversis
838 2497 912 2524 locis.
930 2498 994 2525 Erat
1008 2500 1079 2527 enim

289 2547 356 2567 unus
369 2547 461 2568 eorum
475 2540 556 2576 Libys
566 2561 573 2574 ,
587 2541 655 2570 alius
668 2542 863 2570 Alexandrinus
872 2564 880 2578 ,
894 2544 962 2571 alius
978 2544 1078 2572 Phara-

289 2585 375 2619 nites,
397 2586 464 2613 alius
486 2593 549 2614 vero
571 2587 734 2616 Paraleotes.
750 2589 835 2623 Quam
850 2591 885 2618 ob
898 2598 1005 2618 causam
1020 2592 1078 2626 ejus

288 2638 356 2657 vano
366 2630 450 2658 labori
461 2637 663 2666 consenserunt,
675 2640 734 2660 cuin
748 2634 849 2661 nullum
865 2635 1079 2671 praemiumepa-

288 2675 338 2702 tria
352 2676 511 2710 Speramlum
527 2676 664 2706 haberent.
681 2678 735 2706 Eos
750 2679 838 2715 itaque
851 2680 989 2714 subornat,
1005 2686 1034 2708 ut
1048 2682 1079 2708 li-

289 2721 374 2749 bellos
389 2721 483 2750 darent
497 2723 623 2752 adversus
637 2730 691 2753 tres
706 2725 767 2753 illos
785 2734 863 2753 senes
880 2736 885 2752 :
902 2732 928 2754 et
944 2727 1017 2754 falsa:
1031 2736 1078 2755 ac-

289 2767 433 2795 cusationis
448 2769 527 2796 verba
540 2769 596 2805 ipse
607 2772 752 2804 contexuit,
767 2773 809 2800 cui
826 2781 906 2799 unum
920 2773 944 2800 id
960 2774 1000 2801 isti
1014 2781 1078 2802 con-

286 2812 423 2847 tulerunt,
439 2819 468 2842 ut
491 2816 699 2845 subscriberent.
722 2817 820 2845 Deinde
833 2839 840 2850 ,
861 2819 977 2852 acceptis
990 2820 1024 2847 ab
1039 2821 1078 2847 eis

287 2857 379 2886 libellis
394 2867 483 2887 coram
498 2861 625 2895 Ecclesia,
643 2862 788 2898 ingreditur
802 2863 836 2891 ad
849 2864 1018 2900 Augustalem
1031 2887 1038 2899 ,
1051 2871 1078 2893 et

1109 204 1200 227 contra
1218 200 1282 227 istos
1291 199 1436 234 supplicem
1454 199 1570 225 libellum
1582 197 1650 232 apud
1664 197 1844 225 continentiae
1857 204 1907 222 suo

1110 245 1219 281 deponit
1239 245 1295 280 ipse
1305 265 1313 278 ,
1325 244 1456 280 Aigyptia:
1471 244 1617 272 dioeceseos
1631 242 1758 278 pontifev,
1772 242 1907 277 adjunctis

1111 291 1184 319 falsa:
1197 292 1373 319 accusationis
1391 291 1486 318 libellis
1498 311 1505 323 ,
1527 290 1646 325 petitque
1659 293 1686 317 ut
1701 289 1808 316 militari
1825 296 1907 316 manu

1110 338 1279 374 expellautur
1295 338 1311 364 ii
1327 337 1448 364 homines
1462 344 1495 364 ex
1511 337 1633 363 universa
1648 334 1775 370 Egypto.
1790 335 1909 369 Accepto

1113 385 1191 420 igitur
1205 385 1230 411 in
1246 384 1362 419 speciem
1379 383 1462 410 milite
1475 390 1526 410 una
1540 389 1600 410 cum
1615 381 1750 414 mandato,
1764 381 1911 408 scelerato-

1113 438 1171 458 rum
1183 429 1377 457 multitudincm
1389 433 1543 464 congregat,
1553 427 1597 462 qui
1609 427 1678 455 circa
1694 431 1839 462 potestates
1850 434 1911 453 ver-

1114 481 1208 503 santur
1220 476 1252 503 ad
1266 476 1353 503 omnia
1372 476 1471 511 parati;
1486 480 1513 502 et
1527 478 1638 510 repente
1651 474 1812 502 meiiasteria
1829 478 1911 501 noctu

1116 522 1226 555 invadit,
1242 529 1303 550 cum
1317 522 1389 556 prius
1405 528 1512 556 pueros,
1526 521 1570 556 qui
1587 527 1677 548 secum
1691 524 1777 553 erant,
1791 519 1854 546 vino
1869 519 1911 546 in-

1113 564 1284 603 gttrgitasset.
1306 567 1339 594 Et
1354 567 1468 602 primum
1483 566 1590 602 quidem
1603 566 1708 593 illorum
1724 564 1832 592 fratrem
1848 565 1912 591 Dio-

1117 621 1234 646 scoruzn,
1251 618 1372 641 sanctum
1385 613 1550 647 episcopum,
1567 612 1611 647 qui
1626 616 1684 639 erat
1693 619 1726 638 ex
1741 611 1786 638 illo
1800 616 1892 638 monte
1904 631 1912 643 ,

1117 658 1190 693 jubet
1203 659 1298 686 throno
1308 658 1378 694 cjici,
1394 664 1505 685 tracttun
1515 665 1530 684 a
1541 658 1625 685 servis
1633 657 1813 692 Ethiopibus,
1828 657 1915 691 iisque

1119 704 1230 731 fortasse
1251 704 1368 731 nundum
1388 703 1545 738 baptizatis;
1563 703 1612 730 sibi
1632 702 1770 730 vindicans
1789 702 1846 736 ejus
1867 710 1914 736 pa-

1119 751 1240 784 rmciam,
1255 758 1334 785 quant
1349 758 1362 776 a
1378 749 1476 777 Christi
1490 749 1603 777 adventu
1620 749 1734 776 habebat
1746 749 1838 775 civitas
1852 748 1916 776 Dio-

1120 797 1200 824 scuri.
1217 796 1279 824 Inde
1294 795 1428 832 prmdatur
1441 800 1557 823 montem
1569 816 1576 828 ,
1598 794 1789 822 monachorum
1812 794 1916 822 reculns

1119 842 1269 878 junioribus
1291 842 1407 878 prmdam
1426 842 1562 869 addicens.
1585 841 1713 875 Expilatis
1734 840 1854 872 cellulis,
1876 839 1917 867 in-

1121 888 1202 923 quirit
1218 893 1272 916 tres
1288 888 1346 915 illos
1359 895 1428 923 quos
1443 887 1468 914 in
1484 891 1592 922 puteum
1606 886 1778 918 demiserunt,
1795 885 1917 920 imposita

1123 935 1161 962 ori
1185 935 1256 969 putei
1281 939 1370 962 storea
1387 943 1393 960 :
1413 941 1474 961 cum
1498 939 1586 960 autem
1610 940 1656 961 eos
1676 940 1729 960 non
1750 933 1918 964 invenisset.

1123 987 1215 1007 eorum
1231 980 1340 1007 cellulas
1353 979 1496 1007 sarmentis
1512 978 1629 1006 incendit
1640 1000 1647 1012 ,
1660 978 1806 1006 combustis
1820 985 1871 1005 una
1885 978 1920 1005 li-

1124 1024 1180 1052 bris
1192 1025 1315 1052 omnibus
1323 1025 1422 1052 veteris
1434 1031 1465 1052 ac
1475 1025 1536 1051 novi
1545 1024 1720 1056 Tcstamcnti,
1729 1024 1838 1058 aliisque
1849 1023 1921 1058 opti-

1125 1072 1176 1100 mis
1190 1072 1324 1099 codicibus
1335 1093 1341 1104 ,
1358 1076 1385 1099 et
1399 1079 1481 1106 puero
1491 1078 1544 1099 uno
1557 1092 1564 1104 ,
1581 1072 1649 1098 sicut
1667 1070 1765 1098 oculati
1782 1075 1865 1098 testes
1877 1070 1920 1098 di-

1126 1126 1199 1152 xere,
1214 1123 1241 1146 et
1252 1126 1326 1146 sacra
1342 1118 1518 1145 Eucharistia.
1534 1118 1599 1145 Cum
1613 1122 1701 1144 autem
1718 1117 1847 1152 impotens
1862 1117 1922 1152 ejus

1126 1164 1163 1192 ira
1176 1164 1308 1200 paululum
1320 1164 1507 1196 defcrhuisset,
1520 1163 1704 1191 Alexandriam
1718 1163 1822 1198 repetit.
1833 1163 1922 1190 locttm

1127 1210 1187 1246 fuge
1201 1211 1266 1238 dans
1280 1211 1378 1238 sanctis
1394 1211 1446 1237 illis
1458 1210 1521 1237 viris
1532 1219 1538 1237 :
1549 1210 1593 1245 qni
1609 1210 1721 1244 sumptis
1737 1210 1826 1237 statim
1836 1210 1922 1237 melo-

1128 1257 1161 1283 tis
1184 1256 1240 1283 suis
1256 1258 1281 1283 in
1302 1256 1470 1284 Pala‘slinam
1496 1256 1626 1290 profecti,
1649 1255 1746 1283 Elam
1767 1256 1922 1283 adventant.

1127 1301 1192 1329 Cum
1210 1302 1242 1329 iis
1257 1302 1357 1338 egressi
1373 1306 1444 1335 sunt,
1467 1307 1563 1336 praeter
1577 1301 1747 1337 presbyteros
1760 1307 1786 1329 ct
1797 1302 1924 1330 diaconos

1129 1349 1198 1376 illius
1212 1350 1310 1376 mentis
1321 1369 1328 1381 ,
1346 1349 1456 1376 trecenti
1471 1349 1632 1383 optimorum
1647 1348 1839 1375 monachorum
1856 1357 1863 1375 :
1877 1348 1924 1375 alii

1129 1401 1192 1421 vero
1208 1402 1254 1428 per
1269 1394 1372 1421 diversa
1387 1394 1443 1421 loca
1458 1393 1570 1428 dispersi
1586 1399 1657 1420 sunt.
1674 1393 1814 1422 Secessum
1829 1401 1924 1422 eorum

1129 1448 1181 1466 non
1197 1440 1286 1467 ferens
1298 1440 1398 1475 obliqui
1411 1447 1506 1467 cursus
1519 1440 1639 1472 coluber,
1656 1447 1750 1467 rursus
1763 1445 1855 1468 contra
1876 1447 1925 1468 eos

1129 1485 1304 1520 Theophilum
1321 1486 1431 1513 suscitat
1446 1495 1452 1512 ε
1467 1486 1510 1521 qui
1525 1486 1561 1512 ira
1576 1493 1721 1513 succensus
1734 1487 1823 1513 literas
1833 1491 1926 1514 exarat

1129 1531 1161 1558 ad
1184 1531 1323 1566 episcopos
1346 1532 1515 1558 Palmstinm:
1534 1539 1585 1559 non
1606 1532 1766 1567 oportebat,
1782 1533 1903 1568 inquiens
1916 1555 1923 1565 ,

1131 1587 1176 1606 vos
1191 1584 1289 1614 printer
1304 1579 1466 1606 voluntatem
1488 1587 1574 1606 meam
1589 1579 1614 1606 in
1630 1579 1750 1606 civitates
1764 1584 1865 1606 vestras
1876 1579 1926 1607 hos

1131 1626 1266 1660 recipere;
1281 1624 1327 1651 scd
1342 1625 1467 1659 quoniam
1485 1624 1568 1659 ignari
1584 1624 1609 1651 id
1624 1623 1724 1652 fecistis
1737 1645 1745 1658 ,
1760 1625 1836 1652 vobis
1849 1625 1925 1660 igno-

1130 1678 1186 1698 sco.
1202 1670 1230 1698 ln
1245 1675 1381 1705 posterum
1397 1670 1476 1705 igitur
1489 1674 1590 1703 cavete,
1607 1678 1639 1697 ne
1658 1670 1718 1697 illos
1733 1675 1780 1697 aut
1795 1672 1820 1697 in
1836 1671 1921 1698 eccle:

1130 1716 1264 1743 siasticum
1279 1720 1325 1743 aut
1338 1716 1364 1742 in
1378 1716 1508 1751 privatum
1523 1716 1637 1751 aliquem
1653 1716 1741 1744 locum
1754 1716 1901 1745 admittatis
1919 1726 1925 1744 :

1130 1762 1209 1790 deum
1222 1769 1282 1789 esse
1295 1769 1324 1790 se
1338 1770 1390 1789 non
1404 1761 1495 1789 dicens
1511 1766 1612 1789 tantum
1624 1783 1631 1793 .
1649 1761 1695 1789 sed
1711 1762 1790 1790 etiam
1805 1770 1859 1798 pra:
1875 1763 1926 1790 im-

1132 1808 1236 1836 modica
1256 1808 1407 1843 arrogantia
1428 1809 1584 1844 imaginaris.
1606 1807 1644 1836 Illi
1665 1809 1748 1836 mttlta
1767 1810 1926 1838 necessitate

1131 1854 1193 1887 acti,
1209 1861 1270 1881 cum
1287 1854 1312 1881 in
1326 1854 1377 1881 alia
1392 1861 1424 1882 ex
1440 1854 1499 1881 aliis
1512 1854 1568 1881 loca
1591 1854 1736 1889 migrarent
1748 1875 1756 1887 .
1774 1855 1880 1883 tandem
1900 1858 1926 1883 in

1131 1899 1291 1927 Comitatum
1313 1900 1443 1933 veniunt,
1464 1899 1507 1927 uhi
1522 1899 1611 1928 divina
1632 1907 1712 1927 manu
1726 1900 1758 1928 ad
1774 1907 1865 1928 curam
1882 1909 1927 1936 po-

1132 1945 1244 1973 tentium
1259 1945 1388 1981 agendam
1401 1945 1518 1974 Joannes
1537 1946 1682 1974 collocatus
1696 1950 1753 1974 erat
1766 1947 1925 1982 episcopus;

1131 1998 1211 2028 atque
1229 1992 1263 2020 ad
1277 1993 1336 2028 ejus
1354 2000 1439 2029 genua
1461 1992 1593 2028 provoluti
1607 2014 1614 2024 .
1628 1992 1741 2020 orabant
1760 1999 1928 2022 succurreret

1132 2036 1271 2066 animabus
1281 2037 1440 2065 calumniam
1456 2038 1540 2072 pas~is
1550 2058 1557 2070 ,
1570 2042 1596 2065 et
1610 2038 1757 2066 dei-astatis
1769 2039 1802 2065 ab
1817 2039 1848 2065 iis
1859 2060 1866 2071 ,
1881 2040 1927 2075 qui

1133 2083 1158 2110 id
1174 2083 1260 2118 potius
1269 2091 1347 2118 quam
1361 2082 1520 2110 benefacere
1532 2083 1743 2111 consuevissent.
1759 2083 1836 2111 Stetit
1847 2084 1928 2112 Joan-

1133 2136 1180 2157 nes
1196 2137 1202 2155 :
1218 2133 1296 2164 atque
1310 2133 1337 2156 ut
1351 2129 1415 2156 vidit
1426 2129 1614 2163 quinquaginta
1629 2128 1773 2156 electorum
1789 2129 1927 2157 hominum

1132 2175 1267 2207 canitiem,
1283 2175 1367 2202 sacris
1381 2174 1516 2201 laboribus
1531 2175 1640 2201 tinctam
1656 2179 1681 2201 ct
1696 2179 1828 2208 ornatam,
1847 2175 1927 2203 veluti

1132 2221 1241 2256 Ioseph,
1259 2221 1367 2248 fraterni
1381 2221 1480 2247 amoris
1496 2220 1550 2247 aeri
1563 2219 1655 2256 doloLe
1671 2221 1831 2254 stimulatus,
1848 2222 1873 2248 in
1891 2222 1929 2248 la-

1132 2274 1237 2302 crytuas
1251 2266 1351 2294 effusus
1365 2271 1416 2299 est,
1432 2271 1608 2300 percunctans
1621 2274 1654 2293 ex
1667 2267 1716 2300 eis,
1729 2267 1851 2302 quisnam
1865 2275 1928 2303 aper

1132 2314 1165 2341 de
1185 2313 1249 2341 silva
1267 2318 1312 2340 aut
1333 2312 1474 2348 singtiaris
1492 2312 1563 2340 ferus
1578 2313 1638 2340 huic
1658 2313 1866 2341 fcecundissimre
1881 2316 1927 2342 viti

1133 2360 1278 2386 invidisset.
1296 2358 1334 2385 Illi
1350 2363 1439 2386 autem
1455 2367 1461 2384 :
1477 2357 1548 2385 Sede
1559 2379 1566 2391 ,
1578 2355 1667 2391 Pater,
1682 2363 1708 2385 et
1729 2359 1806 2386 nobis
1820 2360 1928 2387 medere

1133 2414 1186 2433 non
1201 2405 1370 2432 mediocriter
1383 2404 1529 2432 vulneratis
1542 2412 1557 2430 a
1573 2404 1712 2439 The0phili
1729 2413 1804 2439 papa:
1821 2405 1910 2433 furore
1921 2429 1928 2438 ,

1132 2453 1154 2479 si
1169 2457 1255 2478 tamen
1271 2450 1371 2485 poteris
1386 2450 1526 2477 vulnerum
1543 2455 1695 2477 nostrorum
1710 2455 1829 2478 tumores
1843 2451 1875 2478 ad
1892 2452 1929 2478 (l-

1132 2498 1257 2525 catriccm
1271 2496 1426 2532 perducere.
1438 2495 1504 2522 Nam
1513 2495 1535 2522 si
1545 2500 1572 2522 et
1583 2495 1639 2530 ipse
1650 2503 1700 2522 nos
1709 2495 1829 2530 ucgligis,
1840 2496 1928 2524 Theo-

1133 2544 1195 2578 phili
1205 2551 1250 2570 scu
1260 2542 1408 2570 reverentia
1418 2549 1464 2569 seu
1474 2542 1569 2569 timore
1580 2541 1685 2573 ductus,
1694 2546 1722 2568 ut
1736 2541 1780 2568 alii
1795 2542 1925 2577 episcopi,

1132 2590 1196 2617 nihil
1208 2590 1262 2624 jam
1277 2589 1371 2624 reliqui
1391 2588 1468 2615 nobis
1482 2588 1511 2615 fit
1531 2595 1545 2614 a
1559 2587 1634 2614 vobis
1645 2608 1652 2620 ,
1670 2587 1720 2614 nisi
1741 2593 1769 2614 ut
1782 2588 1926 2622 Imperato-

1131 2643 1188 2663 rem
1204 2635 1331 2662 adeamus
1343 2654 1350 2666 ,
1366 2638 1394 2661 et
1414 2641 1494 2669 prava
1514 2633 1585 2660 illius
1605 2632 1673 2660 facta
1697 2633 1723 2660 in
1737 2634 1927 2661 contumeliam

1133 2681 1259 2710 Ecclesia:
1271 2687 1447 2716 exponamus.
1460 2679 1487 2707 Si
1501 2687 1564 2714 ergo
1577 2679 1765 2707 ecclesiastica:
1778 2680 1823 2707 tibi
1837 2680 1925 2707 existi‘

1131 2728 1256 2755 mntionis
1270 2735 1334 2755 cura
1349 2730 1408 2759 est,
1424 2726 1501 2753 nobis
1513 2733 1610 2758 annue,
1627 2725 1730 2761 ipsique
1743 2726 1885 2761 persuade,
1899 2731 1926 2753 ut

1133 2774 1210 2801 nobis
1225 2778 1345 2801 nostrum
1361 2773 1388 2799 in
1404 2771 1520 2807 Egypto
1535 2771 1699 2799 domicilium
1721 2772 1866 2805 concedat,
1881 2773 1925 2808 qni

1131 2819 1197 2847 nihil
1211 2819 1388 2854 peccavimus,
1401 2824 1488 2852 neque
1500 2822 1592 2844 contra
1608 2817 1692 2852 legem
1706 2818 1865 2851 Servatoris,
1880 2827 1926 2845 ne-

1131 2873 1181 2900 que
1196 2865 1221 2891 iit
1237 2872 1297 2891 cum
1312 2864 1408 2899 ipsum.
1424 2862 1463 2889 Ad
1478 2861 1534 2890 hac
1549 2862 1665 2890 Joannes
1682 2871 1792 2898 sperans
1805 2863 1881 2891 facile
1895 2871 1924 2892 se
