2052 3113
157 184 190 211 9-5
629 184 671 211 ΒΕ
694 184 770 211 \'|T.\
791 185 819 211 5.
840 184 977 211 JUANSIS
997 184 1241 213 (iilRYSOSTOMl.
1754 191 1788 220 25

157 238 295 273 Theophrti
311 239 440 267 adversus
454 247 500 267 eos
515 239 602 266 odium
617 239 822 272 dominatur-um,
838 240 948 266 libenter

160 285 290 319 negotium
306 285 417 320 arripit,
434 285 581 312 admonens
594 292 640 312 eos
654 290 681 311 ιιι
700 284 768 319 apud
782 292 874 311 omnes
888 285 948 311 reli-

160 333 230 366 gioso
250 331 357 358 silentio
371 331 504 358 adventus
522 331 562 358 sui
582 338 688 358 causam
713 335 846 364 tegerent,
864 330 949 357 donec

161 379 222 412 ipse,
239 377 336 412 inquit,
352 377 452 404 misero
464 377 497 404 ad
514 377 622 404 fratrem
638 376 824 411 Theophilum.
842 376 873 402 Et
886 376 948 402 dato

159 424 194 451 ris
207 424 231 449 in
246 423 359 450 ecclesia
371 423 440 450 dicta
455 423 592 450 Anastasio
608 423 721 457 hospitio
732 422 764 450 ad
778 423 948 458 requiescen-

158 470 228 500 dum,
243 469 299 502 ipse
311 468 417 502 quidem
432 476 485 495 non
498 468 680 502 suppeditabat
693 476 752 502 qua:
761 468 794 494 ad
806 476 882 495 usum
895 468 946 495 illis

159 513 307 540 necessaria
320 518 413 545 erant;
428 513 474 540 Sed
492 513 620 547 religiosa:
635 513 759 540 mulieres
773 514 868 540 victum
884 513 947 547 ipsis

157 559 403 590 subministrabant,
420 563 448 586 et
461 558 510 592 ipsi
523 565 628 592 quoque
642 558 760 584 nonnihil
774 558 947 585 conferebant

156 612 187 630 ex
201 611 281 638 opere
301 611 438 630 manuum.
459 604 608 638 Contigerat
626 608 714 630 autem
731 604 780 630 srrb
798 604 822 630 id
843 608 945 638 tempus

157 655 181 676 ut
196 649 287 676 clerici
299 649 407 684 quidam
416 649 556 684 Theophili
570 649 795 683 Constantinopoli
809 649 942 682 adessent,

157 695 358 730 magistratuum
381 695 427 730 qui
455 695 575 730 regenda:
600 695 716 730 Egypto
741 695 945 729 designabantur

157 742 336 775 promotiones
349 746 554 775 prmmcrcantcs
567 761 574 773 ,
591 745 617 767 et
632 740 844 767 benevolentiam
858 740 944 767 Theo-

156 787 227 821 philo
237 787 409 813 conciliantes
420 787 447 813 in
461 787 601 820 perniciem
616 794 707 813 eorum
720 786 763 820 qui
780 786 816 812 illi
835 786 943 812 ruinime

156 833 303 866 placebant.
316 831 369 858 llos
382 832 461 866 igitur
472 831 504 859 ad
514 839 542 858 sc
552 831 650 858 accitos
661 831 776 858 Joannes
791 836 943 865 percuncta-

155 881 241 909 batur,
254 884 287 903 an
302 882 447 911 praesentes
461 877 603 904 monachos
616 877 764 905 novissent.
781 877 817 904 Illi
831 877 942 904 candide

155 922 186 949 de
202 922 266 956 ipsis
277 923 458 949 testimonium
471 922 637 957 perhibuere,
650 923 766 950 dicentes
777 923 872 950 Joanni
888 932 894 950 :
909 923 942 949 Et

154 967 275 994 norimus
288 974 351 999 eos,
368 972 395 994 ct
416 968 468 994 vim
493 975 612 1002 magnam
636 969 752 1002 perpessi
774 974 835 994 sunt
852 977 857 994 :
874 976 905 995 ac
919 969 941 995 si

153 1013 254 1046 placet,
268 1011 376 1039 domine
386 1033 392 1043 ,
408 1012 553 1046 spiritalem
564 1013 603 1039 eis
615 1013 829 1039 communionem
845 1014 942 1047 imper—

153 1062 202 1084 tire
216 1057 291 1090 noli,
309 1065 342 1084 ne
354 1057 472 1084 oﬂendas
487 1058 660 1092 Theophilum
675 1067 681 1084 :
698 1058 723 1084 itr
745 1059 848 1086 cra-leris
868 1059 942 1086 hctrio

151 1111 231 1137 gnum
257 1108 282 1130 te
306 1103 417 1138 praebe;
442 1103 492 1130 hoc
511 1104 581 1130 enim
604 1107 630 1130 te
645 1108 672 1130 ut
685 1104 838 1139 episcopum
852 1104 938 1131 decet.

151 1150 194 1177 Sic
206 1150 324 1177 Joannes
339 1157 385 1177 eos
399 1150 504 1184 quidenr
518 1150 551 1177 ad
563 1150 775 1177 communionem
792 1157 842 1177 nou
858 1150 941 1177 admi-

151 1198 184 1224 sit
202 1207 209 1222 ε
225 1196 375 1231 Theoplrilo
390 1201 477 1223 autem
489 1197 600 1228 scribit,
614 1203 692 1223 orans
709 1205 714 1222 :
732 1196 759 1222 In
774 1196 823 1222 hoc
838 1196 900 1222 ruilri
913 1201 941 1223 ιιι

152 1242 206 1269 filio
219 1247 246 1270 et
261 1242 334 1269 fratri
350 1242 498 1276 gratificarc
508 1263 515 1274 ,
532 1242 611 1269 hosce
625 1242 696 1269 viros
709 1243 884 1276 amplectitur.
901 1243 939 1269 Ad

151 1289 208 1315 lucc
229 1287 413 1323 Theophilus,
436 1289 545 1323 gratiam
568 1288 674 1322 quidem
699 1289 802 1322 negatit
823 1289 938 1320 Joanni;

151 1334 230 1361 mittit
245 1339 333 1360 autem
349 1333 478 1368 quosdam
490 1333 522 1360 ad
537 1333 715 1361 contentiosas
733 1341 772 1360 ver
780 1334 872 1360 bornrn
893 1341 940 1367 prr-

151 1386 216 1414 gnas
231 1378 400 1408 exercitatos,
416 1378 450 1405 de
464 1378 559 1412 quibus
574 1378 695 1412 superius
708 1378 833 1410 diximus,
846 1384 872 1404 ct
883 1385 940 1404 rno-

152 1429 206 1454 urt,
221 1423 284 1450 dent
298 1423 335 1450 illi
349 1422 454 1450 libellos
465 1430 584 1457 precum,
598 1431 665 1458 qrros
680 1431 752 1450 ntere
766 1431 813 1450 suo
829 1424 884 1458 ipse
899 1424 940 1450 di-

151 1473 268 1495 ctaverat
285 1468 350 1502 :qui
372 1468 543 1495 continebant
561 1474 680 1502 apertum
702 1469 807 1502 quidem
831 1469 939 1496 menda-

150 1515 238 1545 cium,
265 1514 391 1540 amictum
415 1521 478 1541 vero
498 1513 570 1540 varia
596 1518 623 1540 et
648 1513 784 1548 multiplici
808 1514 937 1540 calumnia

149 1567 242 1585 eorum
257 1567 316 1593 qua:
329 1564 392 1586 sunt
407 1559 545 1587 invisibilia
555 1580 562 1592 ,
576 1567 636 1586 cum
658 1560 722 1586 nihil
747 1560 855 1588 haberet
869 1560 938 1587 unde

149 1612 240 1631 eorum
264 1605 343 1631 vitam
368 1605 596 1636 calumniarctnr;
618 1605 730 1640 facitque
752 1610 781 1632 ut
801 1605 826 1632 in
842 1605 938 1639 palatio

149 1651 223 1684 quasi
239 1650 446 1685 pnestigiatores
455 1650 536 1685 digito
545 1655 765 1678 rnonstrarentnr.
779 1651 896 1678 Monachi
910 1657 938 1678 ut

149 1704 158 1720 \
168 1697 271 1723 ixlerunt
285 1704 314 1724 se
328 1704 380 1723 non
395 1697 484 1723 solum
498 1697 674 1731 Theophilum
688 1705 740 1724 non
756 1697 875 1731 placare,
890 1697 936 1724 sed

148 1742 173 1768 in
186 1742 313 1775 majorem
325 1742 390 1768 iram
403 1742 551 1776 impellere,
561 1742 624 1769 dum
638 1742 734 1769 multus
747 1742 937 1770 intercessores

149 1789 180 1813 ad
202 1789 276 1814 illum
300 1788 407 1814 mittunt
421 1809 428 1820 ,
450 1788 558 1822 insuper
579 1793 684 1823 paratos
701 1796 730 1815 se
743 1796 802 1815 esse
819 1789 937 1816 dicentes

147 1834 239 1860 f..lsam
256 1841 363 1861 onmem
383 1833 531 1860 doctrinam
544 1834 767 1861 anatlrernatizare
783 1843 788 1860 :
805 1835 936 1869 supplices

147 1879 250 1907 lbcllos
263 1879 359 1906 Joanni
373 1880 489 1906 oll‘crnnt
501 1901 507 1910 ,
521 1879 626 1907 diversa
637 1880 774 1915 Theophili
791 1882 937 1916 tyrannidis

147 1932 242 1958 genera
265 1925 424 1951 dcuotantcs
436 1945 443 1956 ,
468 1925 598 1958 adjunctis
619 1925 775 1959 quibusdam
790 1927 914 1961 capitulis
927 1948 933 1959 ,

145 1977 204 2003 qu;c
221 1969 302 2003 pudet
314 1977 402 1996 curam
417 1969 624 2003 simplicioribus
636 1970 734 2002 dicere,
751 1978 783 1998 ne
796 1978 842 1997 eos
853 1979 866 1997 a
879 1979 937 1998 crc-

146 2015 233 2041 rlcmlo
246 2015 406 2047 deterream,
424 2014 536 2042 fortasse
549 2015 627 2042 etiam
640 2015 708 2050 apud
723 2017 894 2050 perfectiores
906 2016 937 2043 ti-

145 2059 206 2086 dem
219 2067 272 2086 non
284 2061 450 2086 inventurus.
461 2060 561 2087 liursus
571 2065 597 2087 et
606 2068 652 2094 per
661 2062 777 2095 seipsum
787 2066 812 2088 et
824 2069 871 2095 per
879 2062 936 2089 illos

145 2105 286 2138 episcopos
310 2106 432 2131 hortatur
446 2112 492 2132 cas
510 2105 643 2138 Joannes,
661 2110 689 2132 nt
708 2106 832 2133 desinant
851 2107 935 2141 ipsum

146 2156 273 2176 accusare
295 2150 329 2176 ob
352 2150 498 2176 molestiam
522 2158 580 2184 qua:
603 2158 634 2177 cx
660 2150 810 2185 hnjusmodi
831 2152 936 2186 jndiciis

147 2195 218 2221 nasci
239 2196 308 2223 solet
322 2205 328 2222 :
345 2201 372 2223 et
394 2196 487 2223 scribit
501 2196 648 2231 Theophila
664 2207 670 2222 :
688 2197 724 2224 [iu
744 2198 936 2232 desperationis

149 2240 268 2268 irom'ncs
280 2241 412 2276 ejusmodi
427 2241 558 2269 devenere
571 2262 577 2273 ,
599 2247 628 2269 ut
645 2243 743 2277 scripto
761 2248 786 2270 te
800 2249 934 2270 accusent.

148 2287 276 2313 (la-terum
292 2288 362 2322 quod
379 2287 425 2314 tibi
447 2288 549 2315 videtur
568 2289 683 2316 rescribe
700 2298 705 2315 :
724 2298 774 2316 non
799 2290 869 2316 cuitu
893 2298 936 2317 me

148 2334 273 2366 audiunt,
292 2338 321 2360 ut
335 2341 350 2360 a
365 2333 497 2361 Comitatu
516 2334 662 2361 disretlant.
676 2335 715 2362 0b
727 2336 857 2370 ejusmodi
871 2338 936 2363 scri-

150 2384 190 2413 pta
206 2384 276 2406 totus
290 2379 328 2406 ira
345 2380 470 2407 incensus
482 2380 653 2414 Theophilus,
668 2381 701 2408 ab
715 2381 832 2409 Ecolesia
847 2382 937 2409 exclu-

149 2424 186 2450 dit
200 2424 307 2452 fratrem
323 2426 514 2452 monachorum
534 2426 690 2453 Dioscorum
707 2428 859 2462 episcopum
870 2449 877 2460 ,
891 2429 935 2463 qui

150 2469 174 2494 in
188 2469 302 2496 l-Icclesia
316 2474 443 2497 scnuerat
456 2479 462 2497 :
477 2475 504 2498 et
517 2470 550 2497 ad
563 2470 691 2498 Joannem
705 2472 857 2506 episcopum
870 2474 936 2500 scri-

150 2515 185 2541 bit
198 2525 204 2542 :
221 2516 343 2543 Arbitror
360 2516 484 2551 equidem
499 2525 551 2543 non
567 2517 688 2552 ignorare
706 2522 731 2545 te
744 2526 875 2545 canonum
891 2519 935 2546 Ni-

149 2567 280 2588 c:enorum
295 2561 445 2594 decretura,
457 2570 508 2597 quo
523 2562 651 2595 sancitur,
663 2571 696 2590 ne
708 2563 847 2598 cpiscopus
862 2564 933 2591 litem

148 2610 219 2632 extra
236 2606 301 2633 ﬁnes
315 2614 379 2633 suos
391 2607 491 2641 jndicct
504 2616 510 2633 ε
525 2608 546 2634 si
562 2612 650 2634 autem
666 2608 788 2643 ignoras,
805 2609 877 2637 disce
887 2630 894 2642 ,
909 2615 936 2637 et

147 2658 160 2677 a
182 2651 274 2678 libellis
291 2651 422 2678 adversus
443 2660 485 2679 me
503 2652 615 2679 abstine.
633 2652 699 2679 Nam
720 2653 741 2679 si
764 2653 871 2687 iudicari
893 2662 935 2682 me

146 2700 300 2729 oporteret,
322 2697 357 2723 ab
378 2696 509 2731 .‘Egyptiis
529 2697 661 2731 episcopis
680 2697 837 2731 judicandus
855 2707 912 2726 sum
925 2720 933 2734 ,

146 2748 195 2767 non
209 2748 224 2768 a
239 2746 264 2768 te
279 2742 324 2776 qui
339 2742 505 2777 septuaginta
516 2743 632 2777 quinque
645 2742 745 2770 dierum
762 2743 854 2771 itinere
874 2745 935 2772 hinc

144 2787 212 2813 abes.

175 2833 238 2859 (In.
263 2841 321 2859 \‘ur.
337 2848 373 2852 -
386 2835 499 2867 Accepta
516 2834 633 2868 lectaque
649 2842 680 2861 ca
693 2835 802 2869 cpistola
817 2835 933 2861 Joannes

142 2885 196 2904 eam
210 2879 321 2912 quidem
334 2885 418 2912 penes
430 2886 457 2905 se
480 2879 602 2912 servavit,
619 2880 753 2907 monachis
769 2885 855 2909 autem
870 2889 931 2915 par-

1005 241 1038 266 tis
1053 242 1189 276 utriusque
1203 250 1234 269 ea
1255 243 1320 270 dixit
1334 251 1392 278 qua:
1411 245 1445 272 ad
1469 253 1558 280 pacem
1582 252 1668 274 erant.
1688 248 1787 281 Quibus

1002 286 1107 318 auditis,
1125 293 1279 322 exasperata
1298 295 1340 316 est
1353 294 1463 324 utraque
1484 299 1554 324 pars,
1584 292 1626 318 illa
1640 293 1744 327 quidem
1758 299 1785 320 trt

1002 331 1140 365 tyrannide
1154 340 1290 367 oppressa,
1314 334 1397 361 altera
1418 342 1480 362 vero
1501 336 1570 370 quod
1585 337 1684 371 absque
1697 338 1785 365 Theo-

1003 377 1074 410 plrilo
1089 377 1240 405 facultatem
1256 386 1307 406 rtou
1324 379 1432 407 haberet
1460 381 1580 409 ineunda:
1606 383 1687 416 pacis,
1710 384 1785 418 cujus

998 421 1074 455 jussu
1088 422 1198 450 dederat
1218 424 1321 451 libellos
1335 425 1474 453 calumniis
1496 427 1598 462 plenos.
1616 428 1659 455 Sic
1670 428 1786 456 Joannrs

1001 467 1062 494 dato
1071 469 1109 494 eis
1122 476 1260 503 responso,
1269 477 1316 496 eos
1329 471 1362 497 ah
1371 478 1416 498 sua
1426 479 1488 499 cura
1501 477 1527 499 ct
1537 474 1695 508 cogitatione
1706 474 1783 501 dimi-

1000 513 1043 540 sit.
1059 514 1186 541 l‘osthrec
1199 516 1331 548 monachi,
1343 518 1385 551 qui
1400 518 1494 552 injuria
1509 519 1594 546 all'ecti
1609 519 1722 552 fuerant,
1738 528 1779 548 re-

999 560 1133 591 cedentes,
1158 560 1260 588 libellos
1275 563 1387 596 grandes
1401 568 1426 589 et
1443 563 1571 591 verbosos
1597 571 1758 600 comportant
1774 575 1780 592 :

998 605 1142 632 monachos
1155 606 1262 640 quidem
1288 612 1420 642 tamquam
1434 608 1639 636 calumniatores
1652 617 1775 637 accusan-

998 654 1048 681 tes,
1065 650 1192 678 adrersus
1205 651 1379 686 Theophilum
1394 661 1467 685 vero,
1485 661 1516 680 ne
1528 654 1590 688 quid
1600 654 1669 681 aliud
1683 654 1778 686 dicam,

997 702 1027 721 ea
1042 695 1215 723 inscrilientes
1229 705 1287 731 qua:
1302 702 1378 724 erant
1388 698 1537 733 Theophili,
1549 704 1575 726 et
1588 704 1686 734 quotct
1696 708 1779 734 quan-

997 745 1022 766 ta
1033 741 1144 774 quisque
1161 746 1280 768 noverat.
1297 742 1414 777 Cumque
1440 744 1543 770 libellus
1555 745 1712 772 obtulissent
1724 746 1779 772 Au<

996 786 1089 820 gustis,
1103 785 1298 820 lrnperatricem
1312 788 1409 815 adeunt
1423 789 1448 815 in
1459 789 1583 824 Martyrio
1603 790 1686 816 sancti
1698 789 1779 817 Joan-

997 832 1047 863 nis,
1063 838 1201 867 orantque,
1213 838 1240 860 ιιι
1251 833 1463 862 adversariorum
1472 836 1577 869 quidem
1589 836 1778 862 monachorum

999 877 1104 904 libellus
1130 878 1200 912 apud
1229 878 1368 913 prmfectos
1405 881 1617 912 examirraretur,
1644 879 1780 915 Theophi-

997 922 1038 949 lus
1052 930 1115 950 vcro
1131 923 1171 949 vel
1192 923 1289 950 invitus
1311 923 1425 956 adesset,
1445 929 1472 951 et
1494 932 1584 951 coram
1597 924 1779 959 Joanuejudi-

994 972 1111 995 carctur.
1124 968 1246 996 Adrnissa
1259 973 1299 996 est
1311 969 1461 1004 postulatio,
1476 978 1534 1004 quze
1559 971 1609 998 hoe
1625 979 1779 1006 responsum

995 1013 1052 1039 tulit
1064 1022 1070 1039 :
1084 1013 1117 1040 Ut
1132 1013 1295 1048 Theophilus
1310 1015 1402 1042 volens
1416 1015 1510 1042 nolens
1524 1015 1655 1044 exhibitus
1668 1024 1715 1051 per
1727 1016 1780 1044 Ma-

993 1058 1116 1092 gistrum,
1131 1067 1220 1086 coram
1230 1059 1332 1087 Joanne
1342 1068 1448 1087 causam
1460 1061 1560 1088 diecrct
1572 1070 1578 1093 ;
1596 1062 1719 1089 monachi
1728 1070 1776 1089 au-

994 1107 1047 1130 tent
1063 1111 1095 1131 ex
1116 1105 1233 1139 partibus
1250 1105 1391 1140 Theophili
1404 1111 1431 1133 ut
1448 1106 1498 1133 sibi
1519 1111 1671 1134 constarent
1683 1107 1707 1134 in
1724 1107 1773 1140 Iris,

993 1155 1105 1182 quorum
1117 1154 1223 1176 sanctos
1235 1157 1313 1177 settcs
1337 1156 1535 1184 accusaverunt,
1551 1151 1777 1179 autcalumttiato-

993 1201 1051 1220 rum
1066 1201 1157 1227 poenas
1171 1194 1298 1221 subirent.
1315 1195 1358 1222 Sic
1381 1195 1458 1230 igitur
1473 1196 1659 1222 Alexandriam
1682 1197 1778 1224 missus

992 1244 1030 1265 est
1047 1239 1185 1274 Elaphius,
1209 1241 1253 1274 qui
1267 1248 1336 1268 nunc
1357 1249 1388 1268 ex
1403 1241 1566 1276 principibus
1578 1247 1628 1273 est,
1645 1246 1672 1269 ut
1687 1242 1776 1269 'l‘lreo-

993 1284 1092 1318 plrilurn
1115 1285 1258 1313 adduceret
1273 1295 1279 1312 :
1295 1287 1394 1321 reliqua
1415 1287 1534 1321 responsi
1550 1287 1694 1322 imperialis
1708 1295 1777 1321 pra:-

993 1330 1053 1356 l'ecti
1064 1331 1202 1365 exsequuti
1217 1336 1289 1358 sunt.
1301 1332 1368 1359 Cum
1386 1332 1520 1359 accusatio
1541 1333 1737 1359 exanimaretur
1751 1337 1778 1360 et

992 1376 1017 1402 in
1028 1377 1155 1405 incertum
1165 1377 1306 1409 desineret,
1320 1377 1391 1413 leges
1401 1378 1505 1412 quidem
1520 1379 1651 1405 instabant
1661 1379 1776 1413 gladium

992 1422 1165 1454 rcnttdautcs;
1179 1423 1267 1449 tnisut‘i
1282 1430 1368 1450 autem
1382 1424 1418 1450 illi
1432 1425 1652 1456 evertltttrn‘ct‘iti,
1668 1424 1774 1451 dilatio-

992 1475 1052 1494 nem
1067 1473 1158 1501 pettmt
1170 1476 1251 1503 usque
1259 1469 1292 1495 ad
1306 1469 1444 1503 'l‘hc0phili
1459 1469 1610 1501 adventum,
1621 1470 1717 1504 quippe
1732 1470 1776 1504 qui

992 1514 1063 1547 ipsos
1086 1514 1258 1541 subornasset
1285 1519 1311 1541 ct
1329 1515 1533 1549 supplicationes
1558 1514 1718 1541 dictavi~set.
1739 1514 1775 1541 Ita

991 1558 1117 1585 officiales
1129 1566 1175 1585 eos
1187 1558 1211 1584 in
1223 1566 1357 1586 eareerein
1371 1559 1514 1593 conjiciunt
1530 1566 1613 1593 usque
1628 1558 1659 1585 ad
1673 1559 1773 1586 adven;

992 1609 1046 1630 tum
1061 1603 1211 1638 Theophili,
1222 1605 1341 1631 nolentes
1355 1605 1381 1630 in
1397 1605 1440 1630 tali
1454 1612 1532 1631 causa
1542 1604 1625 1632 vades
1640 1605 1771 1638 accipere.

993 1649 1027 1674 Et.
1041 1648 1133 1675 horum
1148 1648 1253 1683 quidcrrr
1265 1649 1412 1675 rrroriuntur
1431 1649 1547 1675 nonnulli
1564 1649 1588 1675 in
1605 1649 1718 1675 vitreulis
1729 1648 1774 1675 diu

990 1694 1120 1721 demorati
1130 1694 1164 1720 ob
1182 1694 1310 1720 adventus
1326 1693 1463 1728 Theophili
1474 1693 1622 1720 tard.tatem
1639 1703 1645 1720 :
1660 1693 1776 1720 aliirero

991 1745 1050 1773 post
1064 1738 1205 1765 adventum
1221 1738 1369 1773 Theophili,
1385 1739 1429 1773 qui
1453 1746 1508 1765 rem
1536 1738 1645 1772 pecunia
1670 1738 1772 1765 facilem

991 1784 1152 1817 reddiderat,
1167 1785 1193 1811 in
1205 1789 1336 1819 postrema
1352 1785 1564 1819 interrogatione,
1582 1789 1715 1819 tamquam
1727 1791 1773 1811 ca-

990 1832 1171 1862 lumniatores,
1187 1831 1384 1858 Proconucsum
1395 1839 1410 1857 a
1422 1831 1556 1865 judicibus
1577 1831 1685 1865 relegati
1702 1835 1772 1857 sunt.

989 1876 1033 1903 Sic
1044 1877 1187 1904 adveniens
1201 1876 1363 1911 Theophilus
1377 1876 1457 1903 veluti
1470 1876 1618 1903 scaralnrus
1631 1877 1693 1902 limo
1705 1885 1774 1902 orru-

989 1927 1046 1950 stus
1067 1922 1301 1957 pulcherrimarum
1322 1930 1410 1949 rerum
1420 1930 1478 1956 qua:
1494 1923 1519 1948 in
1541 1921 1657 1957 Αἴθῃ)ιο
1679 1926 1776 1949 suntet

990 1968 1014 1994 in
1031 1968 1086 2002 ipsa
1101 1967 1171 1994 ludia
1184 1968 1368 1994 suavissimum
1385 1967 1494 1995 odorem
1518 1975 1566 2003 pro
1577 1967 1665 1995 faetida
1679 1967 1776 1994 invidia

989 2022 1127 2048 spargens,
1142 2018 1216 2040 sexta
1233 2014 1307 2047 hora,
1322 2014 1413 2048 quinta
1427 2013 1528 2041 sabbati
1549 2013 1774 2047 Constantinopo-

990 2060 1034 2086 lim
1048 2060 1129 2092 venit,
1144 2060 1231 2087 nautis
1252 2059 1551 2094 circumplaudentibus,
1566 2059 1689 2086 infamem
1705 2057 1776 2086 refc-

989 2113 1050 2132 rrus
1074 2105 1194 2140 gloriam,
1209 2105 1242 2132 de
1269 2113 1317 2140 qua
1347 2105 1429 2132 multo
1454 2111 1515 2132 ante
1530 2105 1598 2132 dixit
1617 2104 1775 2139 apostolus;

991 2152 1105 2183 Quorum
1128 2151 1210 2186 gloria
1229 2151 1254 2177 in
1276 2151 1423 2186 confusione
1443 2151 1577 2185 ipsorum:
1597 2150 1707 2182 addens,
1725 2149 1774 2183 Qui

989 2201 1087 2222 terrena
1112 2196 1360 2232 sapiunt(Pltilipp.
1387 2198 1413 2224 5.
1435 2197 1509 2231 11));
1536 2201 1562 2223 οι
1587 2197 1771 2231 hospitaturiu

990 2243 1109 2269 tentoriis
1120 2243 1287 2276 injustorum,
1301 2243 1403 2278 fugiens
1424 2244 1563 2271 ecclesiam
1579 2243 1695 2271 :oblitns
1722 2243 1773 2270 Da-

990 2288 1067 2315 vidici
1091 2289 1181 2315 illius:
1208 2289 1399 2324 Elegiabjectus
1420 2298 1472 2316 esse
1499 2291 1525 2316 in
1547 2290 1620 2316 domo
1650 2289 1694 2316 Dei
1716 2291 1773 2321 mei,

989 2334 1068 2368 magis
1081 2342 1156 2368 quam
1168 2334 1278 2361 habitare
1291 2335 1316 2361 in
1330 2334 1496 2362 tabernaculis
1510 2341 1665 2369 peccatorum
1679 2335 1688 2370 (
1703 2334 1773 2361 l’sal.

989 2379 1032 2406 85.
1042 2381 1070 2406 ll
1083 2378 1092 2414 )
1105 2388 1112 2412 ;
1127 2379 1213 2407 sedab
1223 2380 1336 2407 ecclesia
1347 2388 1407 2407 eum
1423 2381 1529 2407 arcebat
1544 2387 1589 2407 sua
1599 2380 1772 2406 conscientia.

989 2424 1173 2452 Commoratus
1188 2425 1265 2459 igitrrr
1276 2429 1329 2452 tres
1343 2427 1514 2460 septimanos,
1527 2432 1612 2460 neque
1623 2432 1682 2452 cum
1696 2424 1776 2452 Joan-

989 2479 1021 2497 ne
1032 2471 1156 2505 episcopo
1169 2478 1327 2506 congressus
1340 2476 1390 2504 est,
1404 2476 1432 2498 ut
1442 2471 1528 2498 solent
1537 2471 1666 2505 episcopi,
1688 2478 1775 2505 neque

989 2516 1096 2543 omnino
1110 2516 1222 2543 accessit
1235 2516 1266 2543 ad
1277 2517 1415 2544 ecclesiam
1434 2526 1440 2544 :
1455 2525 1546 2544 verum
1570 2517 1676 2544 assidue
1692 2517 1775 2544 inter-

988 2561 1032 2588 diu
1051 2565 1078 2588 et
1091 2566 1169 2588 noctu
1184 2561 1360 2589 contendebat
1376 2569 1472 2589 norum
1486 2562 1574 2589 odium
1593 2562 1676 2589 veteri
1692 2569 1773 2589 accu-

989 2607 1102 2640 mulans,
1120 2607 1286 2634 utJoannem
1299 2607 1453 2642 episcopum
1475 2615 1525 2634 nou
1550 2608 1636 2634 solum
1656 2607 1773 2634 Ecclesia

988 2653 1142 2687 expelleret,
1154 2653 1200 2680 sed
1216 2653 1270 2688 ipsa
1291 2654 1345 2681 vita
1371 2654 1497 2688 privaret,
1521 2654 1617 2689 partim
1634 2653 1773 2687 largitione

988 2698 1044 2725 auri
1058 2704 1148 2725 contra
1162 2699 1300 2726 veritatem
1315 2699 1513 2733 superstitiosos
1524 2707 1539 2725 c
1554 2698 1703 2733 potentibus
1714 2698 1775 2725 red-

989 2744 1084 2777 imens,
1104 2744 1198 2779 partial
1227 2745 1381 2772 lautioribus
1409 2745 1495 2779 epulis
1517 2744 1586 2779 gulae
1605 2744 1709 2771 deditos
1723 2744 1775 2771 sibi

988 2792 1152 2824 rnzmcipaus,
1167 2792 1260 2826 partim
1276 2791 1408 2818 blanditiis
1421 2796 1448 2818 et.
1461 2799 1508 2826 spe
1521 2790 1628 2825 majoris
1640 2790 1774 2825 dignitatis

989 2837 1028 2862 sui
1043 2836 1143 2863 similes
1159 2837 1317 2870 impostorcs
1327 2844 1341 2863 e
1357 2836 1461 2864 clericis
1475 2837 1500 2863 in
1512 2843 1573 2864 suas
1583 2841 1673 2871 partes
1685 2835 1769 2862 abdu-

988 2889 1060 2907 cens.
1077 2881 1143 2909 Istos
1154 2889 1213 2908 cum
1231 2883 1287 2909 sine
1307 2882 1422 2910 funictrlo
1435 2881 1612 2916 voluptatibus
1624 2881 1774 2915 colligasset
