2052 3113
264 178 298 205 27
907 181 1063 209 l‘AlJADll
1085 182 1254 210 Dl.\LOGliS
1865 185 1900 213 28

263 242 366 266 omnes,
381 234 460 261 veluti
474 234 597 262 seductor
605 234 710 270 quidam
722 235 835 268 daemon,
848 237 1048 271 animorumque

262 280 388 313 judicium
401 280 565 313 fasciuasset,
575 281 607 308 ad
623 281 716 308 fabula:
727 282 1051 310 ministeriuntdmutonia-

263 332 321 351 eam
346 331 484 358 personam
507 326 609 360 qumsiit
626 335 631 351 :
648 334 726 360 quam
740 327 846 361 quidem
862 328 940 354 etiam
956 334 995 355 est
1008 336 1051 355 as-

241 379 246 407 ;
264 374 400 403 sequutus.
416 369 481 397 Natu
509 378 569 397 cum
590 371 694 398 diaconi
708 372 759 399 duo
781 380 796 399 a
810 372 911 400 Joanne
927 375 1052 408 episcopo

243 411 248 451 λ
264 414 340 446 ejecti
351 420 440 442 essent
461 423 492 442 ex
509 415 627 443 Ecclesia
646 417 680 444 ob
692 419 810 445 enormia
826 419 938 451 scelera,
959 419 1052 446 horutu

246 457 307 497 :ille
324 459 430 486 levitate
454 460 561 494 abusus,
585 463 727 496 persuadet
749 468 776 490 ut
800 464 903 492 libellos
927 464 1054 492 adversus

248 511 251 540 ί
268 503 393 532 loanuem
407 505 479 538 dent,
494 507 625 540 pollicitus
653 515 700 535 eos
713 509 738 535 in
760 510 847 536 locum
863 510 1003 537 ministerii
1015 511 1055 537 sui

247 542 511 590 E'serestituturum(
531 557 587 580 erat
611 559 698 580 autem
725 562 817 582 eorum
842 556 954 589 crimen,
978 556 1056 590 hujus

267 595 373 629 quidem
393 596 562 629 adulterium,
579 599 648 626 illius
669 608 731 627 vero
759 601 948 635 homicidium)
966 611 972 628 :
987 603 1056 636 quod

269 644 294 666 et
306 641 436 674 praestitit.
456 641 520 669 Nam
540 648 601 678 post
613 645 733 671 exsiliunt
763 645 872 672 Joannis
885 653 932 673 eos
948 647 972 672 in
999 648 1055 674 loca

269 692 315 712 Sua
330 687 455 720 reposuit.
470 694 530 714 cum
546 689 647 716 scilicet
663 690 766 717 libellos
778 690 921 723 dedissem,
938 699 1004 726 quos
1015 692 1058 718 ille

271 730 325 763 ipse
338 731 492 764 dictaverat,
507 733 571 759 nihil
581 734 686 767 quidem
698 735 751 761 veri
769 736 946 769 continentes,
963 742 1058 770 prmter

271 775 320 803 hoc
333 784 424 809 unum,
440 778 511 812 quod
524 778 681 807 admouebat
708 785 736 807 ut
753 788 845 808 omnes
867 787 925 816 post
938 790 1059 809 commu-

272 822 376 848 nionem
388 830 484 857 aquam
498 829 543 851 aut
555 825 688 859 pastillum
700 826 880 861 degustarcnt,
894 835 927 855 ne
941 835 1002 854 cum
1017 835 1060 854 sa-

271 866 324 896 liva
338 870 481 903 autpituita
493 870 590 905 aliquid
602 879 617 898 e
641 872 762 906 symbolo
787 875 947 900 sacramenti
964 878 1060 908 prmter

273 914 434 942 voluntatem
445 921 602 951 exspuereut
618 925 624 943 :
640 917 710 952 quod
732 918 831 952 primus
854 919 915 953 ipso
937 918 1059 952 faciebat,

273 966 299 987 et
312 969 359 989 eos
374 963 418 996 qui
428 963 525 990 vellent
536 963 568 990 ad
585 963 739 998 religionem
759 972 789 992 ac
803 966 977 993 reverentiam
998 974 1061 993 eru-

273 1006 372 1034 diebat.
396 1008 518 1042 Acceptis
537 1009 642 1041 libellis,
658 1009 712 1036 coit
731 1010 757 1037 in
780 1011 881 1037 :cdibus
904 1010 1062 1046 Eugraphite

273 1060 333 1080 cum
347 1052 503 1087 Severiano,
519 1055 660 1088 Antiocho,
678 1056 784 1087 Acacio,
799 1062 825 1084 et
846 1057 956 1092 reliquis
968 1057 1062 1084 Joanui

274 1098 384 1126 infensis
398 1104 506 1133 propter
520 1100 654 1128 modestas
667 1101 725 1136 ejus
736 1102 940 1131 admonitiones.
957 1104 1064 1131 Solebat

273 1143 344 1172 enim
353 1144 446 1172 beatus
458 1145 502 1173 ille
514 1146 636 1181 exemplo
655 1147 728 1174 Pauli
742 1152 769 1175 et
781 1148 885 1182 publice
895 1153 922 1176 et
944 1149 1063 1184 privatim

275 1189 582 1218 honestumetdecorum
592 1191 714 1225 edocere,
726 1193 871 1227 prtescrtim
882 1194 946 1222 tales
959 1194 1065 1222 assidue

277 1235 434 1270 increpans:
448 1235 516 1270 Quid
529 1242 607 1264 :etate
619 1237 674 1272 jam
686 1245 762 1271 anus,
779 1239 859 1266 etiam
874 1246 971 1274 corpus
987 1248 1066 1275 repu-

277 1279 387 1308 bescere
401 1281 505 1316 cogitis,
517 1282 654 1310 cincinnos
668 1284 746 1311 veluti
761 1285 935 1312 meretricula:
943 1291 1066 1321 gerentes

278 1324 305 1350 in
319 1325 413 1356 fronte.
427 1328 585 1355 contumelia
600 1328 745 1356 aiﬁcientes
762 1330 842 1357 etiam
856 1330 981 1358 honestas
1005 1331 1066 1359 reli-

278 1376 390 1405 quas,et
399 1368 563 1407 dee'ipientes
575 1382 621 1401 eos
639 1375 681 1409 qui
698 1376 834 1403 vobiscum
858 1377 1011 1411 loquuntur,
1024 1377 1066 1404 id-

279 1425 330 1452 qtte
343 1418 448 1446 vidum?
466 1419 623 1455 Congregati
648 1426 734 1448 autem
757 1423 912 1456 qumrebant
933 1423 1067 1457 quomodo

277 1464 405 1499 judicium
414 1465 574 1493 ordirentur.
586 1467 658 1495 Unus
666 1475 730 1495 vero
739 1476 770 1495 ex
781 1469 811 1495 iis
821 1469 864 1504 qui
871 1469 991 1500 aderant,
1006 1477 1068 1503 sug—

279 1510 382 1543 gessit:
399 1510 493 1538 darent
517 1512 620 1539 libellos
640 1512 804 1548 imperatori,
821 1519 847 1541 ct
870 1515 999 1542 Joannem
1025 1516 1067 1543 vel

280 1556 390 1584 invitum
402 1557 435 1584 ad
462 1565 615 1586 consessum
631 1559 776 1588 traherent.
792 1560 819 1588 ld
848 1561 926 1596 igitur
940 1561 978 1594 tit,
1001 1562 1069 1590 sicut

280 1601 343 1627 olim
352 1601 421 1636 apud
431 1602 547 1635 Jud.cos,
559 1611 625 1631 auro
633 1605 720 1632 omnia
730 1612 811 1640 prona
824 1609 850 1632 et
862 1605 946 1633 facilia
956 1607 1069 1634 redden-

281 1651 316 1672 te.
332 1647 442 1674 Eramus
455 1648 628 1683 quadraginta
642 1650 758 1685 episcopi
772 1658 831 1677 cum
851 1650 953 1678 Joanne
966 1652 1069 1686 episco-

283 1700 326 1726 po,
341 1693 465 1721 sedentes
489 1694 515 1721 in
539 1695 652 1722 triclinio
681 1697 828 1731 episcopii;
849 1702 987 1731 stupentes
1003 1705 1069 1732 quo-

283 1738 361 1765 modo
373 1746 443 1776 rcus'
458 1743 485 1765 ct
495 1745 602 1774 propter
615 1740 694 1775 impia
720 1742 830 1768 crimina
846 1742 917 1769 solus
932 1742 965 1769 ad
978 1742 1069 1770 Comi-

283 1788 365 1810 tatum
380 1784 470 1811 venire
481 1785 581 1820 jussus,
603 1793 662 1813 cum
686 1790 725 1814 tot
737 1787 869 1822 episcopis
895 1787 1045 1815 advenisset
1063 1797 1068 1814 :

282 1838 335 1864 quo
347 1835 423 1864 pacto
437 1831 584 1866 principum
600 1838 626 1860 ct
647 1834 847 1867 magistratuum
864 1835 1009 1860 sententias
1023 1843 1068 1861 su-

284 1875 337 1901 hito
352 1880 551 1909 commutasset,
574 1877 706 1912 plerisque
727 1878 760 1905 de
781 1878 854 1905 clero
882 1878 907 1905 in
919 1879 994 1913 pejus
1009 1887 1070 1913 pcr-

284 1921 375 1948 vcrsis.
390 1920 521 1950 Ca‘terum
533 1923 723 1951 admirantibus
732 1925 818 1955 nobis,
835 1924 879 1951 Dei
889 1926 981 1959 spiritu
994 1925 1070 1952 allia-

283 1969 326 2005 tus
339 1966 454 1994 Joannes
463 1969 585 1995 omnibus
596 1969 663 1996 dixit
679 1978 684 1995 :
699 1969 788 2001 Orate,
800 1969 938 2002 fratres,et
952 1970 973 1997 si
993 1979 1067 1998 ama-

284 2012 318 2039 tis
329 2011 473 2044 Christum,
491 2020 568 2040 nemo
581 2014 634 2041 mei
654 2021 733 2041 causa
747 2014 892 2042 Ecclesiam
907 2023 980 2042 suam
991 2015 1071 2043 desc—

284 2061 326 2085 l'a'.
340 2065 348 2085 :
363 2057 416 2092 Ego
428 2059 493 2084 enim
503 2059 558 2093 jam
573 2058 677 2092 delibor,
687 2065 711 2086 et
723 2065 818 2094 tempus
836 2061 994 2087 resolutionis
1012 2069 1073 2088 turre

286 2103 422 2138 im!nt(2.
438 2103 503 2130 Tim.
531 2105 556 2131 4.
580 2105 596 2132 6
613 2105 716 2140 ),juxta
737 2106 845 2132 Paulum
859 2107 935 2140 cujus
956 2115 986 2133 ea
1011 2113 1073 2134 sunt

287 2147 366 2174 verba
383 2157 389 2173 :
402 2153 427 2175 et
441 2148 537 2176 multas
552 2157 694 2184 perpessus
713 2150 879 2182 atllictiones,
904 2151 982 2178 vitam
997 2157 1024 2178 ut
1037 2153 1074 2178 vi-

285 2192 335 2220 deo
350 2193 490 2221 relicturus
512 2202 580 2222 sum.
606 2195 673 2224 Novi
685 2196 756 2223 enim
783 2201 882 2224 satana:
906 2197 1026 2231 insidias,
1040 2207 1072 2225 cn

285 2240 355 2274 quod
371 2248 422 2268 non
437 2241 550 2276 amplius
569 2242 698 2269 sustineat
725 2242 826 2277 pondus
849 2251 967 2270 meorum
976 2243 1071 2271 adver-

285 2293 331 2314 sus
346 2286 430 2321 ipsum
443 2294 606 2314 sermonum.
631 2287 667 2314 Ita
691 2288 898 2315 misericordiam
923 2296 1071 2324 consequa-

285 2332 360 2359 miui.
391 2332 418 2359 In
444 2331 609 2360 orationibus
630 2333 725 2360 vestris
749 2341 879 2361 memores
901 2338 987 2361 estote
1010 2335 1071 2361 mei.

285 2378 437 2405 Incredibili
459 2379 538 2413 igitur
558 2386 674 2406 moerere
692 2381 817 2414 correpti,
848 2380 892 2407 alii
914 2381 1018 2415 quidem
1034 2380 1073 2407 la-

266 2424 484 2458 .t-tymabantur,
512 2423 557 2451 alii
590 2432 653 2452 vero
679 2425 882 2460 egrediebantur
898 2434 912 2454 e
934 2434 1072 2457 consessu.

284 2469 378 2497 oculos
392 2474 419 2496 et
429 2477 533 2497 sacrum
548 2475 627 2505 caput
651 2476 729 2506 atque
751 2471 890 2498 facundum
915 2480 946 2499 ac
967 2473 1072 2500 beatum

284 2515 342 2548 ejus
355 2522 385 2542 os
400 2514 631 2547 deosculabantur,
649 2516 673 2543 iu
693 2517 822 2552 lacrymas
843 2517 916 2545 effusi
932 2523 958 2545 et
971 2519 1070 2552 singul-

286 2567 337 2589 tus.
361 2562 497 2590 Cumvero
508 2571 555 2592 eos
576 2564 742 2592 obsecrasset
760 2565 886 2597 Joannes,
909 2571 933 2592 ut
949 2566 980 2592 ad
1008 2573 1073 2592 con-

286 2613 389 2635 sessum
414 2607 540 2640 redirent,
563 2610 612 2636 huc
638 2610 701 2637 illuc
720 2611 879 2641 volitantes,
908 2610 989 2638 veluti
1011 2617 1075 2645 apes

288 2656 356 2680 circa
381 2654 494 2681 alvearia
521 2655 726 2691 obstrepentes:
747 2656 865 2688 Sedete,
896 2656 943 2688 ait,
970 2656 1073 2685 fratres.

285 2707 309 2728 et
328 2700 392 2727 llcre
405 2700 518 2728 desinite
558 2709 589 2729 eo
611 2703 724 2737 amplius
748 2711 790 2730 me
810 2702 977 2729 emollientes
991 2710 997 2727 :
1011 2700 1076 2727 Mitti

283 2748 350 2773 enim
364 2748 443 2775 vivere
456 2748 562 2777 Christi:
583 2754 635 2780 est,
652 2755 674 2775 et
687 2750 750 2776 mori
766 2749 863 2776 lucrum
883 2748 891 2783 (
906 2747 1027 2782 Philipp.
1044 2747 1069 2773 Ι.

286 2792 315 2819 ﬁl
328 2793 348 2829 ).
365 2793 429 2821 Nam
444 2796 628 2829 percrebuerat
641 2795 712 2822 illum
728 2795 813 2821 securi
828 2801 982 2829 peronssmn
1000 2793 1030 2820 iri
1041 2793 1076 2819 ob

286 2838 392 2866 nimiam
405 2840 526 2874 loquendi
541 2840 701 2870 libertatem.
713 2840 746 2867 Et
759 2842 780 2866 si
795 2839 963 2870 meministis,
976 2846 1076 2865 memo-

288 2883 337 2911 rias
357 2890 454 2913 vestras
481 2887 604 2921 rv-plicate
626 2885 696 2921 quod
718 2893 823 2920 semper
844 2884 917 2910 vobis
939 2883 1051 2910 dixerint
1069 2893 1073 2908 :

1110 238 1158 265 Via
1171 243 1211 265 est
1226 239 1277 265 vita
1292 246 1425 273 prmsens,
1442 240 1517 273 cujus
1539 240 1595 266 Leta
1617 244 1697 274 atque
1712 240 1822 267 molesta
1839 248 1899 274 per-

1111 288 1246 311 transeunt
1257 293 1262 310 ἱ
1274 289 1301 311 et
1309 290 1440 311 mercatus
1449 290 1489 312 est
1498 292 1614 319 praesens
1624 286 1748 312 szeculum
1760 294 1767 312 ;
1776 285 1899 316 emimus,

1110 329 1286 362 vendidimus,
1299 334 1326 356 et
1340 329 1511 357 discedimus.
1525 330 1592 357 Num
1607 330 1731 358 meliores
1745 338 1839 358 sumus
1853 338 1899 365 pa-

1111 374 1243 407 triarchis,
1258 375 1405 410 prophetis,
1420 376 1557 409 apostolis,
1574 380 1600 402 .z:
1613 376 1690 403 nobis
1704 376 1754 403 hoc
1770 376 1830 402 vita:
1846 376 1896 402 im-

1111 420 1223 447 mortale
1235 421 1408 454 permaneat?
1422 421 1496 448 1'unc
1508 420 1614 455 quidam
1629 429 1661 448 ex
1676 421 1707 448 iis
1719 421 1763 456 qui
1779 420 1900 452 aderant,

1111 465 1213 499 rjulaus
1231 465 1315 492 dixit:
1329 465 1381 492 Sed
1404 466 1580 492 lamentamur
1601 465 1740 493 orbitatem
1763 470 1900 499 nostram,

1114 510 1240 537 l-Icclesize
1255 510 1408 538 viduitatem
1420 531 1428 543 ,
1452 517 1585 537 sacrarum
1610 511 1695 545 legum
1715 511 1880 538 eversionem
1894 530 1901 543 ,

1111 557 1282 583 ambitionem
1296 564 1387 583 eorum
1402 557 1445 591 qui
1460 564 1512 583 non
1528 557 1621 583 timent
1637 556 1776 582 Dotninum
1787 577 1794 588 ,
1809 560 1836 582 et
1853 556 1901 582 Ec-

1112 602 1201 629 clesia:
1221 602 1398 636 gubernacula
1427 602 1572 633 invadunt,
1593 602 1664 628 omni
1688 610 1738 636 ope
1761 602 1902 629 destitutus

1114 655 1243 682 pauperes
1254 668 1260 679 ,
1277 653 1304 675 et
1317 647 1446 675 doctrina:
1467 647 1611 682 penuriam.
1633 647 1699 673 Cum
1718 651 1806 674 autem
1821 646 1903 680 digito

1114 693 1200 720 iudice
1213 693 1326 728 palmam
1342 693 1456 720 sinistra:
1472 700 1565 720 manus
1579 693 1754 728 percussisset
1769 692 1902 726 (consue-

1113 744 1189 767 verat
1203 741 1272 767 enim
1288 739 1385 766 Christi
1402 746 1493 766 amans
1506 739 1632 771 Joannes,
1643 746 1703 765 cum
1719 742 1790 766 esset
1804 738 1904 772 cogita-

1115 785 1220 813 bundus
1235 784 1261 812 id
1276 786 1361 812 facere
1371 785 1390 819 ),
1402 792 1431 811 se
1445 784 1588 819 alloqucnti
1603 784 1639 810 ait
1652 793 1658 810 :
1673 784 1776 811 Sufﬁcit
1786 804 1793 816 ,
1811 784 1902 815 frater,

1115 840 1148 858 ne
1163 831 1236 866 plura
1253 831 1371 866 loquere,
1387 831 1431 857 sed
1446 830 1515 864 quod
1527 830 1581 857 dixi
1595 849 1602 862 ,
1615 830 1746 857 Ecclesias
1759 834 1861 857 vestras
1872 837 1905 857 ue

1115 877 1249 904 dimittite.
1262 876 1351 911 Neque
1363 877 1432 904 enim
1447 883 1461 902 a
1475 884 1517 903 me
1530 876 1626 911 incepit
1639 876 1834 910 praedicationis
1845 883 1905 902 mu-

1116 931 1176 955 nus,
1191 930 1277 956 neque
1291 922 1316 949 in
1333 930 1374 949 me
1388 922 1475 949 desiit.
1486 921 1580 948 Nonne
1595 926 1715 948 mortuus
1728 926 1769 948 est
1782 921 1906 956 Moyses?

1116 974 1142 996 et
1156 976 1207 996 non
1222 969 1343 996 inventus
1358 972 1398 995 est
1411 967 1505 994 Jesus?
1515 967 1608 994 Nonne
1619 966 1732 994 decessit
1744 966 1869 994 Samuel?
1879 971 1906 992 et

1117 1022 1169 1041 non
1185 1018 1279 1040 unctus
1292 1017 1333 1040 est
1342 1013 1440 1040 David?
1451 1012 1537 1040 Vitam
1550 1011 1655 1046 reliquit
1665 1011 1804 1044 Jeremias,
1818 1019 1907 1038 nonne

1117 1060 1217 1086 exstitit
1232 1058 1354 1086 Baruch?
1367 1058 1525 1093 Assumptus
1538 1063 1578 1085 est
1589 1058 1670 1090 Elias,
1685 1065 1774 1084 nonne
1787 1057 1906 1092 prophe-

1119 1106 1183 1132 tavit
1195 1105 1305 1132 Eliszens
1316 1105 1327 1131 ?
1339 1104 1419 1131 Paulo
1432 1108 1596 1138 amputatum
1610 1108 1651 1130 est
1663 1107 1751 1137 caput,
1766 1110 1854 1130 nonne
1865 1109 1908 1129 re-

1120 1151 1195 1185 liquit
1205 1150 1386 1181 Timotheum,
1401 1149 1500 1181 Titum,
1515 1148 1610 1183 Apollo
1620 1152 1647 1176 et
1659 1148 1725 1175 alios
1735 1148 1908 1175 innumeros?

1120 1196 1182 1223 Post
1199 1196 1256 1223 hanc
1269 1195 1359 1227 verba,
1373 1195 1506 1230 Eulysius,
1521 1194 1661 1228 episcopus
1676 1193 1799 1228 Apamcrc
1820 1193 1845 1219 in
1863 1193 1907 1219 Bi-

1121 1241 1226 1276 thynia.
1243 1241 1279 1268 ait
1292 1250 1298 1267 :
1311 1240 1425 1267 Necesse
1446 1244 1487 1266 est
1508 1246 1556 1266 nos
1573 1239 1705 1266 Ecclesias
1721 1242 1827 1265 nostras
1839 1238 1909 1265 obti-

1120 1292 1213 1314 nentes
1238 1287 1294 1321 cogi
1319 1290 1345 1313 et
1369 1285 1568 1313 communicare
1588 1289 1614 1311 et
1637 1284 1813 1312 subscribere.
1837 1284 1907 1310 Dixit

1120 1336 1226 1360 sanctus
1240 1331 1356 1359 Joannes
1369 1339 1376 1358 :
1388 1330 1589 1358 Comtnunieate
1602 1329 1719 1364 quidem,
1733 1336 1766 1356 ne
1781 1328 1909 1356 scintlatis

1122 1378 1277 1411 Ecclesiatn,
1293 1378 1339 1405 sed
1354 1377 1435 1404 nolite
1450 1376 1616 1404 subscribere
1629 1385 1634 1403 :
1650 1375 1745 1402 nullius
1759 1375 1829 1403 enim
1844 1375 1908 1402 taci-

1121 1424 1193 1450 uoris
1207 1423 1270 1450 mihi
1287 1423 1408 1450 conscius
1422 1429 1480 1448 sum
1491 1442 1498 1455 ,
1520 1425 1629 1456 propter
1643 1420 1714 1455 quod
1732 1420 1828 1454 deponi
1851 1427 1909 1447 me-

1122 1469 1230 1495 ruerim.
1251 1467 1313 1495 Haec
1333 1475 1393 1494 cum
1416 1468 1450 1493 ita
1473 1474 1532 1494 sese
1549 1466 1692 1497 haberent,
1709 1465 1857 1492 nuntiatum
1871 1470 1912 1492 cst

1122 1514 1228 1541 adstare
1239 1514 1284 1549 qui
1308 1521 1323 1541 a
1337 1512 1485 1547 Theophilo
1507 1511 1580 1538 missi
1602 1515 1701 1538 essent.
1717 1510 1795 1538 Jubet
1808 1518 1854 1537 eos
1869 1511 1911 1536 iu-

1123 1561 1218 1592 troire,
1243 1560 1378 1594 ingressos
1400 1558 1561 1591 interrogat,
1584 1557 1660 1591 cujus
1683 1555 1780 1590 gradus
1801 1560 1909 1582 essent:

1122 1606 1228 1638 dicunt,
1243 1605 1376 1639 Episcopi.
1394 1604 1438 1630 llic
1453 1607 1510 1630 orat
1528 1602 1637 1629 sedeant
1649 1623 1655 1633 ,
1679 1605 1706 1628 et
1727 1601 1815 1628 dicant.
1837 1601 1912 1634 (ujns

1123 1658 1201 1678 eattsa
1212 1650 1308 1677 adsint.
1321 1650 1359 1676 llli
1371 1654 1458 1676 autem
1469 1648 1576 1675 dicunt:
1589 1647 1641 1674 Has
1652 1646 1818 1674 solummodo
1832 1646 1912 1673 sche-

1123 1697 1198 1724 dnlas
1210 1696 1334 1730 legendas
1347 1695 1475 1721 habemus
1486 1703 1491 1720 :
1502 1693 1593 1728 jubetc
1602 1693 1681 1728 igitur
1691 1693 1749 1719 illas
1763 1692 1822 1727 legi.
1834 1692 1914 1719 Juhet

1124 1741 1240 1768 Joannes
1254 1740 1396 1775 legi.’Tum
1419 1740 1460 1766 isti
1483 1739 1615 1773 imperant
1628 1737 1768 1772 Theophili
1788 1745 1870 1771 puero
1885 1742 1914 1764 ut

1124 1787 1221 1814 dictata
1237 1787 1279 1813 illa
1294 1787 1394 1821 legeret
1408 1794 1414 1813 :
1430 1791 1455 1812 et
1472 1785 1544 1819 legit.
1557 1785 1656 1811 Textus
1671 1788 1759 1811 autem
1773 1789 1830 1811 erat
1843 1784 1914 1818 ejus-

1125 1833 1195 1860 modi
1210 1842 1216 1860 :
1232 1833 1325 1860 Sanrta
1341 1833 1459 1867 Synodus
1472 1832 1505 1857 ad
1520 1831 1644 1863 Quartum
1657 1835 1807 1865 congregata
1821 1830 1914 1863 (locus

1125 1884 1166 1906 cst
1178 1880 1216 1906 sic
1229 1879 1314 1906 dictus
1326 1883 1398 1905 trans
1414 1885 1497 1910 mare,
1511 1877 1598 1903 Ruﬁni
1613 1876 1804 1908 suburbanum,
1821 1878 1846 1901 in
1861 1883 1914 1910 quo

1126 1931 1202 1952 erant
1215 1924 1366 1959 congregati
1380 1924 1388 1958 )
1407 1923 1504 1950 Jomtni
1523 1922 1699 1958 (omittebant
1714 1921 1737 1948 id
1760 1921 1829 1956 quod
1846 1925 1914 1953 erat,

1126 1970 1263 2005 Episcopo.
1284 1970 1356 1997 Solet
1378 1969 1449 1997 enim
1471 1968 1554 1996 ferme
1575 1969 1725 1995 oho:ceatus
1744 1967 1847 1994 animus
1863 1975 1914 1993 non

1126 2020 1198 2043 recte
1211 2023 1331 2047 cernrrc,
1346 2015 1391 2042 sed
1405 2022 1436 2042 ea
1449 2014 1499 2041 sibi
1514 2014 1649 2048 imaginari
1662 2021 1721 2048 qua:
1735 2013 1845 2039 allectus
1865 2013 1913 2046 ipsi

1127 2061 1241 2096 suggerit
1251 2062 1270 2095 ).
1284 2060 1391 2087 Libellos
1410 2060 1550 2094 accepimus
1563 2059 1682 2086 adversus
1697 2062 1735 2089 te,
1751 2058 1852 2091 inﬁnita
1867 2057 1917 2083 cri—

1127 2108 1195 2134 mina
1209 2108 1370 2134 continentes.
1388 2106 1478 2132 Adesto
1492 2105 1578 2140 igitur,
1595 2109 1674 2131 tecum
1688 2103 1815 2130 adducens
1837 2102 1917 2129 Sara-

1128 2155 1226 2189 pionem
1239 2159 1262 2181 et
1277 2154 1387 2190 Tigritun
1399 2153 1554 2187 presbytero:
1563 2160 1572 2177 ι
1581 2152 1611 2178 iis
1623 2151 1688 2178 enim
1700 2159 1764 2185 opus
1775 2154 1821 2178 est.
1834 2150 1916 2176 Erant

1128 2204 1215 2226 autem
1228 2199 1271 2233 qui
1285 2199 1316 2225 ad
1333 2206 1392 2225 eum
1409 2201 1546 2228 venerant,
1561 2196 1702 2223 Dioscorus
1713 2200 1739 2222 et
1752 2195 1859 2226 Paulus,
1872 2197 1916 2228 qui

1128 2251 1212 2278 nuper
1223 2244 1248 2270 in
1261 2242 1342 2277 Libya
1356 2242 1469 2269 Ordinati
1485 2241 1599 2273 fuerant,
1611 2241 1730 2275 juvenes.
1746 2240 1832 2267 Lectis
1844 2233 1932 2278 char-E

1128 2289 1189 2316 tulis
1200 2309 1207 2322 ,
1227 2289 1270 2324 qui
1292 2296 1350 2315 cmn
1367 2288 1445 2315 beato
1459 2287 1561 2314 Joanne
1575 2290 1651 2313 erant
1665 2286 1781 2320 episcopi
1791 2305 1798 2317 ,
1811 2289 1918 2311 contra-

1129 2335 1236 2366 dicunt,
1251 2334 1438 2360 denuntiantes
1450 2332 1599 2366 Theophila
1617 2339 1664 2366 per
1685 2336 1739 2358 tres
1761 2331 1917 2364 episcopos,

1130 2380 1285 2414 Lupicinum
1296 2400 1303 2411 ,
1320 2379 1482 2406 Demetrium
1497 2382 1523 2404 et
1539 2378 1675 2413 Enlysium
1686 2397 1692 2409 ,
1711 2382 1736 2404 et
1752 2376 1919 2410 presbyteros

1129 2426 1206 2457 duos,
1222 2424 1383 2452 Germanum
1399 2428 1479 2458 atque
1493 2423 1634 2455 Severum,
1652 2430 1746 2449 omnes
1760 2422 1865 2456 quidem
1883 2421 1919 2447 vi-

1130 2478 1174 2498 ros
1189 2474 1294 2497 sanctos
1307 2474 1333 2496 et
1347 2469 1398 2496 lide
1410 2469 1504 2504 dignos
1517 2478 1523 2495 :
1535 2468 1594 2496 Noli
1610 2475 1652 2495 res
1670 2468 1796 2495 Ecclesia:
1808 2467 1918 2493 subver-

1131 2521 1186 2542 tere
1199 2535 1205 2545 ,
1230 2521 1279 2541 nec
1302 2514 1445 2541 Ecclesium
1461 2513 1552 2540 scinde
1570 2517 1679 2548 propter
1700 2519 1778 2547 qualn
1801 2512 1869 2538 Deus
1895 2513 1919 2538 in

1129 2568 1238 2588 carnem
1255 2560 1402 2587 descendit.
1421 2559 1448 2587 Si
1469 2565 1556 2587 autetn
1578 2559 1726 2586 inordinate
1739 2558 1860 2586 Nicamos
1876 2565 1920 2584 ca.

1132 2615 1215 2634 nones
1228 2607 1360 2634 suhvcrtis
1374 2611 1551 2634 trecentorum
1564 2606 1656 2633 decem
1671 2611 1697 2632 ct
1708 2609 1769 2632 octo
1783 2606 1920 2640 episcopo-

1131 2660 1189 2681 rum
1201 2674 1207 2685 ,
1231 2657 1257 2679 et
1276 2657 1350 2679 extra
1373 2653 1472 2679 limites
1486 2652 1558 2678 litem
1580 2651 1703 2686 judicas:
1720 2656 1745 2677 tu
1763 2650 1875 2677 transito
1889 2649 1921 2675 ad

1132 2705 1180 2725 nos
1193 2698 1218 2724 in
1232 2697 1322 2724 urbem
1336 2698 1443 2732 optimis
1458 2697 1559 2731 legibus
1576 2697 1709 2723 fundatam
1723 2717 1729 2727 ,
1745 2703 1798 2722 non
1820 2701 1916 2729 provo-

1132 2751 1195 2770 cans
1211 2750 1284 2770 more
1299 2742 1372 2769 Cziini
1388 2743 1496 2770 Abelem
1514 2743 1539 2768 in
1555 2749 1688 2775 campum,
1704 2745 1731 2767 nt
1745 2747 1792 2766 nos
1808 2745 1833 2766 te
1849 2739 1920 2773 prius

1132 2789 1279 2816 audiamus.
1292 2789 1425 2816 Habemus
1436 2788 1506 2814 enim
1519 2787 1646 2813 adversus
1660 2792 1685 2813 te
1702 2786 1804 2812 libellos
1815 2788 1922 2819 septua-

1133 2838 1204 2871 ginta
1231 2836 1364 2871 capitum,
1392 2834 1531 2861 manifesta
1556 2833 1656 2867 piacula
1685 2833 1873 2859 contiueutGS'
1895 2834 1922 2855 et

1137 2885 1222 2918 plures
1237 2890 1327 2909 sumus
1343 2889 1418 2915 quam
1435 2885 1476 2905 tua
1491 2878 1632 2913 Synoilus',
1648 2878 1692 2903 Dei
1708 2878 1790 2910 gratia
1811 2881 1921 2909 congre-
