2052 3113
173 157 205 183 29
656 158 699 185 DE
718 157 796 186 V‘ITA
819 157 847 184 s.
867 156 1008 185 JOANNIS
1025 157 1269 189 etinvsosroai.
1781 174 1813 200 50

173 215 223 248 gati
249 221 300 240 non
323 213 356 240 ad
373 215 545 242 eversionem
561 215 707 246 Ecclesizc,
729 215 774 242 scd
792 216 817 242 in
839 223 913 250 pace.
931 215 970 242 Tit

173 259 241 285 enim
256 259 410 286 tricesimus
437 265 530 287 sextus
547 268 577 287 es
597 268 629 286 ex
649 261 725 287 unica
746 261 896 295 provincia;
922 268 970 286 nos

173 313 233 331 vitro
248 313 341 332 smnus
354 306 535 341 quadraginta
556 315 571 334 e
586 308 700 334 diversis
721 307 864 341 provinciis
876 328 883 339 ,
901 308 970 334 inter

171 359 234 386 quos
249 358 343 378 sumus
356 353 439 379 etiam
456 358 558 387 septeni
572 353 746 387 Metropolim
760 362 765 379 :
778 358 805 380 et
825 358 968 381 consenta-

172 406 248 425 neum
269 403 311 425 est
332 403 360 425 ut
384 400 475 427 minor
493 407 621 427 numerus
636 407 651 426 ει
665 400 759 434 majori
775 404 855 434 atque
872 401 967 435 potiori

171 444 316 471 secundum
329 452 448 472 canones
462 445 607 480 judicetur.
634 445 768 473 Ilabeinus
783 447 854 473 enim
868 451 894 473 et
909 447 967 481 cpi-

169 489 265 516 stolam
280 494 363 521 tuam.
379 498 429 526 per
444 499 523 526 quam
540 499 633 518 mones
646 491 834 526 coepiscopum
847 497 966 518 nostrum

168 536 300 564 Joannem
322 538 520 565 accusationem
537 543 609 565 extra
630 538 728 565 limites
743 546 794 566 non
809 539 907 566 debere
920 539 966 565 ad.

170 582 286 616 mittere,
303 582 380 610 Unde
403 583 507 618 legibus
527 584 715 611 ecclesiasticis
731 591 843 619 parens,
858 591 967 611 accusa—

170 635 239 656 iores
255 633 317 656 tuos
332 637 378 656 ora
390 651 397 663 ,
416 635 445 657 ut
457 631 491 657 ab
506 630 656 658 accusando
671 635 696 658 te
710 631 856 663 desistant,
873 635 919 657 aut
933 631 966 657 ab

169 683 277 702 accessu
299 682 323 704 et
348 676 469 712 perfugio
483 677 515 704 ad
533 677 673 705 Joannem.
695 677 735 704 Ad
754 677 810 704 lucc
829 682 965 712 permotus

168 722 301 754 Joannes,
324 723 459 757 episcopis
483 723 588 758 quidem
613 731 719 750 suarum
741 723 855 758 partium
878 723 963 750 dixit:

171 768 239 800 \‘os,
263 768 334 803 quod
358 769 435 796 vobis
450 769 565 802 videtur,
591 769 739 804 signiﬁcate
752 779 759 796 :
773 774 898 796 caeterum
923 778 965 797 inc

168 819 273 848 oportet
287 814 319 840 atl
331 822 361 841 ea
375 823 436 849 qua:
449 815 512 842 mihi
527 815 614 842 delata
628 819 691 842 sunt
704 816 861 842 rescribere.
877 816 964 843 Theo-

170 861 230 895 phili
243 866 331 887 autem
344 862 460 896 partium
473 862 606 897 episcopis
620 862 677 889 liice
690 862 827 897 rescripsit
842 871 848 889 :
865 863 919 896 Ego
930 871 963 889 an

168 907 226 941 quis
239 911 332 933 contra
348 915 390 933 ine
407 907 550 936 dicendum
572 907 672 942 aliquid
697 907 792 934 habeat
806 929 813 941 ,
836 907 963 934 hactenus

169 953 279 979 omnino
296 953 401 979 nescius
415 961 475 984 sum
489 962 495 980 :
508 953 529 980 si
546 953 604 988 quis
618 961 681 981 vero
694 953 821 981 adversus
833 961 875 980 me
887 953 963 980 dixe-

170 1000 211 1031 rit,
225 1005 250 1026 et
266 999 362 1026 adesse
376 1007 419 1026 me
437 1000 527 1032 vultis,
549 1000 704 1027 manifestos
725 1000 847 1027 inimicos
871 1008 960 1032 meus,

169 1046 211 1079 qui
228 1053 258 1072 ex
275 1053 321 1072 sna
336 1046 499 1080 negligentia
514 1054 573 1080 erga
586 1054 629 1073 me
641 1046 710 1072 male
724 1046 830 1072 animati
845 1051 915 1077 sunt,
929 1054 961 1072 ex

168 1099 299 1119 cuuvculn
315 1097 404 1120 vestro
425 1093 523 1127 ejicite.
539 1093 630 1128 Neque
645 1093 678 1120 de
692 1093 752 1120 loco
768 1092 900 1119 contendo
911 1114 917 1124 ι
935 1093 960 1119 in

168 1138 358 1172 qltujtidicittm
373 1138 464 1165 subire
480 1146 523 1165 me
537 1143 659 1173 oportet,
676 1138 726 1166 etsi
750 1137 776 1165 id
799 1138 913 1165 maxime
935 1138 960 1165 in

168 1184 272 1210 civitate
290 1183 345 1210 fieri
357 1185 486 1218 oportuit.
499 1184 566 1211 Sunt
580 1189 668 1211 autem
680 1191 746 1219 quos
758 1184 860 1218 rejieio.
874 1183 962 1210 Theo-

169 1229 273 1262 phillis,
291 1237 370 1264 quem
393 1230 502 1256 revinco
523 1230 623 1257 dixisse
643 1234 671 1256 et
691 1229 860 1256 Alexaiidrizo
882 1234 909 1256 et
934 1230 959 1256 in

168 1276 244 1311 Lycia
257 1284 263 1302 :
277 1275 303 1302 In
319 1275 474 1302 comitatum
496 1275 658 1310 proficiscor,
682 1279 710 1301 nt
731 1274 859 1301 Joannem
879 1274 961 1309 depo-

167 1330 237 1348 nam.
250 1321 275 1348 Id
287 1326 377 1348 autem
390 1329 481 1348 verum
495 1326 534 1348 est
548 1330 582 1348 ex
595 1329 627 1348 eo
636 1321 704 1356 quod
721 1325 858 1356 post-piam
870 1329 960 1349 acces-

166 1367 208 1400 sit,
225 1375 309 1400 neque
325 1375 367 1394 uie
382 1367 535 1402 alloqiiutns
550 1372 605 1398 est,
623 1375 709 1402 neque
723 1374 826 1393 mecum
840 1374 960 1393 cominus

165 1413 269 1439 itiavil.
282 1412 330 1445 Qui
343 1413 422 1448 igitur
433 1417 494 1439 ante
507 1412 668 1439 auditionem
681 1411 812 1438 hostiliter
825 1419 853 1438 se
864 1412 956 1446 gessit,

164 1459 223 1494 quid
240 1464 299 1494 post
317 1459 447 1494 judicium
472 1459 588 1486 liictnrns
610 1459 668 1486 est?
690 1459 820 1486 Similiter
839 1463 866 1485 et
887 1459 958 1486 Aca-

164 1508 230 1532 cium
244 1514 371 1540 coargno,
387 1506 431 1540 qui
446 1506 543 1533 dixerit
559 1515 564 1532 :
582 1505 639 1540 Ego
651 1506 687 1532 illi
703 1506 782 1532 ollam
802 1506 907 1533 condio.
922 1506 958 1533 De

164 1552 304 1577 Severiano
319 1556 344 1578 et
361 1552 493 1578 Antiocho
504 1551 565 1586 qtiid
578 1553 671 1579 attinet
687 1551 786 1584 dicere,
805 1560 871 1586 quos
880 1552 958 1578 citius

162 1598 274 1632 excipiet
295 1597 383 1624 divina
398 1597 498 1632 justitia
510 1619 516 1630 ,
531 1605 644 1632 quorum
667 1599 824 1625 temerarios
847 1603 957 1625 conatus

163 1643 239 1669 etiam
253 1643 392 1670 smcularia
407 1643 507 1670 theatra
519 1644 633 1670 canunt?
644 1643 723 1678 Igitur
730 1644 752 1671 si
761 1651 853 1671 revera
864 1644 957 1671 adesse

163 1698 204 1716 ine
217 1690 295 1716 vultis
305 1710 313 1722 ,
326 1697 419 1724 qumso
434 1698 481 1717 eos
495 1695 624 1724 quatuor,
640 1690 662 1716 si
676 1689 783 1724 quidem
798 1694 826 1716 ut
836 1689 955 1724 judices,

161 1744 191 1762 ev
205 1745 332 1763 consessu
343 1737 432 1771 cjicite
444 1745 451 1769 ;
465 1737 504 1763 sin
520 1742 547 1763 ut
557 1741 735 1768 accusatores,
748 1737 848 1771 judicio
860 1736 954 1768 sistite,

161 1786 187 1808 ut
202 1782 283 1808 sciam
298 1781 435 1816 quomodo
449 1789 490 1808 ine
502 1781 534 1808 ad
550 1786 684 1809 certamen
702 1782 829 1808 instruam
843 1803 849 1814 ,
871 1789 903 1807 an
929 1785 957 1807 ut.

160 1833 250 1855 contra
267 1828 438 1855 adversarios
448 1849 455 1861 ,
470 1836 503 1854 an
518 1833 546 1855 ut
560 1833 652 1855 contra
670 1828 773 1863 judices
787 1837 793 1854 :
809 1833 834 1854 et
847 1829 955 1855 omnino

161 1875 262 1900 veniam
285 1882 338 1901 non
364 1875 451 1901 solum
472 1874 505 1900 ad
528 1878 644 1901 vestram
658 1875 808 1907 caritatem,
821 1874 866 1901 sed
882 1879 908 1901 et
922 1874 954 1901 ad

159 1921 280 1954 quamvis
299 1920 374 1947 orbis
395 1925 526 1947 terrarum
547 1920 688 1956 synodum.
710 1920 808 1947 Scitote
824 1928 887 1954 ergo
900 1941 907 1952 ,
931 1920 953 1946 si

160 1966 246 1993 decies
263 1966 359 1993 millies
379 1966 412 1993 ad
427 1974 469 1994 uie
485 1966 609 1993 miseritis
620 1988 627 2000 ,
651 1966 716 1993 nihil
735 1967 850 2001 amplius
866 1974 897 1993 ex
913 1974 954 1993 ine

161 2020 206 2039 vos
225 2011 374 2039 audituros.
401 2012 454 2039 Illis
476 2013 607 2047 egressis,
630 2012 702 2039 venit
722 2013 811 2039 statim
832 2012 955 2039 Notarius

161 2058 260 2085 habens
274 2059 435 2092 rescriptum
451 2058 632 2092 Imperatoris,
648 2058 690 2084 cui
706 2058 804 2085 inserta
816 2062 874 2085 erat
889 2065 954 2092 sup-

162 2105 266 2139 plicatio
276 2104 464 2139 episcoporum
478 2105 622 2140 petentium
634 2110 662 2131 ut
675 2104 791 2131 Joannes
808 2104 907 2131 invitus
920 2104 953 2130 ad

160 2150 285 2185 judicium
309 2150 461 2183 sisteretur,
485 2158 599 2184 cumque
625 2149 657 2176 ad
680 2149 809 2184 judicium
834 2149 953 2184 urgebat.

162 2195 221 2222 I‘ost
236 2194 334 2222 factum
354 2195 459 2223 notario
474 2202 641 2229 responsum,
658 2194 815 2229 prodierunt
829 2193 882 2220 duo
896 2201 956 2228 prc-

161 2242 257 2277 shvteri
285 2241 414 2273 Joannis,
441 2241 576 2276 Eugenius
600 2240 726 2275 quidam,
751 2240 795 2275 qtii
818 2239 954 2266 Heraclea:

162 2290 342 2324 epi~copatum
362 2287 570 2320 conspirationis
585 2286 736 2313 mercedem
752 2290 892 2320 acceperat
904 2306 911 2317 ,
929 2290 956 2312 rt

162 2337 276 2363 Isaacius
291 2334 439 2362 monachus
450 2355 456 2367 ,
474 2342 508 2361 ne
521 2333 584 2368 quid
603 2333 674 2360 aliud
694 2332 780 2359 dicain
792 2353 799 2365 ,
815 2332 934 2359 dicentes
947 2341 953 2358 :

162 2382 272 2417 Scripsit
288 2382 336 2409 tibi
349 2381 474 2418 Syiiodns
490 2390 495 2407 :
511 2380 606 2406 Transi
622 2380 653 2406 ad
667 2387 725 2411 nos,
743 2384 772 2406 ut
785 2378 890 2413 objecta
903 2379 955 2405 eri.

161 2429 230 2456 mina
242 2428 340 2455 diluas.
352 2427 392 2454 Ad
406 2427 464 2453 hare
477 2426 594 2453 Joannes
611 2433 657 2459 per
676 2425 742 2452 alios
758 2425 897 2460 episcopos
911 2433 954 2451 re-

162 2474 435 2508 nuntiavitthiunani
445 2472 549 2499 tandem
559 2472 652 2499 ordine
665 2472 799 2506 judieatis,
814 2471 857 2506 qui
870 2479 955 2505 neque

163 2521 282 2548 inimicos
305 2527 379 2547 meos
400 2520 550 2554 cjeceritis,
572 2524 599 2546 et
623 2527 665 2546 me
689 2527 735 2553 per
750 2519 861 2545 clericos
881 2526 955 2545 meos

161 2565 321 2594 accersatis?
336 2565 375 2592 Illi
392 2570 481 2592 autem
498 2565 612 2598 arreptis
631 2564 780 2598 episcopis,
796 2563 877 2590 alium
892 2571 954 2590 ver-

163 2612 270 2640 beribus
293 2611 458 2644 aﬂ‘ecerunt,
484 2611 594 2637 alterius
615 2614 703 2637 vestes
732 2614 953 2644 concerpserunt,

162 2659 236 2686 alteri
246 2658 346 2686 ferreas
353 2662 463 2685 catenas
473 2657 542 2684 collo
553 2657 775 2690 circnmposuere,
788 2663 854 2691 quas
864 2659 956 2683 sancto

163 2705 255 2732 Joanni
269 2709 449 2740 paraverant,
468 2708 497 2729 nt
515 2703 553 2730 sic
567 2703 705 2737 conjectus
723 2702 748 2728 in
765 2702 913 2729 naviculam
929 2709 955 2728 in

163 2751 279 2784 ignotum
304 2751 393 2778 locum
417 2749 619 2781 amandaretur,
645 2748 766 2775 dmmonc
793 2748 850 2775 illos
877 2747 955 2774 veluti

166 2796 255 2823 leones
266 2796 406 2823 cll'erantc.
421 2795 456 2821 Et
470 2795 561 2821 beatus
573 2794 680 2828 quidem
691 2793 797 2827 cognito
811 2792 955 2827 impudenti

165 2850 253 2869 eorum
275 2841 390 2869 consilio
413 2841 529 2874 seipsum
551 2839 678 2867 cohibuit.
699 2838 737 2866 Illi
754 2846 816 2865 vero
835 2837 955 2872 generosi

166 2887 274 2919 scilicet,
288 2885 420 2914 confectis
435 2886 501 2912 ilicis
515 2893 591 2911 causa
608 2884 682 2917 actis,
700 2892 802 2910 manem
816 2884 865 2910 tela
879 2883 952 2909 infir-

1026 216 1165 250 inioribns,
1181 219 1326 249 decernunt
1338 222 1465 251 adversus
1477 224 1616 261 Joannem,
1627 229 1701 264 cujus
1715 232 1812 260 vultum

1024 270 1057 289 ne
1072 263 1192 292 viderant
1207 266 1323 301 quidem,
1340 275 1424 303 neque
1439 277 1530 297 vocem
1543 263 1696 301 audiverant
1707 297 1714 307 ,
1736 277 1812 312 longo

1024 314 1145 343 tempore
1167 318 1317 340 contextam
1345 315 1472 342 malitiam
1495 325 1546 344 uno
1572 319 1614 346 die
1642 322 1812 350 terminautea

1026 354 1197 388 (dmmoniaca
1213 359 1283 385 enim
1308 359 1416 387 audacia
1432 362 1551 391 cohiberi
1572 373 1623 392 non
1645 371 1746 400 potest,
1764 376 1811 395 nec

1026 401 1165 428 consilium
1176 403 1312 438 admittit).
1325 405 1445 433 Etmissa
1460 409 1492 435 ad
1505 409 1692 444 Imperatorem
1706 413 1810 441 relatio-

1021 453 1063 479 ne,
1079 446 1118 473 sic
1131 448 1185 474 orsi
1198 453 1260 475 sunt
1274 458 1280 476 :
1294 450 1421 483 Quoniam
1432 455 1604 488 quorumdam
1616 457 1753 485 criminum
1767 469 1810 487 ιιι-α

1023 495 1131 518 cnsatus
1144 492 1261 521 Joannes
1276 500 1302 522 et
1314 496 1363 523 sibi
1379 499 1510 531 conscius,
1524 501 1606 528 noluit
1619 503 1723 537 adesse,
1740 505 1808 540 leges

1021 536 1099 562 talem
1123 537 1257 572 deponunt
1272 549 1277 565 :
1293 542 1363 575 quod
1386 548 1412 569 et
1434 544 1489 577 ipse
1504 545 1592 573 subiit.
1608 547 1699 576 Libelli
1717 536 1808 578 autem

1019 582 1097 608 etiam
1116 583 1185 610 I;es:e
1198 585 1343 619 majestatis
1358 588 1458 615 crimen
1472 590 1617 618 continent.
1632 593 1738 622 Jubebit
1759 596 1808 630 igi-

1020 632 1062 652 tur
1073 627 1158 655 I’ietas
1174 635 1259 656 vestra
1271 639 1330 658 eum
1344 633 1386 659 vel
1399 633 1507 661 invitum
1518 636 1587 670 ejici,
1599 643 1624 664 et
1636 647 1728 673 poenas
1739 627 1808 668 Iesu:

1019 673 1167 706 inajcstatis
1182 675 1262 708 dare;
1278 677 1490 712 quandoquidem
1505 681 1529 706 in
1545 682 1600 708 luec
1615 683 1746 717 inquirere
1762 694 1807 712 ιιυς

1018 717 1059 744 bis
1073 726 1123 745 nou
1141 719 1211 746 licet.
1224 721 1245 747 Ο
1257 725 1297 748 ter
1310 722 1416 749 miseri!
1429 731 1488 758 quze
1501 726 1622 760 cogitatis
1635 733 1661 754 et
1676 728 1768 762 facitis,
1777 739 1807 758 ea

1018 771 1064 790 vos
1079 765 1158 798 pudet
1171 767 1290 801 exsequi,
1308 776 1360 795 non
1374 769 1465 802 Deum,
1482 771 1529 798 scd
1544 772 1662 800 homines
1675 776 1749 802 veriti
1763 783 1806 804 aut

1018 811 1247 844 pertiiucscentes.
1264 813 1327 841 Erat
1347 815 1446 842 crimen
1468 817 1538 844 laesa:
1556 819 1699 853 inajcstatis
1719 822 1801 848 convi-

1016 856 1085 882 cium
1102 857 1126 883 in
1143 858 1298 892 Augustam.
1311 865 1339 886 ut
1355 860 1403 895 ipsi
1418 862 1582 893 retulerunt.
1599 864 1668 898 quod
1682 873 1738 892 eam
1759 874 1806 893 vo-

1016 908 1103 930 cassct
1117 903 1232 932 Iezabel.
1252 905 1283 932 Et
1300 906 1335 932 illi
1350 907 1454 941 quidem
1476 909 1610 936 mirabiles
1632 911 1697 943 viri,
1721 912 1804 946 ipsum

1015 949 1102 983 gladio
1124 955 1272 978 truncatum
1294 953 1430 987 cupientes
1451 953 1558 987 videre,
1582 956 1619 982 sic
1641 957 1804 984 retulerunt:

1015 1003 1107 1022 verum
1121 997 1190 1024 Deus
1208 998 1389 1025 absconditam
1409 1007 1500 1026 eorum
1523 1001 1648 1028 malitiam
1665 1002 1802 1036 patefecit,

1015 1046 1040 1068 et
1057 1042 1203 1077 principum
1217 1051 1264 1070 cor
1276 1044 1402 1071 emollivit
1415 1054 1421 1071 :
1436 1049 1464 1072 ut
1480 1045 1577 1073 Danieli
1593 1047 1725 1083 Babylone
1737 1056 1802 1075 eon-

1016 1088 1082 1123 tigii.
1100 1088 1154 1116 Illic
1168 1090 1238 1116 enini
1251 1090 1342 1118 leones
1353 1090 1459 1117 cicurati
1475 1097 1546 1125 sunt,
1560 1099 1697 1127 parcentes
1711 1095 1802 1122 Danie-

1015 1133 1047 1164 li;
1064 1133 1185 1161 homines
1200 1140 1288 1162 autem
1301 1135 1400 1163 elTerati
1412 1157 1418 1168 ,
1432 1144 1483 1163 non
1497 1142 1634 1172 parcentes
1649 1139 1785 1173 propheta:
1795 1149 1801 1154 -

1013 1183 1039 1205 ct
1054 1180 1154 1213 pudore
1168 1181 1254 1208 allecit
1272 1181 1339 1208 Deus
1356 1181 1475 1210 homines
1492 1189 1586 1217 praeter
1600 1189 1720 1211 naturain
1740 1185 1806 1213 clle-

1014 1231 1096 1257 ratos,
1113 1234 1158 1259 per
1173 1226 1296 1253 animalia
1311 1233 1406 1260 praeter
1420 1233 1538 1254 naturain
1553 1229 1677 1256 cictirata.

1048 1271 1111 1298 Car.
1130 1279 1166 1298 iv.
1183 1287 1218 1291 —
1240 1271 1282 1298 Sic
1300 1272 1333 1298 ab
1349 1272 1467 1299 Ecclesia
1482 1273 1608 1307 expulsus
1621 1279 1662 1302 est
1675 1275 1799 1310 Joannes,

1014 1317 1096 1343 misso
1111 1318 1144 1344 ad
1159 1318 1183 1344 id
1197 1318 1302 1346 Comite
1317 1326 1377 1344 cum
1403 1319 1508 1346 militari
1526 1328 1606 1347 inanu
1620 1341 1627 1353 ,
1652 1329 1705 1348 non
1724 1329 1800 1350 secus

1012 1370 1043 1389 ac
1063 1363 1096 1390 ad
1119 1365 1238 1398 praelium
1255 1364 1381 1391 adversus
1404 1365 1541 1393 barbaros.
1564 1366 1670 1401 Ejectus
1687 1369 1759 1395 venit
1773 1369 1798 1396 in

1013 1409 1138 1443 praediola
1151 1411 1184 1438 ad
1199 1411 1349 1439 Pra'ntituiu
1362 1410 1501 1446 Bithynim.
1526 1412 1583 1438 Una
1600 1421 1661 1440 vero
1681 1413 1738 1442 dies
1758 1414 1798 1440 iii-

1010 1455 1176 1485 tercesserat,
1191 1461 1250 1479 cum
1268 1455 1370 1488 plagam
1386 1456 1527 1489 quamdam
1543 1457 1568 1483 in
1584 1458 1657 1492 regio
1672 1459 1795 1486 cubiculo

1007 1497 1064 1524 ﬁeri
1080 1499 1198 1533 contigit.
1220 1499 1259 1526 Eo
1282 1501 1412 1534 perterriti
1436 1509 1533 1535 paucos
1556 1508 1613 1536 post
1635 1504 1691 1531 dies
1710 1505 1792 1532 Joan-

1007 1549 1067 1569 nem
1083 1548 1208 1570 revocant
1221 1552 1268 1578 per
1281 1544 1455 1573 domesticum
1465 1548 1608 1580 notarium,
1622 1557 1735 1584 eumque
1744 1558 1792 1578 suo

1007 1587 1102 1618 throno
1128 1589 1308 1617 reddiderunt.
1336 1590 1372 1617 Ita
1389 1592 1551 1627 Theophilus
1575 1602 1634 1622 cum
1661 1595 1791 1631 (Egyptiis

1009 1639 1065 1666 suis
1077 1639 1135 1674 fuga
1149 1639 1259 1667 salutem
1273 1643 1367 1675 qtimrit
1379 1652 1384 1669 :
1395 1644 1466 1671 cives
1478 1645 1547 1671 cnini
1557 1653 1617 1672 euin
1631 1648 1792 1681 quarreliaiiz,

1010 1690 1038 1711 ut
1063 1686 1087 1711 in
1113 1693 1185 1712 mare
1205 1685 1403 1722 demerge-rent.
1431 1689 1494 1716 Post
1515 1690 1580 1717 duos
1596 1700 1795 1720 niensescuina

1010 1732 1084 1766 plaga
1099 1733 1228 1759 tantillum
1245 1736 1438 1769 respirasscnt,
1463 1737 1550 1764 denuo
1571 1739 1697 1766 ﬂtl\'t'l':ll$
1717 1740 1796 1768 Joan-

1010 1786 1069 1804 ncni
1087 1778 1202 1806 I'reniuiit
1215 1789 1220 1805 ε
1235 1788 1283 1807 nec
1295 1781 1421 1809 habentes
1429 1783 1496 1810 unde
1507 1785 1625 1818 speciose
1635 1786 1795 1821 ordirentur,

1009 1824 1116 1851 mittunt
1129 1825 1355 1854 Alexandriainad
1368 1828 1457 1855 talium
1469 1829 1596 1857 artiliccni
1609 1831 1794 1866 Theophilum,

1009 1872 1156 1898 scribentes
1173 1882 1178 1898 τ
1194 1873 1246 1898 Aut
1269 1881 1362 1901 rursus
1383 1882 1492 1903 accurre
1514 1876 1641 1903 adversus
1664 1877 1794 1906 Joannem

1008 1916 1060 1944 (Iuv
1076 1918 1194 1949 futurus;
1216 1923 1278 1951 aut,
1299 1920 1320 1946 si
1336 1920 1439 1953 plebem
1461 1921 1632 1954 reformidas,
1650 1924 1725 1950 nobis
1740 1933 1795 1950 ino-

1008 1962 1069 1989 diiiii
1090 1963 1231 1998 quemdam
1254 1972 1380 1999 suggere,
1403 1966 1471 1993 unde
1488 1974 1623 1994 sumamus
1646 1969 1793 1996 exordium.

1008 2008 1048 2034 Ad
1066 2008 1123 2035 hare
1137 2008 1300 2043 Theophilus
1320 2009 1375 2044 ipse
1389 2011 1494 2045 quidem
1510 2020 1561 2038 non
1578 2013 1664 2046 venit,
1690 2021 1791 2041 memor

1008 2054 1143 2088 quomodo
1154 2055 1305 2090 eilugissct;
1322 2057 1392 2082 misit
1403 2061 1491 2083 auteiii
1502 2057 1666 2084 miserabiles
1677 2063 1728 2085 tres
1736 2059 1794 2093 epi-

1008 2107 1118 2133 scopos,
1135 2099 1243 2126 Paulum
1256 2121 1262 2131 ,
1275 2100 1438 2134 Ρωιιιριιοιιι,
1453 2107 1479 2128 et
1489 2102 1568 2128 alium
1583 2110 1675 2130 recens
1688 2104 1794 2130 ordina—

1009 2150 1073 2171 tuni.
1089 2145 1154 2172 Cum
1167 2145 1197 2172 iis
1212 2146 1282 2172 misit
1295 2151 1320 2172 et
1334 2146 1462 2180 quosdam
1477 2155 1604 2180 canones,
1618 2156 1684 2182 quos
1697 2148 1791 2176 adver—

1008 2199 1053 2217 sus
1082 2191 1187 2218 beatum
1215 2191 1388 2218 Athanasium
1416 2192 1505 2218 Ariani
1533 2192 1712 2220 conﬂaverant
1735 2202 1742 2220 :
1766 2199 1793 2221 ut

1008 2237 1137 2271 ejusmodi
1155 2237 1301 2263 canonibus
1315 2241 1419 2264 utentes
1432 2256 1439 2269 ,
1462 2237 1556 2264 Joanni
1571 2238 1630 2265 lites
1648 2244 1793 2271 necterent,

1008 2283 1078 2317 qU'ItI
1094 2288 1152 2317 post
1165 2283 1356 2316 depositioncm
1371 2290 1417 2317 per
1429 2291 1458 2310 se
1468 2283 1600 2310 rediissct.
1617 2284 1708 2311 Audax
1723 2286 1792 2312 enini

1010 2335 1101 2355 natura
1115 2334 1153 2355 est
1168 2328 1330 2362 Theophilus
1342 2349 1349 2360 ,
1367 2336 1485 2362 prteceps
1497 2349 1504 2360 ,
1521 2330 1678 2356 temerarius
1691 2351 1697 2361 ,
1712 2335 1737 2356 et
1748 2331 1794 2356 ad-

1009 2375 1116 2401 modum
1140 2374 1323 2401 conteutiosns
1340 2382 1345 2399 :
1362 2381 1422 2400 nam
1445 2373 1508 2400 nihil
1523 2378 1563 2400 est
1586 2374 1655 2408 quod
1674 2375 1722 2409 ipsi
1745 2376 1794 2402 sub

1008 2420 1162 2454 adspeetum
1178 2420 1299 2452 venerit,
1320 2419 1390 2453 quod
1410 2419 1488 2446 citius
1504 2426 1582 2453 quam
1597 2426 1644 2454 par
1656 2425 1696 2447 est
1711 2421 1794 2455 impa-

1010 2468 1105 2494 tienter
1119 2474 1172 2494 non
1186 2470 1292 2501 appetat
1305 2486 1311 2498 ,
1323 2457 1352 2492 in
1366 2465 1454 2500 seipso
1468 2473 1553 2500 neque
1565 2465 1692 2499 judicium
1708 2475 1794 2502 neque

1009 2512 1172 2540 deliberandi
1197 2519 1298 2538 moram
1325 2512 1471 2538 sustinens.
1500 2511 1676 2539 Irrationahili
1704 2518 1793 2541 autem

1010 2559 1108 2593 impetu
1127 2559 1254 2592 abreptus
1264 2578 1271 2590 ,
1293 2557 1443 2584 inordinate
1457 2557 1491 2584 ad
1505 2557 1562 2592 ejus
1577 2558 1794 2592 approbationem

1010 2605 1108 2637 fertur,
1122 2609 1149 2631 et
1165 2604 1280 2631 decreta:
1293 2602 1432 2630 sententia:
1447 2602 1558 2630 ﬁrmiter
1574 2603 1700 2630 insistens
1713 2625 1719 2636 ,
1735 2611 1795 2638 per-

1010 2651 1132 2678 tinaciter
1146 2654 1173 2677 et
1187 2650 1353 2677 contentiose
1366 2649 1471 2676 obsistit
1487 2649 1590 2676 cunctis
1604 2650 1648 2683 qtii
1664 2649 1796 2676 voluerint.

1009 2696 1192 2724 contradicere
1207 2705 1213 2721 :
1230 2695 1394 2723 contendens
1416 2701 1522 2728 semper
1538 2698 1563 2720 ut
1575 2693 1703 2727 judicium
1718 2701 1793 2720 suum

1010 2748 1088 2777 atque
1101 2742 1231 2770 sententia
1243 2742 1331 2768 vincat
1345 2745 1371 2767 ct
1389 2740 1515 2767 obtineat.
1540 2737 1615 2770 Quod
1631 2743 1702 2765 certe
1715 2738 1793 2765 etiam

1011 2789 1129 2815 fecerunt
1141 2788 1184 2822 qui
1198 2787 1330 2822 ingenium
1342 2786 1399 2820 ejus
1414 2788 1517 2811 norant.
1533 2782 1598 2809 Nam
1615 2790 1767 2810 convocatis
1780 2791 1795 2810 e

1010 2835 1084 2868 Syria
1096 2855 1102 2865 ,
1114 2832 1280 2867 (.appadocia
1292 2852 1298 2864 ,
1316 2831 1400 2857 Ponto
1415 2835 1442 2857 et
1467 2829 1578 2862 l‘lirygia
1595 2827 1729 2855 universis
1744 2836 1796 2855 ino-

1014 2877 1180 2911 II‘Ul‘UillilIlla
1206 2882 1231 2903 cl
1254 2876 1385 2911 episcopis
1399 2896 1405 2907 ,
1432 2873 1662 2906 Constantinopoli
1675 2880 1721 2900 eos
1734 2881 1795 2900 coii-
