2052 3113
215 148 245 175 ει
848 130 1004 161 PALLADII
1026 130 1192 158 DIALOGUS
1805 129 1838 157 32

212 206 329 238 grcgant.
347 201 385 228 Illi
399 207 458 228 cum
478 199 610 225 venissent
621 218 627 227 .
646 196 720 230 juxta
734 200 864 221 canonum
876 191 996 238 ordinem

215 236 443 276 communicarent
466 252 525 272 cum
545 244 666 274 Joanne,
691 249 724 268 ne
739 239 831 266 eadem
854 246 910 273 qum
926 236 998 271 prius

214 293 418 322 committerent.
446 290 520 324 Quod
543 289 588 317 ubi
612 288 745 316 rescivere
760 286 892 321 principes
905 305 912 316 ,
929 289 999 317 mgre

214 339 431 368 tulerunteorum
445 343 504 363 cum
516 335 616 362 Joanne
626 331 849 360 communionem.
865 329 898 356 Et
913 329 1001 355 Theo-

189 384 196 416 ’ἢ
213 386 296 411 dorus
319 382 442 417 quidem,
469 380 620 415 Tyanorum
642 378 784 412 episcopus
797 396 804 408 ,
826 375 866 401 vir
879 377 998 403 ornatus,

213 429 346 457 intellecta
370 426 567 460 conspiratione
591 432 623 451 ex
651 424 692 450 his
711 430 769 457 qum
785 421 817 448 ad
840 420 897 454 ejus
922 425 1000 445 aures

214 478 358 506 venerant,
380 481 414 500 ne
427 470 568 506 Theophili
583 469 761 497 temeritatem
774 471 945 501 sequeretur,
961 463 1000 489 in-

192 508 334 546 ‘salutatis
358 517 457 544 relictis
481 516 603 543 omnibus
625 513 770 541 Ecclesiam
785 519 860 539 suam
882 509 998 545 repetiit,

215 564 320 598 longum
337 563 395 590 vale
407 562 499 589 dicens
512 560 654 588 Comitatui
665 580 672 592 ,
694 565 822 591 suamque
838 555 999 591 provinciam

215 608 319 643 pietatis
330 615 406 634 muro
420 606 599 642 permuniens,
613 604 646 632 ad
662 604 739 630 tinent
751 609 834 636 usque
845 602 871 628 in
882 608 1001 627 commu-

217 654 295 680 nione
316 652 431 679 ﬁdelium
447 651 627 678 Romanorum
653 654 840 682 perseverans;
860 645 893 672 de
905 645 1002 679 quibus

217 698 314 725 Paulus
334 701 447 724 testatur
461 705 467 723 :
483 695 560 722 Fides
574 699 655 721 vestra
673 693 699 719 in
718 692 832 718 universa
846 690 938 717 mundo
953 697 1000 715 au-

216 743 346 769 nunliamr
357 742 443 776 (Rom.
459 741 486 767 I.
502 741 541 774 8).
570 738 723 766 Pharetrius
738 742 824 764 autem
836 757 843 769 ,
862 735 1002 770 episcopus

217 787 346 814 Cursarem
364 793 423 819 qua:
436 789 477 812 cst
490 784 522 810 ad
537 784 659 818 Argtenm
671 802 678 814 ,
696 789 776 816 supra
793 781 898 808 modum
912 779 1003 807 formi-

217 832 298 862 dans,
322 834 350 857 ut
372 830 458 856 larvas
483 828 602 863 pueruli,
626 835 673 855 sua
695 827 802 854 civitate
825 834 858 853 ne
881 832 1003 860 egressus

217 876 340 911 quidem,
363 883 409 910 per
423 874 513 901 literas
526 881 585 901 cum
596 872 755 900 adversariis
769 871 878 899 Joannis
891 877 1004 897 consen-

218 923 268 955 tit,
295 923 415 956 quamvis
440 927 493 947 non
516 923 626 946 vocatus
650 918 675 944 in
699 917 837 948 medium,
862 916 950 951 inepte
977 914 1003 941 in

217 967 369 1001 episcopatu
384 972 446 993 sese
459 971 554 1000 gerens
567 984 574 996 ,
595 963 735 991 meliorum
755 961 868 989 inscitia.
887 960 1004 994 Denique

218 1013 344 1041 Leontius
353 1032 360 1045 ,
376 1013 488 1047 Ancyra:
503 1011 612 1038 Galatia;
626 1010 766 1044 episcopus
777 1030 783 1040 ,
796 1007 951 1042 conjunctus
964 1010 1005 1033 est

219 1066 279 1085 cum
293 1057 448 1089 Ammonio,
464 1057 590 1091 episcopo
604 1055 742 1094 Laodiceae
755 1054 856 1081 adusta:
869 1073 876 1085 ,
892 1057 919 1080 et
933 1059 1006 1078 com-

219 1105 322 1131 bustam
338 1102 452 1130 reddidit
467 1101 624 1129 Ecclesiam.
638 1100 670 1127 Ili
684 1107 736 1126 non
749 1098 835 1126 solum
852 1097 914 1124 victi
934 1096 1006 1131 prin-

225 1150 313 1184 cipum
329 1149 422 1181 minis,
438 1147 484 1175 sed
498 1154 513 1174 e
534 1145 668 1174 contrario
684 1144 860 1179 Imperialium
875 1142 1005 1170 donorum

220 1203 267 1230 spe
284 1194 388 1229 decepti
400 1214 409 1227 ,
427 1194 453 1221 in
470 1192 588 1220 secunda
602 1191 711 1228 Synodo
731 1190 877 1226 improbam
898 1193 1005 1216 senten-

220 1241 283 1267 tiam
298 1239 393 1267 Acacio
405 1243 433 1266 et
444 1237 574 1265 Antiocho
586 1240 730 1272 suggerunt
741 1257 748 1269 ,
764 1241 792 1262 ut
805 1235 903 1262 valeret
918 1233 1006 1261 Theo-

221 1287 285 1321 phili
306 1293 357 1312 non
380 1284 522 1319 juridicum
544 1283 682 1318 judicium,
697 1287 724 1310 et
740 1282 812 1309 nullo
832 1281 911 1308 modo
934 1281 1008 1307 locus

220 1333 328 1358 daretur
355 1329 450 1357 Joanni
475 1328 653 1361 defensionis,
678 1328 834 1362 allegatione
848 1333 1006 1354 canonnma

221 1376 368 1410 Theophila
383 1375 533 1407 missorum,
545 1382 610 1409 quos
620 1377 824 1408 composuerant
835 1372 1006 1406 quadraginta

221 1424 256 1451 de
270 1423 324 1450 Arii
349 1421 549 1453 communione,
577 1420 620 1455 qui
644 1419 682 1446 sic
705 1419 802 1446 habent
815 1429 820 1445 :
835 1418 862 1445 Si
877 1418 935 1452 quis
949 1417 1007 1451 epi-

222 1476 317 1503 scopus
332 1473 376 1494 aut
390 1467 527 1502 presbyter
541 1467 600 1500 jure
613 1470 657 1492 aut
677 1465 770 1499 injuria
784 1464 918 1498 depositus
930 1484 937 1495 ,
961 1471 1007 1498 per

222 1522 252 1541 sc
263 1514 351 1541 redeat
363 1513 395 1540 ad
411 1513 556 1540 Ecclesiam
568 1516 668 1546 alutun
679 1511 786 1546 Synodo
798 1531 804 1541 ,
820 1510 879 1536 talis
895 1518 946 1536 non
959 1509 1007 1536 ha-

223 1560 283 1587 heat
295 1560 410 1594 amplius
428 1559 515 1586 locum
529 1558 690 1585 defensionis
700 1578 707 1589 ,
723 1558 770 1584 sed
785 1556 905 1583 absolute
919 1555 1008 1590 expel-

224 1606 301 1632 latur.
325 1605 357 1631 Et
380 1605 422 1632 hic
435 1603 540 1638 quidem
556 1611 639 1630 canon
656 1608 683 1629 ut
699 1603 793 1636 impius
807 1602 839 1627 ab
853 1601 939 1635 impiis
954 1601 1010 1627 edi-

224 1655 275 1683 tus,
292 1651 316 1676 in
330 1649 479 1677 Sardicensi
494 1649 611 1676 Concilio
625 1656 639 1675 a
653 1648 788 1680 Romanis,
805 1647 885 1679 Italis,
903 1647 1008 1681 Illyriis,

225 1695 408 1721 Macedonibus
430 1699 508 1728 atque
521 1694 621 1721 Grmcis
643 1694 783 1727 abvogatus
798 1698 838 1719 est
850 1713 856 1723 ,
874 1697 901 1718 ut
917 1692 1010 1718 melius

225 1748 267 1766 me
284 1740 339 1774 ipse
362 1741 446 1770 nosti,
468 1748 483 1765 o
497 1740 583 1774 magni
598 1739 711 1765 nominis
723 1739 862 1765 Theodore
877 1759 884 1770 ,
906 1737 1010 1772 quando

227 1785 345 1811 Liberius
371 1789 415 1810 aut
436 1784 520 1811 Julius
533 1805 539 1817 ,
556 1783 706 1811 Constantis
722 1784 877 1818 principatu,
894 1783 1010 1809 Athana-

225 1831 292 1856 sium
302 1830 326 1856 in
338 1830 548 1856 communionem
563 1829 678 1861 admisit,
686 1835 710 1856 et
721 1829 871 1856 Marcellum
881 1828 1009 1860 Galatam,

227 1879 334 1909 propter
345 1882 410 1909 quos
423 1879 450 1902 et
471 1875 513 1902 hic
533 1882 616 1902 canon
640 1875 722 1901 factus
736 1873 830 1901 fuerat.
857 1873 1012 1900 Ammonius

227 1927 314 1948 tamen
327 1925 353 1947 ct
365 1920 500 1951 Leontius,
521 1927 568 1954 par
580 1919 743 1952 admirabile,
755 1918 889 1953 conjuncti
904 1918 1010 1951 Acacio,

228 1967 358 1994 Antiocho
370 1987 377 1999 ,
397 1966 495 2001 Cyrino
508 1965 717 1993 Chalcedonensi
736 1972 767 1991 ac
780 1964 922 1992 Severiano
937 1985 944 1997 ,
971 1964 1009 1990 in-

227 2003 309 2046 gressi
321 2017 384 2038 sunt
398 2012 429 2037 ad
442 2011 640 2045 Imperatorem,
655 2010 779 2037 monituri
791 2009 940 2037 evocandos
954 2017 1012 2037 esse

228 2066 261 2084 ex
290 2063 364 2092 parte
387 2057 495 2084 Joannis
521 2057 613 2084 decem
640 2057 794 2091 episcopos,
819 2057 904 2091 (erant
925 2061 1012 2083 autem

229 2104 317 2137 plures
329 2102 532 2138 quadraginta),
557 2103 590 2129 ad
602 2102 793 2130 conciliandam
807 2102 951 2130 canonibus
967 2111 1013 2129 au-

228 2149 393 2180 ctoritatem;
418 2148 476 2174 aliis
498 2148 603 2183 quidem
618 2148 839 2175 contendentibus
851 2147 1013 2174 orthodoxo-

230 2201 287 2221 rum
305 2201 351 2221 eos
369 2201 445 2227 esse,
467 2193 526 2220 aliis
547 2199 634 2220 autem
650 2194 806 2220 Arianorum
824 2201 883 2220 esse
902 2193 1013 2220 demort-

229 2240 381 2267 strantihns.
397 2239 509 2275 Ingressi
522 2244 609 2266 autem
623 2239 751 2273 Elpidius,
765 2239 904 2274 episcopus
918 2239 1014 2266 Laodi-

229 2293 284 2313 cea:
303 2285 397 2321 Syriae,
417 2293 497 2312 senex
512 2289 539 2312 et
563 2290 650 2312 mente
663 2290 689 2312 et
701 2286 797 2313 canitie
810 2306 817 2319 ,
839 2290 916 2320 atque
932 2285 1015 2312 Tran-

229 2332 341 2367 quillus,
363 2331 509 2359 suadebant
523 2331 677 2366 Imperatori
699 2340 751 2358 non
774 2338 896 2366 oportere
918 2331 1013 2359 indicia

229 2386 307 2406 causa
332 2378 391 2413 ejici
415 2378 554 2406 Joannem.
580 2377 671 2412 Neque
692 2378 762 2404 enim
786 2378 858 2412 prius
878 2377 1015 2412 depositus

231 2423 324 2456 fuerat,
341 2424 387 2451 sed
405 2424 505 2458 ejectus
521 2431 536 2450 a
555 2423 656 2450 Comite
667 2444 674 2456 ,
694 2431 776 2458 neque
790 2432 835 2458 per
849 2432 878 2451 se
890 2424 1014 2453 redierat.

230 2470 276 2497 sed
289 2471 363 2504 jussu
376 2474 427 2497 tum.
440 2469 546 2505 pietatis
558 2490 564 2502 ,
585 2471 667 2496 misso
683 2469 716 2496 ad
732 2470 756 2496 id
770 2470 873 2497 notario
888 2479 894 2497 :
910 2475 936 2498 ct
950 2478 1016 2505 quos

231 2524 300 2543 nunc
312 2515 448 2550 proferunt
460 2523 585 2548 canones,
598 2515 782 2543 hmreticorum
791 2523 837 2543 COS
852 2524 910 2543 esse
925 2521 1016 2543 οδιυη-

231 2561 328 2588 dimus.
354 2560 421 2587 Cmn
448 2565 535 2588 autem
562 2561 671 2588 Joannis
697 2561 842 2588 adversarii
868 2561 1016 2588 inordinate

231 2606 353 2634 altercari
367 2606 555 2641 persisterent,
580 2607 624 2634 alii
640 2607 746 2642 quidem
762 2607 920 2634 contentiori
939 2614 1014 2637 voce,

231 2653 276 2679 alii
307 2653 468 2679 tumultuoso
496 2653 609 2687 pectoris
634 2658 705 2680 motu
734 2653 900 2688 impudenter
927 2653 1016 2688 agitati

231 2705 320 2725 coram
336 2698 497 2732 lmperatore
512 2707 518 2725 ι
530 2706 658 2726 canonum
670 2699 862 2726 scientissimus
875 2704 953 2732 atque
967 2698 1016 2725 ob-

231 2743 444 2770 servantissimus
457 2744 576 2779 Elpidius
589 2765 596 2777 ,
613 2744 714 2772 modica
736 2745 800 2772 facta
816 2745 921 2778 quiete,
939 2745 1016 2771 veluti

232 2789 359 2823 malacia,
383 2790 478 2818 leniter
502 2790 656 2826 Imperatori
683 2791 748 2818 dixit
771 2800 778 2817 :
799 2791 960 2825 Imperator,
985 2800 1017 2818 ne

232 2833 330 2863 diutius
346 2836 571 2864 mansuetudinem
587 2841 656 2864 tuam
675 2844 818 2871 vcxemus,
835 2837 880 2865 scd
896 2845 975 2864 untuu
992 2838 1016 2864 id

1053 189 1098 216 fiat
1113 198 1119 220 ;
1132 189 1298 217 subscribam
1311 190 1405 217 fratres
1417 191 1499 217 nostri
1513 191 1625 218 Aeacius
1640 195 1665 219 et
1680 191 1837 224 Antiochus,

1051 233 1170 269 ejusdem
1186 241 1245 262 esse
1267 242 1296 262 sc
1316 235 1375 262 ﬁdei
1390 243 1420 262 ac
1435 244 1481 263 eos
1494 236 1539 271 qui
1553 243 1668 264 canones
1687 236 1837 267 ediderunt,

1052 288 1120 314 quos
1143 285 1266 315 tanquam
1290 281 1323 307 ah
1341 281 1497 308 orthodoxis
1519 281 1604 308 editos
1625 287 1774 316 proponunt
1790 291 1796 308 :
1812 287 1838 309 et

1052 325 1138 352 soluta
1152 326 1331 353 controversia
1347 331 1396 353 est.
1418 325 1565 360 Imperator
1578 327 1759 354 animadversa
1775 335 1839 361 pro-

1053 370 1190 403 positionis
1209 370 1397 404 simplicitate,
1425 371 1564 398 subridens
1591 372 1657 399 dixit
1683 373 1815 400 Antiocho

1054 413 1120 440 Nihil
1138 415 1187 441 isto
1202 415 1266 442 mihi
1289 415 1393 443 videtur
1411 417 1508 444 utilius.
1534 417 1598 446 Erat
1618 422 1704 445 autent
1720 419 1838 446 omnium

1053 467 1111 493 quae
1126 463 1183 486 acta
1209 465 1270 486 sunt
1295 460 1385 487 insons
1406 461 1570 495 Imperator,
1595 462 1653 490 aliis
1676 463 1838 490 mutantibus

1053 511 1111 537 quze
1134 503 1201 531 bene
1221 505 1364 532 constituta
1389 510 1475 533 erant.
1512 506 1646 541 Vertigine
1672 507 1750 541 igitur
1774 508 1836 539 acti,

1053 554 1131 584 atque
1147 550 1172 576 in
1188 557 1217 577 se
1232 551 1352 578 conversi
1363 551 1406 586 qui
1422 559 1481 579 cum
1495 551 1638 579 Severiano
1652 557 1735 584 erant,
1757 554 1840 580 instar

1053 603 1128 629 aqua:
1142 596 1280 627 instabilis,
1295 597 1329 623 ob
1343 596 1367 624 id
1378 596 1447 631 quod
1462 596 1546 624 fuerat
1561 598 1703 632 prudenter
1715 598 1747 625 ab
1763 599 1838 633 Elpi-

1058 639 1103 667 dio
1119 641 1216 667 dictum
1230 662 1236 673 ,
1263 646 1289 668 et
1312 641 1481 675 Imperatoris
1506 642 1604 677 judicio
1627 643 1837 677 comprobatum,

1054 686 1220 713 obticueruut
1242 686 1308 714 facie
1332 687 1500 715 livescente:
1524 688 1651 722 angustiis
1677 693 1762 716 tamen
1789 689 1839 716 lmi

1054 734 1209 766 constricti,
1234 734 1314 761 etiam
1339 734 1460 761 nolentes
1484 735 1640 769 promittunt
1661 735 1838 762 subscribere.

1054 778 1097 806 Sic
1110 779 1209 814 egressi
1222 799 1229 812 ,
1245 779 1404 814 promissum
1420 779 1525 814 quidem
1540 787 1590 807 non
1606 780 1735 815 implent,
1750 786 1840 815 utpote

1055 825 1260 852 iuvoluntarium
1274 846 1280 857 ,
1296 830 1443 853 metuentes
1456 834 1489 853 ne
1504 826 1687 858 vincerentur;
1703 826 1808 854 machin
1818 836 1822 851 1
1833 842 1840 847 -

1055 871 1151 898 bantur
1170 875 1257 898 autem
1270 879 1322 905 quo
1339 876 1415 906 pacto
1433 872 1611 905 expelleretur
1621 871 1745 898 Joannes.
1773 872 1840 898 Dum

1057 916 1113 943 lucc
1132 916 1170 943 sic
1182 920 1261 951 atque
1275 916 1325 943 alia
1340 917 1417 944 aliter
1428 921 1566 952 geruntur,
1582 925 1675 944 novem
1690 922 1734 944 aut
1747 917 1840 945 decem

1057 971 1161 991 tnenses
1185 965 1387 999 praeterierunt,
1411 972 1471 992 cum
1494 964 1610 992 Joannes
1631 966 1771 999 cpiscopus
1792 966 1840 992 atl-

1053 1010 1152 1045 junctis
1162 1011 1330 1046 quadraginta
1340 1011 1442 1039 duobus
1450 1012 1579 1046 episcopis
1588 1017 1732 1038 conventus
1741 1017 1841 1047 ageret,

1056 1061 1083 1083 et
1097 1056 1208 1091 populus
1221 1064 1315 1092 magna
1330 1064 1389 1084 cum
1410 1057 1490 1084 animi
1504 1057 1639 1084 alacritate
1652 1057 1710 1091 ejus
1722 1057 1841 1084 doctrina

1058 1102 1197 1129 frueretur.
1215 1102 1289 1130 Solet
1303 1102 1373 1129 enim
1389 1110 1462 1129 vanae
1474 1102 1565 1136 gloria:
1576 1110 1671 1137 expers
1684 1102 1796 1134 animus,
1815 1102 1840 1128 in

1057 1147 1242 1174 afﬂictionibus
1261 1147 1445 1182 jucundiorem
1459 1152 1486 1175 et
1504 1148 1678 1182 potentiorem
1692 1155 1842 1174 sermonem

1058 1192 1202 1220 effundere.
1226 1193 1328 1220 Interea
1342 1193 1457 1220 efﬂoruit
1471 1193 1635 1220 Dominicum
1646 1192 1784 1228 jejunium,
1801 1193 1843 1219 iu-

1059 1243 1114 1266 Itar
1135 1239 1204 1266 veris
1220 1243 1279 1273 post
1299 1246 1396 1265 annum
1421 1237 1573 1265 adveniens.
1599 1237 1736 1272 Ingressus
1765 1237 1844 1272 igitur

1059 1284 1181 1319 privatim
1202 1292 1261 1311 cum
1284 1285 1338 1311 suis
1353 1284 1498 1311 Antiochus
1511 1305 1517 1317 ,
1532 1285 1570 1311 sic
1584 1283 1618 1311 de
1634 1283 1736 1311 Joanne
1755 1283 1842 1318 Impe-

1058 1331 1139 1358 ratori
1153 1330 1256 1358 loculus
1271 1335 1311 1357 est
1323 1351 1330 1362 ,
1356 1335 1478 1365 tanquam
1502 1331 1524 1357 is
1542 1331 1597 1365 jam
1611 1330 1693 1357 victus
1708 1334 1795 1361 esset,
1817 1334 1845 1355 ut

1059 1377 1213 1404 imminente
1234 1376 1334 1403 Pascha
1354 1377 1459 1411 juberet
1479 1377 1549 1411 ejici.
1577 1377 1720 1410 Imperator
1739 1384 1797 1403 cum
1811 1376 1845 1403 ab

1060 1422 1112 1449 illis
1125 1426 1262 1456 urgeretur
1275 1442 1282 1454 ,
1304 1422 1335 1449 iis
1354 1427 1444 1456 utpote
1457 1421 1590 1455 episcopis
1604 1421 1681 1448 fidem
1696 1421 1846 1448 neces-ario

1060 1467 1188 1493 adhibuit.
1203 1467 1252 1500 Qui
1269 1467 1337 1494 enim
1352 1474 1413 1493 vere
1430 1466 1568 1502 presbyter
1581 1470 1626 1492 aut
1639 1466 1781 1500 episcopus
1793 1470 1843 1498 cst,

1060 1511 1225 1539 mendacium
1251 1519 1302 1539 non
1326 1512 1408 1538 novit.
1443 1511 1478 1538 Ea
1501 1511 1571 1538 enim
1598 1511 1704 1538 nomina
1732 1511 1846 1538 ca-lcstis

1061 1558 1175 1592 regionis
1187 1562 1259 1589 sunt,
1274 1565 1333 1584 cum
1348 1558 1382 1584 sit
1394 1557 1446 1584 Deo
1460 1557 1523 1584 nihil
1538 1557 1680 1592 antiquius,
1696 1557 1759 1583 nihil
1774 1557 1843 1590 quod

1063 1604 1212 1638 vigilantius
1233 1604 1354 1638 inspiciat
1370 1613 1375 1630 :
1394 1612 1453 1630 nam
1478 1604 1548 1630 Deus
1561 1604 1586 1630 in
1600 1603 1687 1630 omnia
1703 1603 1808 1637 inspicit
1822 1607 1848 1629 et

1061 1649 1266 1684 contemplatur.
1294 1649 1375 1684 Igitur
1402 1650 1542 1684 cpiscopus
1567 1654 1612 1676 aut
1636 1649 1792 1684 presbyter,
1820 1652 1848 1674 ut

1063 1694 1198 1721 nominum
1212 1715 1218 1726 ,
1235 1695 1273 1721 sic
1287 1700 1312 1721 et
1326 1702 1413 1721 rerum
1431 1696 1563 1729 particeps
1577 1701 1636 1721 esse
1648 1693 1736 1720 debet.
1752 1693 1845 1720 Joanni

1062 1747 1125 1774 ergo
1141 1739 1278 1766 denuntiat
1294 1740 1439 1774 Imperator
1451 1744 1479 1766 ut
1499 1740 1616 1767 Ecelesia
1627 1739 1787 1774 egrediatur.
1804 1739 1848 1766 Ille

1062 1786 1217 1813 renuntiat:
1239 1786 1295 1821 Ego
1313 1794 1328 1814 a
1348 1787 1402 1814 Deo
1425 1786 1566 1814 Servatore
1587 1786 1675 1820 accepi
1701 1786 1845 1812 Ecclesiam

1064 1832 1148 1864 hanc,
1175 1836 1204 1859 ut
1224 1840 1315 1859 curam
1333 1840 1422 1867 geram
1439 1832 1530 1859 salutis
1545 1832 1634 1867 populi
1648 1853 1654 1864 ,
1677 1840 1725 1859 nec
1742 1839 1847 1866 possum

1064 1885 1122 1904 eam
1136 1878 1295 1913 relinquere.
1318 1878 1346 1905 Si
1363 1883 1451 1904 autem
1467 1878 1492 1904 id
1508 1878 1546 1904 vis
1562 1878 1611 1912 (ad
1634 1883 1659 1904 te
1672 1878 1741 1904 enim
1757 1878 1849 1904 civitas

1064 1923 1192 1957 pertinet)
1207 1944 1213 1955 ,
1237 1923 1263 1949 vi
1277 1931 1318 1950 me
1328 1924 1418 1956 ejicito
1429 1943 1437 1955 ,
1462 1927 1490 1949 ut
1508 1923 1605 1950 deserti
1618 1923 1720 1949 ordinis
1737 1930 1849 1949 excusa-

1065 1969 1164 1994 tionem
1191 1968 1302 1995 habeam
1331 1972 1401 1994 tuatn
1426 1968 1623 1995 auctoritatem.
1653 1967 1688 1994 Ita
1716 1976 1774 1995 cum
1802 1976 1849 1995 ve-

1065 2013 1189 2040 recundia
1213 2013 1325 2048 quadam
1350 2013 1484 2040 mittentes
1497 2020 1529 2040 cx
1552 2013 1666 2048 palatio,
1687 2021 1746 2040 cum
1766 2021 1849 2047 expu-

1066 2060 1170 2091 lerttnt,
1201 2059 1323 2094 jubentes
1352 2059 1455 2086 intcrim
1487 2064 1516 2086 ut
1547 2060 1571 2086 in
1599 2059 1679 2086 domo
1707 2060 1850 2094 episcopali

1066 2110 1194 2137 maneret,
1208 2105 1303 2131 divina:
1319 2105 1365 2131 ira:
1378 2109 1500 2131 eventum
1515 2105 1629 2138 aliquetn
1644 2109 1829 2139 exspectantes
1843 2114 1849 2131 :

1067 2156 1104 2183 ut,
1120 2152 1141 2178 si
1156 2151 1219 2186 quid
1232 2152 1296 2186 ipsis
1310 2151 1384 2178 triste
1399 2151 1541 2183 accideret,
1553 2152 1630 2178 citius
1641 2152 1712 2178 illum
1726 2150 1851 2178 Ecclesiae

1067 2197 1223 2229 redderent,
1237 2201 1264 2223 et
1279 2197 1360 2224 Deum
1377 2197 1509 2231 placarent
1528 2205 1534 2220 :
1548 2197 1587 2223 sin
1603 2197 1702 2227 minus,
1720 2201 1747 2222 ut
1761 2203 1853 2222 rursus

1067 2243 1176 2270 insidias
1187 2248 1329 2274 struerent,
1345 2243 1424 2270 veluti
1438 2243 1541 2270 Pharao
1554 2242 1648 2278 Moysi.
1664 2242 1767 2269 Interea
1781 2241 1852 2268 venit

1068 2289 1155 2324 magni
1180 2289 1281 2316 sabbati
1301 2289 1374 2321 dies,
1389 2296 1442 2323 quo
1464 2289 1590 2316 Servator
1603 2287 1744 2315 cruciﬁxus
1759 2295 1854 2321 exspo-

1069 2335 1141 2362 liavil
1155 2334 1284 2362 infernum
1302 2343 1308 2361 ι
1323 2341 1482 2368 rursumque
1495 2333 1530 2360 illi
1545 2332 1710 2363 denuntiant.
1724 2337 1751 2358 ut
1765 2331 1852 2359 eccle-

1069 2382 1106 2408 sia
1121 2380 1300 2416 egrederetur.
1317 2379 1447 2406 Ilescribit
1456 2379 1498 2406 ille
1507 2387 1565 2414 quae
1578 2383 1757 2406 consentanea
1766 2383 1852 2405 erant.
1868 2378 1869 2382 ‘

1069 2426 1199 2453 Caeterum
1210 2426 1310 2453 veritus
1327 2423 1472 2458 Imperator
1482 2424 1532 2451 diei
1547 2424 1747 2450 sanctimoniam
1761 2429 1785 2450 cl
1799 2430 1854 2449 lth-

1070 2477 1124 2499 tum
1141 2471 1264 2502 civitatis,
1279 2470 1390 2497 accersit
1406 2470 1528 2496 Acacium
1551 2474 1578 2496 et
1598 2468 1764 2499 Antiochum,
1790 2469 1853 2502 ipsis

1069 2517 1161 2544 dicens
1176 2525 1182 2542 :
1197 2515 1263 2548 Quid
1283 2515 1352 2542 facto
1374 2519 1413 2541 est
1435 2515 1520 2549 opus?
1547 2514 1634 2541 videte
1654 2522 1687 2541 ne
1707 2521 1758 2540 non
1783 2519 1854 2541 recte

1070 2561 1348 2590 consulueritis.’l‘unc
1361 2561 1482 2595 generosi
1498 2559 1535 2586 illi
1549 2564 1575 2587 et
1588 2567 1665 2594 supra
1679 2559 1784 2586 modum
1798 2567 1853 2585 ma-

1070 2609 1187 2644 gnanimi
1201 2609 1326 2635 dixerunt
1345 2607 1498 2642 Imperatori
1515 2615 1520 2632 :
1539 2606 1699 2641 Imperator,
1725 2606 1750 2633 in
1777 2610 1854 2639 capttt

1071 2659 1190 2683 nostrum
1212 2655 1246 2681 sit
1270 2653 1378 2681 Joannis
1392 2653 1532 2687 depositio.
1547 2652 1673 2679 Ultimum
1686 2651 1830 2678 subsidium
1845 2671 1852 2683 ,

1070 2702 1114 2736 qui
1128 2709 1186 2727 cum
1202 2700 1302 2727 Joanne
1316 2702 1390 2726 erant
1405 2697 1522 2732 episcopi
1535 2697 1716 2732 quadraginta.
1732 2696 1799 2723 sacri
1811 2696 1851 2731 je-

1069 2746 1136 2782 jtmii
1147 2746 1239 2772 diebus
1252 2751 1362 2771 numero
1377 2750 1461 2777 pares.
1481 2741 1604 2769 adierunt
1617 2742 1764 2776 Augustum
1777 2746 1855 2775 atque

1072 2794 1216 2827 Augustam
1242 2792 1266 2818 in
1294 2790 1439 2826 martyriis,
1462 2794 1568 2816 orantes
1592 2797 1651 2816 cum
1677 2789 1801 2824 Iacrymis
1828 2793 1855 2815 ut

1073 2837 1170 2864 Chriin
1186 2836 1309 2864 Ecclesia‘
1327 2840 1476 2871 parcerent,
1498 2836 1611 2862 maxime
1633 2839 1739 2869 propter
1756 2835 1853 2861 Pascha
