2052 3113
163 100 197 126 :3
658 101 701 128 DE
723 101 800 128 VlT.\
823 103 851 130 5.
871 103 1012 131 J0.\.\'.\'IS
1032 107 1278 141 CHRYSOSTOJH.
1765 134 1798 162 δι

159 156 181 178 et
198 155 309 185 propter
324 160 371 180 eos
387 155 431 188 qui
455 156 626 189 regenerandi
641 164 790 186 erantcum
807 159 861 194 jam
878 165 950 189 cate~

157 196 252 223 rhizati
267 204 368 231 essent,
383 204 410 226 ut
422 201 589 228 sacerdotem
601 209 678 229 suum
696 211 726 230 ea
739 205 880 239 reciperet.
893 206 950 234 Non

156 242 237 269 auditi
252 248 314 270 sunt
333 252 415 278 super
430 253 460 272 ea
483 253 512 272 re
529 255 534 272 :
551 247 585 273 ita
600 252 629 274 ut
651 255 758 277 sanctus
773 250 870 278 Paulus
895 253 951 286 cpi-

156 294 251 321 scopus
264 287 370 320 Cratize,
386 289 563 324 imperterrita
575 292 670 320 ﬁducia
682 293 782 322 diceret
798 305 804 322 :
821 296 948 329 Eudoxia,

157 332 237 359 Deum
255 333 329 366 time,
357 339 464 363 tuorum
485 342 509 364 te
528 337 672 366 liberorum
693 341 815 368 misereat
836 351 842 369 :
864 351 949 377 neque

157 379 221 406 viola
244 385 364 407 sanctam
389 381 487 410 Christi
499 383 695 412 solemnitatem
720 388 857 421 sanguinis
882 388 948 415 ellu-

154 424 237 452 sione.
254 425 363 453 Reversi
381 427 461 462 igitur
475 430 646 465 quadraginta
662 432 798 468 episcopi,
817 435 842 461 in
857 435 946 463 direr-

155 470 230 496 soriis
247 471 304 498 suis
320 473 521 507 pervigilarunt,
535 475 580 503 alii
598 484 657 504 cum
672 478 807 514 lacrytnis,
827 481 870 508 alii
886 490 946 509 cum

153 523 279 547 interere,
293 517 338 543 alii
353 517 470 553 denique
484 520 655 555 insuperabili
670 529 778 558 stupore
793 527 889 553 mentis
901 527 946 554 de-

153 561 227 590 tt-nti.
255 565 333 594 prout
358 571 576 601 unumquemque
598 575 661 595 suus
689 569 802 598 allectus
825 573 943 607 regebat.

151 604 259 632 Joannis
272 611 360 634 tamen
374 610 522 645 presbyteri
537 612 582 646 qui
603 613 647 640 Dei
663 615 786 643 timorem
803 617 943 650 habebatit.

150 650 174 676 in
192 651 299 685 publico
315 654 423 681 lavacro
435 657 505 690 quod
520 657 724 687 Cons¥antianas
738 667 833 690 vocant
847 672 944 692 convo-

148 697 213 722 catis
229 699 348 732 populis,
362 700 468 735 vigilias
479 702 608 736 agebant;
623 705 666 731 alii
682 705 832 741 Scripturas
842 709 943 737 divinas

147 741 277 776 legentes,
295 745 341 772 alii
367 747 575 776 catechumenos
589 750 764 786 baptizantes,
781 759 810 781 ut
832 763 879 789 par
891 761 940 790 est,

146 793 259 822 propter
271 789 386 818 Pascha.
400 792 463 820 Ηωο
479 794 570 822 eadem
585 803 674 830 pravae
686 799 783 826 utentis
798 806 876 835 atque
891 803 942 829 im-

145 837 270 866 pastores
277 835 436 869 Antiochus,
449 838 611 868 Severianus
621 843 766 871 etAcacius
777 846 808 872 ad
817 851 941 880 patronos

144 877 275 912 referunt,
290 887 417 916 rogantes
426 888 454 910 ut
470 886 558 920 populi
573 887 606 913 ab
620 888 678 923 ejus
691 889 741 917 ioci
751 898 883 920 conventu
898 901 941 921 ar-

143 931 277 953 cerentur.
296 927 396 956 anuit
412 930 434 957 is
448 931 493 965 qui
507 937 569 960 tunc
591 935 718 969 magister
731 942 787 964 erat
798 959 805 971 ,
825 938 916 967 dicens
932 950 938 967 :

142 971 199 998 Nox
213 978 265 1004 est,
281 978 362 1008 atque
377 975 470 1010 ingens
483 983 522 1005 cst
537 980 677 1008 multitudo
693 991 699 1008 :
715 991 748 1010 ne
762 985 824 1018 quid
840 990 939 1014 temere

142 1016 195 1042 iiat.
207 1017 358 1052 Respondit
371 1021 485 1050 Aeacius
499 1033 504 1050 :
519 1024 603 1052 Nemo
615 1026 640 1053 in
653 1027 773 1055 ecclesiis
789 1032 895 1064 mansit,
913 1036 939 1059 et

141 1061 266 1090 timemus
280 1072 313 1091 ne
327 1064 398 1093 forte
416 1067 566 1103 imperator
580 1072 720 1100 ecclesiam
742 1074 885 1109 ingressus,
910 1082 937 1105 et

140 1108 273 1135 neminem
291 1109 443 1145 inveniens,
455 1115 552 1142 sentiat
566 1117 653 1151 populi
667 1125 730 1154 erga
744 1119 874 1149 Joannem
891 1123 937 1152 be-

139 1154 318 1182 nevolentiam
332 1177 339 1190 ,
355 1165 461 1193 nosque
475 1164 501 1187 ιιι
517 1160 619 1189 invidos
634 1165 804 1199 condemnet,
823 1176 936 1202 pratscr-

138 1198 184 1225 tim
199 1208 258 1226 cum
275 1201 323 1236 ipsi
337 1203 495 1238 dixerimus,
522 1208 656 1236 neminem
678 1212 786 1238 omnino
800 1221 869 1245 esse,
886 1216 930 1249 qui

135 1244 250 1273 libenter
260 1247 354 1276 Joanni
365 1250 503 1279 adhaereat
514 1258 603 1288 utpote
614 1255 713 1284 homini
724 1258 815 1286 infido.
829 1259 863 1287 ita
876 1270 933 1288 ma-

133 1291 218 1325 gister
227 1293 265 1321 eis
278 1301 446 1325 contestatus
459 1306 517 1333 qtae
531 1307 657 1329 eventura
678 1310 764 1338 erant,
782 1308 861 1334 tradit
881 1309 933 1336 illis

133 1335 245 1364 Lucium
256 1341 401 1374 quemdam
412 1364 419 1376 ,
441 1345 577 1380 gentilem,
593 1352 621 1375 ut
634 1348 769 1378 dicebatur
779 1372 786 1384 ,
801 1358 931 1382 rectorem

132 1383 239 1410 muneri
253 1387 445 1422 scutariorum,
459 1392 587 1420 mandans
599 1398 627 1421 ut
638 1396 776 1425 moderate
789 1400 929 1429 ecclesiam

131 1427 268 1462 ingrcs~us
284 1432 413 1467 populum
429 1443 599 1466 convocaret.
615 1439 755 1469 Profectus
769 1443 824 1477 ille,
837 1451 862 1472 et
874 1454 927 1474 non

129 1473 247 1506 auditus,
272 1477 351 1504 rediit
371 1479 406 1506 ad
421 1480 547 1509 Acacium
562 1504 570 1516 ,
585 1485 675 1519 populi
695 1487 818 1516 ardorem
835 1496 861 1518 et
876 1491 928 1519 i're-

128 1520 266 1552 quentiam
283 1523 417 1552 indicans.
436 1526 498 1554 Post
513 1528 568 1556 lucc
584 1530 656 1558 illum
671 1534 825 1568 suppliciter
838 1543 925 1570 orant,

126 1566 218 1592 aureis
230 1568 319 1595 terbis
338 1569 516 1604 deprecantes
526 1594 533 1607 ,
549 1575 681 1610 adjunctis
693 1579 772 1606 etiam
788 1583 926 1615 promissis

126 1610 238 1644 majoris
251 1620 405 1647 processus,
420 1622 446 1643 nt
456 1618 596 1653 impediret
608 1622 714 1650 Domini
725 1625 847 1660 gloriam,
859 1636 927 1662 pra»

126 1655 259 1689 cipientcs
279 1659 302 1686 ei
319 1665 346 1687 ut
362 1662 404 1689 rei
419 1664 540 1693 oratione
557 1675 697 1700 persuasos
710 1672 823 1706 populos
834 1674 866 1700 ad
878 1682 923 1702 ec-

125 1702 235 1730 clesiam
257 1705 424 1741 adduceret,
440 1710 480 1737 vel
497 1712 521 1738 vi
539 1713 658 1742 turbatos
675 1715 815 1751 impediret
834 1728 868 1747 ne
882 1721 922 1749 fc-

123 1752 195 1775 stnm
205 1750 382 1780 celebrarent.
396 1754 445 1783 ilic
453 1764 516 1791 ergo
526 1758 613 1786 subito
623 1763 766 1797 assumptis
775 1771 863 1792 secum
873 1767 923 1794 cie-

123 1794 187 1821 ricis
201 1803 235 1822 ex
247 1802 323 1831 parte
331 1799 421 1827 Acacii
433 1822 439 1833 ,
455 1809 577 1837 egressus
595 1810 635 1832 est
647 1809 763 1836 secunda
775 1811 862 1846 vigilia
873 1821 921 1840 no~

121 1841 173 1868 ctis
183 1842 217 1869 ad
233 1844 258 1870 id
271 1850 380 1879 propter
400 1848 470 1882 quod
485 1850 582 1878 missus
595 1858 661 1880 erat.
677 1854 742 1882 Nam
763 1857 788 1883 in
803 1865 858 1892 eos,
875 1860 919 1894 qui

122 1888 250 1921 populum
270 1891 296 1916 in
316 1892 437 1925 partibus
455 1897 553 1923 nostris
571 1904 655 1933 usque
671 1900 704 1927 ad
724 1902 836 1935 primum
855 1905 919 1939 galli

119 1937 228 1960 cantum
245 1935 417 1971 detinebant,
438 1939 584 1975 derepente
603 1950 682 1972 noctu
697 1946 824 1981 itnpetum
844 1950 915 1984 fecit,

120 1977 179 2011 ipse
191 1979 293 2008 tirones
305 1982 406 2011 habens
415 2006 423 2017 ,
435 1985 569 2015 districtos
577 1989 678 2024 gladios
688 1998 822 2027 gestantes
834 1995 917 2024 instar

119 2021 191 2050 Esau
205 2026 434 2062 quadringentos,
455 2033 561 2068 egregie
577 2034 755 2071 impudentes,
772 2047 831 2067 cum
844 2041 915 2069 indi—

117 2069 194 2097 cibus
208 2071 313 2100 clericis
327 2079 353 2101 et
367 2076 506 2112 militibus,
524 2079 668 2110 insolenter
679 2088 705 2111 ut
726 2085 818 2120 lupus,
833 2095 914 2115 coru-

118 2121 212 2145 scante
227 2118 298 2147 ferro
315 2122 512 2152 multitudinem
527 2134 711 2164 perrumpens.
724 2131 850 2160 Peuctrat
871 2142 913 2162 us-

118 2168 171 2195 que
185 2163 218 2189 ad
234 2170 341 2193 sanctas
354 2175 447 2202 aquas,
458 2175 486 2197 ut
496 2163 648 2206 prohiberet
661 2184 706 2204 eos
714 2179 758 2213 qui
772 2179 913 2207 initiabun-

119 2210 162 2232 tur
171 2214 340 2239 sacramento
352 2212 497 2243 Dominica:
509 2222 711 2250 resurrectionis
727 2233 733 2251 :
745 2229 771 2252 et
785 2226 811 2253 in
820 2227 912 2257 diaco-

120 2258 182 2279 num
196 2257 346 2288 procaciter
361 2258 459 2294 illisus,
474 2263 594 2297 symbolo
610 2267 721 2296 eil‘udit:
738 2272 912 2308 presbyteros

119 2304 181 2326 vero
202 2302 359 2335 grandtevos
379 2305 493 2335 fustibus
514 2309 540 2337 in
562 2312 648 2347 capite
671 2314 780 2350 feriens,
803 2325 909 2347 sacrum

117 2341 216 2373 fontem
241 2355 337 2377 cruore
363 2355 524 2387 conspersit.
545 2356 619 2385 Tunc
633 2359 724 2388 videre
738 2367 795 2389 erat
808 2366 910 2399 angeli-

115 2395 174 2416 cam
190 2391 259 2418 illam
274 2398 390 2428 noctem,
414 2397 439 2424 in
455 2406 506 2433 qua
521 2401 600 2428 etiam
623 2403 758 2434 daemones
781 2415 909 2438 corruunt

120 2438 271 2472 perterriti,
293 2439 319 2466 in
336 2441 517 2477 labyrinthum
541 2454 710 2477 conversam.
734 2452 816 2481 Nud;e
836 2456 906 2484 enim

119 2482 242 2510 mulier-es
254 2491 314 2512 cum
328 2486 394 2514 viris
408 2494 480 2516 metu
495 2492 588 2520 mortis
599 2499 644 2520 aut
657 2497 825 2531 turpitudinis
838 2503 906 2537 turpi

119 2526 178 2537 ,μμ
265 2530 272 2537 .
292 2530 299 2537 .
393 2533 399 2537 .
431 2534 438 2537 .

118 2526 182 2562 fugae
204 2537 233 2556 se
257 2530 365 2563 dabant.
393 2533 548 2564 indecorum
577 2546 683 2567 cursmn
711 2543 905 2576 prtei'erentes:

117 2573 179 2600 alius
194 2582 272 2602 manu
284 2577 440 2607 vulneratus
451 2580 540 2609 abibat
554 2584 661 2617 plorans
674 2594 679 2612 :
697 2588 764 2616 alius
775 2590 903 2626 virginem

118 2618 233 2648 trahebat
254 2623 402 2651 conscissis
425 2627 558 2660 vestibus;
577 2637 671 2659 omnes
690 2638 778 2662 autem
799 2635 900 2672 deprat-

117 2663 204 2692 dantes
224 2674 301 2695 sacra
325 2676 399 2701 vasa,
422 2671 473 2698 sibi
493 2674 640 2708 rapiebant.
656 2677 699 2704 Sic
711 2663 860 2717 presbyterri
875 2689 904 2712 et

117 2709 212 2739 diaconi
229 2714 273 2747 qui
288 2716 360 2749 capti
374 2721 452 2744 erant
463 2737 471 2750 ,
486 2717 511 2746 in
524 2727 660 2749 carcerem
670 2724 881 2757 detrudebantur
894 2739 901 2758 :

116 2756 153 2790 qui
167 2762 255 2785 antem
271 2760 297 2786 in
315 2762 416 2795 populo
436 2768 511 2790 erant
524 2767 665 2802 honorati,
681 2771 745 2798 urbe
758 2773 828 2808 regia
847 2777 903 2809 pel-

661 2800 663 2802 ,
786 2800 800 2808 υ

115 2800 236 2830 lebanlur.
262 2805 366 2833 Deinde
389 2808 474 2834 edicta
495 2810 544 2837 alia
559 2819 639 2846 super
659 2815 707 2840 alia
724 2825 772 2850 per
786 2821 899 2854 compita

1007 168 1232 202 proponebantur,
1260 173 1344 201 varias
1366 177 1450 205 minas
1470 181 1644 215 continentia,
1672 187 1720 214 nisi
1736 191 1796 224 quis

1007 216 1065 224 nu...
1085 212 1179 224 εμ-ηνη
1325 220 1330 224 ”

1638 212 1642 215 _
1737 212 1796 224 .,-.-

1005 216 1065 238 cum
1081 212 1183 242 Joanne
1196 220 1411 249 communionem
1426 224 1579 261 almt‘garet.
1596 230 1660 258 Cum
1672 233 1728 261 hrec
1742 244 1796 262 ma<

1005 256 1075 284 xime
1091 258 1203 294 tierent,
1219 267 1245 290 et
1259 264 1333 298 plura
1351 267 1380 294 iis
1396 270 1440 303 qui
1461 256 1618 302 dicebantur
1637 278 1752 315 episcopi
1769 283 1794 309 in

1005 303 1108 315 nulJl-u-
1125 314 1145 315 ην
1169 307 1186 315 ’⁵
1241 314 1246 315 ν

1005 303 1111 336 publico
1124 314 1157 332 [ιιι
1169 307 1282 337 lirentur
1296 320 1302 338 z
1317 320 1464 343 conventus
1483 321 1570 346 tamen
1579 328 1668 349 eorum
1683 325 1726 360 qui
1742 326 1792 353 do—

1003 353 1103 376 ctorcm
1116 358 1191 380 suum
1207 361 1249 382 aul
1268 365 1290 391 p'
1314 359 1317 363 ”
1349 376 1352 378 -
1370 361 1414 394 qui
1430 362 1511 391 Deum
1528 368 1662 403 amabant,
1678 379 1729 399 non
1744 375 1793 400 nti-

1002 395 1152 431 nucbatur;
1166 401 1213 428 sed
1229 407 1257 429 ut
1269 403 1295 430 in
1313 404 1404 433 Exodo
1418 408 1521 443 legitur,
1536 420 1636 447 quanto
1646 419 1730 452 magis
1743 427 1790 447 oc-

1004 439 1127 452 n:.l..l..._..
1154 448 1159 452 .
1202 449 1206 452 ι
1259 447 1264 452 ι
1349 449 1358 452 -
1382 451 1385 452 ν

1002 439 1136 474 cidebant,
1153 448 1226 472 tanto
1240 447 1329 481 plures
1344 439 1456 480 ﬁebant:
1469 455 1515 482 Die
1530 439 1652 493 sequenti
1668 439 1790 497 egressis

1002 483 1101 497 Ι-νιμλμ-
1111 493 1115 497 -
1195 496 1199 497 ν

1549 483 1557 485 Ὗ
1570 483 1652 493 ,_-....
1668 483 1790 497 eam“...

1001 483 1151 520 Imperator
1173 496 1201 516 ut
1222 500 1281 520 sese
1294 502 1431 525 exerceret
1453 500 1479 526 in
1502 502 1588 530 vicino
1604 513 1708 543 campo,
1725 511 1791 538 vidit

1000 537 1093 565 agrum
1114 535 1184 562 circa
1200 536 1337 573 Pcmptum
1352 550 1398 569 seu
1412 544 1538 577 Quintum
1553 557 1605 577 non
1619 554 1749 582 eonsitutn
1763 562 1790 583 et

999 576 1167 612 mndemc'",
1193 585 1219 608 οι
1243 585 1406 619 δ¹¹¹ΡοΓ³εῑι¹δ
1434 590 1560 625 ad>Pectu
1586 596 1683 625 coloris
1705 608 1790 634 nuper

1000 620 1144 634 lin-.l:.-“—>
1158 633 1161 634 ν
1210 626 1217 634 l
1343 631 1348 634 .

999 620 1190 655 baptizatorum
1208 626 1294 663 (erant
1305 631 1376 658 enim
1390 634 1422 660 ad
1436 636 1485 662 tria
1499 637 1581 666 ferme
1592 642 1696 679 millia),
1713 646 1790 673 satel-

999 665 1056 679 lhm.
1080 674 1151 679 »ις-η’
1224 673 1229 677 ”

1571 665 1578 666 ,
1713 665 1786 673 me.

999 665 1058 693 lites
1080 674 1164 703 rogat,
1186 673 1292 706 quinam
1308 682 1379 704 esset
1402 679 1437 706 illi
1451 689 1671 719 congregatarum
1690 696 1786 718 cauus.

998 711 1037 737 illi
1053 717 1140 741 autem
1158 718 1270 751 mentiti,
1286 720 1378 749 dicunt
1395 724 1580 757 hatreticormn
1596 740 1664 766 esse,
1680 741 1709 762 ut
1722 737 1786 766 iratn

996 757 1168 792 imperatoris
1180 765 1335 794 excitarent.
1360 769 1398 797 ite
1411 776 1526 809 cognita,
1543 779 1631 806 statim
1653 780 1730 816 hujus
1747 786 1783 812 rei

1443 803 1457 807 ν
1520 803 1525 809 ,
1653 803 1730 816 ....,..-
1747 803 1783 812 ,ν-

996 803 1143 833 ministriet
1160 808 1263 838 invidia?
1279 817 1398 848 patroni,
1411 821 1556 849 atrociores
1571 832 1586 850 e
1600 829 1758 861 sequacibus
1771 840 1784 857 ιι

995 853 1070 885 tergo
1077 855 1254 890 summittunt,
1264 859 1438 893 adpuditores
1446 865 1654 903 dissipandos,et
1661 873 1785 904 doctores

993 898 1260 931 comprehendendos
1276 913 1283 931 :
1298 906 1341 939 qui
1363 907 1425 935 illuc
1444 911 1566 946 profecti,
1583 916 1670 944 denuo
1687 927 1785 954 paucos

995 949 1007 954 Α
1023 943 1121 954 _,__,,.,
1171 947 1177 954 .

993 949 1008 969 e
1020 943 1134 979 clericis,
1152 947 1242 981 plures
1257 958 1321 978 vero
1334 960 1349 980 c
1361 954 1434 982 laicis
1445 959 1604 994 corripiunt.
1620 963 1686 992 Tum
1698 967 1784 995 Theo.

991 988 1072 1017 dorus
1086 991 1123 1018 ait
1136 1001 1142 1018 :
1160 993 1181 1020 0
1196 994 1349 1026 beatissime
1363 1000 1447 1036 Pater,
1464 1012 1524 1032 cum
1539 1012 1590 1035 tam
1606 1012 1679 1038 tntilli
1693 1021 1783 1042 esseut

992 1039 1019 1061 ut
1031 1037 1227 1073 ttcophytorutn
1251 1051 1378 1073 numerus
1397 1049 1429 1075 ad
1443 1051 1492 1078 tria
1510 1054 1590 1081 millia
1603 1059 1757 1090 procedch
1774 1071 1780 1087 :

989 1083 1123 1115 quomodo
1133 1084 1158 1111 in
1171 1091 1328 1120 potestatem
1349 1099 1493 1126 paucorum
1508 1099 1619 1128 militum
1635 1103 1777 1138 devenere,

989 1133 1081 1154 eorum
1089 1135 1158 1157 coetu
1166 1131 1293 1167 disiecto?
1302 1136 1387 1165 Ertsc.
1398 1139 1462 1168 illud
1472 1150 1557 1179 neque
1567 1148 1704 1180 paucitatis
1714 1151 1781 1179 indi-

991 1172 1072 1205 ciutn,
1090 1182 1176 1211 neque
1195 1179 1243 1206 zeli
1259 1181 1357 1210 nullius
1370 1191 1566 1224 argumentum,
1580 1193 1627 1220 sed
1643 1195 1778 1231 religionis

1559 1222 1563 1224 Ἴ
1693 1222 1707 1231 υ

987 1222 1151 1254 prmstantia,
1168 1228 1194 1250 et
1217 1232 1287 1253 cura:
1302 1228 1441 1259 doctorum
1456 1233 1659 1273 demonstratio,
1673 1243 1718 1276 qui
1733 1252 1777 1269 εις-

987 1264 1007 1276 ..ῗ
1020 1264 1059 1276 Lis
1076 1274 1101 1276 »ν
1115 1269 1150 1276 ν”¹“

986 1264 1061 1292 sidue
1076 1269 1199 1300 pacificas
1215 1278 1318 1301 mentes
1334 1275 1492 1312 dirigebant.
1510 1282 1666 1314 Theodorus
1689 1294 1776 1317 autem

985 1310 1020 1336 ait
1036 1319 1042 1337 :
1057 1312 1161 1347 Optime
1174 1315 1240 1344 dicis
1264 1328 1270 1345 :
1293 1310 1463 1356 nequeenim
1486 1327 1596 1356 decebat
1618 1336 1645 1358 ut
1659 1334 1701 1367 qui
1716 1342 1778 1369 pru-

985 1355 1097 1369 .J....-f-...
1131 1365 1148 1369 »-
1327 1367 1341 1369 "

1338 1355 1342 1356 γ
1559 1355 1563 1356 ,
1589 1355 1595 1356 κ
1619 1355 1645 1358 _.
1660 1355 1701 1367 Ἰ...
1716 1355 1763 1369 ιν...

984 1355 1100 1385 dentiam
1125 1365 1151 1387 ct
1175 1367 1405 1395 mansuetudinem
1425 1378 1439 1396 a
1462 1371 1541 1400 beato
1562 1375 1664 1405 Joanne
1678 1380 1776 1407 edoce-

983 1402 1088 1436 bantur,
1110 1406 1267 1442 insipienter
1289 1417 1369 1447 atque
1384 1417 1554 1447 tumultuarie
1579 1421 1664 1456 ipsum
1685 1425 1777 1453 defen-

982 1448 1075 1477 derent
1087 1456 1113 1478 et
1127 1453 1302 1484 vindicarent.

1015 1495 1106 1524 Camn
1127 1507 1152 1526 ιι.
1167 1516 1200 1521 -
1224 1502 1310 1531 Ense.
1335 1506 1400 1534 Cum
1428 1508 1484 1536 lucc
1507 1512 1552 1539 tibi
1576 1515 1714 1549 placeant,
1741 1527 1774 1546 ne

979 1548 1129 1572 sermonem
1152 1555 1242 1581 ιιιιιυεο
1262 1550 1440 1589 interrumpe,
1468 1565 1545 1592 quem
1567 1562 1679 1594 pessima
1705 1564 1770 1593 facta

978 1594 1140 1622 pepererunt
1154 1601 1161 1619 :
1175 1594 1263 1622 solent
1273 1597 1343 1624 enim
1359 1605 1385 1626 nt
1402 1601 1542 1635 plurimum
1555 1613 1570 1633 a
1584 1606 1659 1635 factis
1668 1617 1771 1639 scrnio~

978 1641 1025 1661 nes
1040 1636 1121 1671 gigni.
1140 1638 1207 1667 Cum
1221 1642 1326 1672 clericis
1344 1646 1421 1681 igitur
1435 1654 1462 1677 et
1477 1650 1550 1680 laicis
1565 1653 1679 1684 detentis
1696 1665 1770 1686 enm-

977 1680 1117 1714 prehensa:
1140 1691 1203 1713 sunt
1225 1689 1343 1718 virorum
1362 1693 1491 1723 nobilium
1512 1699 1647 1735 conjuges.
1665 1703 1731 1731 Sunt
1744 1710 1771 1733 ct

977 1727 1074 1760 quibus
1087 1731 1155 1764 rapti
1177 1733 1322 1769 mafortes,
1339 1738 1397 1766 aliis
1413 1740 1520 1769 inaures
1539 1752 1598 1772 eum
1625 1747 1675 1774 ima
1696 1756 1768 1782 parte

973 1772 1076 1800 aurium
1095 1774 1174 1804 simul
1189 1778 1328 1809 detraxere
1342 1791 1348 1808 :
1365 1784 1431 1812 adeo
1451 1791 1479 1814 ut
1493 1795 1552 1816 cuin
1567 1791 1668 1820 rideret
1690 1795 1768 1823 Eleu-

975 1817 1041 1846 tlteri
1055 1820 1193 1854 cujusdam
1209 1833 1275 1852 uxor
1295 1829 1495 1862 opulentissima
1506 1855 1512 1865 ,
1529 1836 1621 1864 relicto
1635 1840 1745 1869 maforte
1757 1864 1764 1873 ,

972 1865 999 1889 ct
1013 1869 1087 1892 veste
1102 1867 1219 1896 ancillari
1231 1877 1366 1907 assumpta
1377 1896 1383 1907 ,
1397 1883 1475 1904 cursu
1490 1880 1626 1909 civitatem
1643 1886 1743 1918 petierit
1757 1909 1763 1920 ,

1016 1910 1123 1920 __,,.,._.

972 1913 1000 1935 ut
1015 1910 1167 1944 pudicitiam
1184 1922 1258 1943 suam
1273 1925 1402 1949 servaret.
1420 1922 1483 1950 Erat
1499 1926 1568 1954 enim
1586 1930 1703 1962 profecto
1715 1933 1764 1960 dc-

970 1961 1031 1981 cora
1057 1958 1145 1991 specie
1165 1965 1257 1989 ornata
1277 1968 1305 1990 et
1326 1965 1439 2001 eleganti
1460 1969 1553 1999 forma.
1569 1973 1644 2002 Hune
1657 1984 1721 2012 ergo
1737 1980 1762 2006 in

970 2000 1074 2012 .“AJMM.
1094 2003 1114 2012 εν
1149 2004 1155 2012 I
1177 2006 1192 2012 .-
1259 2008 1264 2012 .

1372 2000 1375 2001 ν
1659 2000 1719 2012 -.ον

969 2000 1076 2028 modum
1093 2003 1192 2039 impleti
1208 2008 1342 2038 variorum
1358 2014 1557 2048 magistratuum
1569 2027 1689 2050 carceres
1704 2032 1761 2051 ntu-

969 2045 1092 2074 tabantur
1113 2049 1138 2076 in
1161 2052 1288 2081 ecclesias
1304 2064 1310 2082 :
1325 2061 1352 2084 et.
1366 2045 1456 2093 hymni
1472 2062 1577 2095 quidem
1593 2071 1672 2101 atque
1685 2069 1759 2096 obla-

1384 2091 1391 2093 ν
1480 2091 1486 2095 -
1612 2091 1617 2092 ⁷
1630 2091 1635 2101 Ι
1649 2091 1671 2094 ⁷⁷⁷
1686 2091 1744 2096 “NI”

968 2091 1054 2120 tiones
1078 2097 1266 2130 mysteriorum
1299 2101 1324 2128 in
1356 2106 1508 2135 carceribus
1536 2113 1757 2147 peragebantur;

968 2136 1041 2147 mw
1266 2146 1270 2147 ν

967 2136 1046 2172 ﬂagra
1062 2147 1127 2167 vero
1149 2146 1176 2169 et
1199 2146 1333 2174 cruciatus
1357 2153 1383 2176 et
1407 2151 1543 2182 horribilia
1564 2156 1714 2190 juramcnta
1732 2163 1757 2190 in

966 2183 1086 2211 ecclesiis
1106 2190 1226 2216 certatim
1241 2191 1445 2229 adhibebantur,
1462 2204 1489 2225 ut
1505 2202 1759 2236 anathematizareut

1440 2227 1445 2229 ν
1559 2227 1756 2236 ,,.-..._.......e...

964 2227 1093 2257 Joannem
1103 2252 1109 2263 ,
1132 2234 1175 2268 qui
1199 2235 1232 2262 ad
1250 2242 1362 2266 mortem
1377 2249 1459 2277 usque
1472 2252 1532 2273 cum
1545 2247 1643 2277 diaboli
1657 2254 1718 2280 mali
1734 2256 1756 2282 ia

969 2272 980 2282 .
1087 2276 1093 2282 -
1170 2280 1182 2282 ρ
1208 2280 1213 2282 Α

964 2272 1141 2309 dcpugnabat.
1165 2280 1262 2312 Quinto
1284 2291 1365 2318 porro
1389 2272 1433 2316 die
1454 2297 1468 2317 a
1491 2290 1564 2320 ﬁnita
1579 2294 1754 2333 Pentecoste,

969 2320 1075 2333 Ᾱιυιρκῗ--ι-
1115 2323 1130 2333 τ’
1200 2327 1205 2331 ’
1326 2332 1329 2333 ⁷

1579 2320 1590 2321 ι
1605 2320 1736 2326 ,____,-.....
1747 2322 1754 2333 ,

963 2320 1075 2348 Aeacius
1088 2343 1095 2354 ,
1114 2323 1291 2362 Severianus,
1316 2332 1462 2362 Antiochus
1477 2341 1556 2372 atque
1576 2341 1689 2376 Cyrinus
1704 2345 1754 2372 lnt-

964 2371 1111 2399 peratorem
1125 2370 1241 2405 adeunt,
1256 2380 1299 2408 et,
1322 2376 1417 2412 Nobis,
1435 2380 1575 2418 inquiunt,
1590 2394 1604 2413 a
1620 2387 1673 2416 Deo
1688 2398 1754 2417 eon—

962 2413 1068 2442 stitutus
1083 2424 1112 2443 es
1125 2437 1132 2447 ,
1148 2417 1305 2454 imperator,
1322 2426 1423 2453 nemini
1445 2429 1594 2466 subjectus,
1617 2439 1642 2461 et
1660 2444 1754 2466 omnes

963 2457 1006 2485 tibi
1020 2459 1140 2489 subditos
1153 2462 1256 2494 habens
1268 2475 1275 2499 ;
1291 2468 1349 2496 licet
1363 2471 1408 2498 tibi
1424 2457 1748 2513 quod'lubet'iaeenclluble

1432 2503 1440 2508 _
1597 2503 1695 2511 mw.-.
1709 2503 1748 2513 μ..

960 2503 996 2530 sis
1011 2506 1174 2542 presbyteris
1196 2511 1295 2545 mitior,
1318 2523 1368 2542 nec
1383 2519 1514 2555 episcopis
1527 2526 1644 2553 sanctior
1658 2536 1665 2555 :
1682 2529 1751 2557 dixi—

961 2558 1019 2578 mus
1036 2552 1080 2579 tibi
1096 2561 1185 2582 coram
1200 2559 1323 2587 omnibus
1338 2570 1343 2587 :
1370 2563 1397 2590 in
1413 2571 1491 2600 capttt
1504 2574 1624 2599 nostrum
1639 2573 1750 2604 Joannis

1445 2594 1451 2600 ,
1639 2594 1750 2604 -..ιμηησ

958 2594 1091 2630 depositio
1114 2605 1181 2627 esto.
1196 2601 1234 2630 Ne
1255 2604 1334 2640 igitur
1355 2607 1454 2638 homini
1470 2613 1513 2640 uni
1527 2620 1555 2642 ut
1576 2624 1686 2653 parcas,
1703 2629 1750 2649 nos

958 2648 1050 2669 omnes
1067 2645 1156 2678 perde.
1173 2646 1290 2677 Judaicis
1304 2653 1403 2687 verbis,
1420 2655 1533 2687 fortasse
1544 2667 1570 2688 et
1584 2663 1669 2697 iactis,
1686 2668 1749 2693 sub-

959 2686 972 2697 J
994 2687 1015 2697 L
1037 2695 1042 2697 Α
1232 2695 1255 2697 ,,
1273 2695 1280 2697 ,

1397 2686 1400 2687 ν
1548 2686 1570 2688 Π
1584 2686 1669 2697 .ν,..υ,
1686 2686 1747 2693 νων

957 2686 1017 2714 dole
1030 2695 1219 2723 persuaserunt
1230 2695 1255 2722 id
1272 2695 1436 2732 imperatori.
1451 2702 1495 2730 Sic
1507 2705 1653 2740 imperator
1666 2712 1747 2740 misso

957 2733 1072 2763 Patricio
1084 2739 1197 2772 notario,
1208 2739 1265 2769 haec
1275 2743 1369 2772 Joanui
1383 2746 1520 2778 denuntiat
1533 2762 1539 2778 :
1555 2754 1677 2790 Aeacius,
1690 2759 1746 2786 An-

1615 2780 1729 2790 θην...

957 2780 1077 2814 tioelius,
1104 2783 1272 2821 Severianus,
1298 2794 1325 2817 et
1343 2791 1470 2828 Cyrinus,
1494 2798 1741 2832 condemnationem

958 2831 1028 2853 tuam
1042 2827 1068 2854 in
1084 2834 1162 2862 caput
1181 2839 1256 2860 suum
1271 2835 1450 2869 coniecerunt.
1468 2841 1548 2874 igitur
1568 2845 1610 2873 ubi
1627 2856 1669 2875 res
1687 2854 1745 2879 tuas
