2024 3106
286 90 321 117 55
909 80 1066 109 l’AUADIl
1088 79 1256 107 DlAl.UGUS
1886 86 1916 113 εδ

287 148 341 174 Deo
353 146 581 174 commendaveris
592 167 598 177 ,
623 145 752 180 egredere
764 142 893 171 Ecclesia.
910 141 947 167 lta
961 139 1077 167 Joannes

285 193 427 227 cpiscopus
441 196 499 226 post
519 195 637 226 apertam
652 198 682 217 ac
697 189 806 217 minime
821 187 1005 215 adumbratam
1017 185 1079 219 jus-

285 243 387 264 s‘tonem
406 244 437 264 ex
451 236 586 271 episeopio
601 235 741 263 discedens
765 242 825 261 cum
849 233 992 267 episcopis,
1014 230 1078 258 dicit

285 283 407 310 omnibtts
423 291 429 308 :
446 282 552 315 Venite,
568 289 687 312 oremus,
712 285 738 308 et
758 280 852 314 angelo
881 277 1007 305 Ecclesia:
1028 284 1076 303 va-

285 327 429 355 ledicamus
452 336 458 354 :
481 327 557 355 laetus
582 327 689 362 quidem
712 326 747 353 ob
775 333 818 353 res
843 325 932 360 ipsas,
961 330 1077 350 moerens

284 379 372 401 autem
393 374 427 401 ob
449 374 537 408 populi
563 380 719 401 mcerorem.
745 372 868 399 Protinus
894 369 1024 405 quispiam
1044 376 1077 395 ex

285 419 414 453 religiosis
433 419 589 454 proceribus
601 418 658 445 haec
672 417 768 445 Joanni
783 416 913 452 signiﬁcat
927 425 933 443 :
950 414 1076 450 Quando-

283 465 389 499 quidem
405 465 512 497 Lucius,
529 465 570 492 vir
583 464 669 492 audax
684 470 711 492 et
723 464 790 491 facie
803 463 953 498 impudens,
970 466 1077 496 paratus

283 515 324 537 est
348 510 373 537 in
398 510 505 545 publico
529 509 636 537 lavacro
658 517 718 537 eum
741 509 869 536 militibus
885 508 956 540 suis,
973 509 994 534 si
1010 506 1077 533 forte

284 556 450 583 contradicas
461 560 506 582 aut
521 555 639 588 differas,
655 555 697 581 vel
713 554 822 581 invitum
839 557 865 580 te
879 552 984 580 trahere
998 557 1077 585 atque

283 600 427 635 expellere,
443 600 518 635 plebs
530 604 618 627 atttem
637 599 753 626 civitatis
767 601 964 629 commovetur;
981 596 1075 624 festina

283 648 351 674 clam
364 647 470 681 egredi,
485 654 518 674 ne
534 651 560 674 te
576 645 722 673 defendens
736 645 859 680 populus,
874 651 934 671 cum
949 642 1076 669 militibus

283 700 398 727 pugnant
413 692 572 719 committat.
590 691 663 718 Tunc
678 691 794 718 Joannes
815 698 874 717 cum
889 688 1013 724 lacrymis
1028 688 1077 715 ali-

283 746 349 773 quos
369 746 401 765 ex
426 738 558 773 episcopis
579 738 714 765 osculatus
730 736 857 773 (reliquos
871 736 941 763 enim
961 735 1076 762 osculari

284 791 335 811 non
359 784 464 811 sinebat
487 782 585 820 dolor),
609 783 668 811 vale
692 783 758 810 dixit
771 783 875 809 caeteris
890 782 916 808 in
937 781 1074 808 sacrario:

283 830 395 863 Manete,
412 831 543 865 inquiens,
559 830 603 856 hic
615 829 720 856 interim
733 849 741 862 ,
755 833 784 855 ut
797 828 931 863 profectus
941 827 1074 855 modieutn

283 876 428 911 quiescam.
440 876 575 910 Ingressus
587 882 675 903 autem
685 875 880 910 baptisterium,
892 873 1074 909 Olympiadem

284 928 371 955 vocat,
385 930 443 957 quae
455 922 488 948 ab
501 922 621 950 Ecclesia
636 929 687 949 non
702 920 864 952 discedebat,
882 920 959 947 simul
970 924 997 946 et
1007 919 1076 946 Pen-

283 969 381 996 ladiam
407 973 433 995 et
456 968 576 995 Proclam
602 967 776 1000 diacouissas,
803 971 831 993 et
853 965 980 993 Silvinam
1003 964 1074 991 beati

281 1015 400 1043 Nebridii
416 1021 541 1045 uxorem,
559 1021 619 1048 qua:
633 1013 786 1040 viduitatem
804 1019 878 1038 suam
893 1011 1032 1038 honestate
1044 1017 1075 1037 ac

282 1061 410 1088 modestia
424 1060 586 1091 decorabat;
602 1064 681 1094 atque
694 1059 733 1085 eis
744 1058 808 1085 dicit
821 1067 827 1084 2
842 1057 954 1089 Venite,
971 1064 986 1084 ο
1003 1056 1073 1090 filiae,

283 1106 371 1133 audite
385 1114 438 1133 me.
462 1105 526 1138 Qum
547 1104 579 1131 ad
596 1112 638 1131 me
651 1104 765 1130 attinent
777 1124 783 1134 ,
799 1103 876 1129 finem
895 1107 921 1129 ut
937 1102 1014 1130 video
1030 1103 1076 1128 ha-

283 1151 365 1178 bent:
379 1158 485 1178 cursum
507 1158 595 1177 meum
618 1149 814 1181 consummavi,
836 1152 864 1176 et
887 1148 956 1176 forte
974 1148 1075 1176 vultum

284 1204 374 1223 meum
396 1204 448 1222 non
471 1196 587 1230 amplius
609 1194 742 1222 videbitis.
766 1194 822 1221 Hoc
835 1201 916 1221 unum
931 1198 990 1226 est,
1006 1193 1076 1228 quod

284 1250 348 1277 rogo
360 1263 367 1274 ,
386 1250 420 1269 ne
434 1249 484 1275 qua
500 1246 618 1268 vestrum
631 1248 645 1267 a
661 1240 740 1269 solita
752 1248 815 1275 erga
834 1240 980 1268 Ecclesium
993 1240 1074 1267 bene-

285 1287 399 1314 volentia
419 1286 564 1319 avellatur;
589 1290 614 1313 et
627 1286 787 1321 quicumque
802 1285 936 1313 reluctans
950 1284 1030 1312 fuerit
1043 1284 1076 1312 ad

283 1333 479 1360 ordinationem
491 1331 635 1363 deductus.
650 1338 683 1359 ex
694 1337 826 1358 consensu
838 1330 968 1362 omnium,
983 1337 1034 1356 non
1050 1328 1076 1356 id

284 1379 420 1411 ambiens,
436 1379 460 1405 ei
476 1383 609 1413 tamquam
621 1377 718 1405 Joanui
735 1381 816 1412 caput
829 1381 947 1403 vestrum
961 1375 1075 1403 submit-

283 1426 329 1452 tite
347 1434 354 1452 :
373 1432 427 1452 non
440 1428 528 1459 potest
548 1423 619 1451 enim
642 1422 761 1450 Ecclesia
775 1430 835 1449 esse
857 1422 916 1449 sine
938 1422 1075 1456 episcopo.

283 1471 320 1497 Ita
336 1470 548 1498 misericordiam
560 1468 760 1504 consequamini
773 1488 781 1498 .
805 1472 832 1495 et
846 1475 979 1495 memores
990 1471 1076 1494 estote

283 1517 335 1543 mei
350 1516 375 1543 iu
390 1515 554 1543 orationibus
565 1515 673 1542 vestris.
696 1514 749 1541 Illa:
763 1513 888 1549 lacrymis
908 1512 1023 1548 perfusa:
1042 1512 1076 1539 ad

281 1562 339 1596 ejus
362 1562 444 1596 pedes
468 1560 688 1588 advolvebantur.
709 1559 784 1586 Tunc
806 1559 918 1586 innuens
933 1558 1038 1586 cuidam
1059 1565 1075 1586 e

282 1607 441 1634 venerandis
454 1606 618 1642 presbyteris
632 1606 688 1633 ait:
704 1605 780 1633 Tolle
790 1612 836 1632 cas
851 1605 923 1637 hinc,
941 1612 974 1631 ne
990 1611 1075 1639 popu-

282 1650 336 1679 lum
351 1651 516 1685 perturbent.
540 1651 585 1678 Sic
607 1651 685 1685 igitur
704 1650 841 1685 paululum
863 1654 990 1682 retentae,
1013 1650 1076 1677 visa:

283 1701 345 1723 sunt
364 1696 545 1730 acquiescere.
566 1696 599 1723 Et
617 1696 656 1723 sic
678 1695 743 1723 abiit
755 1695 781 1722 in
799 1700 901 1729 partem
917 1695 1075 1722 orientalem

285 1742 364 1777 (nihil
370 1742 440 1769 enim
451 1741 520 1777 apud
530 1742 604 1768 illum
615 1746 672 1769 erat
682 1741 868 1775 occidentale).
878 1741 907 1767 in
918 1740 1075 1768 occidentali

282 1793 372 1816 autem
395 1793 470 1823 parte
481 1809 488 1820 ,
504 1788 547 1814 ubi
561 1791 602 1815 est
620 1795 742 1822 magnum
758 1786 885 1814 Ecclesia:
899 1786 1057 1814 vestibulum
1067 1807 1073 1819 ,

281 1835 429 1869 jumentum
452 1834 494 1861 cui
507 1833 609 1861 solebat
623 1833 741 1861 Joannes
764 1832 900 1863 insidere,
920 1838 992 1860 stare
1014 1837 1076 1860 ante

284 1884 385 1914 portam
394 1880 474 1914 jussit
484 1900 490 1911 ,
513 1884 541 1906 ut
555 1879 681 1914 populum
694 1886 725 1906 ea
738 1886 772 1906 ex
787 1883 862 1913 parte
875 1882 1075 1913 exspectantem

283 1926 331 1952 abs
345 1932 373 1952 se
385 1924 542 1952 dimoveret.
558 1923 616 1952 Una
638 1931 699 1951 cum
718 1931 751 1951 eo
765 1930 889 1958 egressus
911 1928 952 1951 est
967 1924 1076 1958 angelus

285 1972 428 2005 Ecclesiae,
451 1972 621 1999 solitudinem
645 1972 773 1999 Ecclesia:
793 1979 846 1998 non
872 1971 976 2004 ferens,
997 1978 1075 2005 quam

284 2018 447 2052 principatus
460 2025 573 2052 nequam
594 2022 621 2045 et
637 2022 781 2051 potestates
800 2017 936 2048 fecerant,
959 2018 1075 2051 speciem

284 2063 379 2090 theatri
405 2063 572 2097 iuiquitatum
602 2063 770 2090 exhibentes.
794 2062 859 2089 Erat
880 2062 974 2094 enim,
1000 2066 1029 2088 ut
1050 2062 1075 2088 in

285 2108 399 2140 theatro,
416 2108 508 2135 sibilus
525 2108 669 2143 impiorum
690 2108 890 2142 explodentium
914 2112 941 2134 et
963 2107 1077 2134 irriden-

287 2156 362 2187 tium,
379 2155 530 2182 Jud;ct;rutn
546 2164 576 2182 ac
592 2156 728 2189 gentilium
743 2154 885 2181 immodice
899 2153 1075 2181 deridentium

286 2210 316 2228 ac,
330 2203 549 2229 subsannautittm
568 2210 573 2226 :
599 2207 625 2228 ut
649 2207 736 2227 autem
760 2201 785 2227 iu
808 2208 915 2227 carcere
927 2221 933 2232 ,
949 2198 1033 2234 piagrc
1051 2204 1077 2227 ct

286 2250 310 2276 in
327 2250 425 2275 \‘isCt‘l‘il
444 2248 503 2275 illisi
515 2248 646 2274 cruciatus
662 2256 675 2274 τι
691 2247 827 2279 militibus,
842 2246 994 2273 etomnium
1007 2254 1077 2273 men-

286 2296 320 2322 tis
333 2295 428 2321 virium
444 2294 580 2326 distentio,
597 2301 656 2320 Cum
672 2293 706 2319 ob
720 2293 837 2319 ablatum
849 2291 986 2318 doctorem
998 2311 1005 2323 ,
1022 2296 1075 2318 tttm

285 2342 319 2366 ob
334 2341 525 2375 blasphemiam
549 2341 574 2366 in
592 2340 683 2366 Deum.
708 2338 757 2365 Ubi
773 2338 843 2365 enim
859 2342 1027 2372 peccatorum
1048 2337 1077 2364 fit

287 2386 407 2412 remissio
418 2407 424 2416 ,
447 2386 481 2411 ibi
495 2385 629 2419 sanguinis
645 2384 723 2410 [iebat
745 2383 848 2416 eJTusio.
864 2383 929 2410 Post
943 2382 1014 2409 illam
1029 2390 1073 2410 au-

288 2436 340 2457 tem
362 2431 563 2458 inenarrabilem
589 2436 666 2465 atque
689 2431 899 2464 inexplicabilem
918 2428 1075 2466 caliginem,

288 2478 393 2504 ﬂamma
409 2486 423 2504 c
438 2478 522 2504 media
539 2478 601 2504 sede
616 2478 640 2504 in
657 2487 706 2512 qua
720 2480 819 2506 solebat
828 2479 945 2507 Joannes
960 2480 1056 2508 sedens
1068 2501 1075 2514 ,

289 2526 368 2552 \‘uiuli
383 2525 469 2552 medio
483 2525 508 2551 in
523 2533 633 2560 corpore
647 2534 702 2558 cor,
719 2526 845 2554 membris
858 2527 962 2554 emtcris
973 2527 1076 2554 Domini

288 2573 390 2606 eloquia
414 2572 579 2605 interpretari
593 2592 599 2602 ,
625 2572 679 2598 visa
696 2572 767 2599 verbi
790 2572 836 2599 Dei
851 2573 1021 2607 interpretem
1036 2580 1078 2600 re-

287 2619 418 2653 quirebat,
434 2625 486 2651 quo
499 2625 551 2644 non
564 2617 670 2644 invento
686 2618 775 2644 sedem
791 2618 993 2653 depascebatur,
1009 2622 1036 2645 et
1050 2618 1077 2646 in

287 2666 370 2691 altum
390 2664 563 2690 arborescens
578 2671 626 2698 per
640 2668 747 2690 catenas
760 2664 792 2690 ad
812 2669 898 2691 tecum
917 2672 1001 2699 usque
1021 2672 1078 2691 ser-

287 2711 348 2744 psit,
365 2715 444 2745 atque
455 2711 552 2744 vipera:
564 2710 647 2736 instar
664 2714 755 2737 ventre
770 2717 867 2743 exeso,
883 2710 915 2737 ad
930 2711 1076 2745 posteriora

288 2757 390 2784 mdilicii
405 2757 522 2784 ecclesim
538 2756 679 2788 ferebatur,
705 2756 758 2782 Deo
776 2756 924 2783 mercedem
945 2756 1077 2790 injustitia:

290 2804 367 2830 Vciltli
388 2803 523 2831 definitam
547 2803 578 2830 ad
603 2803 627 2830 id
651 2811 756 2838 pteuam
774 2802 901 2830 reddente
913 2824 920 2837 ,
937 2803 968 2831 ad
984 2810 1075 2831 corre-

1133 139 1250 173 ptionem
1267 143 1294 166 et
1316 139 1524 168 admonitionem
1546 148 1639 169 eormr.
1652 142 1696 176 qui
1718 141 1838 169 nesciunt
1861 144 1918 171 resl-

1132 185 1234 218 piscerc
1247 186 1298 212 nisi
1309 184 1436 221 adspectu
1448 187 1579 214 malorum
1591 187 1718 214 divinitus
1728 187 1916 216 immissorutn:

1131 238 1184 258 non
1199 231 1285 258 solum
1300 237 1390 259 autem
1405 240 1463 259 eam
1479 233 1514 259 ob
1528 240 1647 266 causam,
1664 234 1711 261 sed
1732 238 1760 261 ut
1775 235 1837 261 ferae
1855 235 1917 262 illius

1130 277 1229 312 Synodi
1245 284 1446 305 monumentum
1467 279 1640 315 relinqueret.
1666 280 1721 307 Nec
1735 280 1761 307 id
1777 281 1871 308 mirum
1888 282 1930 309 de-

1130 323 1261 356 ecelesia,
1285 331 1345 350 cum
1370 324 1498 351 Senatum
1523 325 1567 359 qui
1594 324 1665 359 apud
1686 330 1793 353 exteros
1816 326 1916 357 dicitur,

1131 369 1220 397 multis
1234 370 1357 404 passibus
1371 370 1491 397 dissitum
1507 378 1539 398 ex
1552 371 1665 399 adverso
1680 372 1800 399 ecclesia:
1822 373 1854 400 ad
1868 381 1918 400 tne-

1130 415 1325 451 ridiem,ignis
1349 416 1394 444 ille
1419 417 1586 452 interjectam
1613 418 1701 453 populi
1726 419 1916 447 multitudinem

1130 461 1217 495 pontis
1228 461 1311 488 instar
1324 462 1459 496 sapienter
1471 467 1686 498 prmtcrgressus,
1699 465 1915 498 pessumdedcrit,

1130 514 1183 533 non
1199 506 1271 541 prius
1282 512 1382 541 partem
1398 508 1518 535 ecclesun
1531 509 1656 541 vicinam,
1674 517 1707 536 ne
1719 510 1844 537 damnum
1859 511 1916 538 illud

1130 552 1256 579 vicinitati
1270 552 1483 580 adscriberemus
1496 561 1502 586 ;
1516 554 1561 581 sed
1574 559 1675 588 partetn
1691 556 1788 590 palatio
1803 556 1916 591 Impera-

1130 602 1216 625 torum
1239 598 1404 633 proximam,
1427 604 1455 627 ut
1475 600 1514 627 rei
1537 601 1693 629 miraculum
1716 603 1852 637 sapienter
1866 604 1888 630 id
1903 613 1916 631 a

1131 642 1187 670 Deo
1209 643 1308 670 factum
1328 651 1388 671 esse
1411 645 1545 678 probaret.
1570 645 1666 673 Videre
1686 647 1757 674 enim
1776 653 1835 675 erat
1853 649 1917 676 inter

1129 688 1196 716 duos
1210 689 1301 724 igneos
1316 695 1421 717 montes
1433 711 1440 724 ,
1456 691 1554 719 illaesos
1575 692 1687 726 populos
1702 692 1735 719 ad
1750 701 1797 721 sua
1817 695 1915 728 negotia

1129 741 1319 764 commeantes.
1337 736 1365 764 In
1384 736 1454 764 hunc
1471 737 1550 772 igitur
1571 738 1677 765 modum
1693 739 1760 774 ignis
1773 740 1915 768 circumro-

1131 781 1188 808 lans
1203 786 1229 809 et
1245 782 1346 810 undans
1362 788 1485 818 tanquam
1507 792 1580 811 mare
1600 784 1715 812 violento
1736 791 1827 813 austro
1838 787 1916 821 jacta-

1129 831 1195 860 tum,
1211 827 1292 854 veluti
1305 828 1380 863 signo
1394 829 1459 856 dato
1478 830 1650 864 progrediens
1663 852 1670 864 ,
1689 830 1791 858 vicinas
1805 832 1917 859 circnm-

1129 880 1232 907 quaque
1243 873 1315 900 aedes
1325 874 1391 901 citra
1401 874 1542 902 discrimen
1554 876 1691 910 corripuit,
1702 880 1729 903 et
1740 877 1787 904 soli
1802 877 1918 905 mdicula:

1129 918 1155 944 in
1170 926 1220 953 qua
1236 926 1372 946 sacrorum
1389 927 1512 947 vasorum
1528 921 1644 955 reposita
1658 927 1715 948 erat
1727 923 1813 957 copia,
1831 932 1918 958 βουθυ-

1130 964 1166 990 cit
1181 973 1187 990 :
1210 972 1303 991 aurum
1319 972 1371 992 non
1396 966 1524 992 reveritus
1541 972 1588 993 aut
1608 967 1735 1001 reliquam
1757 969 1858 1003 argenti
1873 977 1917 996 su-

1130 1010 1288 1044 pellectilem
1300 1032 1306 1043 ,
1324 1011 1371 1038 sed
1386 1016 1414 1038 ut
1429 1020 1462 1039 tte
1473 1011 1558 1039 locum
1583 1013 1727 1040 mentiendi
1747 1014 1920 1042 calumniato-

1130 1056 1203 1084 ribus
1216 1056 1292 1084 daret
1306 1057 1432 1084 adversus
1445 1058 1564 1092 justum,
1581 1059 1656 1092 quasi
1672 1059 1728 1093 ipse
1744 1059 1918 1092 pulcherrima

1129 1102 1251 1137 quzedam
1264 1103 1313 1130 sibi
1325 1103 1496 1130 vindicasset.
1514 1103 1550 1130 lta
1565 1104 1630 1138 ignis
1647 1104 1759 1138 agitatus
1775 1109 1919 1133 retrorsum

1130 1155 1158 1175 se
1174 1148 1337 1181 reﬂectebat,
1351 1150 1547 1184 perverstigaus
1560 1149 1687 1176 invidiam
1702 1158 1794 1177 eorum
1807 1152 1851 1185 qui
1864 1151 1919 1178 hinc

1131 1198 1316 1229 perpetrarant
1329 1194 1363 1222 ad
1376 1195 1562 1222 revincendam
1577 1195 1716 1230 Theophili
1732 1196 1875 1229 insaniam,
1893 1198 1919 1225 in

1130 1248 1163 1268 eo
1177 1240 1247 1275 quod
1264 1240 1300 1267 ob
1314 1248 1390 1268 sacra
1403 1248 1463 1267 vasa
1484 1240 1614 1268 Joannem
1629 1241 1740 1276 ejccisse
1760 1249 1790 1269 se
1809 1244 1921 1270 commi.

1131 1286 1252 1314 niscitur.
1277 1287 1315 1313 Ac
1336 1286 1435 1314 nullius
1458 1286 1564 1321 quidem
1586 1287 1672 1314 anima
1689 1288 1769 1322 periit
1784 1288 1810 1315 in
1829 1289 1873 1315 tali
1890 1297 1921 1317 ac

1133 1337 1206 1359 tanto
1215 1331 1337 1364 tumultu,
1351 1339 1403 1359 non
1413 1331 1539 1365 hominis,
1551 1340 1605 1359 non
1615 1333 1756 1360 animantis
1773 1342 1779 1359 :
1792 1338 1920 1361 caeterum

1131 1377 1223 1404 sordes
1238 1377 1273 1405 ibi
1288 1377 1401 1405 sceleste
1410 1378 1625 1405 conversantium
1639 1378 1705 1413 ignis
1720 1379 1816 1406 virtute
1826 1379 1921 1407 ablue-

1132 1423 1228 1450 bantur
1241 1423 1274 1450 ab
1290 1423 1353 1450 hora
1369 1427 1442 1451 sexta
1456 1423 1489 1450 ad
1503 1431 1599 1451 nonam
1611 1445 1619 1458 ,
1633 1424 1717 1451 tribus
1732 1424 1834 1452 diurnis
1848 1425 1921 1454 horis

1131 1469 1274 1496 multorum
1288 1476 1417 1496 annorum
1430 1477 1512 1503 opere
1525 1469 1623 1497 deleto.
1737 1464 1744 1469 ’

1165 1514 1229 1542 Car.
1253 1522 1334 1541 XL—
1348 1515 1422 1542 Duc.
1445 1515 1476 1542 Et
1490 1515 1546 1542 litec
1558 1515 1621 1542 dum
1644 1516 1748 1550 fierent,
1769 1515 1859 1551 Pater,
1876 1518 1923 1545 ubi

1131 1561 1237 1589 tandem
1264 1566 1321 1589 erat
1343 1561 1435 1589 beatus
1458 1561 1573 1589 Joannes
1596 1566 1641 1589 aut
1666 1563 1759 1598 reliqui
1783 1564 1922 1599 episcopi?

1131 1607 1219 1635 Ense.
1232 1607 1354 1642 Episcopi
1367 1607 1473 1642 quidem
1488 1608 1592 1642 reliqui,
1604 1608 1648 1635 alii
1662 1608 1756 1636 inclusi
1766 1608 1925 1637 detineban-

1132 1658 1183 1686 tur,
1199 1654 1243 1681 alii
1267 1653 1450 1687 trahebantur,
1473 1654 1518 1681 alii
1538 1659 1626 1682 autem
1647 1654 1818 1682 delituerunt.
1839 1655 1925 1682 Porro

1130 1699 1247 1727 Joannes
1272 1706 1323 1726 uua
1346 1707 1408 1726 cum
1428 1699 1540 1734 Cyriaco
1555 1703 1582 1726 et
1598 1699 1704 1734 Eulysio
1717 1700 1819 1727 vinetus
1837 1700 1863 1727 in
1879 1701 1926 1727 Εἰς

1132 1744 1222 1779 thynia
1244 1744 1410 1772 detinebatur
1431 1752 1446 1770 a
1468 1744 1585 1778 prmfecti
1601 1744 1737 1777 militibus,
1762 1745 1925 1780 supplicium

1131 1790 1313 1817 minitantibus
1325 1790 1359 1817 ob
1374 1790 1525 1817 incendium
1538 1790 1668 1817 ecclesiae.
1686 1790 1780 1817 Postea
1795 1791 1927 1825 Cyriacus

1131 1841 1158 1863 et
1173 1836 1295 1871 Eulysius
1309 1843 1368 1863 cum
1382 1836 1490 1871 reliquis
1501 1835 1604 1863 clericis
1619 1836 1698 1863 vincti
1714 1835 1829 1868 adducti,
1843 1841 1929 1871 atque

1131 1881 1286 1909 innocentes
1299 1881 1470 1916 pronuntiati,
1493 1881 1596 1908 dimissi
1609 1886 1680 1908 sunt.
1701 1882 1812 1909 Sanctus
1832 1887 1928 1909 autem

1131 1928 1256 1960 Joannes,
1266 1928 1299 1955 ad
1312 1928 1440 1963 reliquam
1457 1927 1579 1954 fiduciam
1592 1935 1643 1963 qua
1657 1935 1762 1962 semper
1771 1932 1849 1955 antea
1859 1937 1930 1956 usus

1131 1974 1227 2007 fuerat,
1240 1974 1307 2001 hanc
1322 1981 1427 2008 quoque
1443 1974 1560 2000 ultimam
1570 1973 1676 2007 adjecit,
1689 1973 1808 2000 scribens
1818 1973 1857 2000 eis
1867 1974 1903 2000 ha
1915 1981 1931 2001 c

1132 2020 1229 2046 verba:
1245 2019 1301 2046 Etsi
1316 2020 1343 2047 in
1356 2019 1415 2046 aliis
1436 2027 1488 2045 non
1510 2018 1620 2045 dedistis
1643 2018 1707 2045 mihi
1723 2018 1807 2045 locum
1830 2018 1933 2046 defen-

1132 2065 1224 2098 sionis,
1249 2065 1341 2092 saltem
1367 2065 1392 2092 in
1415 2064 1495 2092 rebus
1510 2064 1629 2091 ecclesia:
1650 2064 1752 2097 audiar,
1775 2072 1807 2090 an
1830 2071 1903 2091 auch
1919 2074 1933 2092 r

1132 2111 1191 2143 sim,
1208 2116 1236 2138 ut
1248 2111 1346 2143 dicitis,
1362 2110 1419 2145 ejus
1430 2109 1554 2137 incendii.
1571 2109 1607 2136 Ita
1620 2117 1654 2136 ne
1668 2110 1693 2136 in
1708 2117 1741 2136 eo
1755 2110 1861 2144 quidem
1878 2118 1935 2136 au—

1132 2156 1212 2188 ditus,
1229 2161 1308 2184 noctu
1321 2156 1419 2190 diuque
1432 2163 1480 2191 per
1495 2155 1593 2182 milites
1606 2155 1710 2182 ducitur
1732 2155 1757 2181 in
1771 2154 1925 2182 desertissi

1121 2211 1205 2231 .mum
1221 2203 1354 2230 Armeniae
1367 2202 1530 2237 oppidulum,
1542 2201 1662 2228 Cncusus
1678 2200 1703 2227 id
1718 2204 1768 2231 est,
1781 2200 1814 2227 ab
1826 2200 1936 2228 lsauris

1132 2250 1268 2282 obessum,
1296 2253 1326 2276 ut
1352 2248 1538 2275 trucidaretur.
1568 2248 1693 2274 Arsaeius
1716 2251 1816 2279 autem,
1843 2245 1933 2273 frater

1133 2295 1203 2322 beati
1218 2294 1343 2327 Nectarii,
1360 2294 1518 2321 substitutus
1534 2297 1575 2320 est
1589 2293 1614 2319 in
1634 2292 1721 2319 locum
1732 2291 1853 2323 Joannis,
1869 2300 1932 2318 rna-

1132 2341 1176 2376 gni
1190 2348 1325 2368 sacrorum
1340 2339 1501 2373 interpretis,
1517 2338 1597 2365 homo
1610 2338 1682 2372 pisce
1694 2337 1778 2372 magis
1788 2342 1892 2368 mutus,
1909 2344 1940 2365 et

1132 2395 1197 2414 rana
1222 2386 1302 2413 rebus
1325 2385 1435 2420 agendis
1450 2386 1537 2412 mintts
1553 2384 1673 2411 idoneus.
1688 2384 1837 2418 Aliquando
1853 2384 1941 2410 enim

1133 2437 1159 2460 et
1179 2432 1249 2459 actio
1272 2432 1328 2466 ipsa
1352 2431 1478 2466 loquitur,
1502 2437 1562 2457 cum
1584 2429 1708 2464 suiipsius
1728 2436 1807 2455 causa
1824 2428 1945 2456 bonum

1132 2486 1199 2513 opus
1214 2477 1310 2504 factum
1324 2476 1412 2504 fuerit.
1430 2476 1476 2503 ille
1491 2483 1549 2502 eum
1563 2475 1595 2501 ad
1607 2474 1805 2509 quatuordccim
1817 2481 1946 2501 menses

1133 2525 1213 2551 vitam
1228 2531 1302 2551 suam
1316 2521 1504 2558 protendisset,
1519 2525 1638 2547 mortuus
1652 2524 1702 2552 est,
1720 2519 1816 2546 violato
1835 2527 1890 2546 sun
1910 2520 1946 2547 in

1135 2570 1277 2606 Evangelia
1289 2569 1450 2604 juramento.
1467 2567 1570 2602 Quippe
1584 2567 1657 2594 fratri
1672 2574 1719 2594 suo
1738 2566 1860 2593 Nectario
1887 2565 1949 2599 ju—

1134 2621 1249 2650 raverat,
1258 2615 1356 2643 nullius
1365 2622 1487 2649 umquam
1498 2614 1665 2649 episcopatus
1675 2612 1868 2640 ordinationem
1882 2612 1950 2638 ad-

1133 2664 1276 2690 missurum
1288 2670 1327 2694 se,
1342 2660 1447 2696 quando
1460 2659 1597 2687 Nectarius
1610 2657 1782 2693 exprobravit
1795 2657 1844 2692 ipsi
1853 2657 1949 2689 quod

1133 2709 1263 2737 noluisset
1283 2707 1407 2735 Tarsensi
1428 2706 1555 2734 Ecclesiae
1577 2705 1687 2740 prmlici,
1710 2704 1785 2739 quasi
1809 2707 1946 2731 mortem

1135 2756 1217 2791 ipsius
1231 2755 1420 2790 specularetur.
1438 2753 1498 2780 Fuit
1520 2760 1598 2779 causa
1616 2751 1720 2786 perjurii
1739 2750 1849 2784 primum
1863 2750 1952 2782 qui-

1134 2803 1194 2829 dettl
1215 2808 1279 2828 vana
1301 2800 1392 2836 gloria,
1410 2805 1516 2834 propter
1537 2806 1614 2832 quam
1636 2796 1776 2828 ambit-bal,
1793 2799 1820 2822 ut
1833 2795 1866 2820 ita
1888 2794 1950 2824 di.
