2052 3113
170 139 205 166 37
687 137 728 165 DE
747 136 826 164 VlTA
845 135 873 163 S.
894 131 1033 162 JOANNIS
1052 130 1294 160 CHRYSOSTOMI.
1795 133 1829 160 δε

171 201 246 226 “mu
259 196 376 229 ηυιιιίαε
394 198 486 226 uxoris
501 197 589 225 fratris
603 196 658 229 sui;
683 195 778 223 deinde
794 193 878 229 pudor
893 191 980 219 incre-

170 240 314 274 pationunt
333 241 388 277 ipsi
405 251 423 271 a
437 244 516 272 fratre
529 241 682 279 prophetice
697 240 835 268 factarum.
851 238 917 266 Huic
931 239 982 265 Ar-

170 285 245 311 sacio
256 285 402 316 sufficitur
418 290 521 316 Atticus
534 297 549 316 e
565 287 737 323 presbyteris.
752 285 870 312 onmium
884 284 981 311 adver-

169 339 216 359 sus
240 331 385 360 Joannem
415 335 580 362 molitionum
605 333 714 360 artifex.
739 331 864 366 Quicum
880 330 980 357 videret

169 378 311 406 neminem
327 381 508 408 orientalium
524 381 708 416 episcoporum
723 386 812 407 secum
832 376 990 404 communi-'

167 432 241 457 care.
258 428 289 452 ct
304 434 340 453 ne
357 427 481 456 civitatis
492 427 600 462 quidem
613 426 750 461 populum,
760 429 868 460 propter
879 431 909 450 ea
921 431 980 457 qua:

167 474 223 497 tant
240 470 352 499 nefarie
379 478 463 508 atque
486 473 581 508 injuste
605 472 631 499 in
656 471 785 499 Joannem
801 470 834 497 ab
850 470 907 504 ipso
921 473 980 496 acta

168 519 245 542 erant
258 523 265 542 :
283 522 392 551 expers
403 526 464 545 cum
475 522 545 545 esset
556 525 689 545 sacrarum
701 516 907 550 Scripturarmn,
920 522 980 549 per-

166 560 230 589 fecit
246 567 276 588 ut
291 563 487 597 imperialibus
510 564 643 598 rescriptis
657 566 815 598 cogerentur
830 562 846 588 ii
859 562 902 596 qui
918 568 978 588 cum

167 608 227 641 ipso
252 615 312 634 nott
335 610 584 637 comumnicabant.
602 609 767 643 Rescriptum
783 612 871 634 autem
887 611 979 634 centra

165 653 333 687 episcopos,
352 655 426 682 tales
449 655 533 681 minas
549 654 679 681 habebat:
695 654 725 681 Si
737 654 792 688 quis
806 654 978 687 episcoporum

166 705 220 725 non
234 701 420 726 communicat
433 699 585 735 Theophila,
602 699 756 735 Porp/ryrio.
772 704 794 725 ct
814 698 906 730 Attico,
930 698 980 724 Ec-

165 743 248 771 clesia
262 745 377 777 quidem
392 746 520 781 ejiciatur,
534 750 557 772 et
568 754 583 772 a
597 745 706 780 propriis
721 744 882 779 facultatibus
893 743 981 778 abiga-

167 795 220 816 mr.
240 790 315 817 Hinc
329 791 380 818 alii
396 792 441 826 qui
464 792 593 819 bonorum
615 798 697 818 onere
714 790 868 825 przegravati
892 794 978 821 erant.

165 835 252 862 etiam
269 836 356 862 inviti
370 844 432 863 cum
446 837 503 871 ipso
513 836 705 863 communicant
724 844 731 862 :
746 835 789 862 alii
804 842 867 862 vero
881 843 981 869 paupe-

167 880 258 907 riores
274 886 304 908 et
320 881 352 908 in
369 881 423 909 fide
441 890 505 909 sana
525 881 694 912 infirmiores.
711 881 840 908 donorum
854 888 980 915 quorum-

167 925 231 953 dam
247 926 499 961 pollicitationibus
524 927 556 954 ad
580 927 792 954 communionem
811 926 980 953 adduceban-

169 975 235 999 tur:
249 971 300 999 alii
317 980 424 1006 genere
439 977 465 999 et
480 973 693 1007 possessionibus
707 976 734 999 et
747 972 829 1006 patria
845 975 871 998 et
888 979 981 998 corru-

169 1017 265 1052 ptibili
278 1017 374 1052 gloria
388 1022 469 1052 atque
482 1025 623 1052 corporum
635 1017 773 1044 vexatione
787 1017 895 1051 insuper
906 1016 980 1042 habi-

170 1063 217 1095 tis,
229 1063 321 1090 animi
335 1063 504 1091 nobilitatem
516 1063 577 1098 fuga
592 1063 784 1094 custodiebant.
797 1063 978 1097 evangelicum

170 1109 239 1137 illud
253 1110 281 1136 in
297 1110 433 1137 memoria
448 1110 587 1141 habentes.
605 1110 634 1136 Si
647 1117 690 1136 vos
702 1110 727 1135 in
750 1109 797 1135 hac
811 1109 909 1135 ciuitate
924 1117 981 1143 per-

170 1162 330 1189 sequantur,
350 1157 431 1192 fugite
452 1158 479 1183 in
501 1158 578 1184 aliam
601 1156 705 1192 (Matth.
731 1156 774 1184 10.
796 1156 901 1191 2-3):et
915 1155 978 1183 illttd

173 1201 392 1229 Provct'biorum
404 1203 454 1230 sibi
468 1202 596 1235 dicentes,
611 1201 671 1229 Non
686 1202 822 1236 proderunt
835 1201 981 1228 substantia:

174 1247 202 1274 in
217 1247 260 1274 dic
274 1248 325 1274 ira:
340 1248 433 1281 (Prov.
446 1249 489 1275 ll.
501 1247 538 1284 4).
554 1248 668 1275 Profecti
681 1247 724 1274 alii
735 1247 841 1282 quidem
855 1247 978 1280 Romam,

174 1292 220 1319 alii
239 1293 274 1320 ad
298 1300 415 1326 montes,
438 1294 482 1321 alii
500 1299 588 1322 autem
604 1294 629 1321 in
643 1298 791 1321 ascetarum
806 1293 978 1326 monasteria,

175 1346 191 1365 ι
202 1338 321 1367 Iudaica
334 1340 472 1374 iniquitate
483 1340 665 1368 servabantur.
680 1340 801 1367 Edictum
812 1347 876 1367 vero
886 1340 980 1368 adver-

176 1392 225 1411 sus
240 1384 329 1412 laicos
353 1386 410 1413 hare
433 1386 601 1413 continebat:
618 1385 668 1418 Qui
681 1386 707 1412 in
721 1385 883 1420 dignitatibus
898 1390 979 1413 essent

178 1431 328 1463 constituti,
345 1439 390 1458 suo
412 1431 507 1458 Itanore
530 1437 552 1458 et
574 1432 696 1467 dignitate
710 1431 865 1463 excederent,
889 1431 980 1458 milites

179 1476 316 1511 cingulum
330 1477 471 1503 ainitterent
481 1485 489 1503 :
500 1477 544 1504 rell
554 1485 596 1510 ,na
618 1476 686 1512 plebs
701 1482 774 1511 atque
794 1476 895 1511 Opi/ires
909 1476 980 1509 gravi

182 1522 241 1548 auri
256 1522 371 1558 pandere
384 1523 493 1555 inuitati.
509 1523 664 1554 subiacerent
686 1522 784 1549 exsilio.
805 1521 935 1549 Cmtcrnm
950 1525 979 1548 et

182 1567 241 1595 tunc
264 1568 379 1601 ﬂebant;
394 1573 421 1596 et
442 1576 535 1604 preces
547 1576 561 1595 a
578 1569 652 1595 bonis
667 1573 693 1596 et
709 1568 797 1602 probis
810 1575 903 1602 magna
917 1574 977 1594 cum

183 1613 360 1642 afﬂictatione
373 1614 423 1642 sub
436 1614 481 1642 dio
494 1614 698 1649 peragebantur,
713 1622 726 1640 a
741 1621 815 1641 more
829 1613 977 1642 Servatoris

185 1662 230 1695 qui
245 1662 323 1694 dixit,
338 1660 394 1696 Ego
409 1669 465 1688 sum
477 1661 517 1688 ria
532 1666 555 1688 et
570 1661 675 1693 ueritas;
691 1665 716 1688 et
730 1667 829 1692 rursus,
843 1660 978 1695 Conﬁditc:

185 1716 230 1743 (go
256 1707 304 1735 uici
327 1707 448 1734 mundum
463 1706 551 1743 (Joan.
565 1707 610 1735 Η.
623 1707 650 1735 6.
665 1712 687 1734 et
705 1706 746 1734 l6.
760 1707 817 1742 35).
833 1708 871 1735 Ac
885 1708 978 1735 beatus

141 1756 144 1757 '
186 1753 294 1788 quidem
308 1752 425 1780 Joannes
439 1752 533 1781 Cucusi
549 1757 667 1780 moratus
680 1760 777 1780 annum
791 1760 882 1785 unum,
897 1753 979 1787 pluri-

186 1806 246 1826 mos
265 1799 399 1826 Armenia:
416 1805 546 1833 pauperes
562 1798 642 1832 pavit.
664 1806 715 1825 non
731 1802 784 1825 tam
808 1805 884 1832 pane,
899 1805 977 1833 quam

187 1843 287 1872 verbo:
303 1844 435 1871 invaserat
450 1844 520 1871 enim
540 1851 587 1878 per
611 1843 636 1870 id
657 1847 761 1878 tempus
786 1851 879 1878 magna
895 1843 978 1871 fames

187 1890 324 1925 regionem
346 1890 428 1917 illam.
444 1890 510 1917 Cum
530 1894 618 1917 autem
633 1895 660 1917 et
675 1889 709 1917 ob
723 1890 748 1916 id
764 1889 813 1925 ipsi
832 1889 979 1917 inviderent

189 1935 225 1962 illi
249 1935 401 1968 fratricidm,
425 1935 579 1962 Arabissum
604 1943 665 1962 eum
694 1934 870 1966 lratnfcrunt.
898 1935 979 1962 variis

189 1980 373 2007 vexationibns
392 1980 573 2015 subjicientes,
589 1985 618 2007 ut
633 1981 711 2006 vitam
726 1980 831 2007 tandem
845 1980 980 2015 relinque-

191 2029 241 2052 ret.
257 2025 289 2053 Et
303 2025 357 2053 illic
371 2033 462 2052 rursus
476 2032 528 2052 non
549 2025 720 2053 mediocriter
734 2025 874 2052 virtutibus
889 2025 978 2059 splen-

191 2071 302 2099 descens
311 2072 376 2107 (non
392 2075 478 2106 potest
486 2071 557 2098 enim
570 2071 663 2098 civitas
675 2071 801 2098 abscondi
815 2078 894 2105 supra
904 2078 980 2097 mon-

192 2122 243 2145 tem
255 2118 350 2153 posita,
361 2125 446 2153 neque
458 2118 564 2145 lucerna
578 2117 717 2152 splendide
725 2117 815 2144 lucens
824 2117 911 2152 ligneo
922 2124 980 2144 mo-

192 2163 234 2190 dio
246 2164 360 2198 contegi)
373 2163 512 2195 excitavit,
527 2163 607 2190 veluti
621 2170 654 2190 ex
667 2162 820 2197 ignorantia:
831 2169 936 2194 somno,
946 2162 978 2189 ad

192 2209 319 2236 sermonis
334 2208 415 2236 divini
429 2209 514 2236 lucem
529 2216 561 2235 ex
576 2208 647 2235 omni
663 2208 748 2236 vicina
762 2208 869 2243 regione
879 2215 926 2235 eos
933 2207 978 2243 qui

192 2254 261 2289 gravi
276 2254 440 2281 infidelitatis
452 2261 548 2288 sopore
565 2253 685 2289 oppressi
699 2257 784 2281 erant.
802 2253 885 2281 Porro
899 2252 981 2280 veho-

192 2299 305 2327 mentius
326 2298 433 2327 invidia:
454 2298 560 2326 ﬂamma
578 2299 682 2326 accensi
702 2299 860 2327 Severianus
873 2303 900 2326 et
915 2299 981 2327 Por-

195 2344 302 2380 phyrius
316 2352 346 2372 ac
358 2345 465 2380 quidam
485 2344 529 2372 alii
543 2345 659 2380 episcopi
674 2345 768 2381 Syriar,
788 2349 816 2372 ut
834 2344 892 2378 ipse
908 2345 980 2373 illinc

195 2398 298 2427 quoque
318 2391 517 2423 transferretur.
541 2391 707 2419 moliuntur:
723 2399 782 2419 nam
808 2391 895 2428 gravis
917 2392 980 2428 ipsis

193 2441 249 2464 erat
259 2445 311 2464 non
324 2437 410 2465 solum
426 2437 452 2464 in
469 2437 602 2473 prosperis
614 2445 674 2473 qua:
689 2442 813 2472 putantur
827 2438 915 2470 rebus,
932 2437 979 2466 scd

194 2482 276 2510 multo
288 2483 372 2518 magis
387 2483 414 2511 in
429 2483 557 2511 adversis.
573 2483 732 2519 Ignorabant
744 2483 844 2512 scilicet
858 2484 981 2511 tentatio-

193 2537 255 2557 num
267 2534 399 2562 naturam.
414 2537 500 2565 neque
510 2530 685 2557 meminerant
697 2529 777 2557 divini
789 2529 821 2557 ad
831 2530 980 2565 apostolum

195 2577 220 2604 in
234 2576 424 2605 afﬂictionibus
434 2576 532 2604 oraculi
544 2585 550 2604 :
564 2576 661 2612 Sufﬁcit
671 2576 715 2603 tibi
727 2576 809 2612 gratia
818 2584 890 2609 nul;
904 2576 981 2603 virtus

193 2623 258 2649 uim
271 2630 326 2650 mea
336 2623 363 2650 in
373 2622 521 2657 inﬁrmitate
532 2621 660 2658 perﬁcitur
667 2621 696 2658 (2
706 2621 764 2648 Cor.
774 2621 816 2650 ιε.
830 2620 869 2657 9).
886 2621 982 2649 Viden-

195 2673 234 2696 tcs
254 2668 325 2696 enim
341 2667 535 2696 Antiochenam
554 2667 702 2696 Ecclesium
718 2667 743 2694 in
765 2667 918 2696 Armeniam
933 2667 984 2694 mi.

195 2721 292 2748 grasse,
302 2718 329 2742 et
340 2713 417 2741 illinc
424 2720 516 2741 rursus
524 2711 892 2748 Antiochiejucundissimam
903 2711 983 2740 Joan-

197 2759 236 2786 nis
243 2759 437 2795 philosophiam
447 2758 595 2795 pratdicari,
604 2758 731 2794 optabant
738 2759 778 2787 vel
790 2759 868 2787 vitam
877 2758 984 2786 abrum-

198 2813 270 2839 pere.
285 2806 328 2833 his
340 2805 536 2834 narrationibus
548 2805 628 2834 veluti
642 2805 730 2842 ﬂagris
740 2806 799 2834 torti
811 2814 817 2832 :
832 2803 983 2840 huiusmodi

196 2849 265 2878 enim
284 2855 325 2878 est
339 2851 470 2878 bonorum
490 2850 573 2880 hostis
586 2850 700 2878 invidia:
715 2850 782 2879 adeo
796 2856 824 2879 ut
836 2849 925 2878 clerici
938 2848 982 2884 qui

1039 196 1086 217 eos
1094 188 1282 224 sequebantur,
1295 195 1353 215 cum
1364 188 1387 215 id
1398 189 1526 223 viderent,
1535 190 1683 218 mirabundi
1691 190 1825 218 dicerent:

1037 234 1130 262 Videte
1143 239 1275 261 mortuum
1290 234 1445 268 terribilem,
1459 236 1533 263 vivos
1546 236 1711 272 victoresque
1725 241 1827 265 terren-

1037 285 1100 313 tem,
1121 284 1149 306 ut
1161 287 1257 314 pueros
1271 285 1370 308 terrent
1385 281 1476 308 larvas.
1491 282 1584 316 Papae!
1601 283 1618 309 ii
1632 283 1678 318 qui
1693 283 1828 311 saeculari-

1037 325 1086 352 bus
1100 325 1273 360 potestatibus
1292 331 1372 362 atque
1383 326 1572 355 ecclesiasticis
1585 328 1679 363 opibus
1698 329 1826 357 succincti

1035 375 1098 398 sunt
1112 378 1170 398 eum
1188 376 1319 406 potestate
1333 377 1359 400 et
1380 379 1440 399 cum
1460 381 1548 400 rerum
1563 373 1685 408 imperio,
1702 374 1826 402 sacerdo-

1037 419 1101 448 tem,
1117 416 1212 448 solum,
1236 421 1382 450 exterrent,
1405 424 1517 452 corpore
1539 419 1682 452 infirmum,
1705 419 1825 447 exsulem

1037 460 1131 488 timent
1145 466 1171 489 et
1184 462 1282 496 pallent
1302 462 1453 490 titubantes.
1473 463 1539 491 Cum
1557 464 1635 499 igitur
1650 473 1701 492 non
1718 472 1827 500 possent

1035 511 1148 545 amplius
1163 515 1314 546 serpentem
1330 518 1390 538 casa
1405 511 1538 539 conditum
1550 513 1675 545 retinere.
1691 513 1828 542 mittentes

1034 555 1067 582 ad
1081 555 1250 590 Comitatnm,
1267 565 1358 584 rursus
1373 557 1528 592 rescriptum
1541 559 1626 586 acrius
1634 560 1754 588 obtinent
1764 568 1826 588 cum

1036 601 1134 628 mnlcta
1145 611 1152 629 :
1165 603 1233 629 intra
1249 603 1329 630 breve
1345 608 1447 637 tempus
1470 608 1497 630 ut
1511 604 1699 632 transferretur
1718 605 1828 641 Pityunt-

1036 653 1099 681 tcm,
1122 649 1208 676 locum
1232 650 1347 685 regionis
1372 650 1520 677 'l‘zanorum
1545 651 1770 685 dcsertissimum,
1793 653 1826 679 ad

1035 693 1096 722 litus
1111 695 1211 722 Pontici
1226 696 1306 723 maris
1320 696 1410 723 situm.
1426 696 1521 723 Milites
1534 700 1621 724 autem
1633 697 1748 731 prtefecti
1758 705 1827 733 prac-

1036 741 1103 767 torio
1118 741 1161 775 qui
1177 749 1236 768 ettnt
1252 741 1394 775 ducebant,
1409 749 1455 776 per
1468 741 1535 768 viam
1548 750 1609 770 eum
1622 743 1735 770 maxime
1749 751 1827 778 urge-

1036 786 1108 817 bant.
1125 786 1242 814 dicentes
1259 787 1283 814 id
1300 787 1397 815 habere
1412 795 1440 815 se
1453 788 1477 814 in
1491 788 1635 820 mandatis;
1649 793 1793 824 tatnquam,
1803 790 1824 816 si

1035 837 1155 858 mortuus
1169 837 1240 858 esset
1252 832 1278 858 in
1289 833 1392 865 itinere,
1408 833 1439 859 ad
1454 834 1567 868 majores
1577 834 1674 868 gradus
1684 835 1822 862 eveheudi.

1037 877 1070 903 Et
1084 885 1151 905 unus
1164 878 1268 912 quidem
1284 887 1314 906 ex
1331 879 1362 906 iis
1373 880 1407 906 de
1419 880 1543 915 prmsenti
1564 881 1655 908 militia
1671 882 1758 909 minus
1772 883 1824 910 so!—

1035 923 1142 956 licitus,
1171 926 1291 953 nonnihil
1316 925 1486 954 humanitatis
1511 927 1706 961 quodammodo
1736 928 1823 956 furtim

1035 970 1191 997 ostendebat
1203 980 1209 997 :
1221 971 1289 998 alter
1308 977 1395 998 autem
1410 979 1493 1007 usque
1506 972 1573 1000 adeo
1587 973 1701 1000 crudelis
1713 979 1769 1002 erat
1781 979 1825 1001 at-

1035 1022 1086 1049 que
1100 1021 1186 1048 atrox.
1203 1021 1230 1042 ut
1246 1017 1384 1044 blanditias
1395 1025 1454 1052 qute
1467 1017 1517 1044 sibi
1528 1018 1562 1044 ab
1570 1019 1771 1047 occurrentibus
1780 1020 1826 1046 “(‘-

1035 1061 1107 1094 bant,
1120 1067 1145 1088 ut
1156 1067 1247 1088 sancto
1259 1068 1388 1096 parceret;
1400 1063 1658 1098 injuriasreputarcl,
1668 1065 1731 1092 illud
1743 1074 1823 1093 unum

1034 1115 1128 1134 mirans
1140 1112 1168 1134 nt
1181 1108 1247 1135 mala
1264 1113 1348 1136 morte
1359 1109 1473 1137 Joannes
1487 1116 1653 1138 enecaretur.
1668 1111 1733 1138 Cum
1751 1112 1822 1139 enim

1035 1153 1119 1180 imber
1134 1157 1204 1181 esset
1216 1153 1369 1185 vehemens,
1390 1155 1453 1181 nihil
1464 1163 1559 1182 curans
1573 1156 1766 1190 egrediebatur.
1788 1158 1823 1184 ἰιιι

1035 1203 1062 1225 υι
1074 1202 1099 1226 ct
1116 1206 1162 1233 per
1175 1199 1281 1226 dorsnnt
1296 1206 1321 1227 et
1338 1208 1384 1235 pcr
1398 1206 1488 1235 pectus
1508 1209 1635 1236 aquarum
1658 1203 1706 1229 rivi
1729 1203 1824 1231 decur~

1035 1250 1133 1272 rcrcnt.
1152 1245 1288 1280 lugentem
1302 1254 1394 1274 rursus
1407 1247 1471 1274 solis
1484 1253 1575 1274 a‘stunt
1595 1255 1642 1282 pro
1661 1248 1763 1276 deliciis
1776 1250 1798 1276 h:
1812 1265 1823 1268 —

1034 1291 1122 1322 bebat.
1140 1299 1200 1319 cum
1216 1297 1304 1320 nessct
1318 1301 1350 1319 co
1363 1293 1433 1321 beati
1448 1293 1559 1321 Joannis
1573 1299 1661 1328 caput.
1679 1295 1768 1323 Elismi
1783 1296 1823 1322 in-

1033 1343 1089 1365 star
1098 1338 1213 1372 calvum,
1229 1340 1330 1367 vexari.
1353 1340 1484 1367 C:ctcrum
1500 1341 1525 1367 in
1548 1341 1613 1368 urbe
1633 1345 1678 1368 aut
1701 1342 1758 1369 vico
1779 1342 1821 1369 ubi

1034 1385 1186 1412 balneorum
1200 1385 1323 1412 solatium
1337 1390 1403 1418 eral.
1417 1393 1450 1412 ne
1461 1391 1596 1413 momento
1611 1387 1717 1421 quidem
1731 1387 1821 1415 infelix

1033 1430 1078 1458 ille
1092 1431 1260 1465 permittebat
1274 1436 1393 1459 sanctum
1414 1433 1522 1459 morari.
1547 1432 1573 1458 lu
1590 1432 1632 1460 his
1651 1433 1774 1461 omnibus
1789 1435 1821 1461 ad

1034 1483 1138 1503 menses
1154 1481 1207 1503 tres
1220 1476 1404 1504 difficillimum
1427 1477 1490 1504 illud
1516 1478 1565 1505 iter
1583 1478 1682 1506 faciens
1702 1483 1819 1511 sanctus.

1034 1521 1113 1549 veluti
1135 1522 1210 1549 sidus
1233 1530 1375 1549 coruscans
1392 1523 1537 1557 perstabat,
1554 1523 1654 1551 habens
1674 1532 1820 1559 corpuscu—

1033 1568 1086 1595 lum
1103 1572 1131 1595 ut
1145 1575 1251 1603 pomum
1265 1568 1291 1595 in
1307 1569 1437 1603 supremis
1450 1570 1531 1596 ramis
1541 1577 1554 1596 a
1567 1569 1621 1596 sole
1633 1570 1739 1597 rubens.
1754 1570 1819 1598 Cum

1032 1618 1121 1641 autent
1136 1613 1261 1641 Comauis
1286 1614 1553 1649 appropinquassent,
1577 1616 1665 1650 pontis
1687 1615 1768 1643 instar
1789 1624 1821 1643 ca

1034 1660 1225 1695 pra-tergressi,
1241 1664 1315 1687 extra
1330 1667 1420 1687 muros
1444 1662 1470 1687 in
1492 1660 1618 1696 martyrio
1639 1661 1755 1696 quinque
1775 1668 1821 1688 aut

1033 1711 1079 1731 sex
1094 1704 1210 1731 millibus
1219 1704 1312 1732 dissito
1322 1709 1486 1732 tnanserunt.
1502 1705 1601 1733 Eadem
1617 1706 1672 1740 ipsa
1686 1711 1763 1733 nocte
1775 1714 1822 1741 ap-

1033 1749 1120 1784 paruit
1141 1750 1166 1777 ei
1190 1749 1241 1776 lori
1264 1750 1334 1777 illius
1349 1754 1458 1786 martyr,
1482 1751 1589 1777 nomine
1612 1751 1821 1786 Basiliscus,qui

1032 1795 1172 1829 episcopus
1186 1793 1365 1822 Comanorum
1381 1802 1440 1821 cum
1453 1801 1535 1828 esset,
1559 1797 1713 1832 martyrium
1729 1804 1821 1832 passus

1032 1845 1073 1868 cst
1086 1840 1245 1868 Nicomedim
1259 1842 1285 1868 in
1301 1841 1422 1878 Bithynia
1445 1843 1494 1869 sub
1515 1842 1667 1877 Maximino,
1695 1852 1745 1872 una
1760 1852 1821 1872 cum

1032 1887 1148 1915 Lueiano
1160 1888 1317 1923 presbytero
1325 1888 1500 1921 Antiocheam,
1511 1889 1602 1917 dicens
1613 1890 1711 1917 :lllacte
1721 1891 1820 1921 animo.

1033 1932 1115 1960 frater
1131 1933 1265 1961 Joannes:
1281 1934 1396 1961 crastina
1410 1935 1479 1961 enim
1495 1934 1538 1962 die
1555 1943 1606 1962 una
1627 1936 1736 1962 erimus.
1751 1936 1822 1963 Prm-

1033 1978 1137 2005 diverat
1149 1986 1266 2013 quoque,
1283 1983 1311 2006 ιιι
1325 1981 1408 2013 aiunt,
1424 1983 1451 2006 et
1466 1979 1501 2007 ibi
1526 1981 1691 2014 permanenti
1713 1982 1822 2017 presby-

1034 2031 1108 2051 tero:
1121 2024 1186 2051 l’ara
1200 2025 1286 2052 locutn
1309 2024 1382 2052 fratri
1405 2025 1515 2058 Joanui;
1529 2026 1600 2054 venit
1613 2027 1694 2054 enim.
1708 2027 1823 2055 Oracqu

1034 2071 1118 2099 fidens
1130 2071 1259 2104 Joannes,
1272 2072 1391 2107 sequenti
1405 2071 1449 2099 die
1469 2072 1555 2099 oravit
1574 2073 1671 2100 milites
1685 2078 1713 2101 ttt
1726 2073 1759 2101 ad
1775 2073 1824 2101 ho-

1032 2125 1089 2144 ram
1103 2117 1221 2152 quintam
1236 2125 1319 2152 usque
1333 2117 1367 2145 ibi
1379 2122 1574 2152 permanerent.
1587 2118 1625 2147 llli
1639 2127 1703 2147 vero
1715 2128 1768 2147 non
1777 2128 1823 2147 nn-

1033 2162 1094 2190 ditis
1102 2163 1159 2198 ejus
1172 2163 1304 2198 precibus.
1316 2163 1376 2191 inde
1384 2163 1583 2192 abscesserunt:
1593 2165 1720 2194 confectis
1733 2172 1823 2194 autem

1033 2209 1138 2236 circiter
1162 2209 1266 2244 triginta
1287 2209 1390 2241 stadiis.
1411 2216 1505 2236 rursus
1520 2209 1553 2236 ad
1574 2210 1728 2247 martyrium
1753 2212 1823 2239 unda

1033 2253 1210 2281 discesserant
1220 2254 1365 2286 redierunt,
1378 2261 1437 2281 cum
1448 2254 1564 2289 graviter
1574 2255 1618 2283 ille
1630 2263 1689 2284 sese
1702 2256 1822 2284 haberet.

1034 2298 1079 2327 Sic
1094 2299 1172 2334 igitur
1185 2307 1318 2332 reversus,
1333 2299 1460 2327 candidas
1471 2305 1568 2333 vestes,
1583 2300 1636 2328 vita
1648 2308 1727 2337 quam
1741 2301 1825 2330 dnxc-

1034 2350 1075 2373 rat
1086 2345 1191 2380 dignas.
1206 2345 1334 2380 requirit;
1348 2349 1496 2380 exutusque
1511 2346 1654 2381 prioribus,
1665 2354 1711 2374 eas
1724 2347 1824 2383 sibijc—

1031 2391 1112 2427 junus
1126 2391 1220 2424 induit,
1234 2391 1357 2418 omnibus
1369 2390 1402 2418 ad
1417 2390 1596 2418 calceameota
1611 2399 1693 2428 usque
1705 2394 1823 2424 mutatis;

1035 2442 1114 2473 atque
1123 2437 1238 2471 reliquas
1250 2436 1428 2472 przcsentibus
1441 2436 1585 2465 distribuit.
1602 2437 1635 2466 Et
1644 2439 1757 2474 sumptis
1772 2439 1824 2467 Do-

1036 2482 1140 2510 minicis
1156 2481 1294 2518 symbolis,
1307 2489 1395 2509 coram
1411 2481 1577 2511 adstantibus
1591 2483 1712 2512 ultimam
1726 2485 1826 2513 oratio-

1036 2536 1097 2556 nem
1112 2527 1191 2556 facit:
1207 2532 1233 2554 et
1246 2535 1305 2555 cum
1318 2527 1430 2556 dixisset
1441 2535 1516 2556 more
1525 2536 1585 2561 suo.
1602 2528 1691 2557 Gloria
1703 2529 1757 2558 Dec
1767 2539 1827 2567 prn-

1039 2578 1092 2608 pter
1104 2573 1198 2606 omnia,
1213 2577 1240 2600 et
1258 2573 1379 2601 ultimum
1401 2574 1486 2602 Amen
1508 2573 1685 2610 obsignassct.
1708 2576 1827 2604 extendit

1036 2619 1171 2654 speciosos
1185 2618 1277 2655 pedes,
1294 2619 1337 2655 qui
1351 2623 1526 2648 cucurrerunt
1548 2620 1580 2647 ad
1603 2620 1715 2648 salutem
1735 2628 1826 2649 eorum

1037 2665 1081 2700 qui
1095 2665 1231 2701 elegerant
1245 2665 1442 2701 pmnitenliam.
1457 2669 1485 2694 et
1496 2665 1530 2694 ad
1544 2666 1778 2702 reprehensionem
1797 2667 1828 2693 il-

1038 2711 1122 2738 lorum
1134 2710 1178 2746 qui
1193 2715 1301 2745 peccata
1314 2710 1423 2746 copiose
1441 2711 1622 2740 excoluerant.
1643 2711 1719 2747 Quod
1733 2712 1755 2740 si
1770 2712 1828 2747 ejus

1038 2756 1260 2791 reprehensiones
1275 2756 1341 2784 nihil
1354 2757 1484 2792 improbis
1498 2757 1664 2793 profuerunt,
1681 2764 1760 2785 causa
1776 2766 1828 2785 non

1038 2807 1079 2830 est
1091 2801 1260 2830 imbecillitas
1272 2801 1390 2830 doctoris
1410 2802 1494 2831 libere
1513 2803 1655 2838 loquentis,
1679 2803 1726 2831 sed
1741 2803 1828 2838 impu-

1040 2847 1129 2876 dentia
1146 2848 1293 2880 hominum,
1307 2847 1352 2882 qtti
1366 2854 1412 2875 eas
1427 2855 1479 2878 non
1497 2847 1689 2876 sustinuerunt.
1717 2850 1825 2884 Apposi-
1858 2882 1862 2888 _
