2024 3106
219 129 247 154 με,
813 114 970 142 ιιΑιιΑιιιι
993 113 1159 152 DlALOQUS
1806 114 1841 142 to

217 188 256 210 tus
271 183 304 209 ad
319 186 405 216 latr-es
420 188 492 212 suos,
508 184 533 207 et
546 178 647 212 abiecto
670 175 787 210 pulvere.
807 172 839 200 ad
860 171 993 200 Christum

217 227 332 259 transiit,
347 231 374 253 ut
386 227 510 261 scriptum
524 228 566 252 est
578 233 584 250 ι
597 222 686 249 Veniet
707 225 789 247 autent
809 218 844 245 ad
857 217 1000 253 sepulcrum

217 278 296 304 tuum,
310 277 435 306 tamquam
448 271 600 304 frumentarii
612 271 745 298 maturum,
759 264 825 299 quod
837 268 946 297 tempore
955 269 1000 288 suo

218 316 476 350 ntrtitnr:impiorttm
490 319 572 340 autem
593 311 685 338 animo:
701 311 841 336 immatura
866 311 1001 334 monentur

223 363 292 396 (Jub.
301 362 327 390 ε.
337 362 396 397 26).
409 361 492 388 Tanta
507 363 594 386 autem
608 355 749 384 multitudo
757 355 898 389 virginum,
910 359 1002 397 mona-

220 409 375 438 cltornm,et
385 406 428 441 qui
441 401 773 432 sanctitatistestimonium
787 399 928 429 habebant,
940 396 1002 423 adc-

219 458 259 480 rat
273 461 287 479 e
298 452 382 487 Syria,
393 449 494 483 Cilicia,
507 450 590 476 Ponto
604 452 683 481 atque
693 445 827 476 Armenia,
842 447 873 470 ut
885 442 1003 477 plerique

221 486 342 532 putarent
350 497 424 531 quasi
434 496 495 522 dato
504 494 579 528 signo
590 500 635 520 cos
648 491 797 518 advenisse.
811 486 1005 520 Pollinctusigi-

221 550 261 571 tur
272 543 303 570 ad
319 542 493 577 sepulturam,
505 545 532 567 et
542 539 607 566 l'esta
619 537 773 565 celebritate
784 534 950 565 honestatus,
961 539 1006 558 vc-

221 588 256 615 lut
271 589 355 615 victor
369 587 479 619 athleta,
495 592 544 612 una
561 591 621 611 cum
644 582 769 609 Basilisco
781 579 908 614 sepelitur
921 578 946 605 in
961 584 1006 605 eo-

222 635 282 662 dem
298 633 434 668 martyrio.

256 680 320 708 CAP.
342 688 384 706 χιι.
400 693 434 699 --
448 678 486 705 Ad
503 677 560 704 [nec
573 675 730 703 Theodorus
750 673 870 705 miratus,
893 671 1006 698 interro-

222 727 310 761 gabat,
324 726 466 760 Scriptum:
481 724 568 751 verbis
582 729 645 749 usus
657 730 663 748 :
677 721 742 748 Cum
755 720 882 754 scriptum
896 718 939 749 sit,
955 717 1009 743 aie-

224 775 277 805 bat,
292 772 352 799 Non
367 770 492 798 aberrabis
504 777 520 796 ιι
534 768 676 795 narratione
687 767 833 797 seniorum;
853 772 910 791 nam
925 768 946 790 et
961 763 1009 797 ipsi

224 827 239 845 ιι
254 818 365 853 patribus
379 816 517 843 didicerunt
531 814 623 849 (Eccli.
637 813 665 845 8,
681 811 709 847 9)
724 821 730 838 :
745 812 787 838 die
800 810 874 838 nobis
890 809 1010 836 lubenter

226 870 285 898 qua:
298 869 376 889 causa
393 860 481 891 fuerit.
497 867 544 886 cur
555 859 627 886 solus
641 858 684 884 ille
694 857 782 884 cibum
798 858 924 887 sumeret,
939 858 964 881 et
976 861 1008 880 an

227 914 288 934 vere
301 906 382 938 solus,
404 910 431 933 ut
445 905 529 938 aiunt,
543 903 642 931 ederet.
657 903 745 929 Ense.
763 901 790 928 In
811 900 932 928 confesso
953 899 1011 933 qni-

225 951 287 979 dem
300 955 340 978 est
359 949 429 984 quod
451 949 523 976 solus
535 948 643 975 ederet:
659 946 704 973 sed
725 945 832 978 nollem,
848 943 1011 979 lepidissime

226 995 374 1028 Theodore,
390 1002 449 1029 qua:
463 997 525 1021 sunt
540 993 692 1028 gulosorum
706 990 844 1018 infantium
857 989 1011 1024 quaesivisse

228 1048 262 1069 te.
276 1042 322 1070 Vir
333 1041 404 1068 enim
417 1048 475 1068 enm
490 1040 536 1072 sis,
557 1038 673 1065 virorum
691 1037 801 1063 virtutes
815 1035 953 1070 exquirere
966 1033 1013 1061 de-

227 1089 274 1115 bes
288 1096 294 1113 :
309 1086 531 1122 quemadmodum
546 1088 617 1111 esset
630 1082 788 1117 intrepidus,
803 1080 887 1115 qualis
903 1084 972 1107 esset
986 1079 1012 1106 in

229 1133 353 1166 pecuniis,
370 1132 396 1159 in
413 1129 598 1165 temperantia,
610 1129 636 1156 in
651 1126 854 1155 mansuetudine
868 1124 1012 1160 etjustitia,

228 1178 254 1205 in
275 1178 454 1212 eleemosyna,
470 1175 610 1211 prudentia
625 1178 704 1208 atque
718 1171 881 1203 fortitudine,
900 1171 928 1198 in
947 1170 1013 1198 obli-

228 1224 305 1250 vione
326 1222 368 1249 vel
389 1221 525 1248 memoria.
546 1219 603 1247 Non
625 1219 694 1245 enim
709 1217 785 1245 cibus
804 1217 857 1244 Deo
877 1223 925 1243 nos
939 1223 1013 1242 com-

230 1267 345 1298 mendat,
362 1274 446 1301 neque
468 1266 489 1292 si
503 1265 648 1297 oderimus,
668 1271 754 1298 neque
767 1263 789 1289 si
803 1270 855 1291 non
869 1262 1013 1293 oderimus,

230 1313 276 1341 sed
298 1312 413 1347 cognitio
427 1319 486 1338 cum
509 1311 612 1338 actione
634 1317 756 1344 operans.
781 1308 840 1342 Ipse
859 1314 923 1335 vero
943 1307 1016 1334 solus

230 1357 335 1389 edebat,
347 1361 376 1385 ut
385 1364 418 1384 ex
437 1361 510 1391 parte
521 1356 592 1388 novi,
607 1355 653 1381 bas
663 1354 697 1381 ob
709 1361 813 1381 causas.
829 1353 945 1380 Primum
958 1351 1017 1386 qui-

231 1404 292 1430 dem
304 1403 391 1429 vinum
405 1410 456 1428 non
472 1401 576 1428 bibebat
589 1399 623 1426 ob
636 1399 729 1434 capitis
742 1399 868 1430 calorem,
885 1398 935 1425 nisi
948 1396 1017 1424 forte

233 1456 279 1483 per
293 1453 386 1475 aestum
406 1454 515 1474 rosacco
537 1450 672 1473 uteretur:
687 1444 813 1475 secundo,
835 1443 896 1478 quia
917 1447 1017 1470 stoma-

232 1493 298 1521 clms
311 1494 366 1528 ejus
377 1493 411 1520 ob
424 1492 564 1528 quamdam
577 1490 756 1518 infirmitatem
773 1488 936 1516 inordinatus
950 1492 1016 1520 erat,

234 1541 271 1566 ita
286 1543 315 1566 ιιι
328 1539 413 1566 edulia
434 1538 501 1565 bene
514 1541 659 1572 prmparata
679 1535 729 1569 ipsi
744 1534 884 1569 injucunda
899 1533 1020 1561 videren-

234 1591 285 1617 tur,
310 1589 337 1612 et
357 1584 504 1618 requireret
528 1582 579 1608 alia
603 1589 662 1617 qua:
686 1588 739 1607 non
760 1580 894 1607 adessent.
921 1578 1020 1606 Deinde

237 1628 377 1663 aliquando
397 1628 477 1655 edere
492 1627 707 1658 obliviscebatur,
728 1624 762 1652 ad
779 1632 916 1659 vesperam
938 1631 1021 1658 usque

235 1674 377 1706 dill'erens;
394 1673 487 1707 partim
502 1672 573 1699 curis
589 1670 776 1699 ecclesiasticis
790 1674 942 1705 occupatus,
960 1676 1020 1703 par-

237 1719 282 1745 tim
297 1717 398 1745 divinis
414 1715 682 1750 contemplationibus
696 1714 854 1742 abstractus.
869 1712 1021 1742 Contende-

240 1764 283 1789 bat
299 1762 371 1789 cnim
392 1765 420 1788 ut
442 1760 506 1787 nihil
520 1760 666 1787 divinarum
681 1759 877 1794 Scripturarurn
898 1758 947 1785 sibi
972 1758 1021 1785 im-

238 1807 357 1842 pervium
376 1809 447 1834 esset
462 1813 468 1832 :
483 1804 543 1832 talia
565 1808 653 1832 autem
670 1808 716 1830 aut.
735 1803 859 1836 inediam,
881 1807 927 1830 aut
939 1803 1024 1830 levem

240 1853 328 1880 cibum
350 1856 449 1879 amant.
476 1851 559 1878 Porro
576 1857 634 1877 mos
661 1853 703 1878 est
724 1849 863 1882 convivis,
890 1848 940 1876 nisi
965 1849 1024 1883 quis

241 1906 302 1926 cum
329 1898 393 1933 ipsis
415 1896 510 1931 sudet,
532 1900 577 1924 aut
603 1895 720 1929 sorbeat,
744 1898 790 1922 aut
813 1894 946 1923 indecenti
970 1895 1026 1923 risu

241 1943 423 1976 cachinnetur,
451 1942 562 1971 summis
584 1941 673 1977 digitis
699 1939 815 1976 tepidum
839 1939 961 1975 poculum
979 1947 1027 1976 ge-

244 1995 333 2024 stans,
358 1996 459 2018 mensae
485 1988 637 2015 comitatem
666 1986 693 2014 in
716 1986 886 2014 maledictum
912 1992 1026 2014 vertere.

245 2035 286 2062 Ad
301 2041 430 2062 summam
447 2036 537 2062 autem
547 2052 555 2065 ,
574 2037 603 2060 ιιι
615 2036 677 2067 puto
687 2052 695 2065 ,
707 2036 734 2060 et
745 2031 833 2059 verius
843 2052 852 2065 ,
866 2031 943 2060 valde
965 2039 1028 2067 par-

243 2088 291 2107 cus
314 2084 372 2106 erat
390 2085 454 2115 erga
466 2078 591 2106 convivas
607 2077 754 2105 luxuriosos
768 2097 776 2109 ,
800 2077 968 2112 sacrilegium
985 2084 1028 2104 ra-

244 2129 286 2152 tus
307 2128 428 2158 sumptus
442 2123 486 2158 qui
511 2123 537 2150 in
551 2122 616 2149 tales
631 2121 740 2150 tierent:
753 2122 830 2149 simul
845 2126 872 2150 et
884 2122 1031 2150 teconomis

247 2169 351 2197 furandi
365 2168 518 2196 occasiones
536 2167 691 2202 pmcidens,
706 2175 740 2194 nc
757 2167 928 2203 decuplarent
948 2167 1031 2202 pretia

247 2215 419 2243 obsoniorum
438 2213 465 2241 ln
478 2213 613 2246 brevibus,
628 2213 800 2241 neceSsitates
815 2220 961 2248 pauperum
981 2213 1031 2241 sibi

248 2260 422 2287 vindicantes.
438 2259 567 2287 Praeterea
580 2258 692 2285 civitatis
704 2258 898 2286 multitudinem
910 2258 1034 2286 conside-

249 2314 321 2338 rans,
346 2305 461 2338 videbat,
484 2309 530 2332 aut
551 2312 646 2332 omnes
660 2304 803 2331 honoratos
823 2303 922 2332 debere
939 2311 969 2332 se
989 2304 1033 2332 tali

251 2353 351 2378 honore
369 2351 481 2386 dignari,
503 2355 529 2377 ιιι
545 2349 643 2377 Christi
662 2350 883 2383 dispensatorem,
905 2354 951 2377 aut
969 2350 1034 2378 nulli

251 2405 305 2423 rem
321 2397 390 2423 illam
409 2396 536 2430 praebere.
552 2395 706 2430 Respiciens
719 2402 822 2430 quoque
844 2400 870 2423 et
885 2395 917 2422 ad
937 2403 1034 2423 mensa:

252 2442 377 2469 tumultus
389 2441 456 2468 etad
467 2441 673 2476 magnitudinem
687 2441 864 2475 impensarum
880 2449 1033 2476 pauperum,

254 2487 391 2515 exhorruit
413 2494 468 2514 rem
496 2487 578 2520 illam,
601 2487 706 2521 lengnm
730 2487 880 2515 valedicens
908 2487 1038 2522 ejusmodi

256 2531 419 2565 maledictis;
435 2530 500 2558 illud
518 2531 551 2558 de
565 2532 674 2560 Actibus
686 2533 871 2567 Apostolorum
888 2533 937 2562 sibi
951 2534 1037 2561 sucei-

256 2587 321 2608 nens
335 2588 342 2606 ς
362 2578 415 2605 Viri
428 2580 529 2614 fratres,
549 2587 599 2606 non
620 2580 676 2607 licet
695 2580 766 2607 nobis
780 2581 922 2608 ministrare
937 2582 1037 2613 mensis,

257 2625 298 2654 sed
312 2625 492 2652 constituamus
505 2624 570 2651 uiros
583 2625 712 2660 religiosos
727 2626 760 2652 ad
772 2626 819 2652 hoc
832 2634 910 2661 opus;
925 2635 970 2654 nos
984 2635 1041 2653 vero

259 2679 371 2698 retentus
384 2670 557 2706 pradicationi
568 2675 591 2697 et
605 2671 712 2698 orationi
725 2670 791 2706 (Act.
807 2672 833 2700 6.
848 2673 874 2699 2.
892 2671 931 2707 4).
944 2672 1041 2706 Quem-

257 2717 397 2744 admodum
417 2717 488 2744 enim
503 2724 588 2752 equus
601 2717 737 2748 circensis.
754 2717 798 2752 qui
817 2718 929 2746 stadium
943 2718 1042 2746 decur-

258 2770 318 2790 rere
331 2763 442 2797 amplius
456 2771 507 2790 non
523 2767 620 2798 potest,
641 2763 673 2790 ad
689 2764 785 2792 molam
799 2765 941 2799 relegatur,
958 2765 1044 2793 inlini-

257 2816 313 2837 tum
338 2809 464 2836 circulum
488 2816 586 2844 gyrans
601 2817 606 2824 ·
621 2809 658 2837 sic
681 2809 712 2837 ad
736 2809 839 2838 virtutis
860 2818 996 2839 sermones
1011 2814 1045 2847 pi-

1054 179 1179 206 grescens
1200 171 1292 199 doctor
1312 179 1431 200 mensam
1453 171 1529 208 quasi
1554 172 1619 199 retia
1641 172 1673 199 ad
1695 173 1841 207 captandas

1055 217 1175 245 homines
1186 218 1325 252 prmlendit
1338 227 1344 245 :
1357 222 1435 252 atque
1448 218 1546 245 utinam
1557 217 1650 244 saltem
1662 217 1840 245 esurientibus

1054 267 1081 290 ct
1093 263 1198 298 egenis!
1214 263 1284 290 unde
1299 263 1361 290 licet
1375 263 1586 290 benedictionem
1602 263 1707 290 Domini
1722 263 1818 290 lucrari
1834 273 1839 290 :

1055 307 1172 340 Esurivi,
1190 312 1212 334 et
1235 308 1345 335 rationis
1366 308 1423 344 me(
1442 308 1534 335 Matth.
1547 308 1594 341 25,
1608 308 1665 343 55)
1686 317 1693 335 :
1717 308 1764 335 scd
1777 308 1843 335 solis

1056 354 1190 386 divitibus,
1213 360 1240 380 ut
1255 355 1324 381 bene
1343 354 1450 386 audiat,
1472 359 1517 382 aut
1536 355 1726 382 marceseibilis
1749 355 1841 389 gloria:

1056 406 1145 429 causa,
1167 403 1212 425 aut
1228 403 1255 425 ut
1270 398 1386 426 vicissim
1407 400 1440 426 ab
1461 399 1513 426 illis
1525 399 1658 432 invitetur,
1680 404 1724 426 aut
1741 400 1762 426 si
1777 399 1843 426 nihil

1057 444 1177 477 istorum,
1194 448 1283 471 utnon
1295 445 1363 471 male
1375 445 1481 478 audiat;
1497 445 1637 472 immemor
1650 445 1845 472 maledictionis

1059 490 1162 517 Domini
1187 490 1320 517 dicentis:
1342 490 1384 517 Var
1404 490 1482 523 vobis,
1504 499 1562 517 cum
1583 491 1650 518 vobis
1673 491 1844 518 benedixerint

1059 540 1142 558 omnes
1171 532 1283 558 homines
1305 531 1378 567 (an.
1396 532 1422 559 6.
1437 532 1493 567 26).
1516 533 1573 559 Non
1594 532 1670 562 dixit.
1699 532 1843 567 Panpcres,

1059 578 1116 611 sed,
1135 577 1265 605 Homines.
1280 578 1403 605 Similiter
1415 579 1479 605 enim
1494 578 1619 613 faciebant
1633 579 1705 614 falsis
1718 579 1846 614 prop/icti:

1060 628 1142 659 patres
1155 632 1251 651 eorum.
1272 623 1328 651 Non
1351 631 1499 658 qumramus
1521 624 1600 658 igitur
1620 629 1648 651 ut
1667 632 1741 650 vana:
1753 624 1847 658 gloria:

1060 669 1159 703 cupidi,
1180 677 1196 696 ο
1215 669 1364 702 Theodoro,
1389 669 1445 696 falsi
1469 669 1603 703 propheta:
1624 669 1746 704 gloriam.
1773 669 1847 696 Vrm't

1061 716 1126 742 enim
1139 715 1260 746 Joannes,
1278 723 1355 750 neque
1376 715 1531 742 mandttcanc
1553 724 1630 750 neque
1648 715 1741 747 bibens,
1763 715 1790 743 in
1803 717 1847 743 via

1058 760 1167 796 iustitia:
1177 769 1184 793 ς
1196 766 1218 788 et
1233 761 1329 793 dicunt,
1346 761 1503 788 Dtemonium
1514 761 1596 788 habet.
1616 761 1688 788 Venit
1702 762 1784 789 Filius
1799 763 1848 789 Iro-

1062 807 1136 833 minis
1148 807 1305 834 manducauit
1325 812 1348 834 et
1363 808 1455 839 bibens,
1476 813 1500 834 et
1518 808 1603 835 dicunt
1615 817 1624 834 :
1639 807 1704 834 Ecce
1716 808 1790 835 lamna
1805 817 1850 835 vo-

1055 860 1119 892 rax,
1143 856 1165 878 et
1177 852 1228 878 vini
1241 857 1324 886 potor,
1340 852 1530 887 publicanorum
1544 854 1639 880 amicus
1654 859 1676 880 et
1689 859 1850 888 peccatorum

1055 896 1169 932 '(Mattlt.
1184 898 1227 925 ιι.
1243 898 1286 925 18.
1299 898 1355 934 19).
1368 898 1443 925 υιΑο.
1458 898 1515 925 Non
1529 904 1556 925 ut
1569 899 1676 925 omnino
1691 899 1850 932 vitupz-rent,

1063 942 1163 976 optinte
1177 941 1265 976 Pater,
1285 947 1331 970 aut
1351 943 1466 970 inseeter
1488 944 1565 971 talem
1587 944 1647 970 vit-.c
1669 944 1851 976 severitatem,

1064 988 1132 1016 hanc
1156 988 1390 1024 interrogationem
1416 990 1560 1025 interposui
1582 994 1681 1017 exacta:
1705 991 1852 1018 narrationi

1065 1038 1135 1061 tute:
1152 1034 1267 1062 sciebam
1289 1035 1360 1062 cnim
1381 1040 1407 1062 et
1423 1043 1456 1062 ex
1477 1036 1531 1071 ipsa
1551 1035 1619 1063 fatim
1644 1041 1670 1062 et
1691 1045 1722 1063 ex
1745 1037 1854 1071 scriptis

1065 1079 1123 1114 ejus
1135 1087 1193 1114 qua:
1211 1079 1244 1106 ad
1260 1087 1307 1106 nos
1320 1085 1508 1114 pervenerunt,
1524 1085 1550 1107 et
1563 1088 1594 1107 ex
1610 1080 1725 1108 homiiiis
1739 1087 1783 1108 aut
1796 1083 1855 1116 epi-

1066 1124 1151 1156 stolis,
1173 1124 1221 1151 viri
1241 1125 1312 1152 illius
1334 1126 1497 1160 propositum
1512 1134 1518 1152 ε
1531 1126 1576 1153 sed
1594 1130 1623 1153 ut
1644 1126 1701 1160 ejus
1717 1127 1855 1161 proposito

1066 1175 1215 1205 comperto,
1226 1178 1282 1197 rem
1294 1171 1364 1197 illam
1378 1173 1528 1199 aemularer.
1543 1172 1607 1204 Quis
1618 1173 1687 1199 enim
1701 1173 1768 1199 adeo
1778 1174 1854 1200 omni

1067 1223 1098 1244 ex
1109 1220 1182 1250 parte
1197 1215 1309 1242 stolidus
1319 1220 1369 1249 est,
1384 1221 1413 1243 ut
1427 1217 1530 1251 ignoret
1541 1217 1625 1251 majus
1635 1225 1695 1244 esse
1708 1218 1856 1245 detrimen-

1067 1265 1122 1287 tum
1137 1268 1169 1287 ex
1183 1268 1273 1288 mensa
1285 1268 1363 1295 quam
1374 1261 1488 1294 lucrum,
1505 1262 1553 1288 nisi
1569 1270 1635 1297 opus
1650 1263 1684 1289 sit
1695 1263 1720 1289 in
1736 1264 1855 1290 necessi-

1068 1309 1122 1332 tate
1131 1309 1235 1334 sanctos
1248 1305 1361 1341 hospitio
1372 1307 1513 1342 excipere?
1524 1307 1610 1334 Ense.
1622 1308 1684 1335 Hice
1691 1314 1718 1335 et
1727 1316 1777 1343 ego
1787 1308 1853 1340 dixi,

1068 1351 1186 1379 veritatis
1200 1351 1381 1379 amantissime
1395 1352 1544 1385 Theodore,
1568 1360 1619 1379 non
1641 1359 1787 1380 extenuans
1801 1354 1856 1381 vir-

1070 1400 1151 1424 tutem
1168 1401 1270 1431 patrum
1284 1402 1447 1430 nostrorum,
1468 1398 1582 1425 maxime
1604 1398 1800 1432 hospitalitatis.
1816 1399 1856 1426 Et:

1070 1442 1211 1469 virtutibus
1228 1443 1299 1469 enim
1314 1443 1417 1470 caeteris
1427 1451 1486 1477 quae
1499 1443 1531 1470 ad
1545 1443 1669 1478 pietatem
1689 1444 1809 1477 tendunt,
1824 1453 1858 1472 ea

1070 1495 1121 1514 una
1140 1491 1181 1515 est
1201 1495 1336 1522 perquam
1356 1488 1456 1515 don-.ini
1478 1489 1645 1523 patriarchm,
1669 1490 1737 1517 alius
1749 1491 1858 1525 qualem

1070 1532 1237 1560 Servatorem
1253 1533 1333 1560 Deum
1347 1533 1483 1561 convivam
1497 1539 1588 1561 nactus
1602 1539 1653 1567 cst,
1669 1534 1736 1562 alter
1749 1536 1860 1570 angelos

1072 1577 1189 1612 hospites
1209 1578 1315 1611 habuit;
1338 1578 1406 1606 alius
1426 1580 1532 1613 quidem
1552 1579 1633 1606 lilium
1663 1580 1688 1606 in
1709 1585 1858 1614 senectute,

1073 1624 1140 1652 alter
1152 1631 1215 1652 vero
1229 1625 1340 1652 salutem
1353 1633 1368 1652 e
1379 1625 1501 1652 Sodomis
1514 1632 1575 1653 cum
1590 1625 1693 1653 ﬁliabus
1708 1626 1859 1654 mercedem

1074 1670 1161 1696 nacti:
1175 1669 1207 1697 de
1222 1670 1317 1705 quibus
1340 1675 1367 1697 et
1387 1671 1522 1705 apostolus
1544 1672 1590 1703 ait,
1614 1672 1732 1699 excitans
1756 1679 1805 1699 nos
1826 1672 1861 1700 ad

1075 1714 1259 1748 imitationem,
1277 1714 1464 1750 Hospitalitatis
1479 1724 1510 1744 ne
1527 1716 1708 1743 obliviscamini
1725 1725 1734 1743 :
1746 1725 1790 1752 per
1804 1725 1862 1744 eam

1075 1761 1141 1786 enim
1155 1760 1257 1796 quidam
1271 1761 1373 1796 angelos
1390 1761 1498 1796 hospitio
1512 1767 1657 1796 receperunt
1671 1762 1709 1789 vel
1725 1763 1863 1790 nesciente:

1077 1804 1167 1839 (Hebr.
1183 1806 1226 1833 i3.
1242 1806 1279 1842 2).
1294 1806 1403 1841 Oportet
1423 1812 1510 1834 autem
1533 1807 1664 1842 hospitum
1680 1812 1863 1842 suseeptorem

1076 1858 1104 1881 et
1116 1852 1279 1888 prudentiam
1301 1853 1432 1887 serpentis
1445 1853 1542 1881 habere
1562 1857 1589 1881 et
1608 1853 1803 1888 simplicitatem
1816 1861 1865 1881 co-

1077 1900 1184 1933 lumbte,
1198 1899 1300 1928 duobus
1316 1899 1419 1927 Domini
1436 1899 1513 1927 dictis
1527 1899 1754 1935 obtemperantem
1768 1908 1774 1926 :
1790 1899 1863 1933 huic,

1080 1945 1156 1973 Omni
1177 1945 1267 1980 petenti
1289 1949 1313 1972 te
1333 1944 1412 1972 tribue
1429 1944 1503 1981 (Lac.
1524 1944 1550 1972 6.
1575 1945 1639 1980 50);
1663 1948 1690 1971 et
1706 1944 1777 1977 huic,
1803 1943 1866 1971 Non

1080 1998 1178 2018 omnem
1191 1990 1314 2018 hominem
1328 1989 1443 2017 introduc
1462 1991 1488 2018 in
1509 1991 1611 2018 domum
1626 1996 1695 2017 tuam
1708 1989 1802 2026 (Eccli.
1818 1991 1863 2023 Η,

1080 2037 1138 2070 51),
1160 2043 1194 2064 ne
1212 2035 1304 2071 lupum
1325 2043 1373 2070 pro
1392 2043 1442 2062 ove
1462 2035 1614 2068 admittens,
1640 2041 1685 2064 aut
1706 2042 1797 2063 ursum
1818 2042 1867 2069 pro

1082 2081 1159 2113 bove,
1175 2081 1273 2109 damno
1285 2081 1386 2110 lucrum
1401 2086 1545 2116 permutes.
1567 2081 1655 2109 Primo
1675 2086 1764 2111 autem
1778 2083 1866 2111 locum

1083 2126 1195 2161 probare
1208 2126 1298 2159 debet,
1322 2126 1350 2155 in
1361 2134 1416 2161 quo
1431 2126 1591 2155 constitutus
1605 2131 1657 2159 est,
1678 2135 1711 2154 an
1733 2127 1865 2161 desertus,

1083 2179 1116 2201 an
1127 2172 1267 2207 frequens;
1279 2172 1375 2200 deinde
1386 2173 1520 2208 ingenium
1535 2181 1622 2206 suum,
1636 2181 1669 2200 an
1680 2174 1763 2208 ῃιιωῑι
1774 2173 1869 2201 absuro

1083 2217 1133 2245 dos
1155 2225 1243 2246 mores
1266 2218 1396 2251 tolerare;
1416 2223 1480 2246 tunc
1498 2217 1655 2253 dignoscere
1675 2219 1719 2253 qui
1739 2219 1870 2247 beneﬁcio

1085 2263 1153 2292 afﬁci
1168 2263 1256 2296 delun,
1277 2272 1310 2292 au
1323 2264 1397 2292 dives
1409 2265 1489 2292 sitan
1509 2272 1618 2299 pauper,
1633 2273 1666 2291 an
1683 2272 1763 2292 sanus
1777 2273 1811 2292 an
1827 2266 1870 2292 in-

1086 2310 1186 2341 tirmus,
1198 2317 1231 2337 an
1242 2309 1302 2337 cibo
1313 2314 1389 2344 egeat
1400 2318 1434 2337 an
1447 2310 1582 2338 vestibus:
1594 2310 1619 2337 in
1631 2311 1671 2337 bis
1681 2311 1751 2339 enim
1763 2316 1870 2341 actuosa

1087 2355 1267 2383 misericordia
1288 2360 1440 2389 occupatur.
1462 2355 1558 2383 Beatus
1573 2355 1643 2383 enim
1664 2356 1797 2382 Abraham
1818 2363 1873 2386 non

1087 2401 1219 2434 consules,
1241 2408 1294 2428 non
1308 2401 1398 2434 duces,
1415 2409 1468 2429 non
1484 2401 1663 2436 princellcntes
1678 2402 1756 2436 hujus
1775 2403 1872 2430 terreni

1089 2447 1177 2474 sa-culi
1192 2447 1262 2474 viros
1280 2446 1382 2480 excepit
1396 2446 1521 2482 hospitio,
1543 2447 1613 2481 apud
1628 2455 1694 2482 quos
1709 2453 1800 2476 essent
1814 2449 1873 2483 equi

1090 2499 1166 2519 (ulmo
1187 2496 1230 2519 aut
1257 2491 1331 2519 freno
1352 2497 1532 2524 coruscantes,
1550 2497 1596 2520 aut
1615 2496 1739 2520 sarabara
1760 2501 1815 2521 iere
1829 2501 1874 2521 so-

1091 2538 1179 2567 nantia
1194 2537 1326 2573 suporbiaa
1346 2538 1484 2572 strepitum
1505 2538 1538 2566 de
1557 2538 1634 2573 longe
1649 2539 1814 2571 eructantia;
1829 2539 1876 2567 Sed

1092 2584 1225 2611 desertum
1247 2584 1367 2612 habitans
1387 2585 1484 2616 lceum,
1499 2593 1531 2612 eo
1551 2585 1740 2615 convenientes
1759 2585 1876 2619 excipie-

1094 2631 1147 2657 bat.
1164 2629 1214 2663 Qui
1226 2634 1313 2658 autem
1329 2629 1460 2657 desertum
1477 2630 1633 2663 transibant.
1647 2635 1692 2659 aut
1703 2634 1810 2665 propter
1823 2630 1878 2657 vir-

1096 2680 1178 2703 tutem
1193 2675 1299 2704 adibant
1313 2675 1345 2702 ad
1364 2675 1548 2710 patriarcham,
1569 2680 1615 2703 aut
1627 2680 1735 2710 propter
1749 2674 1879 2703 mendici-

1096 2722 1215 2754 citatem,
1237 2729 1296 2756 qua:
1315 2721 1406 2749 ultima
1429 2726 1569 2756 paupertas
1583 2726 1635 2749 est.
1650 2721 1795 2755 Paupertas
1809 2721 1880 2748 enim

1098 2767 1214 2796 medium
1236 2770 1277 2794 est
1299 2767 1367 2795 inter
1380 2774 1519 2795 excessum
1532 2771 1559 2797 et
1573 2765 1704 2795 deiectum
1722 2773 1880 2795 :exceSSom

1099 2813 1204 2848 quidem
1218 2812 1378 2845 divitiarum,
1402 2811 1533 2839 defectum
1548 2819 1610 2839 vero
1632 2811 1818 2840 mendicitatis.
1843 2812 1880 2839 Si-
