2076 3112
268 135 303 162 ιδ
882 133 1040 164 mtuo"
1055 136 1224 166 DIALOGUS
1867 151 1902 180 tt

266 190 329 226 £0);
354 190 423 218 nihil
440 191 510 218 aliud
532 195 624 226 petens
646 191 672 218 in
691 192 809 218 oratione
824 198 902 226 quant
918 198 1013 226 panem
1029 197 1056 220 et

268 240 367 269 vestes,
393 234 484 263 dicens
496 245 503 263 :
520 236 552 264 Si
565 235 666 263 dederis
677 236 741 263 mihi
748 244 839 271 partem
851 237 885 263 ad
897 236 1021 264 edendtmt
1031 241 1056 264 ot

264 281 437 308 vestimentum
449 289 498 315 quo
511 281 620 316 operiar,
631 289 703 308 omne
715 281 782 316 quod
793 282 857 308 mihi
866 282 974 314 dederit,
988 282 1055 309 deci-

263 333 332 352 mam
345 333 377 352 ea:
389 333 418 352 eo
431 325 495 351 dabo
506 326 551 352 tibi
566 325 646 360 (Gen.
660 326 706 353 28.
722 325 786 362 20).
799 325 856 353 Non
867 327 942 359 dixit,
956 327 1053 354 Mensis

262 370 423 404 impendam.
440 370 486 397 Dei
501 371 632 404 interpres
646 375 672 398 et
687 371 771 400 ﬁdelis
787 372 831 399 ille
845 379 938 399 servus
950 372 1053 407 Moyses

261 415 333 450 quali
348 416 472 442 instructa
484 423 574 443 mensa
587 418 712 451 populum
722 418 890 453 congregavit
904 419 929 445 in
944 419 1052 445 monte?

261 467 327 494 quos
341 466 467 492 crateres,
481 468 539 495 qua;
556 461 646 495 pocula
663 462 794 491 habebat?
808 464 852 498 qui
863 467 964 499 petram
977 463 1050 498 virga

260 503 341 530 veluti
362 505 468 532 emulsit
488 505 522 533 ob
543 506 632 540 populi
653 506 845 540 inﬁdelitatem,
869 509 912 543 qui
926 514 1049 536 sexcenta

259 548 341 576 millia
361 549 496 576 hominum
523 551 639 585 regebat,
667 551 732 586 legis
753 552 853 580 tabulas
876 553 996 587 portabat
1016 553 1049 580 ad

258 593 470 621 etnendationetn
481 595 570 630 populi
582 603 589 621 :
603 603 636 622 an
649 596 750 631 phialas
761 597 919 631 perlucidas,
940 606 972 625 an
985 606 1048 633 por-

258 646 349 666 corum
361 640 474 672 sumina,
489 648 521 667 an
534 649 596 668 aves
607 641 744 672 Phasidos.
758 649 790 669 an
805 643 891 677 pisces
903 650 934 670 cx
945 644 1046 678 pelago,

257 693 291 712 an
305 686 393 713 vinum
415 687 575 721 pet-colatum
599 695 614 714 e
629 687 710 722 Tyro,
726 692 752 714 et
767 689 851 714 lautos
866 695 949 722 panes
963 696 1047 724 appo-

257 737 324 757 nens
337 731 367 757 iis
380 732 425 765 qui
441 731 655 764 instituebantur,
677 739 710 758 an
723 732 893 759 doctrinam?
909 733 983 760 Duc.
994 733 1046 760 Sed

257 775 427 809 respondebit
440 776 498 810 quis
509 776 554 803 tibi
567 775 599 803 ad
613 776 665 808 illa,
677 773 771 803 Pater:
784 777 814 804 Et
826 778 890 804 mihi
904 775 935 804 da
950 785 1045 804 manna

257 823 284 846 et
307 827 400 854 aquam
426 820 507 853 illam,
533 827 558 848 et
585 822 650 848 nihil
673 823 785 857 amplius
811 823 926 857 requiro.
955 823 1042 851 Ense.

255 865 353 900 Ecquis
373 865 418 892 ille
438 871 479 893 est
498 866 564 893 adeo
585 874 705 894 morosus
720 867 763 902 qui
785 867 894 901 spiritali
916 867 1044 895 doctrina:

256 917 353 937 matma
369 911 493 938 sensibile
515 912 663 946 liuramque
680 920 773 947 aquam
787 912 929 947 pra-ferat?
945 913 1043 941 Deinde

253 955 362 982 Samuel
376 956 464 990 populi
478 956 581 989 doctor,
593 958 636 991 qui
651 965 709 984 cum
726 958 815 992 viginti
829 959 944 992 quinque
958 966 1042 986 annos

252 1000 280 1026 in
295 999 449 1027 Armathem
462 1001 616 1035 quicvisset,
626 1009 701 1036 quem
716 1003 856 1036 aliquando
871 1010 972 1036 mensa,
989 1011 1040 1030 non

251 1048 339 1071 autem
354 1044 484 1078 doctrina,
512 1046 606 1073 avertit
628 1046 662 1073 ab
681 1047 777 1074 idolis?
793 1047 904 1080 Quando
916 1055 981 1075 vero
995 1055 1039 1075 rex

251 1089 328 1116 simul
353 1093 380 1116 et
413 1089 540 1124 propheta
565 1095 592 1118 et
617 1092 713 1125 psaltes
740 1092 879 1118 delicatam
914 1093 1040 1120 instruxit

250 1135 391 1161 mensam?
410 1135 452 1169 qui
467 1135 531 1161 dixit
545 1144 551 1161 ε
565 1135 677 1162 Cinerem
694 1141 821 1171 tantquam
836 1139 1040 1171 panemmandu-

249 1179 346 1212 tabam,
361 1185 383 1206 et
397 1185 483 1214 potum
501 1189 582 1206 meum
598 1189 654 1207 cum
669 1183 730 1215 ﬂetu
745 1182 971 1216 miscebnntU‘sal.
981 1185 1036 1211 iOI.

249 1223 305 1259 10).
326 1224 399 1251 Elias
413 1224 560 1257 Thesbites,
583 1225 738 1252 universalis
758 1227 848 1260 jcjunii
865 1232 968 1259 auctor,
992 1228 1037 1262 qui

248 1275 333 1295 annos
356 1273 410 1296 tres
428 1275 454 1295 et
468 1277 572 1296 nienses
590 1277 636 1296 sex
650 1271 762 1297 inediam
779 1271 931 1299 lurconibus
942 1278 1037 1306 pneter

248 1320 340 1340 eorum
352 1313 512 1341 voluntatem
526 1315 672 1349 appiravit,
695 1317 765 1350 quali
781 1324 872 1344 mensa
893 1325 907 1344 a
928 1322 1036 1352 peccato

247 1359 388 1387 liberavit?
407 1367 473 1394 quos
489 1365 576 1387 autem
595 1360 710 1388 habebat
721 1363 839 1396 coquos?
857 1371 946 1390 nonne
962 1364 1035 1391 corvi

246 1412 326 1440 opera
335 1406 514 1440 quotidianum
523 1407 668 1441 accipiebat
676 1416 769 1442 panem
780 1409 791 1434 Τ
806 1409 917 1443 Sapiens
933 1409 1032 1444 Daniel.

245 1454 272 1476 et
281 1449 428 1476 futurorum
441 1451 562 1477 oculatus
571 1452 656 1484 testis,
669 1460 720 1486 qua
733 1460 823 1479 mensa
837 1454 960 1488 Assyrios
971 1461 1032 1482 eru-

244 1494 326 1521 divit?
340 1502 427 1522 noune
446 1495 548 1529 jejunio
560 1499 586 1522 et
599 1496 720 1523 oratione
739 1497 880 1525 draconem
900 1498 1033 1526 interemit

243 1544 270 1566 et
284 1539 372 1567 Belem
394 1540 498 1573 evertit,
520 1540 678 1576 leonumque
693 1549 740 1569 ora
760 1543 903 1576 obturavit,
927 1548 954 1570 ct
975 1544 1031 1579 regi

243 1585 375 1619 persuasit
389 1589 417 1611 ut
429 1585 527 1619 patrios
538 1586 602 1613 deos
612 1587 765 1621 abnegaret,
780 1593 806 1615 et
819 1587 902 1616 Deum
915 1589 959 1623 qui
970 1597 1032 1617 vere

242 1633 284 1656 cst
296 1629 487 1657 conﬁteretur?
501 1630 602 1663 Quibus
613 1632 709 1665 epulis,
729 1633 824 1666 quibus
836 1633 954 1668 cupediis
968 1642 1032 1662 usus

243 1678 285 1701 est
294 1674 481 1708 prophetarum
494 1680 651 1703 cmtcrorum
667 1677 764 1704 chorus
778 1683 824 1704 aut
833 1679 1030 1713 apostolorum?

243 1727 332 1746 nonne
343 1725 418 1746 erant
431 1720 575 1748 doctores?
590 1729 678 1750 nonne
692 1723 755 1757 ipsis
769 1724 848 1751 totius
861 1725 952 1752 mundi
966 1733 1029 1753 cura

243 1764 394 1792 concredita
405 1765 506 1792 fuerat?
517 1774 605 1794 nonne
613 1767 716 1795 illorum
734 1775 825 1796 sumus
843 1772 1029 1799 successores?

242 1817 329 1837 annon
340 1818 431 1838 eorum
449 1811 596 1839 imitatores
610 1820 658 1840 nos
670 1821 730 1840 esse
745 1814 799 1841 vult
812 1815 964 1850 Scriptura?
978 1825 1025 1844 eo-

242 1863 300 1882 rum
322 1856 441 1883 moribus
455 1856 631 1889 adhaerentes,
656 1863 684 1885 ut
697 1858 795 1886 Paulus
808 1859 895 1893 docet,
917 1861 1026 1889 dicens:

243 1900 355 1932 Quorum
366 1901 487 1927 intuente:
497 1901 590 1928 exitum
598 1903 805 1936 conuersationis,
814 1904 945 1932 imitamini
951 1907 1028 1940 [idem

242 1945 333 1981 (Hebr.
349 1946 391 1972 15.
404 1947 443 1981 7).
458 1946 522 1980 Quae
537 1947 643 1974 bellaria
658 1948 770 1976 habebat
784 1951 810 1977 in
820 1950 927 1978 deserto
944 1953 1028 1986 pumi-

241 1992 330 2018 teutite
343 1996 430 2026 praeco
444 1992 560 2019 Joannes
575 1993 690 2028 Baptista
701 2015 708 2027 ,
732 1996 777 2030 qui
802 1996 834 2023 ad
853 2005 882 2024 se
901 1999 1027 2026 venienti-

240 2037 291 2064 bus
306 2045 358 2064 non
377 2038 455 2065 modo
469 2046 521 2065 non
537 2040 638 2073 paravit
652 2041 770 2075 prandia,
785 2043 833 2070 sed
846 2048 872 2070 et
886 2051 1026 2072 occursum

239 2082 326 2116 ipsum
353 2089 411 2109 cum
435 2083 615 2118 increpatione
640 2093 759 2114 amarum
791 2089 945 2123 praebebat?
968 2091 1026 2118 Non

240 2127 326 2154 solum
341 2128 411 2155 enim
434 2129 595 2163 inquinatam
609 2138 701 2159 eorum
719 2134 909 2162 conscientiam
932 2144 1025 2164 severo

240 2173 368 2207 adspectu
382 2174 525 2208 quatiebat,
535 2176 581 2202 sed
596 2181 622 2204 et
634 2177 690 2212 ipso
705 2178 805 2213 habitu,
820 2181 954 2215 nmitoque
970 2189 1026 2209 ma-

237 2219 278 2252 gis
290 2219 382 2252 verbo,
394 2219 577 2254 velutigladio,
591 2223 737 2250 animarum
749 2224 887 2253 abscessus
899 2227 1002 2254 secabat
1016 2237 1023 2254 :

239 2262 371 2290 Cenimina
391 2265 542 2299 viperarum,
564 2267 618 2301 qui:
633 2269 738 2295 ostendit
753 2270 820 2296 vobis
834 2271 920 2306 fugere
934 2280 950 2298 a
967 2280 1025 2300 ven-

237 2314 294 2335 tura
305 2309 364 2336 ira?
382 2309 470 2337 Facite
484 2311 560 2346 igitur
574 2312 672 2346 [ructus
685 2313 774 2348 dignos
784 2316 935 2349 poenitentia
948 2316 1021 2352 (Luc.

236 2354 262 2381 3.
279 2355 306 2382 7.
322 2354 348 2390 8)
373 2363 458 2390 neque
476 2357 526 2384 soli
551 2357 682 2392 baptismo
705 2359 858 2393 innitimiui,
885 2367 931 2388 aut
952 2364 1023 2397 quod

236 2399 300 2426 estis
312 2399 358 2427 ﬁlii
369 2401 491 2428 Abrahae.
505 2402 573 2435 Quid
583 2404 652 2430 enim
662 2404 779 2437 gentium
791 2404 894 2438 doctor,
907 2407 1022 2435 circum-

235 2445 343 2472 cisionis
356 2446 513 2480 destructor,
529 2451 557 2474 ut
567 2448 793 2476 circumcisionetn
808 2450 868 2478 ﬁdei
881 2453 1021 2488 stabiliret,

234 2497 281 2518 vas
288 2490 421 2519 electionis
428 2493 542 2520 Paulus?
554 2493 719 2521 inveniturne
728 2502 836 2529 prorsus
843 2505 932 2525 curam
940 2507 1022 2534 agens

235 2545 344 2571 mcnszc,
355 2539 399 2573 qui
413 2547 502 2567 rerum
515 2540 631 2567 omnium
643 2542 726 2576 magis
739 2550 816 2577 quam
828 2544 904 2580 hujus
918 2547 1021 2576 debitor

234 2588 301 2618 erat,
316 2589 343 2612 et
357 2585 470 2612 debebat
482 2590 583 2620 gentes,
606 2591 695 2621 utpote
709 2589 866 2624 incredulas,
886 2600 931 2627 per
945 2602 1020 2622 inen—

233 2637 290 2656 sam
302 2630 352 2657 sibi
370 2629 535 2665 adjungere?
549 2630 615 2664 Quid
636 2632 680 2659 ille
695 2634 785 2661 scribit
798 2635 947 2670 Timotheo,
963 2641 1019 2675 epi-

232 2681 314 2709 scopo
324 2674 421 2708 Ephesi
439 2675 463 2710 (i
476 2674 542 2701 Tim.
559 2676 585 2703 4.
603 2677 665 2712 ili)?
682 2677 749 2706 Vaca
762 2688 859 2709 mensa:
869 2674 1016 2719 apparatui,

231 2727 266 2748 an
279 2720 396 2753 lectioni,
420 2721 608 2757 adhortationi,
622 2723 767 2752 doctrinm?
780 2728 875 2762 quibus
890 2729 915 2757 in
938 2731 1016 2761 rebus

231 2765 350 2795 omnium
360 2767 474 2795 maxime
484 2767 518 2796 im
523 2768 596 2804 piger
605 2775 662 2797 erat
669 2775 696 2799 ct
710 2772 825 2801 intentus
835 2773 928 2804 beatus
936 2776 1015 2806 Joan-

233 2817 280 2839 nes
297 2819 303 2836 '.
317 2809 474 2848 Impormne,
490 2819 638 2850 opportune,
651 2816 725 2851 insta,
739 2817 831 2848 dicens
846 2828 852 2847 :
867 2827 953 2855 argue,
975 2823 1013 2849 in-

1109 202 1194 227 crepa,
1204 194 1305 222 obsecra
1319 196 1346 231 (Ξ
1355 196 1422 224 Tim.
1434 197 1460 225 ι.
1469 198 1510 234 Ξ),
1525 201 1630 228 nemine
1639 201 1724 236 ipsum
1738 203 1904 240 increpante.

1109 246 1142 268 eo
1155 239 1225 275 quod
1237 240 1293 268 duo
1304 242 1412 277 quidem
1425 250 1519 278 aspera
1534 250 1560 272 et
1573 254 1654 274 unum
1669 249 1740 280 lene,
1756 250 1835 286 idque
1847 239 1901 280 tor;

1107 292 1155 312 san
1165 293 1244 320 parce
1259 287 1408 316 adhiberet.
1425 290 1491 318 Illud
1505 292 1585 324 enim,
1596 293 1690 328 Argue,
1706 295 1821 332 increpa,
1837 298 1902 328 licet

1106 330 1157 357 sint
1171 331 1247 359 valde
1267 333 1374 367 acerba,
1391 334 1417 361 in
1433 335 1489 369 illo,
1512 336 1628 370 Obsecro,
1646 343 1672 366 et
1687 348 1750 374 non,
1773 330 1898 372 blandire.

1106 376 1132 402 ld
1148 378 1244 412 quippe
1259 379 1325 406 scite
1343 379 1450 413 factum,
1465 383 1587 410 acerbius
1599 388 1639 411 est
1651 386 1806 421 voluptariis
1819 394 1900 424 atque

1104 422 1217 456 abjectae
1243 425 1340 451 mentis
1354 425 1505 454 hominibus
1519 429 1654 463 quibusvis
1670 433 1835 466 gravioribus
1855 422 1895 462 in-

1104 468 1309 502 crepationibus.
1325 469 1362 497 lbi
1376 471 1445 498 enim
1463 472 1576 501 fortasse
1589 475 1769 510 indignatione
1781 480 1898 514 quadam

1103 513 1236 540 obsistens
1252 515 1356 543 animus
1370 516 1591 552 increpationem,
1603 527 1662 555 quae
1672 521 1711 554 ﬁt,
1728 530 1781 550 non
1791 513 1895 553 sentit:

1102 557 1154 584 illis
1170 566 1234 586 vero
1250 561 1349 588 sensim
1363 565 1390 589 et
1406 563 1531 597 paulatim
1551 566 1694 594 moderatis
1707 575 1766 595 cum
1784 571 1896 599 veritate

1101 602 1200 635 verbis,
1216 604 1290 638 quasi
1304 613 1319 632 a
1333 605 1405 633 lento
1420 607 1479 641 igne
1492 609 1654 638 sensibiliter
1667 613 1821 641 combustus
1834 615 1893 642 dis-

1100 653 1214 676 secalur.
1232 650 1288 683 Qua
1304 651 1336 679 de
1355 659 1384 680 re
1394 657 1482 681 autem
1496 655 1582 688 ipsum
1593 657 1738 685 admonet?
1752 659 1786 687 de
1800 663 1892 689 eonvi-

1099 692 1149 719 viis
1164 697 1191 720 et
1205 695 1303 728 epulis,
1322 703 1354 723 an
1372 697 1406 724 de
1421 698 1619 729 tribulationism
1635 704 1736 731 severis
1757 707 1891 737 sermoni-

1099 737 1168 764 bus?
1180 739 1273 767 dicens
1288 750 1294 767 :
1310 741 1348 768 Tu
1364 743 1436 771 enim
1450 745 1519 771 nosti
1530 752 1616 773 meam
1629 747 1733 775 vivendi
1748 751 1890 783 rationem,

1097 780 1176 818 q'uam
1196 785 1326 818 ordinari,
1350 792 1377 814 et
1392 789 1550 823 institutum,
1580 797 1607 818 ut
1622 793 1710 820 omnia
1726 794 1760 821 ad
1778 780 1889 830 gloriam

1097 828 1143 856 Dei
1159 829 1252 858 iaciam
1267 831 1293 858 in
1316 835 1576 868 persequutiombus.
1597 836 1625 864 in
1647 828 1831 872 redarguendo
1847 849 1890 869 er-

1097 881 1173 907 rore,
1199 883 1232 902 an
1258 877 1353 904 alicubi
1370 885 1470 907 mensae
1496 880 1525 907 ﬁt
1547 883 1663 909 mentio?
1691 883 1792 912 Rursus
1817 885 1886 918 Tito,

1095 919 1220 954 episcopo
1234 921 1330 954 Cretae,
1348 923 1483 951 videamus
1495 925 1558 960 quid
1582 927 1692 955 scribat.
1721 929 1758 956 De
1780 930 1840 957 cibo
1861 936 1888 958 et

1094 970 1157 998 potu
1173 986 1180 998 ,
1203 973 1236 993 an
1258 967 1291 994 de
1316 968 1542 1003 increpationibus
1566 977 1595 1001 et
1614 973 1755 1002 doctrina?
1774 976 1885 1004 dicens:

1095 1008 1178 1045 Hujus
1193 1012 1229 1038 rei
1243 1013 1325 1047 gratia
1346 1015 1435 1049 reliqui
1459 1021 1482 1042 te
1496 1015 1586 1050 Cretaz,
1608 1023 1636 1044 ut
1659 1027 1688 1045 ea
1709 1028 1764 1054 qua:
1785 1021 1884 1054 destitit,

1092 1056 1217 1089 attendes,
1227 1063 1249 1084 et
1259 1058 1308 1085 illis
1319 1061 1471 1093 persuadens
1482 1070 1532 1088 non
1540 1063 1613 1090 aliter
1626 1064 1714 1092 ἄρσενε
1728 1066 1790 1101 (Tit.
1804 1068 1828 1094 Ι.
1844 1068 1883 1104 5),

1092 1107 1170 1135 neque
1175 1103 1301 1129 attendere
1309 1104 1403 1138 fabulis
1409 1110 1432 1132 et
1438 1107 1592 1142 genealogiis
1601 1109 1767 1137 intermurali:
1776 1112 1812 1145 (i.
1818 1112 1881 1139 Tim.

1095 1145 1120 1171 Ι.
1138 1147 1186 1180 4);
1215 1148 1452 1182 reprehensionum
1474 1159 1579 1186 quoquc
1601 1154 1728 1189 adjicieus
1754 1157 1882 1185 modum:

1091 1189 1219 1218 Cretenses
1232 1200 1331 1227 semper
1345 1195 1486 1228 mendaces,
1502 1198 1575 1224 tttalw
1587 1198 1681 1231 bestia,
1698 1205 1795 1228 ventres
1812 1203 1885 1237 pigri.

1090 1235 1152 1270 (Tit.
1169 1237 1194 1263 i.
1211 1237 1266 1272 12).
1282 1238 1374 1266 Dicant
1389 1240 1464 1267 nobis
1477 1243 1577 1269 ventris
1595 1245 1674 1276 servi,
1688 1249 1715 1272 et
1729 1235 1884 1275 inclusarum

1088 1280 1217 1315 gigantes,
1242 1287 1266 1309 et
1293 1284 1506 1312 muliercularum
1531 1288 1681 1322 accipitres,
1703 1291 1746 1324 qui
1771 1292 1886 1321 Joannis

1087 1325 1272 1352 abstinentiam
1287 1329 1493 1362 reprehendunt,
1513 1331 1576 1358 licet
1586 1334 1748 1361 revolverint
1763 1341 1837 1364 vetus
1855 1342 1885 1365 er

1087 1377 1184 1397 novum
1208 1371 1416 1406 Testamentum,
1443 1375 1486 1402 ubi
1511 1376 1662 1405 invenerint
1681 1381 1830 1408 convivium
1853 1383 1879 1410 in

1086 1417 1164 1444 laude
1178 1419 1290 1452 positum
1305 1427 1312 1446 :
1337 1421 1387 1447 nisi
1403 1420 1471 1448 forte
1489 1423 1558 1457 apud
1570 1424 1741 1460 alienigenas,
1756 1427 1833 1462 idque
1845 1429 1879 1456 ad

1086 1462 1243 1491 ﬁrmandum
1260 1465 1354 1498 fmdus,
1371 1474 1403 1494 eo
1416 1468 1485 1502 quod
1499 1469 1556 1504 lege
1569 1471 1682 1498 convivii
1700 1471 1762 1499 fera:
1773 1479 1800 1500 et
1815 1474 1876 1502 bar-

1084 1508 1140 1536 bari
1152 1510 1313 1538 cicurautur.
1333 1512 1444 1544 Quando
1458 1521 1520 1540 vero
1536 1516 1655 1544 convivia
1667 1519 1765 1552 peccati
1773 1520 1879 1548 occasio

1084 1561 1137 1582 non
1152 1556 1331 1584 exstiterunt?
1350 1558 1411 1592 quid
1434 1566 1521 1587 autem
1539 1560 1608 1594 dico,
1628 1564 1749 1597 peccati?
1769 1565 1837 1594 forte
1851 1571 1877 1594 et

1083 1600 1191 1634 majoris
1206 1601 1363 1630 idololatria:
1377 1609 1404 1631 ct
1416 1604 1560 1640 iratricidii,
1579 1607 1649 1635 sicut
1667 1610 1793 1644 scriptum
1811 1617 1853 1639 est.
1868 1633 1874 1641 .

1084 1644 1155 1672 Sedit
1165 1647 1273 1680 popqu
1284 1649 1437 1676 παιηόνων-ε
1446 1655 1468 1676 et
1481 1651 1570 1683 bibere,
1585 1657 1608 1678 et
1618 1661 1778 1682 surrexerunt
1789 1655 1876 1684 ludere

1083 1689 1178 1725 (Exod.
1192 1692 1236 1725 32,
1261 1693 1301 1728 6).
1314 1694 1377 1721 Erat
1393 1700 1480 1722 autem
1500 1697 1578 1724 ludus
1597 1698 1733 1726 ebrietatis
1747 1701 1853 1729 soboles
1866 1712 1875 1730 .-

1088 1734 1182 1769 Venite,
1207 1738 1330 1772 faciamus
1349 1739 1410 1767 deos
1428 1741 1471 1775 qui
1492 1749 1537 1769 nos
1559 1745 1702 1777 prtecedant
1725 1745 1778 1780 (Ib.
1791 1755 1813 1773 ιι.
1836 1747 1874 1782 1).

1081 1779 1130 1813 Qui
1143 1782 1214 1809 enim
1230 1783 1292 1810 vino
1305 1785 1429 1811 commoti
1445 1791 1531 1818 erant,
1554 1788 1665 1816 mobiles
1685 1779 1748 1817 deos
1771 1799 1874 1825 qu:ch-

1080 1826 1154 1860 baut,
1175 1835 1235 1854 cum
1253 1829 1414 1856 immobilem
1427 1835 1455 1857 et
1467 1832 1556 1859 omnia
1570 1841 1622 1860 non
1636 1834 1782 1862 incedendo
1797 1844 1872 1863 com-

1082 1871 1197 1906 plentem
1211 1873 1388 1907 reliquissent.
1401 1875 1468 1909 Quid
1479 1882 1568 1904 autem
1585 1878 1648 1906 dicit
1660 1881 1808 1914 propheta?
1820 1882 1873 1909 La-

1080 1916 1122 1944 bia
1137 1918 1282 1945 sacerdotis
1303 1919 1464 1948 meditemur
1478 1923 1614 1950 convivia?
1628 1931 1730 1958 cmnas,
1750 1930 1777 1953 et
1792 1934 1874 1960 pran-

1079 1961 1122 1988 dia
1138 1962 1277 1996 exquirent
1295 1964 1329 1990 ab
1343 1965 1396 1992 eo?
1414 1973 1458 1998 an,
1480 1966 1560 1994 Labia
1579 1970 1714 1998 sacerdotis
1733 1973 1873 2000 custodiant

1079 2006 1169 2041 legem,
1185 2012 1258 2042 atque
1270 2017 1301 2036 ea:
1313 2017 1356 2036 ore
1367 2011 1421 2045 ejus
1435 2020 1574 2040 sermonem
1589 2016 1736 2050 exquirant?
1747 2018 1806 2051 quia
1822 2026 1870 2045 an-

1078 2053 1149 2087 gelu:
1161 2053 1263 2081 Domini
1287 2060 1322 2082 est
1342 2056 1450 2091 (Malae.
1484 2061 1511 2088 2.
1526 2059 1564 2094 7),
1585 2066 1611 2088 et
1632 2069 1684 2088 non
1701 2069 1813 2097 coquus.
1835 2064 1870 2091 Et

1080 2098 1158 2125 turris
1168 2098 1212 2125 illa
1228 2099 1253 2125 in
1267 2099 1384 2128 Cbalanc
1398 2103 1504 2136 quando
1524 2105 1651 2133 aediﬁcata
1670 2107 1730 2134 est?
1750 2113 1811 2135 ante
1829 2110 1870 2136 vi-

1078 2149 1152 2175 num,
1173 2151 1206 2170 an
1219 2149 1279 2179 post
1290 2145 1400 2173 vinum?
1420 2155 1509 2175 nonne
1528 2157 1587 2176 cum
1607 2151 1676 2184 vino,
1695 2153 1800 2186 quando
1814 2153 1870 2181 Noe

1078 2187 1196 2222 plantato
1210 2190 1329 2224 palmite,
1351 2192 1450 2226 primus
1468 2194 1594 2228 probrum
1609 2196 1777 2225 demessuit?
1793 2198 1820 2226 Si
1834 2200 1871 2226 ita

1077 2241 1120 2260 res
1139 2241 1168 2262 se
1191 2235 1279 2269 habet,
1303 2244 1356 2264 non
1381 2243 1488 2273 propter
1501 2244 1590 2274 potum
1604 2246 1648 2268 aut
1668 2242 1868 2277 plautationem,

1077 2279 1123 2306 sed
1147 2285 1254 2314 propter
1276 2290 1428 2311 excessum.
1455 2285 1566 2318 Quando
1588 2286 1687 2322 Josc-ph
1710 2289 1829 2316 venditus
1852 2298 1867 2316 a

1076 2323 1223 2352 fratribus?
1235 2334 1267 2353 an
1282 2328 1388 2361 quando
1402 2329 1426 2356 in
1441 2331 1580 2364 pascendis
1594 2333 1686 2360 ovibus
1702 2335 1867 2368 occupaban-

1076 2370 1137 2396 tur?
1156 2377 1188 2397 an
1202 2379 1261 2398 cum
1277 2374 1378 2407 cpimas
1386 2375 1535 2409 jugulantes
1548 2385 1611 2405 oves
1623 2383 1701 2413 atque
1715 2379 1826 2408 edentes
1840 2384 1865 2409 in

1075 2415 1138 2449 otio,
1153 2417 1276 2445 invidiam
1290 2420 1417 2448 adversus
1437 2422 1521 2455 ipsqu
1537 2423 1562 2450 in
1582 2425 1704 2452 convivio
1719 2427 1858 2456 molieban-

1075 2461 1132 2487 tur?
1152 2461 1264 2490 Ubinam
1276 2463 1384 2493 Joannis
1397 2466 1520 2501 Baptista:
1533 2474 1611 2503 caput
1624 2470 1650 2496 in
1671 2470 1743 2498 disco
1761 2472 1863 2500 obtule-

1073 2512 1133 2533 ruut
1146 2509 1338 2537 meretriculae?
1354 2511 1378 2538 in
1394 2517 1463 2540 cwtu
1486 2514 1632 2549 sapientiae,
1650 2524 1683 2543 an
1701 2517 1726 2543 in
1740 2519 1865 2546 coavivio

1073 2551 1232 2586 impietatis?
1246 2554 1341 2583 Beatus
1352 2557 1448 2585 Paulus
1462 2559 1554 2586 bibetts
1567 2565 1594 2587 et
1607 2561 1750 2589 cOmedens
1762 2562 1796 2590 ad
1807 2571 1863 2590 me-

1071 2596 1140 2624 diam
1155 2605 1236 2633 usque
1253 2606 1357 2628 noctem
1370 2604 1542 2638 protrahebat
1560 2613 1723 2640 sermonem,
1747 2616 1780 2635 an
1793 2610 1862 2644 jeju-

1071 2650 1121 2670 nus
1134 2649 1159 2671 et
1171 2645 1279 2680 docens,
1301 2652 1380 2683 atque
1395 2649 1477 2677 Deum
1500 2651 1651 2685 ignorantes
1666 2653 1699 2680 ad
1718 2654 1795 2682 [idem
1815 2655 1862 2682 ad-

1070 2687 1190 2717 ducens?
1218 2690 1275 2726 lpse
1293 2697 1381 2721 autent
1402 2702 1520 2722 summus
1548 2697 1641 2724 Pastor
1666 2703 1692 2726 et
1717 2699 1814 2727 Doctor
1835 2704 1861 2727 et

1068 2734 1190 2770 Magister
1199 2737 1276 2766 Jceus
1293 2738 1422 2771 Christus,
1444 2740 1550 2768 humani
1574 2742 1730 2772 emendator
1750 2746 1858 2775 erroris.

1068 2780 1174 2809 ubinam
1197 2782 1222 2810 in
1242 2783 1347 2812 civitate
1359 2786 1489 2821 reperitur
1500 2787 1651 2821 comedens,
1672 2789 1722 2816 nisi
1741 2794 1859 2824 tempore

1070 2825 1192 2861 Pascha,
1228 2828 1297 2862 quod
1324 2834 1380 2858 erat
1409 2832 1593 2866 mysteriorum
1616 2834 1857 2868 complementum?
