2045 3116
201 140 270 168 1033

200 199 242 225 tia:
257 204 288 225 ac
303 197 412 232 rapinas,
429 197 506 232 lupus
521 202 564 224 est
577 197 599 223 is
612 197 657 231 qui
676 196 794 225 cernitur
810 206 816 224 :
831 197 874 224 ubi
889 196 991 225 divitia:

198 249 225 271 ct
248 244 349 276 feritas,
372 244 476 271 lennem
494 243 571 271 video
589 251 642 270 non
656 243 810 271 hominem:
826 244 990 272 nobilitatem

199 289 312 324 perdidit
327 289 490 324 ignobilitate
512 289 629 316 malitiae.
647 289 722 316 Dives
736 294 788 316 erat
809 290 912 325 quidam
923 310 932 324 ,
944 291 990 326 qui

196 336 315 371 quotidie
327 343 441 370 purpura
455 335 613 363 induebatur
624 345 630 362 :
645 336 732 365 anima
743 343 807 363 vero
818 336 875 371 ejus
885 337 990 365 araneis

196 381 294 410 referta
308 385 367 409 erat
386 390 393 408 :
417 386 549 416 unguenta
564 382 696 417 spirabat,
719 386 747 410 at
770 382 872 411 foetoris
896 383 990 418 plenus

196 431 255 455 erat
270 435 278 454 :
293 434 389 454 menso.
401 427 438 454 illi
461 427 644 463 apponebatur
665 429 774 463 opipara
790 429 942 464 :parasitos
962 433 990 457 et

196 474 346 502 adulatores
367 474 454 507 alebat
477 483 484 501 :
504 482 613 502 carnem
628 475 767 510 saginabat
780 475 902 503 ancillam
920 485 927 503 :
942 476 990 504 do-

196 521 294 548 minam
321 524 410 548 autem
425 521 538 548 animam
554 521 624 548 fame
637 521 786 549 confectam
813 522 963 557 negligebat
979 531 986 550 :

194 566 291 594 domus
308 566 346 593 illi
361 571 418 594 erat
435 566 514 594 sertis
528 566 649 594 redimita
660 587 667 600 ,
683 567 730 595 sed
745 567 913 595 fundamenta
928 575 989 602 pec-

195 613 246 640 cati
260 612 333 639 calce
355 612 484 644 obducta,
506 616 534 640 et
546 613 634 640 anima
650 613 677 639 in
690 613 752 640 vino
766 612 882 640 defossa.
908 613 987 641 Dives

195 659 274 693 igitur
297 658 343 685 ille
366 666 458 686 mensa
482 659 616 686 fruebatur
634 659 743 694 opipara
766 659 920 694 poculisque
932 660 985 687 vini

193 704 327 731 coronatis
343 713 349 731 :
365 705 496 739 parasitos
516 709 543 732 et
560 709 741 732 assentatores
755 705 859 738 alebat,
873 713 984 740 pravum

193 749 291 776 diaboli
305 748 438 777 theatrum
450 770 457 782 ,
478 749 554 784 lupos
567 750 642 782 illos,
659 750 703 785 qui
717 751 815 777 multos
829 750 942 778 divitum
958 751 984 778 in

193 795 347 822 servitutem
364 795 502 831 redigunt,
525 796 570 830 qui
594 796 735 830 perniciem
761 795 867 823 illorum
883 796 984 823 ventris

192 840 233 868 sui
248 840 399 874 cxpletione
414 845 580 874 mercantur,
594 841 638 876 qui
659 841 764 868 divitias
780 841 883 869 honore
901 841 986 869 multo

192 892 220 914 et
234 888 412 915 assentatione
427 887 595 923 populantur.

228 934 278 962 Ubi
296 935 371 962 semel
389 935 511 961 inclinata
528 943 567 961 res
583 940 629 968 est,
641 935 716 961 amici
732 935 763 961 de
782 934 917 962 medio.—
932 928 983 962 Ne-

191 988 323 1016 quaquam
335 981 441 1008 aberret
453 981 497 1016 qui
509 980 575 1008 tales
584 980 706 1008 homines
719 980 796 1016 lupos
805 980 984 1016 compellave-

193 1027 235 1060 rit,
252 1027 295 1061 qui
310 1026 384 1061 quasi
399 1034 476 1054 ovem
490 1025 599 1054 divitem
615 1025 641 1053 in
655 1025 743 1053 medio
757 1025 882 1060 positum,
898 1025 983 1053 laudi-

191 1073 240 1100 bus
247 1072 377 1100 extollunt
389 1077 417 1099 et
428 1072 566 1107 praeconiis
577 1071 679 1105 inﬂant,
695 1078 726 1098 ac
740 1079 773 1098 ne
783 1070 893 1107 quidem
907 1070 981 1098 ulcus

190 1118 280 1146 videre
294 1119 400 1150 sinunt,
421 1117 469 1146 sed
483 1118 541 1152 ejus
555 1122 671 1145 mentem
685 1121 837 1150 excreant,
861 1116 964 1152 putredi
974 1131 981 1138 ι

190 1171 251 1190 nem
266 1167 372 1198 augent.
388 1162 489 1191 Deinde
501 1162 537 1198 (α)
549 1167 648 1189 mutata
662 1170 749 1189 rerum
762 1161 838 1195 facie,
849 1161 927 1189 amici
938 1160 982 1189 fu-

187 1209 273 1243 giunt,
292 1216 340 1235 nos
360 1215 423 1236 vero
442 1201 493 1243 qui
508 1207 720 1242 increpabamus,
746 1207 980 1235 commiseratione

188 1262 327 1282 movemur
341 1263 348 1281 :
364 1254 444 1282 larva:
460 1254 527 1287 illm,
545 1253 617 1289 qund
630 1253 785 1289 plerumque
803 1253 857 1288 jam
871 1252 981 1286 accidit,

186 1301 362 1328 occultantur.

221 1347 248 1373 5.
270 1347 348 1374 Dives
369 1354 433 1381 ergo
448 1346 492 1373 ille
515 1346 645 1380 parasitos
665 1345 754 1373 alebat
772 1349 799 1372 ct
814 1345 977 1378 adulatores,

186 1393 293 1419 donntm
319 1392 452 1427 propriam
476 1391 606 1419 theatrum
632 1391 751 1424 fecerat,
774 1391 836 1418 vino
858 1391 977 1426 singutos

186 1438 355 1471 resolvebat,
380 1437 459 1467 rebus
483 1437 625 1464 admodum
656 1437 791 1472 prosperis
817 1436 975 1464 fruebatur:

185 1484 250 1510 alius
266 1491 329 1510 vero
343 1483 450 1518 qttidam
462 1487 522 1510 erat
534 1483 660 1515 Lazarus,
676 1482 809 1509 ulceribus
823 1481 928 1516 plenus,
943 1481 977 1509 ad

184 1530 279 1555 ostium
295 1529 382 1555 divitis
396 1528 491 1556 sedens
501 1549 508 1561 ,
530 1528 575 1563 qui
590 1529 631 1556 vel
647 1529 729 1555 tnicas
743 1528 865 1563 cupiebat
880 1528 975 1563 :juxta

184 1575 283 1602 fontem
299 1575 412 1607 sitiebat,
426 1575 454 1601 in
468 1582 498 1602 re
510 1579 564 1601 tam
579 1582 705 1609 prospera
718 1574 788 1602 fame
800 1574 975 1602 consumeba—

183 1626 236 1648 tur.
252 1621 283 1647 lit
293 1629 408 1656 quonam
419 1621 553 1656 projectus
566 1620 672 1648 fuerat?
686 1620 743 1648 Non
757 1621 782 1647 in
797 1621 906 1654 bivium,
921 1629 973 1649 non

183 1669 209 1694 in
223 1667 320 1699 vicum,
337 1674 388 1693 non
403 1667 429 1693 in
442 1667 619 1702 angiportum,
632 1674 684 1693 non
698 1666 813 1694 medium
827 1667 853 1694 in
867 1667 972 1701 forum;

181 1713 227 1740 sed
242 1713 275 1739 ad
290 1713 386 1739 ostium
411 1712 498 1739 divitis
508 1733 516 1745 ,
537 1719 588 1746 qua
610 1712 776 1746 ingressurus
790 1711 836 1739 ille
849 1719 973 1747 egressu-

181 1767 279 1795 rnsquc
292 1759 443 1787 necessario
452 1763 509 1786 erat
523 1767 530 1784 ι
542 1767 575 1786 ne
587 1759 698 1791 diceret,
715 1767 767 1786 non
781 1758 846 1792 vidi,
861 1763 972 1793 praeter-

181 1806 216 1833 ivi
230 1807 248 1838 ι,
263 1813 314 1832 non
331 1806 414 1833 oculis
429 1805 541 1840 inspexi.
557 1805 597 1832 Ad
618 1805 766 1840 ingressum
793 1809 868 1832 tuum
888 1804 969 1840 jacet,

180 1856 321 1886 margarita
335 1852 360 1879 in
374 1859 461 1885 emno,
476 1855 503 1878 et
517 1859 567 1877 non
583 1850 676 1877 vides?
690 1850 808 1878 Medicus
818 1850 851 1878 ad
862 1851 970 1884 ostium,

179 1902 205 1924 et
219 1906 270 1924 nun
289 1897 390 1924 curaris
400 1898 412 1922 ‘!
434 1896 601 1925 Gubernator
616 1897 642 1923 in
656 1901 750 1931 portu,
765 1901 792 1923 et
806 1896 970 1931 naufragium

179 1942 300 1977 pateris?
323 1942 456 1968 l’arasitos
469 1941 529 1974 alis,
552 1945 579 1969 et
593 1948 722 1976 pauperes
741 1948 793 1968 non
815 1941 885 1968 alis?
907 1941 970 1968 ΙΙωο

179 1992 242 2015 tunc
255 1991 328 2022 gesta
343 1991 420 2018 suttt,
439 1986 569 2020 hodieque
591 1991 729 2020 geruntur.
754 1986 814 2013 Ideo
827 1986 897 2013 enim
913 1986 970 2014 hate

177 2034 275 2068 scripta
290 2038 368 2065 sunt,
391 2037 421 2059 ut
435 2032 532 2067 posteri
556 2039 588 2059 ex
607 2031 687 2059 rebus
710 2031 774 2067 ipsis
788 2032 967 2065 erudirentur,

177 2088 208 2107 ac
222 2088 255 2107 ne
278 2079 371 2106 eadem
386 2079 443 2114 ipsa
464 2083 635 2114 paterentur,
656 2085 715 2113 qu:e
738 2085 831 2113 passus
851 2078 896 2106 ille
916 2082 967 2105 est.

177 2125 217 2152 Ad
232 2125 329 2152 ostium
344 2125 422 2159 igitur
433 2123 538 2159 jacebat
552 2132 655 2159 pauper
670 2133 676 2150 :
693 2131 792 2159 pauper
805 2123 879 2156 foris,
893 2124 968 2151 dives

177 2171 247 2197 intus
262 2179 268 2197 :
283 2177 395 2204 corpore
419 2169 551 2196 ulceribus
566 2169 645 2203 pleno
663 2168 769 2203 jacebat
786 2177 793 2196 :
815 2168 965 2202 thesaurus,

175 2217 218 2251 qui
234 2217 260 2243 in
280 2215 419 2250 superficie
433 2215 531 2250 spinas,
548 2215 618 2242 intus
632 2221 695 2242 vero
710 2214 867 2249 margaritas
884 2214 966 2241 habe-

175 2264 229 2289 bat.
246 2261 322 2295 Quod
344 2261 414 2288 enim
429 2261 465 2288 illi
488 2265 674 2288 nocutnentunt
688 2269 721 2288 ex
737 2261 889 2288 inlirmilate
902 2269 965 2288 cor-

176 2308 248 2342 poris
258 2328 265 2340 ,
281 2307 367 2334 anima
383 2307 450 2334 bene
465 2306 590 2334 valente?
603 2306 718 2333 Audiam
732 2314 878 2342 pauperes,
892 2311 919 2334 et
933 2314 966 2334 ne

174 2363 290 2383 mmrore
305 2354 485 2389 przefocenlur
498 2363 503 2381 :
518 2353 627 2381 audiant
646 2353 741 2380 divites
752 2374 760 2386 ,
776 2358 804 2380 et
817 2361 832 2380 a
848 2353 965 2388 nequitia

174 2406 373 2429 convertantur.
397 2401 458 2428 ldeo
482 2408 596 2435 namque
610 2400 652 2428 lue
666 2400 725 2428 dum
745 2400 821 2427 nobis
836 2400 965 2434 imagines

175 2451 312 2482 prostant,
334 2447 485 2474 divitiarum
507 2450 533 2473 et
554 2446 735 2481 paupertatis,
758 2445 923 2473 crudelitatis
937 2449 965 2472 et

175 2492 342 2524 tolerantiae,
369 2492 501 2526 patientia:
522 2495 549 2518 et
571 2490 698 2519 avaritiae.
722 2491 756 2519 Ut
779 2498 841 2519 cum
863 2490 964 2518 videris

174 2546 317 2574 pauperem
332 2537 464 2565 ulceribus
479 2537 584 2572 plenum
600 2540 626 2564 et
640 2537 792 2571 despectum
805 2557 812 2569 ,
835 2543 868 2564 ne
881 2536 962 2563 mise-

175 2595 232 2613 rum
247 2585 432 2620 praedicaveris
445 2593 453 2612 1
468 2592 529 2612 eum
544 2584 640 2612 videris
652 2583 759 2612 divitem
775 2588 913 2615 ornatum,
929 2590 963 2610 ne

175 2632 281 2660 beatum
295 2631 404 2659 dixeris.
427 2630 544 2659 Gradum
568 2631 638 2659 refer
654 2631 688 2658 ad
708 2631 861 2666 parabolam
877 2639 883 2657 :
898 2630 924 2657 si
935 2634 962 2657 te

175 2679 263 2706 turbet
276 2677 440 2712 naufragium
454 2677 653 2712 cogitationum,
669 2676 729 2711 fuge
744 2677 773 2704 in
786 2681 890 2712 portum
905 2684 912 2703 :
927 2683 963 2703 ex

172 2726 230 2760 cjus
254 2725 404 2752 narratione
425 2724 632 2752 consolatiOnem
647 2723 737 2758 accipe
752 2731 758 2749 :
774 2723 858 2757 cogita
880 2721 963 2749 Laza-

205 2807 215 2839 ξ
231 2804 336 2839 βεηῑειρ
349 2809 400 2832 Non
410 2803 461 2830 vidi
471 2811 526 2830 cum
538 2802 669 2839 ptjq’terivi.
757 2834 761 2839 '
775 2837 790 2839 __
836 2833 851 2839 ν
907 2833 921 2839 ﬁ
932 2834 947 2839 η

204 2837 240 2868 (α)
252 2840 300 2861 Hoc
312 2833 472 2870 fragmentum
478 2842 534 2870 cum
546 2833 875 2870 aliisidtrysostqttti[ipsailla
884 2833 960 2870 edidit

171 2865 302 2895 rir‘dectus
310 2865 391 2893 Eritus
400 2866 524 2892 Benzelius
535 2866 564 2892 ad
573 2865 747 2892 tidem
758 2865 902 2890 Barucciaui.

820 140 862 167 DE
881 140 1016 169 LAZARO
1035 142 1155 173 CONCIO
1177 146 1217 174 Ἠ.

1772 160 1839 188 1054

1046 203 1302 250 rum-despectum.
1327 207 1411 243 cogita
1433 209 1542 238 divitem
1563 220 1689 247 prospere
1713 221 1834 250 agentem

1044 245 1201 296 deliciisque
1216 249 1346 280 fruentem
1359 273 1366 286 ,
1391 254 1507 290 nihilque
1527 260 1553 284 te
1563 245 1710 292 perturbet
1729 245 1833 296 eorum,

1044 299 1104 326 qua:
1126 293 1151 321 in
1177 295 1230 323 vita
1253 302 1390 332 geruntur.
1415 299 1480 328 Nam
1504 302 1526 329 si
1549 309 1673 333 accurato
1697 293 1836 336 ratiocinio

1045 340 1144 373 utaris,
1169 349 1221 369 non
1237 346 1264 371 te
1285 343 1381 372 fluctus
1402 345 1560 382 demergunt
1574 358 1581 376 :
1595 351 1669 379 navis
1689 360 1742 380 non
1756 354 1836 382 undis

1043 384 1181 419 obruitur,
1204 388 1225 415 si
1249 389 1380 418 ratiocinii
1408 393 1551 428 sagacitate
1574 403 1663 424 rerum
1688 398 1836 434 distinguas

1043 434 1175 480 naturam.
1190 432 1258 466 Quid
1274 435 1376 463 tumibi
1390 436 1472 471 dicis,
1489 446 1585 474 corpus
1598 449 1686 470 meum
1702 444 1729 471 in
1747 432 1832 480 angu-

1042 479 1085 503 sto
1103 475 1196 526 jacet?
1218 478 1291 506 Mens
1311 488 1344 508 tte
1360 481 1479 510 hedatur.
1497 484 1543 512 lllc
1555 485 1629 514 dives
1646 492 1674 515 et
1695 475 1833 526 improbus

1042 527 1082 549 est
1095 531 1102 549 :
1114 523 1176 558 quid
1191 529 1245 551 tum
1259 527 1374 560 postea?
1388 529 1422 556 At
1432 529 1588 564 improbitas
1598 540 1651 561 non
1664 534 1714 562 sub
1724 523 1831 564 sensum

1136 569 1175 596 Ne
1189 570 1254 598 mihi
1277 571 1411 601 hominem
1426 574 1460 602 ab
1477 577 1605 604 exteriori
1629 578 1695 607 facie
1715 585 1829 615 spectes,

1040 613 1089 641 sed
1100 613 1172 643 hunc
1184 617 1301 645 exterius
1315 619 1408 653 proba.
1422 620 1488 648 Cum
1502 623 1577 650 vides
1587 624 1720 660 arborem,
1731 613 1831 656 foliane

1039 661 1204 696 consideras,
1220 671 1253 691 an
1269 665 1404 693 fructum?
1418 666 1454 694 ita
1468 674 1494 696 et
1513 669 1539 696 in
1553 669 1671 699 homine.
1691 673 1719 700 Si
1733 675 1830 703 videris

1039 705 1192 741 hominem,
1216 716 1250 737 ne
1271 711 1403 739 exteriora
1423 715 1588 750 perpendas,
1611 717 1657 744 scd
1681 717 1828 748 interiora:

1038 751 1152 779 fructum
1165 754 1329 789 consideres,
1339 764 1391 785 non
1405 757 1467 786 folia
1480 760 1488 775 ι
1502 769 1508 787 :
1519 768 1552 788 ne
1566 761 1634 789 forte
1644 763 1702 791 olea
1712 765 1832 800 sitagre-

1038 796 1104 830 stis,
1127 797 1190 825 dum
1210 801 1324 834 genuina
1345 802 1404 829 olea
1420 808 1545 838 putatur:
1561 813 1595 834 ne
1611 807 1678 835 forte
1692 796 1827 844 lupus'sit,

1037 841 1100 869 dum
1114 844 1232 872 creditur
1253 853 1313 875 esse
1333 847 1425 875 homo.
1445 849 1484 877 Ne
1497 850 1586 886 itaque
1602 859 1618 879 a
1631 841 1727 882 natura
1740 841 1831 883 hami-

1037 896 1097 916 ncm
1120 890 1218 925 proba,
1240 892 1288 920 sed
1301 901 1316 920 a
1330 894 1472 923 voluntatis
1490 898 1625 932 proposito
1639 908 1647 927 :
1661 908 1695 927 ne
1711 909 1726 929 a
1742 902 1825 936 vultu,

1036 935 1083 963 sed
1096 943 1111 963 a
1131 938 1262 966 sententia
1277 948 1283 966 :
1299 947 1348 968 nec
1361 948 1378 968 a
1390 943 1520 970 sententia
1541 949 1642 973 tantum
1653 967 1661 979 ,
1683 947 1730 975 sed
1745 949 1826 976 vitam

1035 981 1176 1017 diligenter
1197 984 1321 1021 inquire;
1345 987 1368 1015 si
1389 995 1534 1024 pauperum
1556 995 1597 1019 est
1619 1000 1721 1028 amans,
1735 994 1825 1023 .homo

1035 1032 1075 1055 est
1089 1037 1096 1054 :
1111 1028 1132 1056 si
1154 1031 1180 1056 in
1193 1033 1359 1061 commerciis
1374 1039 1508 1070 versatur,
1522 1045 1636 1072 quercus
1652 1044 1694 1067 est
1711 1049 1719 1067 :
1741 1041 1768 1068 si-
1785 1047 1824 1070 est

1034 1075 1124 1102 animo
1137 1076 1218 1110 ferus,
1235 1078 1277 1106 leo
1289 1084 1330 1107 est
1344 1089 1350 1107 :
1366 1080 1389 1108 si
1403 1089 1483 1117 rapax
1493 1103 1501 1116 ,
1523 1083 1600 1120 lupus
1614 1090 1656 1113 est
1669 1094 1676 1113 :
1691 1086 1714 1114 si
1727 1088 1824 1116 subdo-

1034 1120 1085 1169 lus,
1099 1122 1181 1169 aspis.
1199 1123 1232 1151 Et
1244 1123 1296 1157 die,
1313 1124 1447 1154 hominem
1462 1136 1562 1164 quacro,
1579 1131 1762 1166 quidtmihitu
1775 1141 1824 1169 pro

1033 1164 1141 1194 homine
1152 1167 1234 1196 feram
1245 1170 1385 1199 ostendis?
1397 1173 1473 1201 Disce
1483 1175 1545 1209 quid
1557 1164 1594 1203 sit
1601 1177 1685 1205 virtus
1696 1164 1822 1214 hominis,

1033 1215 1060 1238 et
1078 1219 1112 1239 ne
1130 1213 1255 1241 turberis.
1270 1214 1334 1243 Erat
1355 1216 1433 1252 igitur
1446 1218 1563 1248 Lazarus
1583 1221 1609 1248 in
1625 1222 1694 1250 ostio
1713 1213 1821 1258 sedens,

1032 1257 1166 1287 ulceribus
1192 1260 1307 1295 plenus,
1330 1263 1400 1291 fame
1423 1265 1586 1301 tabefactus,
1609 1257 1822 1305 accedentesque

1031 1310 1112 1332 canes
1135 1305 1272 1341 ﬁngebant
1295 1309 1355 1342 ejus
1375 1309 1506 1344 vulnera;
1529 1319 1609 1340 canes
1633 1313 1741 1342 homine
1763 1315 1821 1350 ipso

1031 1348 1201 1379 humaniores
1215 1352 1350 1388 lingebant
1363 1354 1422 1390 ejus
1436 1356 1678 1391 vulnera,saniem
1694 1348 1821 1389 tollebant

1030 1399 1056 1421 et
1069 1396 1258 1425 emundabant.
1279 1398 1388 1428 Iacebat
1408 1400 1453 1429 ille
1467 1403 1542 1438 quasi
1561 1411 1655 1432 aurum
1671 1405 1697 1432 in
1711 1405 1820 1435 fornace

1029 1440 1142 1475 sedens,
1163 1446 1191 1469 et
1203 1444 1341 1478 probatior
1352 1445 1472 1474 effectus.
1495 1447 1552 1476 Non
1565 1449 1671 1478 diccbat
1683 1450 1707 1478 id
1720 1471 1728 1484 ,
1749 1453 1819 1487 quod

1028 1487 1136 1522 plurimi
1158 1497 1288 1524 pauperes
1309 1491 1419 1520 dicunt:
1435 1493 1550 1522 liteceinc
1570 1500 1610 1523 est
1631 1497 1820 1531 providentia?

1029 1533 1135 1562 Deusne
1149 1534 1264 1564 humana
1280 1538 1409 1572 respicit?
1431 1539 1488 1574 Ego
1502 1540 1528 1567 in
1539 1541 1639 1576 justitia
1650 1543 1741 1571 vivens
1754 1551 1819 1580 pau-

1028 1587 1076 1614 per
1097 1587 1176 1614 sum,
1198 1586 1226 1609 et
1248 1582 1294 1610 ille
1319 1583 1425 1619 iniquus
1447 1585 1521 1613 dives
1543 1587 1606 1615 est?
1628 1587 1698 1616 Nihil
1722 1589 1817 1618 lterum

1027 1625 1169 1660 cogitabat,
1191 1627 1238 1655 sed
1260 1628 1523 1664 incomprehensibili
1544 1632 1592 1660 Dei
1614 1641 1675 1669 erga
1696 1634 1818 1664 homines

1026 1670 1174 1700 clementize
1195 1673 1285 1701 omnia
1308 1675 1506 1709 committebat,
1530 1678 1648 1706 animum
1669 1681 1817 1709 emundans

1026 1721 1103 1744 suum
1114 1738 1121 1751 ,
1137 1718 1283 1746 cruciatum
1297 1720 1429 1754 tolerans,
1444 1722 1598 1756 patientiam
1613 1724 1758 1759 exhibens,
1773 1726 1817 1762 ja-

1025 1769 1090 1789 cens
1104 1770 1218 1798 corpore
1227 1784 1234 1797 ,
1254 1772 1364 1793 currens
1378 1771 1466 1795 mente
1476 1788 1484 1801 ,
1503 1768 1594 1796 animo
1606 1770 1698 1798 volans
1713 1776 1740 1799 et
1754 1772 1816 1800 bra-

1024 1808 1097 1835 vium
1120 1810 1270 1845 arripiens,
1292 1819 1433 1847 emergens
1459 1821 1493 1841 ex
1516 1815 1612 1849 malis,
1634 1821 1662 1844 et
1683 1817 1816 1846 bonorum

1025 1854 1111 1882 testis.
1133 1855 1189 1882 Non
1205 1856 1271 1884 dixit
1287 1867 1293 1884 :
1310 1859 1420 1893 parasiti
1435 1859 1548 1887 ubertim
1562 1860 1688 1890 fruuntur
1701 1863 1813 1898 deliciis,

1023 1907 1073 1935 ego
1088 1908 1121 1928 ne
1135 1902 1212 1929 micis
1226 1903 1332 1937 quidem
1346 1904 1440 1939 dignus
1455 1905 1565 1935 habeor.
1587 1908 1640 1936 Sed
1654 1909 1738 1944 quid?
1758 1910 1815 1939 Deo

1022 1947 1134 1982 gratiam
1148 1952 1174 1975 et
1189 1948 1299 1984 gloriam
1315 1951 1456 1979 referebat.
1473 1952 1576 1981 Accidit
1594 1958 1623 1981 ut
1636 1955 1714 1982 ambo
1727 1963 1816 1984 more-

1022 1996 1116 2019 rentur
1130 2001 1138 2019 :
1153 1998 1274 2022 mortuus
1297 2000 1338 2022 est
1359 1995 1449 2028 dives.
1473 1997 1644 2034 sepultuSque
1662 1998 1734 2027 fuit:
1749 2000 1815 2029 abiit

1021 2041 1049 2065 et
1063 2038 1178 2066 Lazarus
1188 2060 1196 2073 ,
1215 2047 1303 2075 neque
1315 2041 1387 2068 enim
1401 2042 1514 2070 dixerim
1523 2063 1531 2076 ,
1546 2049 1667 2072 mortuus
1679 2050 1729 2074 est.
1745 2046 1813 2076 Nam

1021 2083 1111 2112 divitis
1124 2085 1231 2119 quidem
1245 2094 1319 2114 mors
1330 2095 1393 2115 vere
1407 2096 1480 2116 mors
1492 2093 1533 2117 est
1545 2094 1573 2117 et
1586 2091 1732 2125 sepultura,
1747 2100 1814 2128 pau-

1021 2130 1093 2164 peris
1107 2138 1171 2158 vero
1185 2139 1258 2159 mors
1276 2137 1318 2162 est
1330 2134 1509 2169 peregrinatio
1521 2138 1547 2162 et
1562 2136 1697 2164 translatio
1709 2137 1742 2164 ad
1756 2145 1813 2165 me-

1021 2176 1086 2204 liora
1097 2197 1104 2209 ,
1123 2184 1270 2213 cursusque
1282 2186 1296 2205 a
1312 2185 1456 2208 scammate
1474 2180 1508 2208 ad
1516 2172 1657 2216 praemium
1668 2203 1676 2217 ,
1690 2191 1704 2209 a
1718 2184 1811 2220 pelago

1019 2222 1052 2249 ad
1071 2226 1194 2258 portum,
1218 2223 1254 2251 ab
1273 2225 1331 2252 acie
1353 2224 1387 2252 ad
1410 2230 1538 2260 tropmum
1551 2247 1560 2258 ,
1583 2235 1597 2253 η
1621 2227 1762 2257 sudoribus
1776 2231 1810 2257 ad

1019 2274 1155 2295 coronam.
1171 2269 1258 2297 Ambo
1277 2269 1340 2297 illuc
1354 2270 1477 2298 abierunt
1487 2291 1494 2304 ,
1509 2271 1554 2299 ubi
1577 2280 1620 2300 res
1633 2281 1703 2301 verte
1717 2283 1725 2301 :
1739 2275 1812 2303 solu-

1020 2317 1074 2340 tum
1087 2318 1128 2341 est
1143 2314 1276 2342 theatrum
1286 2336 1294 2347 ,
1311 2316 1420 2343 sublata:
1435 2316 1524 2343 larvm.

1054 2359 1105 2390 Re;
1126 2360 1243 2387 humana:
1263 2369 1345 2388 scena:
1366 2367 1556 2397 comparantur.
1576 2378 1612 2383 —
1632 2363 1810 2397 Quemadmo-

1018 2404 1082 2433 dum
1097 2404 1135 2442 (a)
1151 2406 1222 2433 enim
1244 2406 1271 2434 in
1293 2406 1396 2434 theatro
1415 2408 1441 2435 in
1456 2408 1567 2436 meridie
1583 2409 1711 2437 velamina
1726 2411 1809 2439 multa

1017 2457 1097 2485 sunt,
1120 2453 1250 2488 multique
1265 2453 1363 2481 scenici
1378 2453 1491 2489 ingressi
1511 2453 1693 2483 bistrionicam
1707 2457 1808 2484 larvam

1018 2499 1044 2526 in
1059 2499 1134 2527 vultu
1155 2499 1270 2534 habent,
1290 2504 1408 2528 vetereto
1430 2500 1543 2530 fabulam
1566 2505 1697 2534 tractant,
1712 2510 1810 2538 resque

1017 2549 1106 2579 gestas
1121 2549 1230 2571 narrant
1251 2553 1257 2571 :
1279 2549 1305 2572 et
1323 2545 1391 2576 alius
1405 2545 1511 2581 quidem
1535 2546 1719 2583 philosophum
1743 2547 1806 2583 agit,

1016 2591 1060 2625 qui
1082 2598 1134 2618 non
1156 2596 1196 2618 cst
1217 2591 1391 2626 philosophus
1405 2599 1411 2618 :
1426 2592 1493 2618 alius
1508 2599 1595 2627 regem
1607 2613 1613 2624 ,
1630 2593 1674 2627 qui
1690 2600 1736 2620 rex
1754 2602 1806 2620 nou
1827 2584 1831 2588 ’

1016 2641 1068 2670 est,
1083 2636 1129 2664 sed
1144 2636 1214 2671 regis
1227 2636 1344 2664 habitum
1356 2636 1436 2664 habet
1448 2644 1495 2672 per
1508 2638 1702 2666 enarrationem
1718 2647 1725 2666 :
1739 2639 1808 2666 alius

1017 2682 1152 2715 medicus,
1168 2682 1212 2718 qui
1225 2690 1259 2710 ne
1275 2682 1376 2718 ligntnn
1391 2683 1497 2719 quidem
1513 2688 1626 2717 tractare
1639 2689 1726 2722 potest
1736 2705 1743 2719 ,
1758 2685 1805 2713 sed

1048 2773 1057 2789 ι
1073 2771 1114 2799 ilic
1121 2771 1229 2803 quiedam
1240 2770 1410 2803 desiderantur
1420 2770 1445 2800 in
1463 2770 1570 2803 Bertzel.,
1581 2778 1635 2803 qum
1645 2771 1767 2797 habentur
1777 2772 1802 2797 in

1014 2803 1086 2837 codd.
1099 2802 1160 2832 aliis,
1174 2806 1199 2827 et
1207 2802 1324 2837 quadram
1335 2802 1363 2826 ad
1373 2805 1476 2826 textum.
1538 2832 1544 2837 _
1590 2802 1600 2837 ’_

1045 2835 1082 2864 (α)
1099 2837 1153 2860 Ηςεο
1175 2832 1328 2865 [altioribus
1343 2836 1428 2859 tractat
1449 2839 1520 2866 supra
1538 2832 1620 2863 homil.
1633 2835 1650 2857 tl
1667 2834 1807 2862 deLazaro.

1015 2871 1080 2891 num.
1091 2865 1114 2890 3.
