2045 3116
256 124 322 151 1035

254 180 348 208 medici
364 180 479 207 vestibus
492 180 602 206 amictus
618 186 657 206 est
670 189 675 206 :
692 180 759 206 alius
772 187 876 210 servus,
891 179 934 214 qui
950 184 1036 206 tamen

254 226 321 253 liber
334 231 392 253 est:
407 226 475 253 alius
490 226 591 258 doctor,
606 226 648 260 qui
664 233 696 252 ne
713 226 812 252 litteras
827 226 932 259 quidem
947 225 1017 252 novit
1030 235 1036 252 :

254 272 327 298 nullo
347 272 427 299 modo
446 279 519 298 suam
531 292 538 304 ,
562 272 607 298 sed
623 271 734 297 alienam
750 272 865 305 speciem
882 273 1037 298 referentes.

253 317 318 344 Nam
333 317 451 344 medicus
466 321 590 351 apparet,
607 317 650 351 qui
667 324 719 343 non
733 321 774 343 est
795 316 913 343 medicus
930 326 935 342 :
952 316 1039 350 philu-

253 363 353 397 sophus
365 367 484 398 apparet,
497 362 540 396 qui
553 370 655 389 comam
670 363 749 389 habet
761 363 827 389 intra
841 362 950 391 larvam.
964 361 1038 389 miles

252 414 361 443 apparet
381 410 413 441 is,
434 409 479 443 qui
499 409 590 435 militis
614 408 713 435 cultum
737 409 828 435 refert.
854 408 962 435 Etiamsi
977 415 1039 434 vero

252 455 331 481 Μέντῃ
353 455 455 489 species
477 453 558 482 fallat.
579 454 625 481 sed
648 462 701 481 non
725 455 791 481 fallit
810 459 941 487 naturain,
965 454 1039 488 cujus

230 514 232 519 ι
251 501 388 527 veritatem
402 501 491 534 specie
513 505 680 527 transmutat.
706 501 793 528 Donec
814 506 901 527 autem
918 508 997 527 scena
1012 505 1040 527 et

253 546 383 572 theatrum
407 551 463 578 est,
487 546 592 580 Letique
614 550 777 580 spectatores
798 546 935 577 assident,
959 546 1040 573 larvm

251 596 359 619 manent
380 599 387 618 :
409 599 468 618 cuni
491 596 579 618 autem
600 591 759 618 adveniente
774 598 883 625 vespera
908 590 1038 617 theatrum

252 637 374 668 solvitur,
391 637 576 663 recedentibus
590 636 722 668 omnibus,
744 636 825 663 larva:
845 636 1037 670 projiciuutur:

252 689 314 710 tunc
326 683 371 717 qui
395 683 463 709 intus
477 691 523 710 rex
539 687 605 713 erat,
629 681 693 710 foris
715 683 824 709 a'rarius
846 687 896 709 est.
913 682 1040 716 Projecta:

251 733 313 755 sunt
324 729 413 761 larva-,
427 728 555 756 abscessit
570 728 682 760 fallat-ia,
695 729 791 755 vei-itas
804 729 925 763 apparuit
938 737 944 754 :
956 733 983 755 et
995 729 1039 763 qui

253 775 323 801 iuius
338 774 406 800 liber
422 779 489 806 erat,
506 774 570 800 foris
585 781 677 800 διινυς
690 773 907 807 deprehenditur.
924 773 956 801 Ut
968 774 1038 801 enim

249 820 303 855 jam
316 820 380 852 dixi,
392 819 464 846 intus
476 819 586 851 fallacia,
599 818 663 846 foris
674 819 771 846 veritas
783 828 789 846 :
801 819 907 846 advenit
918 827 1039 854 vespera,

251 866 367 892 solutum
382 869 421 891 est
436 865 577 897 theatrum,
591 865 712 899 apparuit
725 865 830 891 veritas.
847 864 882 890 Ita
897 872 1001 899 quoque
1014 865 1039 891 in

252 911 304 937 vita
320 915 346 938 et
359 911 385 937 in
400 910 451 937 line
466 911 524 937 vitm
540 918 581 936 res
596 914 739 944 praisenles
753 915 814 937 sunt
829 910 959 937 theatrum
975 918 981 942 ;
999 910 1040 936 lii-

252 957 406 984 strionicam
428 961 509 992 agunt
531 957 630 984 divitia:
650 962 677 983 et
697 962 854 991 paupertas,
879 957 1002 991 princeps
1015 961 1041 984 et

251 1002 382 1033 SlllttlllUS,
397 1006 423 1028 et
438 1001 478 1028 his
491 1002 584 1029 similia
598 1010 604 1034 ;
623 1009 682 1028 cuni
697 1007 784 1029 autem
799 1002 856 1029 dies
871 1002 915 1029 illa
930 1003 1040 1029 transie-

252 1050 295 1082 rit,
310 1054 335 1076 et
350 1057 400 1077 nox
417 1049 460 1076 illa
477 1049 612 1076 tremenda
627 1049 782 1080 advenerit;
806 1049 858 1075 iino
874 1049 960 1083 petius
972 1049 1037 1080 dies,

251 1102 310 1129 qua:
325 1093 509 1129 peccatoribus
523 1101 585 1126 nox,
598 1093 729 1129 justisque
742 1094 798 1120 dies
812 1094 860 1120 erit
876 1103 881 1120 :
897 1102 955 1120 eum
969 1094 1041 1121 solu-

252 1146 305 1168 iuin
328 1139 409 1166 fuerit
431 1139 574 1168 theatrum.
597 1147 657 1166 eum
681 1141 804 1174 projecta:
827 1139 924 1166 fuerint
949 1140 1039 1173 larvaz,

251 1192 310 1212 cum
325 1185 507 1219 unusquisque
526 1189 553 1213 et
567 1191 647 1218 opera
671 1184 703 1211 ad
723 1192 834 1212 examen
857 1185 1038 1212 vocabuntur:

251 1240 304 1259 non
319 1231 498 1266 unusquisque
512 1236 538 1258 et
552 1231 648 1259 divitim
663 1231 737 1265 ejus,
756 1238 808 1257 non
822 1231 1002 1266 unusquisque
1015 1236 1041 1259 et

252 1277 416 1312 principatus
436 1277 505 1310 ejus,
528 1284 580 1303 non
608 1276 788 1310 unusquisque
811 1280 838 1303 et
861 1276 948 1303 li0iior
971 1277 1038 1310 ejus,

251 1331 302 1349 non
318 1322 498 1356 unusquisque
521 1327 547 1348 ct
562 1322 678 1356 potentia
693 1322 771 1356 ejus;
794 1321 840 1348 sed
861 1322 1040 1356 unusquisque

250 1375 277 1395 et
291 1375 372 1403 opera
386 1367 452 1402 ejus,
470 1372 496 1394 et
512 1368 633 1402 princeps
648 1373 674 1394 et
695 1368 847 1402 imperator,
864 1373 890 1395 et
905 1368 1000 1394 mulier
1015 1373 1042 1395 et

250 1415 309 1446 vir,
325 1421 384 1440 cuin
401 1421 414 1439 a
431 1413 507 1440 nobis
523 1413 602 1441 vitam
624 1413 732 1447 probam
747 1418 773 1440 et
788 1413 855 1440 bona
871 1422 950 1448 opera
965 1421 1041 1448 repe-

252 1465 305 1493 tet,
319 1468 372 1487 non
386 1460 541 1495 dignitatum
557 1468 691 1494 pompam,
713 1468 763 1486 non
779 1461 940 1494 paupertatis
954 1460 1040 1486 vilita-

251 1511 324 1538 tem,
348 1513 399 1532 non
425 1505 566 1539 despectus
592 1505 769 1540 tyrannidem.
795 1506 830 1532 Da
856 1505 919 1531 milii
949 1513 1038 1539 opera,

250 1551 352 1578 etiamsi
369 1558 462 1578 servus
477 1551 524 1583 sis,
545 1558 624 1585 quam
640 1550 714 1577 liberi
730 1551 778 1577 viri
794 1550 921 1583 meliora;
937 1551 1040 1578 etiamsi

252 1597 345 1625 mulier
366 1597 418 1626 sis.
435 1604 512 1631 quam
529 1595 578 1622 viri
601 1595 720 1622 fortiora.
736 1595 802 1622 Guui
818 1595 927 1630 ahjecta:
942 1595 1040 1623 fuerint

251 1642 341 1674 larvm,
358 1646 419 1668 tunc
436 1645 565 1676 apparent
580 1645 605 1668 et
619 1641 692 1667 dives
707 1646 733 1667 et
747 1649 854 1676 pauper.
872 1641 904 1668 lit
915 1642 1042 1676 quemad-

251 1687 358 1715 modum
374 1687 427 1718 hic,
442 1693 580 1721 postquam
596 1687 711 1714 solutum
726 1687 774 1713 fuit
790 1688 933 1721 theatrum,
945 1688 968 1714 si
981 1688 1040 1723 quis

253 1737 372 1761 nostrum
388 1733 414 1759 in
429 1732 500 1759 edito
523 1732 582 1759 loco
604 1732 701 1759 sedens
719 1733 814 1759 viderit
835 1740 895 1759 eum
911 1733 955 1767 qui
971 1733 1040 1760 intus

253 1777 424 1815 philosophus
443 1782 518 1810 erat,
544 1777 608 1804 foris
624 1777 745 1808 tl‘l‘al‘llUII
767 1785 840 1810 esse,
862 1778 1038 1805 exclamabit:

253 1824 312 1851 hem
326 1824 332 1850 l
355 1824 449 1854 Annon
466 1823 509 1850 hie
528 1823 597 1849 intus
610 1823 784 1858 philosophus
798 1824 875 1850 erat?
898 1824 955 1850 Jain
976 1823 1040 1851 foris

253 1869 375 1897 aerarium
390 1869 466 1896 video
481 1877 487 1895 :
501 1876 590 1895 annon
615 1869 656 1895 hic
678 1876 723 1894 rex
748 1869 818 1894 intus
832 1869 913 1895 erat?
932 1868 966 1904 Et
985 1869 1039 1903 jam

255 1915 318 1941 foris
332 1915 409 1941 vilem
426 1913 566 1948 quemdam
581 1913 713 1940 hominem
728 1920 817 1940 cerno.
834 1914 930 1940 Annon
946 1913 987 1940 hic
1003 1915 1041 1941 in-

254 1965 297 1988 tus
316 1959 390 1986 dives
405 1959 482 1986 erat?
497 1961 532 1985 At
549 1959 612 1985 l'oris
628 1966 769 1993 pauperem
787 1958 863 1985 vich
879 1967 884 1984 :
901 1959 934 1985 ita
949 1963 974 1985 et
990 1959 1041 1986 illic

253 2006 313 2032 crit.
464 2007 473 2012 ’

289 2051 315 2078 6.
332 2051 486 2078 Sermonem
501 2058 552 2077 non
565 2050 675 2077 ulterius
689 2050 844 2086 producam,
856 2058 890 2077 ne
901 2050 1039 2077 veiboruin

252 2097 327 2131 copia
343 2096 489 2122 auditorem
506 2096 615 2122 obruam
630 2104 636 2120 :
651 2095 697 2122 sed
712 2095 812 2122 duabus
827 2095 968 2131 propositis
982 2104 1041 2130 per-

252 2142 324 2168 sonis
340 2146 420 2167 totam
442 2141 536 2167 theatri
554 2141 735 2168 bistrionicam
754 2141 902 2168 declarabo.
922 2142 957 2168 lie
978 2141 1041 2168 dua-

253 2188 302 2215 bus
318 2186 439 2222 personis
455 2186 580 2218 tractavi,
597 2194 682 2221 exque
697 2186 748 2213 illis
768 2186 870 2217 duabus
883 2187 959 2216 vobis
972 2188 1040 2214 viain

252 2233 344 2266 aperui
367 2236 395 2260 et
417 2232 582 2259 occasionem
606 2232 705 2266 pricbui
729 2240 735 2258 :
758 2240 804 2266 per
822 2233 883 2259 vita:
905 2233 1041 2267 pneseiiiis

253 2279 449 2306 enarrationem
473 2282 587 2304 tuentem
609 2278 715 2305 dilatavi
739 2283 873 2310 vestram,
896 2283 924 2304 ut
946 2279 1041 2313 singuli

252 2331 342 2350 rerum
356 2323 499 2350 discrimen
511 2322 638 2350 ediscant.
655 2323 717 2349 Duae
729 2323 807 2357 igitur
817 2328 893 2349 erant
904 2331 1039 2358 persona):

252 2369 320 2398 alter
333 2375 473 2403 personam
486 2367 594 2402 gerebat
607 2367 706 2400 divitis,
720 2367 786 2394 alter
801 2369 923 2402 pauperis
939 2377 945 2395 :
959 2368 1042 2395 Laza-

254 2423 300 2441 rus
322 2420 461 2448 personam
475 2413 598 2448 pauperis
609 2434 615 2446 ,
631 2413 705 2439 dives
727 2413 771 2440 ille
787 2420 926 2447 personam
941 2413 1039 2440 divitis.

252 2459 301 2490 lla:
316 2463 378 2486 sunt
399 2458 478 2485 larva:
493 2463 519 2485 et
536 2466 657 2493 persona:
668 2478 676 2490 ,
694 2466 746 2485 non
764 2466 852 2486 rerum
873 2460 970 2487 veritas
989 2460 1040 2495 (α).

252 2504 318 2534 Illuc
335 2504 413 2532 ambo
426 2505 562 2536 abierunt,
579 2504 653 2531 dives
668 2505 770 2532 scilicet
783 2510 807 2532 et
823 2513 922 2540 pauper
937 2515 943 2532 :
957 2507 1040 2533 Laza-

254 2560 309 2579 iuni
325 2554 498 2585 susceperunt
510 2549 595 2584 angeli
607 2570 613 2581 ,
628 2554 688 2586 post
702 2557 781 2577 canes
797 2550 854 2579 illos
868 2552 969 2586 angeli,
985 2557 1042 2586 pest

281 2651 317 2706 pi)
334 2655 397 2676 Cave
408 2652 480 2686 putes
491 2649 689 2685 Chrysostoimiin,
703 2650 745 2685 qui
757 2649 779 2674 in
791 2649 985 2685 prmeedentiliiis
997 2650 1040 2674 hu-

294 2684 322 2706 iis
332 2682 457 2706 historiam
467 2683 543 2704 [amri
555 2683 581 2704 et
591 2679 670 2703 divuis
679 2687 745 2706 quam
765 2686 845 2704 veram
858 2681 979 2704 historiam
989 2689 994 2706 i
1004 2688 1040 2705 ro-

251 2679 322 2706 miliis
332 2679 457 2706 historiam
467 2679 543 2704 talari
555 2683 581 2704 et
591 2679 670 2703 divitis
679 2679 745 2711 quasi
765 2686 845 2704 veram
858 2681 979 2704 historiam
989 2689 994 2711 ι
1004 2688 1041 2705 ro-

252 2713 314 2742 tulit,
325 2711 535 2743 jampalinodiam
547 2716 646 2738 canere,
659 2717 714 2735 cum
725 2711 782 2735 dicit
793 2711 824 2734 de
837 2714 919 2734 Lazaro
932 2715 956 2735 et
967 2711 1041 2743 divite

252 2741 362 2774 lv-quéiiS,
376 2741 450 2774 [erute
461 2744 514 2766 sunt
526 2747 563 2771 ea,
582 2747 636 2771 ante
647 2745 772 2774 apparent,
788 2748 835 2766 non
846 2748 928 2766 rerum
946 2742 1039 2774 ueritas.

253 2772 306 2798 Haec
317 2774 407 2804 quippe
417 2772 528 2797 dicuntur
537 2776 717 2804 consequenter
729 2772 758 2796 ad
770 2778 807 2801 ca,
820 2779 874 2803 qum
883 2779 954 2803 supra
966 2773 1041 2797 fusius

253 2802 350 2834 extulit,
360 2802 449 2834 nempe
462 2806 535 2827 totam
543 2802 670 2826 humanam
682 2804 753 2827 vitam
765 2809 845 2829 scenae
860 2802 1040 2834 eniuparandani

254 2842 309 2859 esse
322 2842 327 2858 ε
338 2834 402 2864 quod
413 2839 493 2858 tamen
504 2839 586 2857 rerum
602 2835 731 2861 veritatem
743 2844 791 2861 non
803 2837 875 2864 tollit.

622 123 650 151 S.
671 123 807 151 JOANNIS
825 122 1057 151 CllRYSOSTOMl
1077 123 1233 150 ARClllEP.
1254 123 1517 154 CONSTANTINOP.

1813 126 1884 155 £636

1095 179 1184 207 divitis
1195 181 1290 208 ostium
1304 182 1377 209 sinus
1389 183 1509 217 Abrahae,
1522 191 1581 219 post
1592 184 1688 214 famem
1702 196 1794 215 rerum
1805 191 1882 223 eupia

1095 225 1173 252 linem
1184 233 1235 252 non
1249 227 1379 261 habitura,
1391 234 1450 262 post
1462 238 1594 258 :rruuiuas
1603 233 1778 267 tranquillitas
1790 242 1886 269 perpe-

1095 274 1136 296 tua
1149 279 1156 303 ;
1171 271 1244 298 illuni
1258 271 1295 307 (u)
1304 281 1366 300 vero
1376 279 1434 307 post
1449 275 1552 303 divitias
1567 284 1717 313 paupertas,
1733 285 1791 313 pust
1807 289 1884 306 uicu-

1094 323 1151 342 sam
1164 319 1299 352 opiparam
1314 321 1469 354 supplicium
1484 327 1511 348 et
1521 324 1664 356 cruciatus,
1680 331 1738 359 post
1752 327 1889 360 tranquil—

1095 359 1194 388 liiatem
1216 362 1373 391 intolerandi
1391 365 1508 394 dolores.
1533 367 1566 395 Et
1584 369 1722 397 considera
1739 371 1802 397 nihi
1818 359 1909 406 quid‘

1093 405 1192 433 l'aelum
1213 408 1258 434 sit.
1275 409 1338 436 llluc
1354 410 1493 445 abierunt,
1510 417 1537 440 et
1551 415 1664 442 solutum
1680 421 1721 443 est
1736 405 1886 449 theatrum,

1093 452 1203 486 objecta:
1216 454 1295 481 larva:
1311 464 1317 481 :
1331 457 1416 484 vultus
1429 457 1535 485 demum
1549 467 1737 494 apparuerunt.
1752 463 1889 491 Abierunt

1094 500 1183 533 ambo,
1196 501 1317 537 videtque
1330 503 1404 531 dives
1417 505 1460 532 ille
1472 506 1630 534 torrefactus
1641 508 1768 536 Lazarum
1784 511 1808 537 iu
1821 513 1888 538 sinu

1093 545 1208 574 Abralue
1231 547 1299 576 bene
1319 556 1451 584 agentem,
1475 552 1575 580 deliciis
1597 553 1744 590 fruentem,
1765 558 1889 592 dicitque

1095 591 1131 618 illi
1147 601 1153 618 :
1170 592 1246 619 Pater
1259 594 1385 622 Abraham
1394 617 1402 629 ,
1416 597 1484 623 mitte
1496 597 1621 626 Lazarum
1636 605 1662 626 ut
1681 607 1789 629 extrema
1803 591 1888 639 diéila

1093 638 1196 666 instillat
1219 640 1244 666 in
1259 641 1373 676 linguam
1387 651 1478 676 meum,
1498 646 1556 679 quia
1570 647 1668 674 crucior
1680 648 1705 674 in
1720 649 1767 675 huc
1778 638 1888 684 [lanium

1094 682 1168 720 (Luc.
1186 685 1228 712 lG.
1244 685 1309 720 24).
1331 688 1397 720 Quid
1418 689 1497 723 igitur
1510 690 1664 719 Abraham?
1682 693 1749 726 Fili,
1768 682 1888 730 recepisti

1095 730 1158 756 bona
1171 736 1224 764 tua,
1236 737 1259 758 et
1270 732 1385 760 Lazarus
1395 735 1462 761 mula
1474 743 1521 762 sim
1536 744 1544 763 .'
1557 742 1580 763 et
1595 745 1660 764 nunc
1672 739 1712 765 liii:
1725 741 1885 774 consolatur,

1094 780 1120 801 tu
1135 784 1191 802 vero
1207 777 1337 804 cruciaris.
1352 779 1470 815 Alioquin
1485 786 1570 808 autem
1583 787 1605 808 et
1625 783 1701 810 CIMOI
1720 784 1784 811 inter
1799 795 1844 813 nos
1859 793 1887 814 et

1094 829 1136 848 vos
1148 823 1275 856 ﬁrmatum
1289 831 1342 857 est;
1366 831 1392 852 ut
1405 828 1427 853 si
1441 829 1497 862 quis
1517 830 1621 856 voluerit
1635 831 1694 858 hinc
1714 832 1775 859 illuc
1786 834 1820 860 ad
1838 842 1887 861 ι·οε

1094 869 1263 902 pertransire,
1287 879 1336 897 non
1361 873 1449 906 possit.
1475 874 1598 902 Animum
1622 876 1747 905 adhibete
1763 887 1770 905 :
1785 878 1818 906 de
1839 879 1886 907 bis

1094 916 1164 942 cniin
1180 917 1251 944 utilis
1263 925 1350 946 sentio
1365 920 1525 954 iiistituettir,
1539 923 1582 957 qui
1595 928 1693 951 terreat
1706 925 1820 959 quidem,
1832 928 1886 954 sed

1093 963 1138 996 qui
1160 968 1271 998 purget;
1293 966 1337 999 qui
1360 968 1510 999 excruciet,
1533 968 1580 995 sed
1595 969 1640 1004 qui
1662 971 1806 999 emendet:
1822 982 1887 1007 quae

1094 1007 1217 1035 dicuntur
1238 1010 1339 1044 excipe.
1356 1010 1422 1038 Cum
1438 1013 1463 1039 in
1486 1014 1647 1042 cruciatibus
1668 1016 1777 1048 degeret
1795 1018 1885 1051 dives,

1094 1060 1200 1080 sursum
1212 1056 1326 1089 aspexit,
1343 1061 1369 1083 et
1382 1057 1444 1084 vidit
1458 1057 1588 1086 Lazarum
1604 1069 1611 1087 :
1627 1061 1690 1088 vidit
1703 1070 1759 1089 rem
1774 1072 1884 1091 novant.

1095 1097 1122 1124 In
1137 1099 1205 1125 ostio
1220 1104 1264 1126 tuo
1276 1101 1394 1134 quotidie
1409 1107 1464 1129 erat
1481 1111 1487 1128 :
1506 1104 1545 1130 bis
1561 1110 1632 1132 terve
1652 1106 1842 1140 ingrediebaris
1858 1115 1886 1136 et

1094 1144 1281 1178 egrediebaris,
1296 1151 1323 1173 et
1344 1154 1395 1174 non
1409 1149 1568 1182 respiciebas
1583 1159 1642 1178 eum
1656 1160 1663 1184 ;
1679 1160 1738 1179 cum
1752 1159 1840 1181 autem
1857 1155 1884 1182 in

1094 1191 1228 1224 Sartagine
1242 1193 1366 1224 versaris,
1381 1201 1413 1220 ex
1428 1198 1501 1221 tanto
1514 1195 1655 1224 interstitio
1670 1198 1742 1225 vides
1754 1200 1764 1226 ?
1776 1200 1840 1226 Cum
1858 1201 1885 1227 in

1093 1235 1192 1263 divitiis
1205 1245 1312 1272 ageres,
1326 1246 1385 1265 eum
1401 1247 1483 1274 penes
1503 1247 1528 1268 ie
1542 1246 1640 1269 eratut
1655 1244 1774 1275 videres,
1790 1246 1884 1272 videre

1094 1282 1166 1308 illuni
1181 1284 1289 1311 nolebas
1299 1305 1306 1317 ,
1320 1292 1368 1312 cur
1389 1294 1459 1313 nunc
1474 1291 1525 1314 taui
1540 1293 1616 1316 acute
1638 1291 1726 1317 cernis
1738 1291 1768 1316 εἰ)
1788 1293 1884 1320 Annon

1094 1327 1120 1354 in
1135 1328 1203 1354 ostio
1227 1334 1270 1355 tuo
1294 1331 1373 1357 erat?
1395 1331 1448 1358 Cur
1471 1333 1544 1360 illum
1569 1339 1630 1361 tunc
1651 1343 1666 1362 e
1689 1337 1807 1369 proximo
1828 1345 1883 1364 non

1094 1373 1214 1406 videbas,
1237 1383 1306 1402 nunc
1325 1380 1412 1403 autem
1431 1385 1462 1404 ex
1483 1382 1556 1405 tanto
1569 1379 1712 1407 interstitio
1726 1381 1806 1414 vides,
1820 1390 1883 1409 eum

1095 1422 1195 1445 tantum
1221 1421 1255 1446 sit
1279 1420 1464 1449 intermedium
1487 1423 1590 1451 chaos?
1614 1425 1681 1459 Quid
1709 1432 1795 1454 autem
1817 1428 1884 1454 ille?

1094 1464 1226 1491 Abraham
1239 1470 1342 1500 patrem
1352 1473 1436 1494 vocat.
1450 1468 1590 1497 Palrenine
1599 1479 1678 1498 voras
1687 1473 1796 1509 cuni(b),
1806 1475 1883 1508 eujus

1095 1510 1300 1545 hospitalitatem
1318 1522 1369 1540 non
1392 1522 1421 1541 es
1443 1515 1584 1543 imitatus?
1604 1517 1653 1545 Hic
1675 1523 1774 1552 patrem
1795 1525 1881 1552 vocat,

1094 1556 1138 1584 ille
1152 1557 1234 1584 filium
1249 1567 1255 1585 :
1271 1560 1377 1586 iioniiiia
1393 1562 1559 1595 cognatiouis
1573 1568 1644 1596 sunt,
1662 1565 1709 1592 sed
1725 1566 1822 1593 nullum
1837 1575 1883 1601 pa-

1095 1603 1245 1631 trocinium.
1261 1605 1358 1633 Verum
1374 1608 1480 1634 nomina
1495 1609 1612 1643 profert,
1632 1615 1660 1636 ut
1678 1611 1785 1638 discatis
1797 1619 1883 1646 genus

1094 1651 1158 1677 nihil
1173 1651 1310 1686 prodesse.

1131 1697 1256 1725 Nobilitas
1272 1704 1307 1726 cst
1325 1708 1374 1727 non
1393 1701 1516 1736 majorum
1538 1702 1665 1736 splendor,
1684 1704 1728 1730 sed
1747 1705 1832 1731 uirtus.
1846 1720 1884 1725 —

1094 1743 1222 1785 Nolnlitas
1234 1746 1330 1780 quippe
1345 1751 1385 1773 est
1399 1755 1450 1774 non
1466 1748 1596 1782 majorum
1612 1750 1748 1784 splendor,
1763 1751 1806 1778 sed
1822 1760 1882 1779 nio-

1094 1797 1137 1816 res
1152 1790 1246 1818 virtute
1263 1791 1374 1824 praiditi.
1393 1792 1431 1820 Ne
1451 1794 1514 1820 mihi
1529 1795 1627 1822 dixeris
1638 1817 1645 1827 ,
1666 1801 1741 1831 pater
1758 1802 1797 1824 est
1816 1798 1882 1826 mihi

1094 1837 1196 1863 consul.
1215 1837 1282 1869 Quid
1301 1837 1351 1864 hoc
1372 1839 1403 1865 ad
1427 1840 1491 1866 me?
1505 1841 1562 1867 Non
1578 1841 1629 1868 hoc
1642 1850 1741 1877 q‘irero.
1762 1843 1799 1871 Nc
1816 1844 1882 1870 mihi

1094 1881 1201 1913 dixeris,
1213 1886 1313 1916 patrem
1323 1882 1407 1910 habeo
1418 1885 1563 1912 consulem.
1576 1886 1687 1914 Etiamsi
1702 1888 1809 1915 Paulum
1818 1897 1884 1923 apo-

1094 1928 1190 1954 stolum
1205 1933 1305 1962 patrem
1320 1929 1432 1957 haberes
1444 1952 1450 1963 ,
1466 1932 1488 1959 si
1502 1937 1632 1968 martyres
1649 1933 1742 1962 fratres
1754 1956 1760 1967 ,
1778 1940 1802 1962 tu
1817 1944 1882 1963 vero

1095 1974 1217 2000 virtutem
1232 1975 1336 2001 illorum
1353 1984 1404 2003 non
1423 1978 1564 2006 ia-itareris
1577 2000 1583 2011 ,
1602 1980 1665 2006 nihil
1681 1981 1726 2007 tibi
1746 1983 1881 2016 prodesset

1095 2019 1136 2046 illa
1149 2021 1270 2055 cognatio
1281 2030 1287 2053 ;
1300 2021 1352 2048 imo
1364 2022 1450 2056 potius
1462 2024 1506 2050 tibi
1517 2029 1625 2052 noceret
1635 2030 1712 2060 teque
1723 2028 1882 2054 condemna-

1095 2071 1143 2093 ret.
1157 2067 1247 2099 Maier,
1261 2069 1371 2103 inquiet,
1384 2077 1440 2096 mea
1454 2070 1649 2106 elecmosyuam
1664 2079 1764 2108 erogat.
1782 2074 1880 2109 Ecquid

1096 2113 1145 2140 hoc
1158 2114 1189 2140 ad
1206 2119 1248 2145 te,
1265 2116 1307 2149 qui
1328 2115 1487 2143 inhumanus
1500 2117 1547 2144 es?
1566 2117 1630 2144 Nam
1652 2119 1710 2153 ejus
1734 2120 1882 2148 humanitas

1097 2159 1147 2185 tuis
1164 2159 1289 2193 improbis
1310 2160 1429 2188 moribus
1443 2162 1562 2188 accessio
1582 2163 1812 2191 condeinnaiionis
1829 2172 1881 2192 est.

1095 2205 1161 2238 Quid
1176 2206 1246 2231 enim
1262 2205 1324 2232 dicit
1340 2206 1456 2233 Joannes
1471 2207 1586 2242 Baptista
1606 2208 1637 2234 ad
1655 2210 1778 2242 populum
1793 2210 1882 2236 Judai-

1095 2251 1173 2277 Cum?
1183 2251 1269 2277 Facite
1280 2251 1387 2285 fructum
1398 2252 1501 2287 dignum
1513 2253 1674 2287 pamitentite,
1688 2259 1710 2280 rt
1719 2264 1749 2281 ne
1759 2255 1880 2289 dixeritis,

1096 2302 1191 2331 patrem
1202 2297 1320 2325 habemus
1336 2298 1461 2324 Abraham
1476 2298 1550 2333 (Luc.
1567 2300 1592 2326 5.
1608 2301 1647 2327 ει.
1664 2301 1820 2328 Pi‘melaruni
1833 2302 1882 2329 ha-

1096 2343 1142 2376 lres
1157 2349 1260 2370 alavum
1274 2353 1280 2369 :
1295 2344 1316 2371 si
1333 2345 1448 2371 imitatus
1463 2345 1543 2372 fueris
1556 2367 1561 2377 ,
1579 2345 1640 2372 hinc
1660 2346 1759 2373 lucrum
1781 2347 1882 2378 habes:

1095 2390 1116 2415 si
1132 2398 1182 2416 non
1198 2391 1322 2422 imitatus,
1337 2391 1493 2425 pra-clarum
1509 2392 1580 2418 illum
1596 2391 1678 2419 habes
1690 2399 1882 2427 accusatorem,

1095 2437 1165 2471 quod
1179 2445 1211 2464 ex
1226 2437 1294 2464 dulei
1311 2437 1400 2465 radice
1417 2446 1523 2466 amarus
1536 2439 1572 2465 sis
1586 2445 1659 2466 ortus
1678 2439 1785 2468 fructus.
1802 2442 1883 2469 Num-

1095 2491 1172 2517 quam
1189 2483 1292 2510 beatum
1308 2484 1434 2517 prmdices
1445 2485 1590 2517 hominem,
1601 2486 1676 2520 cujus
1684 2493 1812 2520 cognatus
1823 2496 1870 2522 pro

1099 2528 1146 2554 bus
1162 2534 1211 2559 est,
1227 2529 1281 2555 nisi
1289 2529 1346 2562 ejus
1361 2536 1448 2556 mores
1465 2530 1590 2557 imitetur.
1604 2531 1714 2558 Matrem
1729 2533 1812 2560 habes
1825 2542 1872 2560 san

1095 2577 1264 2603 ei:ini?i\‘iliil
1279 2577 1311 2603 ad
1327 2581 1352 2604 te
1371 2576 1464 2604 attinet
1479 2586 1485 2604 :
1502 2581 1612 2604 matrem
1628 2578 1709 2606 habes
1723 2580 1864 2607 scelestam
1877 2599 1884 2608 .

1128 2679 1135 2694 ι
1147 2676 1250 2704 nenzel.,
1260 2681 1318 2700 (imi
1330 2677 1353 2700 in
1362 2676 1449 2701 divitiis
1460 2676 1607 2701 lt‘l’lfillitildlls
1618 2683 1664 2701 non
1674 2677 1748 2707 vit/cs,
1756 2684 1857 2707 mirique
1866 2687 1888 2701 ιιι

1095 2715 1164 2741 patria
1174 2711 1241 2733 acuta
1253 2706 1339 2737 rei-nis,
1350 2711 1397 2731 etc.
1410 2709 1538 2741 sequentia
1558 2709 1617 2741 item
1630 2708 1751 2741 ιίιιιιιιιιιιιι
1762 2709 1812 2741 diti".
1823 2717 1850 2731 ri:
1873 2716 1875 2726 ι

1096 2739 1100 2776 ς
1113 2741 1161 2776 ¹((ι)
1179 2743 1231 2763 ttzce
1252 2745 1379 2770 parumper
1393 2739 1484 2763 variant
1503 2739 1527 2762 iu
1540 2739 1600 2763 edit.
1612 2739 1719 2768 Beiizel.,
1732 2740 1776 2764 sed
1801 2746 1894 2764 sensu~

1095 2772 1209 2856 “tiliam
1228 2800 1281 2826 fere
1293 2801 1384 2833 repetit
1401 2807 1455 2831 qua:
1475 2800 1589 2825 concione
1612 2801 1684 2826 tertia
1697 2808 1777 2832 supra,
1798 2802 1891 2827 uum.’J

1097 2837 1121 2856 et
1171 2851 1175 2856 .

1097 2837 1121 2858 Ci
1141 2837 1175 2857 ιιι.
