2045 3116
153 150 217 179 1057

151 207 221 234 Nihi‘.
234 206 267 234 ad
283 210 309 234 te
321 205 414 233 attinet
430 214 436 232 :
451 208 480 232 ut
499 204 568 232 illius
581 204 664 232 virtus
677 203 723 232 tibi
745 212 797 231 non
812 204 938 239 prodest,

151 253 173 280 si
187 252 310 280 virtutem
325 260 377 279 non
392 251 513 284 imiteris,
527 251 562 278 ita
577 258 626 279 nec
639 251 710 278 illius
725 251 880 286 improbitas
894 251 940 278 tibi

151 297 295 333 quidquam
312 301 406 330 nocet,
425 297 446 324 si
468 296 613 332 nequitiam
628 296 746 331 deponas
764 306 770 324 :
786 296 833 324 sed
845 302 873 323 ut
888 297 942 324 illic

153 345 239 379 majus
251 349 291 372 est
306 344 406 371 crimen
419 364 427 376 ,
442 343 512 379 quod
525 351 585 370 cum
598 344 748 378 exemplum
765 343 877 370 haberes
892 342 941 370 do-

153 391 290 418 mesticum
303 410 311 423 ,
323 390 448 417 virtutem
463 397 515 416 non
535 390 572 417 sis
589 389 707 416 imitatus
722 398 728 417 :
745 389 781 416 ita
801 388 885 423 major
899 388 943 415 hic

153 435 212 463 laus
227 438 336 470 surget,
351 434 420 470 quod
435 434 494 470 quis
511 442 570 462 cum
593 434 701 462 haberet
720 439 833 462 matrem
856 433 943 461 scele-

153 485 232 513 stam,
245 481 315 508 illius
328 481 524 516 improbitatem
540 488 592 508 non
605 480 640 507 sit
654 480 781 514 imitatus,
798 479 844 507 sed
858 479 944 507 dulcrs

153 527 254 555 fructus
278 528 313 555 sit
333 527 366 555 ab
386 527 480 555 acerba
503 526 592 554 radice
612 531 766 561 prognatus.
790 525 847 553 Non
872 525 943 552 enim

153 574 279 609 splendor
299 573 430 609 majorum
443 594 451 607 ,
472 573 518 601 sed
534 573 630 600 virtute
645 572 746 608 prtediti
768 579 856 599 mores
869 579 944 606 qua:—

155 624 258 647 rnntur.

191 684 302 711 Servitus
316 692 374 711 vera
389 688 527 719 peccatum.
539 698 574 705 ——
588 683 645 718 Ego
656 683 698 712 vel
710 690 816 710 servant
830 682 944 710 nobilem

154 729 269 764 appello,
285 733 312 757 et
324 729 461 757 dominum
474 735 566 757 catena
581 729 698 756 vinclum
708 748 715 760 ,
731 729 753 755 si
768 727 832 755 mihi
846 727 945 762 cogniti

156 773 255 801 fuerint
267 773 324 808 ejus
337 781 425 801 mores
438 782 444 800 :
460 774 524 801 mihi
536 774 577 802 vel
599 774 632 808 is,
650 774 693 809 qui
708 773 733 800 in
744 773 871 808 dignitate
883 780 947 800 con-

156 820 263 847 stitutus
276 825 334 853 est,
349 819 471 855 ignobilis
485 819 601 851 videtur,
613 820 635 847 si
648 819 764 848 animam
780 826 885 846 servam
898 818 947 845 ha-

155 866 216 894 beat
230 875 237 893 :
252 867 310 900 quis
320 866 392 895 enim
407 873 499 894 servus
512 871 572 900 est,
585 866 637 893 nisi
649 866 693 900 qui
710 865 772 892 facit
784 869 923 900 peccatum
935 863 947 891 ?

157 912 215 940 Alia
225 913 332 947 quidem
340 912 453 940 servitus
465 913 499 941 ab
509 912 626 940 adversis
640 919 729 939 rerum
741 910 881 939 eventibus
891 910 947 938 ori-v

157 963 209 990 tur,
224 957 282 985 haec
297 965 360 986 vero
375 958 489 985 servitus
504 957 646 985 discrimen
661 962 702 984 est
716 956 815 989 animi;
829 955 948 991 quando-

157 1004 264 1039 quidem
279 1011 294 1030 a
310 1004 440 1039 principio
453 1004 569 1031 servitus
581 1003 643 1031 hinc
656 1003 774 1038 irrepsit.

193 1061 220 1087 7.
234 1060 289 1087 Non
300 1064 358 1087 erat
369 1060 439 1088 ullus
451 1068 545 1088 servus
559 1059 622 1093 olim
635 1068 642 1086 :
659 1059 729 1086 Dens
742 1059 812 1086 enim
825 1065 885 1086 cum
901 1057 950 1084 ho-

159 1106 255 1133 minem
272 1105 398 1132 formaret
411 1126 418 1138 ,
435 1113 539 1132 servum
555 1105 628 1132 illum
646 1111 811 1139 nequaquam
828 1103 909 1136 fecit,
923 1107 951 1130 at

159 1153 282 1180 liberum.
299 1151 430 1179 Adamum
443 1152 544 1178 creavit
559 1157 587 1178 et
601 1151 693 1184 Evam,
708 1155 784 1177 erant
797 1149 903 1184 quidem
917 1149 950 1176 li-

158 1197 216 1224 beri
236 1196 338 1224 ambo:
356 1196 425 1224 unde
445 1196 525 1231 igitur
544 1201 601 1223 orta
622 1200 663 1224 est
684 1196 818 1223 servitus?
840 1194 952 1230 impegit

159 1242 304 1272 humanum
318 1250 412 1278 genus,
427 1251 458 1270 ac
472 1243 579 1270 modum
593 1242 744 1278 cupiditatis
758 1241 908 1275 excedens,
924 1241 951 1268 in

162 1288 298 1315 lasciviam
311 1293 353 1316 est
364 1288 505 1323 impulsum
521 1297 529 1316 ι
543 1295 597 1323 quo
610 1295 673 1316 vero
688 1291 765 1323 pacto
777 1287 850 1315 audi.

195 1343 337 1379 Descriptio
352 1343 441 1371 diluvii
454 1343 560 1370 Noe.—
573 1343 683 1372 Factum
699 1347 741 1370 est
754 1342 892 1375 diluvium,
907 1349 952 1368 or-

158 1389 201 1417 bis
215 1393 345 1417 terrarum
365 1397 507 1417 commune
531 1389 696 1424 naufragium
709 1410 717 1422 ,
738 1392 880 1416 cataractae
894 1387 952 1414 ezeli

160 1439 259 1470 apertae
274 1439 352 1468 sunt,
367 1439 394 1463 et
405 1435 495 1471 abyssi
508 1435 624 1470 profusae
636 1434 718 1471 (Gen.
732 1435 759 1461 7.
774 1434 827 1468 10)
843 1443 849 1461 :
863 1434 952 1460 omnia

160 1485 237 1508 erant
250 1488 317 1516 aqua
329 1501 337 1514 ,
351 1485 379 1508 et
393 1488 451 1515 quae
466 1481 550 1508 oculis
569 1480 704 1508 cernimus
717 1480 743 1507 in
757 1480 888 1507 elementa
907 1486 952 1506 re-

161 1527 343 1558 solvebantnr,
359 1533 390 1553 ac
404 1526 623 1557 destrucbantur,
641 1532 690 1552 nec
704 1525 847 1560 apparebat
862 1529 950 1556 terra;

161 1571 208 1599 sed
219 1572 307 1599 omnia
321 1572 428 1607 pelagus
438 1576 524 1604 erant,
539 1570 614 1598 radix
627 1574 716 1597 autem
730 1569 781 1597 illis
794 1569 902 1596 suberat
915 1570 953 1596 ira

163 1619 228 1652 Dei;
244 1618 339 1646 ﬂuctus
352 1624 428 1646 erant
443 1618 542 1650 omnia,
556 1621 583 1644 et
596 1617 684 1644 omnia
698 1615 791 1649 maria,
807 1619 912 1642 montes
927 1615 953 1642 in

162 1665 244 1692 altum
259 1665 340 1692 erecti
358 1664 535 1699 preeminent,
555 1667 583 1690 at
601 1670 649 1690 eos
669 1662 778 1697 pelagus
792 1664 951 1696 operuerat,

163 1715 318 1746 tantumque
340 1710 446 1746 pelagus
457 1731 464 1743 ,
480 1714 508 1737 et
519 1710 612 1736 caslum
626 1713 701 1741 erat,
718 1707 849 1742 perditum
870 1707 955 1735 fuerat

162 1765 246 1792 genus
261 1758 405 1784 humanum
422 1765 428 1783 :
445 1756 559 1783 scintilla
573 1754 658 1782 nostri
672 1754 778 1789 generis
798 1753 853 1781 Noe
868 1757 955 1780 resta-

162 1804 223 1836 bat,
237 1802 350 1830 scintilla
365 1803 391 1829 in
407 1801 495 1829 medio
508 1800 586 1834 mari,
603 1807 653 1827 nec
664 1805 752 1827 tamen
767 1799 955 1833 exstingueba—

165 1855 217 1883 tur,
232 1849 361 1885 primitias
375 1848 480 1884 generis
492 1847 574 1874 nostri
588 1854 678 1874 secum
693 1845 792 1872 habens
805 1852 915 1872 uxorem
928 1848 955 1871 et

164 1897 272 1929 liberos,
289 1896 439 1923 columbam
451 1899 478 1921 et
490 1901 599 1921 corvum
612 1897 639 1920 ct
653 1897 748 1920 extera
761 1891 849 1919 omnia
862 1899 868 1917 :
884 1891 955 1918 intus

163 1946 241 1969 erant
253 1949 358 1972 omnes,
373 1945 400 1967 et
415 1939 549 1967 ferebatur
562 1946 622 1966 arca
639 1945 719 1973 super
731 1944 814 1973 aquas
826 1937 852 1964 in
866 1936 955 1964 medio

166 1987 288 2021 procella:
304 2008 311 2020 ,
330 1994 416 2021 neque
436 1985 600 2019 naufragium
623 1984 755 2016 faciebat;
778 1983 876 2018 quippe
896 1989 955 2016 qua:

164 2034 367 2068 gubernatorem
390 2031 525 2058 dominum
549 2030 659 2057 haberet
682 2028 873 2056 universitatis.
895 2027 956 2055 Non

164 2079 236 2105 enim
258 2084 361 2105 asseres
380 2077 454 2104 illum
471 2080 630 2108 servarunt,
645 2074 693 2102 sed
714 2074 821 2102 robusta
837 2073 883 2101 Dei
897 2081 955 2100 ma-

166 2131 226 2151 nus.
241 2123 280 2150 Ac
297 2122 357 2150 vide
377 2121 554 2154 miraculum;
570 2128 629 2148 cum
647 2120 737 2147 abluta
756 2119 850 2147 fuisset
863 2124 935 2148 terra
946 2139 954 2152 ,

165 2176 225 2196 cum
239 2168 333 2195 sublati
345 2171 434 2194 essent
446 2174 461 2194 e
476 2166 573 2198 medio,
585 2166 629 2201 qui
642 2166 710 2192 mala
726 2169 954 2200 perpelraverant,

164 2220 224 2240 cum
246 2213 337 2241 sedata
353 2218 497 2247 tempestas
516 2216 606 2245 esset,
628 2215 808 2247 apparuerunt
826 2210 956 2239 montium

166 2260 291 2292 vertices,
305 2259 425 2287 consedit
440 2266 511 2292 arca,
526 2257 676 2286 columbam
692 2257 762 2284 misit
777 2256 843 2285 Noe.

201 2315 316 2343 Ecclesia
329 2323 387 2342 cum
399 2323 458 2344 arca
472 2314 529 2341 Noe
539 2314 642 2341 collata.
660 2313 724 2342 Vide
735 2313 761 2340 in
777 2312 874 2340 Homil.
889 2313 916 2344 l,
928 2312 955 2339 in

167 2361 287 2394 Paulum,
298 2366 321 2389 et
341 2361 372 2388 de
391 2361 552 2389 Poenitentia.
565 2375 602 2389 -γ
612 2360 696 2389 Porro
711 2359 835 2396 mysteria
851 2359 956 2389 fuerunt

165 2415 224 2442 qum
241 2412 392 2440 narrantur,
405 2411 431 2433 et
445 2414 534 2433 rerum
549 2406 695 2433 futurarum
711 2405 792 2440 ligttra
803 2425 810 2438 ,
827 2412 886 2439 qua:
900 2409 955 2431 tum

166 2453 264 2480 fiebant
274 2473 282 2484 ,
298 2452 422 2479 nimirum
437 2460 497 2479 arca
520 2451 567 2478 fuit
589 2451 706 2478 Ecclesia
719 2471 726 2484 ,
741 2450 798 2479 Noe
813 2450 934 2478 Christus
946 2471 954 2484 ,

165 2498 286 2525 columba
300 2497 414 2533 Spiritus
424 2501 542 2530 sanctus,
554 2497 620 2524 010;}:
634 2496 725 2526 folium
737 2496 783 2524 Dei
794 2496 954 2531 benignitas.

168 2545 300 2571 Emissum
316 2548 357 2572 est
370 2545 468 2572 animal
493 2548 660 2572 manSuetum
671 2563 679 2577 ,
695 2548 722 2571 et
736 2543 801 2571 exiit
819 2551 852 2571 ex
872 2550 934 2571 arca
946 2563 954 2576 ,

166 2591 212 2619 ενι]
229 2591 310 2625 ﬁgura
325 2590 430 2619 fuerunt
445 2591 500 2623 illa,
515 2590 572 2618 ιιωίε
585 2594 648 2618 sunt
661 2590 769 2618 veritas.
785 2589 853 2617 Vide
867 2593 955 2616 autem

171 2638 285 2665 veritatis
296 2637 500 2666 abundantiam:
513 2637 735 2672 quemadmodum
750 2637 775 2664 in
791 2636 879 2664 medio
889 2636 955 2665 mari

166 2683 289 2710 servabat
301 2691 347 2710 eos
362 2691 423 2711 arca
435 2704 442 2716 ,
458 2684 501 2718 qui
517 2684 586 2712 intus
601 2688 694 2716 erant,
709 2684 747 2711 sic
761 2689 786 2710 et
801 2690 894 2710 omnes
910 2683 954 2717 qui

165 2735 265 2763 errant,
279 2734 367 2756 servat
382 2729 515 2757 Ecclesia:
527 2738 617 2758 verum
631 2738 693 2758 arca
706 2730 828 2757 servabat
841 2734 952 2762 tantum,

166 2776 286 2805 Ecclesia
298 2775 423 2810 quiddam
443 2775 556 2810 amplius
578 2775 690 2810 perﬁcit.
711 2775 832 2810 Exempli
853 2782 932 2802 causa
945 2795 954 2808 ,

167 2822 278 2850 rationis
292 2826 418 2856 expertes
431 2821 579 2848 animantes
593 2821 695 2856 accepit
709 2828 769 2848 arca
782 2841 789 2854 ,
806 2825 832 2848 et
845 2820 955 2848 rationis

166 2871 289 2903 νηιυιίυε
300 2867 446 2898 animantes
457 2867 572 2896 servavit
587 2876 593 2895 :
609 2867 718 2896 rationis
733 2872 854 2904 expertes
867 2866 954 2895 homi-

785 148 828 176 DE
849 147 983 176 LAZAIKO
1003 148 1124 177 CONCIO
1144 149 1185 177 \'l.

1720 148 1789 177 1058

997 212 1044 232 nes
1055 204 1150 240 accipit
1162 205 1287 238 Ecclesia,
1300 213 1349 233 nec
1361 211 1449 234 servat
1460 210 1571 240 tantum,
1585 206 1632 235 sed
1643 207 1723 234 etiam
1738 207 1788 235 im-

997 255 1090 278 mutat.
1105 251 1220 278 Corvum
1235 252 1337 287 accepit
1350 259 1410 279 arca
1423 273 1430 284 ,
1444 256 1471 280 et
1485 260 1593 280 corvum
1607 252 1696 279 emisit
1712 261 1718 278 :
1736 252 1788 279 Ec-

996 297 1076 324 clesia
1096 305 1204 324 corvum
1223 298 1338 333 accipit,
1353 303 1380 325 et
1397 298 1546 325 columbam
1558 298 1656 326 emittit
1670 306 1676 324 :
1693 297 1789 331 accipit

997 343 1126 378 lupum,et
1137 351 1212 371 ovem
1223 344 1296 371 illum
1308 345 1412 372 emit-tit.
1425 345 1489 372 Cum
1502 345 1574 372 enim
1590 344 1724 379 ingressus
1738 344 1791 370 huc

998 389 1076 416 fuerit
1088 389 1168 417 homo
1180 397 1261 425 rapax
1278 395 1303 417 et
1319 390 1463 423 fraudator,
1474 390 1518 417 ubi
1529 389 1678 417 divinorum
1689 388 1787 417 doctri~

998 443 1058 462 nam
1073 435 1236 470 eloquiorum
1249 435 1474 468 audiverit,mutat
1489 440 1616 468 mentem,
1630 440 1657 462 et
1668 442 1716 470 pro
1728 435 1791 469 lupo

999 481 1029 509 fit
1042 481 1099 508 ovis
1115 490 1122 508 :
1138 481 1267 516 siquidem
1290 482 1367 516 lupus
1387 482 1471 508 aliena
1490 481 1576 516 rapit,
1600 486 1626 508 at
1640 481 1696 508 ovis
1709 480 1792 508 etiam

999 527 1087 554 lunam
1110 535 1186 554 suam
1207 527 1338 556 concedit.
1360 527 1434 555 Sedit
1455 535 1534 560 arca,
1550 531 1577 554 et
1590 532 1716 555 reserata:
1730 531 1793 554 sunt

999 579 1082 608 porta:
1094 583 1101 605 ;
1121 582 1244 611 egressus
1258 579 1300 602 est
1313 582 1328 601 e
1343 574 1478 609 naufragio
1492 578 1612 601 servatus
1626 573 1682 601 Noe
1696 582 1701 600 :
1719 573 1792 601 videt

1000 625 1096 648 terram
1105 620 1260 654 desolatam,
1271 620 1342 648 videt
1352 620 1501 654 sepulcrum
1511 627 1543 647 ex
1553 624 1670 654 tempore
1681 619 1790 651 ﬁtetum,

999 665 1103 699 limum,
1118 673 1260 693 commune
1273 665 1400 700 jumentis
1414 668 1440 692 ct
1452 664 1603 691 hominibus
1616 664 1767 698 sepulcrum
1782 672 1789 690 :

999 716 1095 739 cuncta
1109 711 1188 739 simul
1202 719 1330 746 equorum
1341 732 1348 744 ,
1365 711 1517 742 hominum,
1533 716 1559 738 ct
1573 710 1682 737 rationis
1697 717 1791 744 exper-

1000 757 1065 785 tium
1085 757 1264 792 jumentorum
1285 757 1402 784 omnium
1422 763 1534 791 corpora
1556 756 1659 790 sepulta
1674 759 1792 783 erantet

1000 803 1105 830 obruta.
1119 803 1190 830 Vidit
1204 803 1358 838 tragmdiam
1374 803 1446 830 illam
1459 823 1467 835 ,
1482 801 1547 829 vidit
1560 806 1657 828 terram
1679 801 1793 828 miseriae

1001 850 1117 885 plenam,
1133 849 1215 876 multa
1226 853 1283 876 erat
1298 849 1422 876 obsessus
1438 847 1574 879 maestitia,
1590 846 1725 881 perierant
1735 853 1793 872 om-

1002 902 1050 922 nes
1062 916 1069 928 ,
1084 902 1136 922 non
1148 895 1245 928 homo,
1261 901 1313 921 non
1326 893 1478 928 jumentum
1492 913 1499 925 ,
1523 899 1575 919 non
1594 891 1665 918 aliud
1690 890 1794 926 quidvis

1002 948 1094 969 eorum
1105 962 1113 974 ,
1128 949 1188 976 quas
1199 939 1305 968 fuerant
1316 944 1391 967 extra
1405 946 1505 971 arcam,
1521 942 1653 966 servatum
1667 942 1726 964 est:
1739 945 1794 964 CIB-

1003 985 1057 1015 lum
1070 986 1194 1013 cernebat
1208 985 1294 1012 soluat
1308 1005 1316 1018 ,
1329 984 1454 1011 maestitia
1469 982 1650 1018 torquebatur,
1662 987 1688 1009 et
1702 982 1795 1009 dolore

1003 1032 1172 1067 premebatur
1187 1040 1193 1058 :
1208 1032 1296 1058 vinum
1311 1031 1385 1063 bibit,
1398 1038 1492 1057 somno
1505 1029 1621 1065 seipsum
1635 1028 1751 1059 tradidit,
1768 1032 1795 1055 ut

1004 1079 1099 1118 vulnus
1123 1077 1256 1105 mwstitia:
1279 1076 1421 1111 mitigaret.
1443 1075 1553 1103 Jaccbat
1575 1075 1600 1101 in
1623 1075 1710 1107 lecto,
1735 1081 1795 1101 cum

1004 1131 1099 1151 somno
1115 1124 1230 1159 seipsutn
1247 1120 1381 1157 tamquam
1395 1121 1498 1149 medico
1512 1120 1646 1153 dedisset,
1665 1124 1693 1147 ut
1714 1120 1795 1146 menti

1005 1169 1163 1204 Subreperet
1178 1175 1271 1196 eorum
1286 1165 1393 1201 oblivio,
1410 1174 1468 1201 qua:
1482 1165 1652 1198 acciderant;
1668 1165 1735 1192 sicut
1749 1164 1796 1191 bo-

1006 1215 1070 1242 mini
1080 1215 1137 1243 seni
1151 1213 1260 1246 assolet,
1273 1213 1317 1248 qui
1331 1212 1419 1239 vinum
1431 1211 1545 1243 biberit,
1558 1215 1584 1238 et
1595 1217 1689 1238 somno
1701 1209 1736 1236 sit
1749 1217 1796 1244 op-

1005 1268 1113 1296 pressus
1127 1269 1133 1287 :
1145 1261 1245 1295 justum
1256 1259 1327 1287 enim
1340 1263 1444 1294 oportet
1458 1265 1594 1288 excusare,
1611 1256 1680 1291 quod
1694 1264 1745 1283 non
1761 1263 1795 1283 ex

1006 1306 1144 1339 ebrietate,
1155 1305 1198 1333 vel
1213 1313 1245 1332 ex
1259 1304 1388 1339 passionis
1402 1303 1533 1331 desiderio
1548 1310 1591 1330 res
1606 1302 1642 1329 illi
1660 1302 1716 1328 haec
1726 1302 1798 1328 acci-

1006 1352 1092 1385 derit,
1113 1351 1159 1379 sed
1181 1355 1292 1385 utroque
1306 1350 1401 1377 vulnus
1414 1348 1560 1383 mitigabat.
1572 1348 1628 1375 iloe
1642 1348 1712 1375 enim
1725 1347 1797 1374 dice-

1008 1397 1053 1425 bat
1064 1401 1091 1424 et
1105 1397 1230 1424 Salomon
1245 1405 1251 1422 :
1270 1395 1334 1423 Date
1352 1395 1436 1422 vinum
1458 1394 1490 1421 iis
1502 1414 1509 1427 ,
1526 1393 1569 1430 qui
1590 1393 1616 1419 in
1631 1401 1736 1420 mturare
1747 1414 1755 1426 ,
1774 1398 1797 1420 et

1007 1445 1211 1473 inebriamcntum
1225 1443 1266 1476 iis,
1282 1443 1324 1478 qui
1337 1443 1363 1469 in
1375 1441 1502 1471 doloribus
1516 1440 1607 1476 (Prov.
1623 1441 1666 1467 5i.
1678 1440 1725 1475 6).

1048 1491 1105 1518 Vini
1115 1498 1175 1517 usus
1185 1490 1211 1516 in
1221 1489 1300 1516 luctu.
1310 1503 1345 1509 —-
1358 1488 1459 1515 ideirco
1473 1487 1548 1515 multi
1559 1486 1679 1514 homines
1691 1493 1722 1514 ac
1732 1489 1800 1519 prfe-

1007 1537 1084 1572 eipue
1097 1540 1216 1570 tempore
1230 1534 1425 1568 exsequiarum,
1440 1540 1501 1559 eum
1513 1531 1571 1567 quis
1582 1531 1662 1558 filium
1675 1535 1719 1558 aut
1730 1537 1797 1557 uxo-

1008 1590 1064 1610 rem
1080 1580 1208 1611 amiserit,
1221 1581 1282 1615 quia
1297 1578 1459 1614 perturbatio
1470 1577 1522 1606 vim
1537 1577 1607 1610 facit,
1621 1575 1681 1611 quia
1696 1576 1798 1603 mmsti-

1008 1628 1044 1655 tia
1059 1627 1157 1660 vincit,
1172 1626 1233 1662 quia
1247 1625 1407 1654 conscientia
1421 1623 1581 1656 dominatur,
1596 1623 1695 1650 amicos
1708 1629 1798 1651 secum

1008 1673 1104 1708 accipit
1116 1673 1142 1700 in
1157 1672 1228 1700 aedes
1242 1679 1304 1699 suas
1315 1693 1323 1704 ,
1338 1671 1475 1706 opiparum
1497 1669 1575 1698 struit
1591 1669 1740 1697 convivium
1750 1689 1758 1701 ,
1772 1673 1798 1696 et
1844 1694 1849 1700 ,

1008 1719 1098 1746 vinum
1112 1725 1214 1745 merum
1226 1715 1331 1746 tristitia
1345 1719 1468 1750 correpto
1481 1714 1568 1747 datur,
1583 1718 1612 1741 ut
1622 1714 1717 1741 vulnus
1727 1713 1799 1740 miti~

1008 1770 1070 1801 get;
1085 1765 1134 1792 hoc
1144 1768 1171 1792 et
1184 1763 1222 1791 illi
1235 1763 1292 1791 seni
1304 1767 1365 1791 tunc
1377 1761 1482 1789 accidit.
1497 1761 1562 1788 Nam
1573 1768 1632 1787 cum
1647 1760 1683 1787 illi
1699 1761 1799 1787 maesti-

1009 1812 1043 1838 tia
1057 1811 1108 1838 vim
1122 1810 1244 1841 afferret,
1259 1809 1309 1836 hoc
1321 1813 1454 1843 tamquam
1470 1807 1613 1842 pharmace
1625 1814 1688 1833 usus
1699 1810 1740 1833 est
1750 1827 1757 1840 ,
1772 1811 1798 1833 et

1010 1861 1070 1891 post
1084 1856 1173 1883 vinutn
1189 1855 1304 1889 seipsum
1319 1861 1413 1881 somno
1429 1852 1544 1880 tradidit.
1556 1852 1590 1880 Ut
1603 1852 1672 1880 unde
1685 1851 1799 1879 servitus

1010 1901 1092 1928 indita
1106 1900 1140 1927 sit
1155 1899 1305 1934 intelligatis
1316 1919 1324 1932 ,
1341 1898 1418 1933 paulo
1434 1902 1493 1932 post
1507 1905 1568 1924 cum
1584 1898 1717 1932 ingressus
1730 1901 1799 1924 esset

1010 1946 1164 1974 maledictus
1177 1944 1222 1972 ille
1235 1944 1304 1972 filius
1315 1944 1383 1978 ejus,
1396 1943 1468 1972 filius
1479 1947 1580 1976 natura,
1594 1950 1647 1970 non
1663 1942 1780 1969 moribus
1792 1951 1798 1968 :

1009 1999 1103 2019 rursus
1116 1991 1214 2026 quippe
1229 1990 1391 2019 nobilitatem
1410 1996 1463 2016 non
1484 1988 1614 2023 majorum
1629 1988 1800 2023 splenderent

1009 2038 1114 2073 appello
1126 2058 1133 2070 ,
1149 2037 1196 2065 sed
1209 2037 1305 2064 virtute
1319 2035 1444 2070 praeditos
1458 2043 1546 2062 mores
1559 2043 1566 2067 ;
1586 2043 1645 2062 cum
1665 2035 1800 2069 ingressus

1009 2090 1080 2113 esset
1099 2085 1185 2116 filius,
1207 2083 1351 2111 nuditatem
1373 2082 1455 2117 patris
1473 2081 1544 2109 videt
1560 2089 1566 2107 :
1586 2088 1647 2108 cum
1663 2080 1799 2108 debuisset

1009 2132 1148 2166 obtegere,
1161 2137 1221 2159 cum
1234 2129 1370 2156 debuisset
1384 2127 1484 2160 velare,
1499 2130 1608 2161 propter
1620 2130 1797 2159 senectutem,

1010 2181 1119 2211 propter
1133 2182 1274 2202 maerorem
1288 2194 1295 2206 ,
1319 2171 1427 2208 propter
1444 2171 1619 2199 calamitatem
1632 2192 1640 2203 ,
1659 2175 1800 2206 propterea

1008 2222 1079 2258 quod
1092 2225 1167 2258 pater
1177 2221 1235 2257 ejus
1244 2224 1317 2254 erat;
1332 2219 1378 2247 ille
1389 2226 1453 2246 vero
1466 2225 1588 2253 egressus
1602 2217 1758 2252 divulgavit,
1773 2221 1800 2244 et

1009 2268 1109 2303 tragice
1120 2267 1202 2295 auxit.
1218 2267 1256 2293 Ac
1268 2265 1357 2293 επιετί
1371 2265 1427 2297 ejus
1439 2264 1533 2291 fratres
1545 2267 1650 2297 sumpto
1663 2263 1742 2298 pallio
1757 2270 1800 2289 rev

1009 2319 1135 2345 trorsum,
1152 2319 1185 2341 ne
1198 2311 1329 2343 viderent,
1346 2318 1405 2345 qua:
1420 2309 1464 2336 ille
1479 2309 1668 2345 divulgavcrat,
1686 2308 1800 2342 ingressi

1009 2365 1110 2394 patrem
1125 2363 1298 2393 operuerunt.
1314 2356 1381 2383 Tum
1402 2355 1445 2382 ubi
1467 2355 1582 2382 surrexit
1601 2360 1692 2388 pater.
1707 2355 1797 2382 omnia

1008 2405 1143 2440 cognovit,
1158 2409 1185 2431 et
1198 2403 1288 2430 dicere
1301 2401 1382 2436 coepit
1397 2409 1403 2429 :
1421 2400 1573 2427 illaledictus
1586 2399 1708 2427 Chanaan
1723 2408 1802 2434 puer,-

1010 2439 1120 2487 frtunatus
1135 2450 1181 2476 erit
1193 2447 1312 2483 fratribus
1325 2447 1377 2474 suis
1394 2445 1475 2482 (Gen.
1488 2445 1515 2472 9.
1529 2444 1583 2475 ‘25)
1610 2445 1727 2479 Quorum
1740 2453 1799 2472 vcr-

1010 2497 1103 2524 borum
1119 2495 1176 2522 haec
1190 2498 1230 2521 est
1240 2493 1371 2520 sententia
1387 2500 1394 2518 :
1409 2499 1503 2518 servus
1516 2490 1579 2522 eris,
1592 2490 1651 2524 quia
1667 2489 1747 2524 patris
1764 2489 1800 2516 tui

1009 2541 1198 2576 turpitudinem
1220 2538 1370 2573 divulgasti.
1386 2537 1467 2565 Vides
1480 2541 1509 2563 ut
1525 2544 1541 2564 e
1561 2540 1669 2570 peccatu
1686 2535 1800 2562 servitus

1009 2592 1066 2614 orta
1082 2582 1132 2618 sit,
1149 2590 1176 2613 ct
1193 2584 1348 2619 improbitis
1369 2583 1524 2610 servitutem
1546 2580 1739 2608 introduxerit?
1755 2580 1800 2607 Vis

1009 2631 1146 2660 ostendam
1161 2631 1312 2658 libertatem
1328 2636 1360 2656 ex
1375 2627 1523 2656 servitute?
1538 2626 1662 2653 Fanmlus
1678 2625 1725 2652 fuit
1739 2625 1800 2660 qui-

1008 2679 1070 2706 dam
1083 2677 1233 2708 Onesimus,
1249 2675 1400 2709 despectus,
1415 2673 1541 2707 fugitivus
1555 2680 1561 2699 :
1578 2672 1621 2701 hic
1635 2670 1710 2705 fugit,
1726 2675 1754 2697 et
1765 2669 1800 2697 ad

1009 2725 1119 2753 Paulum
1134 2723 1197 2750 abiit
1210 2743 1218 2756 ,
1232 2721 1390 2756 baptismum
1403 2719 1534 2751 obtinuit,
1549 2722 1653 2752 peccata
1666 2716 1730 2744 eluit
1742 2737 1748 2744 .
1765 2716 1798 2744 ad

1009 2771 1090 2808 pedes
1103 2769 1162 2803 ejus
1175 2768 1304 2796 remansit
1318 2775 1325 2794 :
1340 2765 1433 2794 scribit
1448 2764 1481 2791 ad
1501 2763 1636 2790 dominum
1652 2763 1709 2796 ejus
1729 2761 1799 2789 Pau-

1009 2807 1062 2844 lum
1078 2824 1086 2843 :
1102 2814 1248 2848 Onesimum
1261 2813 1304 2847 qui
1318 2812 1361 2838 tibi
1380 2809 1517 2844 aliquando
1530 2808 1626 2836 inutilis
1643 2807 1711 2844 fuit,
1734 2815 1806 2834 nunc

1009 2868 1097 2893 autem
1112 2867 1135 2892 et
1155 2862 1216 2890 milu'
1237 2867 1260 2889 et
1281 2860 1324 2888 tibi
1337 2859 1416 2894 utilis,
1438 2859 1509 2887 illum
1527 2863 1554 2886 ut
1574 2865 1613 2885 me
1625 2856 1724 2892 suscipe
1739 2854 1749 2890 (
1763 2853 1802 2881 Ad
