1948 3118
270 157 335 184 1039

270 214 379 240 ΡΙιιΙειιι.
396 212 497 249 1042).
510 213 576 247 Quid
591 213 660 240 enim
676 213 788 240 accidit?
801 214 878 244 Quem
890 211 996 247 geuuiin
1006 211 1061 238 vin-

267 261 330 287 culis
344 261 413 287 meis.

303 306 330 334 8.
347 307 438 334 Vidisti
452 307 628 338 nobilitatetn,
643 307 729 333 vidisti
743 314 841 338 mores,
858 306 900 341 qui
915 305 1018 340 pariunt
1030 305 1061 331 li~

269 353 398 380 bertatem
410 353 421 379 ?
435 353 531 379 Servus
546 353 616 379 enim
634 357 659 379 et
680 353 745 379 liber
763 352 869 379 nomina
885 357 946 378 sunt
959 351 1060 385 simpli-

269 400 346 425 citer.
363 399 427 432 Quid
444 403 484 425 est
499 399 613 425 servus?
632 399 733 425 Nudum
756 407 862 425 nomen.
885 398 967 432 Quam
987 397 1061 424 multi

271 444 370 470 domini
390 444 456 470 ebrii
469 444 559 478 jaccnt
574 444 600 471 in
615 444 679 470 toris
691 465 698 476 ,
714 444 803 470 famuli
818 451 883 470 vero
895 443 1001 470 adstant
1019 450 1062 469 so-

269 489 338 516 brii?
355 488 448 516 Utrunt
471 489 610 524 appellabo
624 496 729 516 servum
752 489 868 515 sobrium
889 496 921 514 an
937 487 1062 514 ebritttn?

270 543 377 561 servum
394 535 518 565 hominis,
535 543 568 562 an
585 535 744 569 mancipium
758 534 834 561 vitii?
850 534 896 561 Ille
907 534 1062 561 servitutem

270 581 386 608 e\tcrius
408 582 486 609 habet
503 602 509 613 ,
535 582 576 608 hic
599 582 779 615 captivitatem
802 581 872 608 intus
897 580 1060 607 circumfert.

272 627 334 653 Iliec
349 635 399 661 ego
414 627 472 653 diro
488 648 494 658 ,
511 635 596 661 neun
612 627 700 654 dicere
713 627 823 654 Cessabo
836 648 842 657 ,
862 631 889 652 ut
906 625 940 653 de
961 626 1039 653 rebus
1054 646 1062 659 ,

272 678 350 706 prout
370 681 459 699 carum
487 678 578 699 initura
599 674 697 709 exigit,
719 673 839 700 sentiatis
853 694 858 704 ,
874 680 958 706 noque
972 679 1064 699 errore

272 719 341 752 vulgi
358 718 522 745 abducmnini
537 741 543 752 ,
556 720 601 748 sed
614 720 673 754 quid
686 727 780 747 servus
793 719 827 745 sit
840 719 965 745 now-ritis
978 738 984 750 ,
1001 716 1063 752 quid

272 771 383 798 pauper,
399 765 460 799 quid
478 765 617 797 ignobilis,
634 764 697 799 quid
714 765 822 795 beatus,
839 764 900 798 quid
919 764 1021 790 vitium.
1035 763 1064 790 Si

273 810 344 836 enim
360 811 406 836 ista
421 810 565 844 dijttdieare
579 810 724 837 didiceritis
735 831 741 842 ,
759 811 829 837 nulla
841 817 887 836 vos
900 809 1064 845 perturbatio

273 856 409 890 perecllet.
426 856 476 883 Sed
492 864 523 883 nc
537 856 605 891 quod
622 857 707 883 obiter
720 856 819 884 dictum
836 861 876 883 est
894 856 1005 890 amplius
1021 856 1065 881 fiat

273 910 305 929 eo
316 923 322 935 ,
337 902 370 929 de
382 911 433 936 quo
447 903 542 938 agitur,
555 907 581 929 et
592 903 737 930 orationem
753 903 805 929 alio
821 902 959 933 traducat,
976 901 1009 928 ab
1023 909 1066 927 ar-

273 953 400 982 gumento
419 956 470 974 uon
485 948 663 975 discedamus.
679 948 725 975 llic
742 947 904 982 igiturdivcs
917 968 923 979 ,
942 947 1065 980 deieci-ps

273 1000 337 1019 vero
352 1000 450 1027 pauper
465 1002 471 1020 :
486 993 539 1020 imo
562 1001 625 1021 vero
641 998 695 1020 tum
716 1002 775 1020 cum
789 993 883 1028 opibus
897 992 1046 1019 alnmdahat
1057 1012 1064 1024 ,

276 1046 374 1072 pauper
387 1042 454 1065 erat.
471 1039 537 1072 Quid
553 1040 622 1066 cnim
638 1039 744 1074 prodest
760 1039 871 1073 homini,
886 1040 906 1066 si
919 1039 1003 1066 aliena
1020 1038 1067 1065 ha-

275 1084 345 1116 bent,
360 1089 386 1111 ct
399 1091 444 1111 sua
460 1093 511 1111 nott
526 1084 642 1112 habeat?

309 1129 458 1164 Depositum
470 1136 527 1157 sunt
542 1130 644 1157 diuitiw.
662 1146 697 1150 —
716 1131 783 1165 Quid
807 1130 913 1165 prodest
928 1130 1029 1157 homini
1044 1130 1066 1156 si

276 1174 400 1209 pecunias
422 1175 575 1210 possideat,
601 1177 724 1203 virtutem
750 1184 812 1203 vero
836 1184 888 1204 non
911 1177 1066 1212 possideat?

274 1221 328 1247 Cur
342 1229 372 1248 ca
385 1229 443 1255 qua:
457 1226 518 1248 sunt
534 1221 644 1248 aliorum
655 1222 762 1256 accipis.
778 1227 804 1249 et
825 1222 871 1249 tna‘
882 1223 987 1256 perdis?
1009 1222 1066 1249 Vil-

275 1266 338 1298 lam,
355 1265 447 1300 inquit,
464 1266 577 1293 fertilem
589 1267 672 1294 habeo
684 1276 689 1293 :
703 1267 766 1302 quid
780 1272 819 1294 est
834 1267 903 1294 hoc?
913 1272 938 1294 at
952 1268 1066 1294 animam

277 1310 389 1337 fertilem
405 1318 457 1337 non
475 1311 574 1338 habes:
591 1311 675 1338 habeo
696 1312 844 1347 mancipia,
872 1313 918 1339 sed
943 1313 1066 1340 virtutem

276 1365 328 1383 non
342 1357 423 1384 habes
436 1366 443 1384 :
458 1358 542 1385 habeo
557 1358 720 1391 indumenta,
737 1359 782 1386 sed
798 1359 920 1393 pietatem
936 1367 987 1386 non
1004 1367 1066 1393 pos—

275 1403 347 1429 sides
363 1411 369 1428 :
385 1403 453 1437 quod
465 1403 574 1430 alterius
586 1409 627 1431 est
649 1404 729 1431 babes
741 1424 749 1438 ,
765 1409 808 1430 tua
827 1411 891 1431 vero
906 1412 958 1431 non
975 1405 1065 1431 habes.

276 1448 304 1474 Si
325 1448 383 1482 quis
398 1448 549 1482 depositum
574 1449 618 1476 tibi
643 1449 798 1480 tradiderit.
827 1458 888 1476 num
913 1455 938 1477 te
959 1450 1066 1477 divitem

277 1499 383 1526 possum
413 1494 528 1519 vorare?
554 1494 672 1521 Minime.
698 1494 805 1528 Quare?
832 1495 907 1527 Quod
931 1496 1068 1529 possideas

276 1539 372 1565 aliena.
386 1539 441 1566 lloe
456 1539 526 1566 enim
541 1545 580 1567 est
595 1540 743 1574 dcpo~itnm
758 1549 763 1566 :
778 1545 856 1576 atque
871 1542 970 1568 utinam
985 1542 1067 1577 depo-

277 1585 356 1610 situm
372 1589 471 1611 tanturn
486 1590 572 1618 esset,
589 1594 674 1621 neque
688 1588 805 1614 accessio
824 1587 869 1614 tibi
883 1589 1006 1622 supplicii
1021 1590 1067 1616 fie-

277 1635 326 1656 ret.
355 1631 420 1657 Cum
445 1631 554 1658 vidiSset
574 1640 636 1666 ergo
658 1632 785 1659 Lazarum
799 1633 874 1661 dives
887 1655 894 1667 ,
915 1641 950 1661 ait
967 1644 972 1661 :
992 1634 1069 1661 Pater

278 1675 415 1705 Abraham.
433 1677 548 1703 miserere
565 1678 612 1703 mei
628 1677 703 1712 (Luc.
720 1679 762 1705 i6.
777 1677 834 1713 24).
862 1679 988 1714 Pauperis
1008 1685 1068 1706 suttt

279 1720 335 1748 lucc
351 1721 428 1748 verba
438 1742 445 1754 ,
461 1723 574 1749 mendici
587 1743 594 1754 ,
607 1723 693 1756 egeni.
721 1723 798 1750 Pater
811 1723 938 1750 Abraham
954 1725 1069 1751 miserere

278 1767 336 1792 mei.
350 1767 418 1800 Quid
436 1767 491 1793 vis?
513 1767 585 1794 Mitte
597 1767 732 1794 Lazarum.
748 1769 830 1802 Quem
846 1769 940 1797 tnillies
958 1775 1067 1804 printer-

278 1812 348 1844 iisti,
362 1820 439 1847 quem
461 1821 492 1839 ne
508 1813 597 1841 \idere
611 1813 714 1848 quidem
730 1815 843 1848 voluisti,
857 1815 926 1843 hunc
940 1816 985 1842 tibi
999 1823 1069 1844 nunc

277 1858 310 1883 ad
325 1858 437 1885 Salutem
453 1858 519 1885 tnitti
535 1859 671 1893 pustulas?
688 1860 760 1886 Mitte
776 1860 912 1888 Lazarum.
937 1861 985 1888 Ubi
1006 1869 1069 1889 vero

279 1912 349 1930 nunc
365 1905 531 1938 pocillatores
545 1905 601 1931 tui?
615 1905 657 1932 ubi
673 1910 795 1941 tapetes?
817 1907 859 1934 tibi
875 1908 1005 1942 parasiti?
1025 1908 1068 1935 ubi

278 1951 478 1977 assentatores?
499 1951 542 1978 ubi
564 1951 666 1978 fastus?
692 1953 734 1979 ubi
758 1953 904 1987 superbia?
920 1953 962 1980 ubi
978 1953 1068 1980 del‘os-

278 2003 337 2022 stitit
352 1996 465 2022 aurum?
482 1996 522 2023 ubi
541 2005 555 2023 ιι
572 1997 649 2024 tineis
663 2005 740 2024 exesa
757 1998 933 2026 ve.-timenta?
958 1999 1001 2025 ubi
1024 2006 1069 2025 ar-

279 2045 386 2075 gentum
404 2042 473 2076 quod
488 2050 501 2068 a
521 2047 545 2068 te
559 2043 720 2070 eolebatur?
743 2044 785 2070 ubi
803 2051 913 2078 magnus
927 2049 1069 2078 apparatus

279 2091 306 2113 ct
320 2087 465 2121 voluptaria
490 2089 563 2115 vita?
592 2089 665 2115 Folia
679 2095 771 2121 erant,
795 2090 903 2117 advenit
919 2090 1020 2125 hyems,
1044 2095 1070 2116 et

279 2133 411 2160 exsiccata
432 2139 493 2160 sunt
517 2135 604 2161 omnia
629 2143 635 2161 :
657 2136 788 2162 somnium
813 2139 907 2168 erant;
933 2140 960 2162 ut
982 2140 1069 2162 autem

280 2179 337 2205 dies
348 2179 442 2211 illuxit,
455 2179 583 2206 abscessit
594 2181 725 2207 somnium
741 2189 747 2206 :
760 2181 853 2207 umbra
866 2186 957 2214 erant;
973 2182 1070 2209 veritas

280 2225 360 2255 venit,
377 2229 402 2251 et
416 2225 507 2251 umbra
520 2226 654 2260 prarlcriit.
672 2225 744 2252 Mitte
757 2226 891 2254 Lazarum.

315 2270 366 2296 Uur
377 2262 504 2296 Abraham
517 2271 674 2305 potissimam
685 2271 772 2297 viderit
783 2272 895 2299 dires.—
906 2273 993 2306 Quare
1007 2281 1070 2300 vero

280 2317 381 2343 nullum
395 2316 475 2343 alintn
487 2317 586 2352 justum
602 2318 681 2349 videt,
701 2326 752 2344 non
767 2318 832 2350 Noe,
848 2325 899 2346 non
912 2319 1004 2352 J'nlCtlby
1019 2328 1070 2347 non

282 2363 329 2389 Ι.‹›ι
341 2384 347 2395 ,
364 2371 415 2390 nou
434 2363 505 2391 lsaac
517 2385 524 2395 ,
540 2363 586 2390 sed
601 2363 753 2395 Abraham;
780 2365 841 2398 quid
862 2365 916 2391 ita?
940 2366 1069 2398 Quoniam

282 2407 420 2441 hospitalis
435 2414 491 2434 erat
505 2408 655 2441 Abraham,
677 2413 704 2435 et
727 2409 752 2435 in
775 2417 851 2436 suum
873 2411 1069 2438 tabernaculum

283 2454 396 2480 viatores
409 2454 578 2487 pertrahebat
590 2463 596 2480 :
608 2455 696 2489 itaque
710 2456 786 2489 hujus
800 2456 998 2483 inhumanitatis
1013 2465 1070 2482 ma-

281 2500 322 2535 jor
345 2501 493 2526 accusatrix
516 2500 630 2527 efficitur
650 2501 720 2528 illius
735 2501 910 2536 hospitalitas.
935 2503 1004 2529 Mitte
1018 2502 1070 2528 ια·

283 2553 379 2570 zaram.
396 2544 458 2572 Hayc
471 2545 607 2572 audientes
622 2546 770 2580 timeamus,
785 2548 962 2581 dilectissimi,
976 2556 1009 2575 ne
1023 2556 1071 2574 nos

283 2597 386 2623 quoque
400 2597 528 2625 pauperes
542 2591 686 2625 videmnus,
703 2598 729 2620 et
742 2598 929 2628 prtt‘lct'canttts
945 2603 949 2619 :
966 2603 998 2621 ne
1012 2595 1072 2621 loco

284 2635 374 2663 Lazari
389 2637 462 2663 multi
477 2642 537 2665 tttnc
551 2638 632 2665 nostri
648 2639 710 2666 fiant
730 2646 908 2667 accusaturos.
935 2641 1007 2667 Mitte
1021 2640 1070 2666 Lu—

285 2689 368 2708 zurunt
378 2695 388 2714 ί
400 2687 426 2709 ut
441 2691 496 2709 cum
509 2685 636 2711 iutinxerit
650 2690 787 2712 extremum
798 2686 870 2720 dii/ili
882 2687 919 2713 sui
931 2687 955 2713 in
969 2696 1070 2721 aquam,

285 2727 386 2754 multa:
399 2728 493 2764 lingua:
508 2738 578 2763 mea',
593 2731 651 2766 quia
666 2732 776 2766 ﬂammis
790 2740 849 2757 uror
862 2731 937 2766 (Luc.
954 2733 996 2758 ft}.
1012 2732 1069 2766 9i).

285 2774 340 2804 Qua
367 2774 437 2801 enim
467 2783 589 2803 mensura
617 2778 784 2809 metiemini,
814 2778 969 2804 remetielur
997 2779 1071 2806 vobis

286 2817 390 2846 Hlutth.
406 2819 431 2846 7.
446 2821 474 2856 Ξ)
494 2831 499 2848 ι
517 2830 568 2848 non
584 2822 731 2856 impartitus
741 2830 770 2850 es
788 2822 879 2855 micas,
897 2831 981 2857 neque
995 2825 1071 2851 stilla:

285 2865 419 2899 particeps
435 2868 499 2895 etis.
522 2866 593 2894 Mitte
606 2867 733 2895 Lazari-m
747 2889 752 2900 ,
769 2872 794 2895 ut
810 2872 928 2896 extremo
939 2869 1019 2904 d’gito
1032 2870 1070 2897 iit—

638 155 665 184 S.
685 154 822 182 JOANNIS
842 153 1076 182 CHRYSOSTOMI
1097 154 1252 182 ARClllEP.
1274 155 1536 183 CONSTANTIXOP.
1866 155 1903 180 ιη

1115 211 1197 239 stillet
1216 212 1312 246 litigare
1335 220 1420 245 mem,
1438 212 1498 247 quia
1521 211 1634 239 ﬂammis
1659 218 1742 237 uror.
1772 208 1848 242 Quid
1867 217 1898 233 rs:

1114 258 1247 284 Abraham
1261 258 1292 284 ad
1310 258 1382 284 illum
1394 258 1406 284 ?
1417 257 1480 291 Fili,
1490 258 1605 292 ret-epiin
1616 257 1686 284 bona
1703 262 1752 282 tua
1767 256 1796 282 in
1814 255 1863 280 rita
1875 260 1895 278 τι

1113 309 1136 330 el
1149 303 1262 331 Lazarus
1277 304 1391 330 similiter
1402 303 1467 330 mala
1484 312 1529 330 sua
1543 313 1551 333 ;
1566 309 1588 330 el
1601 311 1671 329 nunc
1685 303 1739 328 isle
1750 301 1798 327 Ιιίε
1814 304 1907 326 carissi-

1114 354 1170 383 tur,
1193 355 1218 376 tu
1233 359 1289 377 vero
1308 351 1426 377 cruciaris
1443 349 1519 385 (Luc.
1540 350 1580 376 f6.
1597 347 1655 384 ‘25).
1682 348 1802 375 Rursus
1819 346 1860 372 hic
1875 354 1904 371 [έν.

1114 396 1200 429 dixit,
1220 396 1329 430 cepisti,
1350 396 1396 423 sed
1417 395 1538 430 recepisti
1557 398 1566 420 :‘
1579 395 1698 421 multum
1723 393 1812 420 affert
1835 392 1907 417 discr-

1116 443 1194 469 minis
1207 442 1306 481 additio
1321 442 1514 477 pricpositionis
1546 441 1622 475 Quod
1643 440 1722 467 enim
1738 446 1865 473 persmpe
1880 445 1908 463 C1-

1113 489 1184 516 ritati
1201 494 1296 516 vestrm
1311 489 1363 516 dixi
1377 510 1384 522 ,
1400 489 1440 516 vel
1455 489 1533 516 etiam
1556 488 1730 523 syllabarum
1760 491 1908 513 scrutatur:

1115 542 1174 562 esse
1187 535 1332 567 debemus;
1357 534 1510 562 Srrulamini
1532 534 1598 560 enim
1613 532 1778 566 Scriptura;
1796 531 1881 565 (1cm.
1892 529 1907 554 Ξ.

1116 580 1179 616 59),
1196 582 1297 615 inquit:
1315 589 1375 607 itam
1390 581 1441 607 iota
1458 587 1536 606 unum
1557 583 1603 605 aut
1617 586 1688 612 apex
1705 585 1782 603 unus
1806 583 1887 609 δῖοξΐῖξ
1903 590 1908 592 -

1117 636 1190 654 mero
1203 635 1309 654 sensum
1326 627 1433 654 excitat.
1451 626 1483 653 Ut
1495 631 1583 652 autem
1597 624 1740 657 intelligas
1753 623 1838 649 etiam
1851 629 1886 645 επ,
1905 627 1909 639 ε

1117 673 1240 700 cletnenti
1254 673 1414 700 additionem
1431 679 1538 699 sensum
1555 671 1674 702 efficere,
1694 670 1743 696 hic
1766 670 1827 703 ipse
1842 669 1908 693 Abri-

1117 719 1177 745 ham
1197 718 1344 753 patriarcha
1359 718 1431 752 prius
1454 717 1550 744 Abram
1571 715 1740 746 dicebatur,
1771 714 1850 747 eique
1863 712 1908 737 δ’».

1118 764 1187 790 υνυς
1203 772 1210 789 :
1226 772 1277 790 nan
1302 764 1352 790 crit
1367 771 1462 790 nomen
1486 769 1559 789 tuum
1576 761 1676 788 Abram
1693 781 1700 791 ,
1725 759 1780 786 sed
1797 758 1902 785 Attrita.

1120 809 1193 844 (Cen.
1212 809 1254 836 Π.
1271 809 1300 844 5)
1315 817 1321 834 :
1337 808 1438 835 addidit
1459 816 1472 833 a
1484 827 1492 839 ,
1512 811 1539 834 et
1553 812 1657 842 patrem
1673 805 1759 832 illum
1783 803 1887 830 multa?
1903 813 1905 817 ι

1117 855 1234 889 gentium
1251 854 1375 881 reddidit.
1401 853 1470 880 Ecce
1486 853 1565 886 igitur
1579 851 1659 877 ttnius
1677 850 1817 877 elementi
1833 848 1876 874 adi.
1894 861 1899 869 α

1118 901 1227 927 multam
1243 901 1391 935 prosapiam
1413 899 1546 926 indicavit.
1570 897 1629 924 Noli
1645 904 1716 931 ergo
1735 897 1804 922 talia
1830 900 1897 921 terra

1117 947 1274 982 prieterire:
1293 954 1345 972 non
1361 945 1431 972 enim
1445 945 1525 976 dixit,
1540 943 1633 977 Cepisti
1649 943 1724 970 bona
1745 947 1791 967 tua
1804 962 1811 971 ,
1827 940 1869 967 sed
1881 947 1905 963 ιε»

1118 993 1234 1027 cepisti:
1256 992 1301 1026 qui
1329 999 1394 1018 vero
1418 990 1527 1024 recipit,
1554 989 1644 1016 debita
1669 987 1800 1021 recipit:
1823 990 1898 1011 τιιιιείιλ

1118 1038 1188 1072 quod
1212 1037 1288 1069 dico;
1311 1037 1382 1064 aliud
1403 1037 1474 1063 enim
1491 1040 1531 1062 est
1544 1041 1641 1069 capere
1654 1054 1661 1065 ,
1684 1033 1765 1060 aliud
1783 1031 1903 1065 τράγεια

1119 1092 1180 1110 natn
1191 1084 1283 1118 recipit
1296 1083 1355 1117 quis
1371 1090 1412 1115 ea,
1427 1090 1485 1116 qua:
1499 1081 1632 1111 habebat;
1649 1079 1727 1113 capit
1738 1083 1833 1104 autem
1846 1084 1885 1108 εῖιι

1118 1138 1178 1164 quzc
1192 1137 1244 1156 non
1260 1128 1422 1164 possidebat.
1447 1126 1572 1160 Recepiin
1589 1125 1656 1151 bona
1672 1129 1720 1150 tua
1732 1144 1741 1156 ,
1767 1129 1791 1150 ει
1815 1122 1902 1149 ιςςιέςι

1119 1175 1186 1201 mala
1201 1183 1256 1201 sua.
1274 1174 1342 1201 Ecce
1355 1178 1382 1201 et
1395 1173 1469 1200 dives
1485 1172 1553 1198 bona
1566 1178 1614 1197 sua
1633 1170 1758 1204 recepit,
1772 1174 1802 1196 ct
1815 1168 1902 1195 Laus:

1119 1221 1188 1248 mala
1203 1228 1260 1248 sua.
1284 1220 1346 1247 “LUC
1359 1225 1446 1246 autem
1458 1227 1471 1244 a
1487 1226 1528 1245 [ne
1542 1217 1612 1244 dicta
1625 1221 1691 1243 sunt
1710 1215 1807 1242 omnia
1822 1222 1877 1248 pro;
1895 1222 1901 1226 '

1119 1275 1166 1294 eos
1178 1287 1185 1299 ,
1199 1267 1243 1302 qui
1260 1267 1402 1301 puniuntur
1413 1265 1455 1292 hic
1469 1269 1496 1291 et
1511 1272 1562 1291 non
1583 1262 1649 1294 illic,
1675 1267 1796 1296 propter
1817 1268 1858 1287 eivs
1882 1267 1899 1291 ,Α

1119 1313 1197 1348 genio
1209 1313 1251 1340 hic
1265 1312 1410 1346 indulgent.
1427 1316 1453 1338 ct
1470 1311 1522 1337 illic
1537 1310 1694 1344 puniuntur.
1712 1306 1834 1334 Attende
1847 1306 1900 1339 igitr

1120 1359 1152 1386 ad
1166 1366 1196 1386 ca
1211 1366 1270 1393 qua:
1290 1357 1350 1385 dico
1363 1367 1368 1383 :
1388 1354 1512 1392 Recepisti
1524 1356 1590 1382 bona
1606 1359 1649 1381 tua
1663 1375 1671 1387 ,
1687 1359 1711 1380 et
1729 1353 1846 1380 Laurus
1859 1359 1899 1377 Elii

1120 1413 1176 1437 sua,
1191 1412 1249 1438 qua:
1263 1403 1391 1430 solvenda
1405 1394 1491 1435 edint,
1506 1409 1566 1436 qua:
1581 1400 1771 1427 debebantur.
1792 1398 1899 1425 AtterL:

1120 1451 1258 1486 quarstioui
1274 1459 1280 1476 :
1297 1449 1330 1476 ad
1354 1449 1440 1476 locum
1456 1448 1526 1475 enim
1542 1455 1625 1481 pergo
1639 1455 1647 1479 ;
1664 1446 1726 1472 sine
1737 1466 1744 1478 ,
1764 1446 1844 1472 telam
1862 1451 1900 1476 ξ’-

1121 1500 1224 1524 texam.
1246 1496 1280 1522 At
1302 1495 1371 1522 enim
1386 1495 1468 1521 nolite
1482 1494 1508 1520 iu
1522 1492 1635 1520 exordio
1651 1492 1778 1524 turbari,
1800 1490 1845 1517 sed
1863 1497 1900 1515 ei?!

1121 1543 1173 1569 tale
1187 1542 1249 1576 quid
1269 1542 1361 1569 dixero
1373 1562 1381 1574 ,
1402 1541 1561 1568 solutionem
1577 1544 1740 1573 exspectate
1755 1547 1761 1563 :
1781 1538 1842 1564 volo
1854 1546 1898 1562 υξμ

1120 1595 1211 1617 acutos
1226 1594 1251 1616 et
1266 1589 1432 1624 perspicaccs
1448 1596 1494 1615 vos
1509 1587 1634 1619 reddere,
1655 1594 1746 1620 neque
1761 1586 1855 1613 leviter
1865 1590 1902 1609 fit?

1122 1640 1176 1662 tum
1192 1642 1334 1668 exercere,
1355 1634 1401 1662 scd
1425 1635 1451 1661 in
1472 1634 1622 1660 divinarum
1642 1633 1903 1667 Scripturarmupw

1121 1681 1230 1707 fundum
1251 1680 1383 1707 dimittere
1396 1700 1403 1712 ,
1431 1679 1589 1714 profundum
1604 1699 1611 1709 .
1635 1679 1661 1704 iu
1684 1687 1741 1713 quo
1766 1677 1837 1704 nulla
1853 1680 1903 1702 sat:

1122 1730 1283 1760 tempestas,
1307 1725 1467 1759 profundum
1493 1723 1687 1758 tranquillitate
1711 1724 1800 1750 maris
1822 1723 1889 1748 tuti:

1121 1775 1218 1805 quanto
1230 1771 1308 1805 igitur
1321 1770 1435 1804 amplius
1445 1769 1616 1796 descenderis
1630 1789 1636 1800 ,
1655 1768 1794 1802 majorem
1811 1769 1902 1794 invene

1121 1816 1299 1844 securitatem.
1320 1815 1377 1842 Non
1394 1816 1464 1842 enim
1484 1815 1527 1842 hic
1543 1819 1584 1842 est
1607 1814 1786 1841 inordinatus
1799 1821 1901 1848 aquaist.

1122 1863 1252 1898 impetus,
1276 1861 1322 1889 sed
1340 1862 1458 1889 ordinata
1475 1861 1615 1896 dispositio
1633 1861 1849 1888 sententiarum.
1868 1860 1902 1885 Pu-

1122 1908 1210 1942 cepisli
1229 1907 1295 1934 bona
1315 1913 1373 1940 ιιια,
1398 1912 1420 1934 ct
1436 1906 1548 1933 Lazarus
1570 1906 1640 1932 mala
1659 1914 1709 1932 sua
1724 1914 1734 1932 :
1752 1912 1778 1932 et
1801 1914 1865 1931 mut:

1122 1953 1276 1987 consulatur,
1292 1959 1316 1980 tu
1331 1962 1387 1980 vero
1400 1953 1528 1980 cruciaris.
1545 1953 1639 1987 Magna
1654 1957 1698 1979 est
1712 1953 1834 1987 qumstio
1849 1951 1901 1977 πᾶν

1122 2007 1181 2027 cum
1206 2001 1250 2034 qui
1271 2000 1383 2034 recipit,
1405 2007 1435 2026 ea
1453 2007 1510 2033 que
1533 1998 1622 2025 debita
1645 2003 1724 2024 erant
1746 1999 1902 2032 reciperczs

1122 2053 1185 2079 ergo
1196 2045 1281 2079 justus
1295 2045 1342 2071 fuit
1356 2045 1481 2077 Lazarus,
1497 2049 1526 2071 ut
1541 2044 1668 2070 nimirum
1686 2042 1750 2076 fuit,
1769 2048 1797 2070 ct
1813 2043 1901 2070 Abiit:

1123 2092 1196 2118 sinus
1211 2091 1344 2123 indicavit,
1356 2098 1464 2122 corona,
1477 2090 1596 2125 prmmia,
1610 2089 1799 2124 refrigerium.
1813 2089 1902 2116 deletur

1124 2138 1177 2169 tio,
1195 2137 1333 2165 tolerantia
1344 2157 1351 2168 ,
1368 2136 1514 2171 patientia;
1537 2136 1586 2161 istc
1601 2142 1665 2162 vero
1681 2140 1833 2169 peccator,
1849 2135 1903 2168 pira:

1123 2183 1258 2218 improbus
1272 2189 1297 2210 ct
1317 2183 1477 2209 inhumanus
1489 2202 1495 2214 ,
1511 2182 1613 2209 deliciis
1628 2186 1655 2208 et
1671 2181 1802 2208 ebrietati
1818 2188 1902 2207 νασγνέ.

1123 2229 1268 2264 Sybaritica
1293 2236 1384 2256 mensa
1411 2228 1569 2262 perfruens,
1594 2235 1653 2254 eum
1671 2227 1699 2253 in
1720 2231 1800 2254 tanta
1823 2226 1903 2253 Ιεςίὶῖέ

1123 2275 1279 2309 luxuriaque
1303 2278 1474 2301 versaretur:
1491 2281 1538 2299 cur
1559 2273 1596 2299 ait
1617 2272 1672 2304 illi,
1695 2272 1762 2306 quia
1784 2271 1904 2305 recepis'.‘

1124 2321 1191 2348 Nam
1207 2321 1277 2347 enim
1293 2320 1330 2347 illi
1346 2319 1492 2347 debebatur
1505 2318 1640 2353 quidpiam
1664 2318 1771 2345 homini
1789 2319 1898 2352 opulente

1125 2366 1225 2393 homini
1240 2366 1349 2401 prodigo
1361 2371 1388 2393 et
1403 2365 1568 2392 inhumano?
1584 2364 1653 2398 Quid
1663 2364 1739 2391 enim
1755 2365 1795 2391 illi
1811 2363 1905 2391 det-2‘.“-

1125 2412 1185 2438 tur?
1200 2411 1253 2438 Cur
1268 2420 1320 2439 non
1333 2411 1408 2442 dixit,
1422 2411 1526 2445 cepisti,
1542 2411 1589 2438 setl
1604 2411 1752 2445 recepisti?

1160 2456 1186 2484 9.
1201 2457 1264 2490 Qttw
1281 2457 1345 2484 bona
1359 2457 1426 2483 dives
1441 2456 1569 2490 receperit.
1584 2471 1620 2475 ——
1638 2455 1760 2483 Attende
1777 2456 1850 2491 quod
1862 2456 1897 2480 da.

1124 2511 1182 2529 Inus
1198 2511 1204 2528 :
1217 2502 1423 2530 debebanturilli
1433 2509 1529 2537 paena),
1543 2501 1712 2528 debebantur
1731 2501 1769 2528 illi
1782 2503 1897 2536 supplicii

1124 2548 1288 2576 debebantur
1303 2549 1339 2576 illi
1353 2549 1468 2575 dolores.
1496 2547 1550 2574 Cur
1571 2555 1624 2574 non
1648 2547 1735 2580 dixit,
1758 2548 1805 2574 illa
1825 2548 1905 2580 (ﬂii.

1125 2595 1170 2622 scd
1186 2595 1308 2630 recepisti
1322 2595 1388 2622 bona
1405 2595 1447 2622 illa
1465 2598 1517 2626 tua,
1534 2594 1614 2620 vitam
1629 2593 1701 2620 illam
1720 2594 1762 2621 sic
1780 2596 1856 2629 ηιμ-λ

1125 2647 1150 2668 et
1164 2641 1279 2668 Lazarus
1299 2640 1366 2668 mala
1382 2640 1449 2667 sua?
1473 2639 1526 2667 Sed
1540 2639 1650 2666 attende
1661 2639 1787 2666 animum
1802 2650 1809 2669 ;
1824 2641 1848 2666 in
1861 2640 1906 2664 :f‘.‘

1125 2687 1194 2715 cuitu
1209 2694 1354 2722 gravesque
1369 2686 1512 2713 sententias
1527 2684 1692 2714 delabimur.
1714 2685 1859 2712 Hotuinuzu
1878 2692 1888 2717 ν]
1902 2704 1904 2707 .

1126 2741 1195 2760 nunc
1209 2733 1308 2767 degunt
1318 2732 1435 2759 omnium
1448 2730 1490 2758 alii
1502 2730 1612 2765 quidem
1627 2738 1790 2765 peccatores
1800 2737 1866 2760 sunt,

1126 2787 1188 2806 vero
1207 2778 1270 2812 justi
1286 2786 1293 2805 :
1310 2777 1490 2805 animadverte
1505 2775 1586 2810 igitur
1601 2775 1684 2802 etiam
1706 2784 1735 2803 ιιι
1756 2777 1837 2810 jnstis
1850 2775 1906 2801 ditia:-

1126 2825 1237 2852 reutiam
1256 2833 1262 2850 :
1278 2823 1443 2858 aliusjustus
1456 2825 1495 2848 cst
1508 2842 1515 2854 ,
1537 2821 1605 2848 alius
1620 2822 1707 2856 magis
1729 2822 1821 2857 ju~tus
1833 2844 1839 2854 ,
1857 2822 1907 2848 :liu-

1127 2870 1283 2905 saluauiur,
1309 2870 1374 2897 alius
1402 2867 1501 2903 major;
1529 2872 1554 2895 ct
1583 2868 1819 2903 quemadmodum
1846 2875 1906 2895 aliti:
