  <div class='ocr_page' id='page_1' title='image "/cluster/home/n/w/nwhite01/storage/ocr_20150623/47-48/njp.32101077772612/1010.png"; bbox 0 0 2042 3121; ppageno 0'>
   <div class='ocr_carea' id='block_1_1' title="bbox 195 140 256 165">
    <p class='ocr_par' dir='ltr' id='par_1_1' title="bbox 195 140 256 165">
     <span class='ocr_line' id='line_1_1' title="bbox 195 140 256 165; baseline -0.016 0"><span class='ocrx_word' id='word_1_1' title='bbox 195 140 256 165; x_wconf 75' lang='lat' dir='ltr'><strong>lilii</strong></span> 
     </span>
    </p>
   </div>
   <div class='ocr_carea' id='block_1_2' title="bbox 199 191 981 226">
    <p class='ocr_par' dir='ltr' id='par_1_2' title="bbox 199 191 981 226">
     <span class='ocr_line' id='line_1_2' title="bbox 199 191 981 226; baseline 0.001 -8"><span class='ocrx_word' id='word_1_2' title='bbox 199 198 259 219; x_wconf 78' lang='lat' dir='ltr'><strong>stitit</strong></span> <span class='ocrx_word' id='word_1_3' title='bbox 273 191 373 226; x_wconf 72' lang='lat' dir='ltr'><strong>inultm,</strong></span> <span class='ocrx_word' id='word_1_4' title='bbox 386 199 411 221; x_wconf 88' lang='lat' dir='ltr'><strong>et</strong></span> <span class='ocrx_word' id='word_1_5' title='bbox 424 193 464 221; x_wconf 78' lang='lat' dir='ltr'><strong>sol</strong></span> <span class='ocrx_word' id='word_1_6' title='bbox 477 197 503 221; x_wconf 90' lang='lat' dir='ltr'><strong>cl.</strong></span> <span class='ocrx_word' id='word_1_7' title='bbox 518 193 578 220; x_wconf 88' lang='lat' dir='ltr'><strong>luna</strong></span> <span class='ocrx_word' id='word_1_8' title='bbox 590 214 596 223; x_wconf 84' lang='lat'>.</span> <span class='ocrx_word' id='word_1_9' title='bbox 608 193 646 220; x_wconf 83' lang='lat' dir='ltr'><strong>sic</strong></span> <span class='ocrx_word' id='word_1_10' title='bbox 659 198 685 220; x_wconf 86' lang='lat' dir='ltr'><strong>et</strong></span> <span class='ocrx_word' id='word_1_11' title='bbox 695 192 841 220; x_wconf 67' lang='lat' dir='ltr'><strong>dimercntia</strong></span> <span class='ocrx_word' id='word_1_12' title='bbox 858 197 898 219; x_wconf 87' lang='lat' dir='ltr'><strong>est</strong></span> <span class='ocrx_word' id='word_1_13' title='bbox 913 193 981 219; x_wconf 86' lang='lat' dir='ltr'><strong>inter</strong></span> 
     </span>
    </p>
   </div>
   <div class='ocr_carea' id='block_1_3' title="bbox 198 237 983 274">
    <p class='ocr_par' dir='ltr' id='par_1_3' title="bbox 198 237 983 274">
     <span class='ocr_line' id='line_1_3' title="bbox 198 237 983 274; baseline 0 -11"><span class='ocrx_word' id='word_1_14' title='bbox 198 239 281 272; x_wconf 69' lang='lat' dir='ltr'><strong>iustos</strong></span> <span class='ocrx_word' id='word_1_15' title='bbox 297 247 304 266; x_wconf 89' lang='lat'><strong>:</strong></span> <span class='ocrx_word' id='word_1_16' title='bbox 318 239 375 265; x_wconf 82' lang='lat' dir='ltr'><strong>Alia</strong></span> <span class='ocrx_word' id='word_1_17' title='bbox 384 239 476 274; x_wconf 74' lang='lat' dir='ltr'><strong>quippe</strong></span> <span class='ocrx_word' id='word_1_18' title='bbox 489 239 592 265; x_wconf 68' lang='lat' dir='ltr'><strong>claritas</strong></span> <span class='ocrx_word' id='word_1_19' title='bbox 599 238 660 265; x_wconf 66' lang='lat' dir='ltr'><strong>solis</strong></span> <span class='ocrx_word' id='word_1_20' title='bbox 671 258 678 270; x_wconf 84' lang='lat'><em>.</em></span> <span class='ocrx_word' id='word_1_21' title='bbox 700 243 722 265; x_wconf 80' lang='lat' dir='ltr'><strong>et</strong></span> <span class='ocrx_word' id='word_1_22' title='bbox 737 238 787 264; x_wconf 83' lang='lat' dir='ltr'><strong>alia</strong></span> <span class='ocrx_word' id='word_1_23' title='bbox 800 238 866 264; x_wconf 76' lang='lat' dir='ltr'><strong>lume</strong></span> <span class='ocrx_word' id='word_1_24' title='bbox 876 256 883 269; x_wconf 93' lang='lat'><strong>,</strong></span> <span class='ocrx_word' id='word_1_25' title='bbox 899 242 921 264; x_wconf 80' lang='lat' dir='ltr'><strong>et</strong></span> <span class='ocrx_word' id='word_1_26' title='bbox 932 237 983 264; x_wconf 79' lang='lat' dir='ltr'><strong>alio</strong></span> 
     </span>
    </p>
   </div>
   <div class='ocr_carea' id='block_1_4' title="bbox 198 282 982 320">
    <p class='ocr_par' dir='ltr' id='par_1_4' title="bbox 198 282 982 320">
     <span class='ocr_line' id='line_1_4' title="bbox 198 282 982 320; baseline 0 -12"><span class='ocrx_word' id='word_1_27' title='bbox 198 282 299 309; x_wconf 73' lang='lat' dir='ltr'><strong>tlurita:</strong></span> <span class='ocrx_word' id='word_1_28' title='bbox 318 283 448 310; x_wconf 75' lang='lat' dir='ltr'><strong>stellarum</strong></span> <span class='ocrx_word' id='word_1_29' title='bbox 460 284 498 320; x_wconf 87' lang='grc' dir='ltr'><strong>(Ι.</strong></span> <span class='ocrx_word' id='word_1_30' title='bbox 514 283 573 310; x_wconf 88' lang='lat' dir='ltr'><strong>Cor.</strong></span> <span class='ocrx_word' id='word_1_31' title='bbox 588 284 631 311; x_wconf 76' lang='lat' dir='ltr'><strong>i5.</strong></span> <span class='ocrx_word' id='word_1_32' title='bbox 642 284 689 318; x_wconf 74' lang='grc'><strong>41)</strong></span> <span class='ocrx_word' id='word_1_33' title='bbox 701 292 708 310; x_wconf 88' lang='lat'><strong>:</strong></span> <span class='ocrx_word' id='word_1_34' title='bbox 721 283 840 318; x_wconf 69' lang='lat' dir='ltr'><strong>quaadant</strong></span> <span class='ocrx_word' id='word_1_35' title='bbox 854 282 923 309; x_wconf 88' lang='lat' dir='ltr'><strong>cnitn</strong></span> <span class='ocrx_word' id='word_1_36' title='bbox 937 290 982 309; x_wconf 77' lang='lat' dir='ltr'><strong>e1-</strong></span> 
     </span>
    </p>
   </div>
   <div class='ocr_carea' id='block_1_5' title="bbox 200 327 982 364">
    <p class='ocr_par' dir='ltr' id='par_1_5' title="bbox 200 327 982 364">
     <span class='ocr_line' id='line_1_5' title="bbox 200 327 982 364; baseline -0.001 -9"><span class='ocrx_word' id='word_1_37' title='bbox 200 329 296 355; x_wconf 78' lang='lat' dir='ltr'><strong>cellunt</strong></span> <span class='ocrx_word' id='word_1_38' title='bbox 309 329 438 362; x_wconf 91' lang='lat' dir='ltr'><strong>claritate,</strong></span> <span class='ocrx_word' id='word_1_39' title='bbox 453 329 574 364; x_wconf 63' lang='lat' dir='ltr'><strong>quaedam</strong></span> <span class='ocrx_word' id='word_1_40' title='bbox 587 333 745 363; x_wconf 87' lang='lat' dir='ltr'><strong>superantur</strong></span> <span class='ocrx_word' id='word_1_41' title='bbox 756 336 763 361; x_wconf 94' lang='lat'><strong>;</strong></span> <span class='ocrx_word' id='word_1_42' title='bbox 774 332 801 355; x_wconf 82' lang='lat' dir='ltr'><strong>et</strong></span> <span class='ocrx_word' id='word_1_43' title='bbox 809 327 982 363; x_wconf 81' lang='lat' dir='ltr'><strong>quemadmo-</strong></span> 
     </span>
    </p>
   </div>
   <div class='ocr_carea' id='block_1_6' title="bbox 196 373 981 409">
    <p class='ocr_par' dir='ltr' id='par_1_6' title="bbox 196 373 981 409">
     <span class='ocr_line' id='line_1_6' title="bbox 196 373 981 409; baseline 0 -9"><span class='ocrx_word' id='word_1_44' title='bbox 196 373 259 400; x_wconf 90' lang='lat' dir='ltr'><strong>dum</strong></span> <span class='ocrx_word' id='word_1_45' title='bbox 273 381 382 409; x_wconf 88' lang='lat' dir='ltr'><strong>corpora</strong></span> <span class='ocrx_word' id='word_1_46' title='bbox 395 380 456 401; x_wconf 86' lang='lat' dir='ltr'><strong>sunt</strong></span> <span class='ocrx_word' id='word_1_47' title='bbox 469 375 594 406; x_wconf 69' lang='lat' dir='ltr'><strong>etclestia,</strong></span> <span class='ocrx_word' id='word_1_48' title='bbox 606 375 644 402; x_wconf 86' lang='lat' dir='ltr'><strong>sic</strong></span> <span class='ocrx_word' id='word_1_49' title='bbox 657 379 686 402; x_wconf 84' lang='lat' dir='ltr'><strong>et</strong></span> <span class='ocrx_word' id='word_1_50' title='bbox 697 379 758 401; x_wconf 85' lang='lat' dir='ltr'><strong>sunt</strong></span> <span class='ocrx_word' id='word_1_51' title='bbox 771 380 880 408; x_wconf 88' lang='lat' dir='ltr'><strong>corpora</strong></span> <span class='ocrx_word' id='word_1_52' title='bbox 897 377 981 400; x_wconf 81' lang='lat' dir='ltr'><strong>terre-</strong></span> 
     </span>
    </p>
   </div>
   <div class='ocr_carea' id='block_1_7' title="bbox 196 419 981 455">
    <p class='ocr_par' dir='ltr' id='par_1_7' title="bbox 196 419 981 455">
     <span class='ocr_line' id='line_1_7' title="bbox 196 419 981 455; baseline 0.001 -10"><span class='ocrx_word' id='word_1_53' title='bbox 196 420 277 452; x_wconf 88' lang='lat' dir='ltr'><strong>stria,</strong></span> <span class='ocrx_word' id='word_1_54' title='bbox 300 424 326 446; x_wconf 82' lang='lat' dir='ltr'><strong>et</strong></span> <span class='ocrx_word' id='word_1_55' title='bbox 345 420 567 454; x_wconf 89' lang='lat' dir='ltr'><strong>qttemadmodum</strong></span> <span class='ocrx_word' id='word_1_56' title='bbox 589 420 614 447; x_wconf 94' lang='lat' dir='ltr'><strong>iu</strong></span> <span class='ocrx_word' id='word_1_57' title='bbox 635 420 790 455; x_wconf 82' lang='lat' dir='ltr'><strong>corporibus</strong></span> <span class='ocrx_word' id='word_1_58' title='bbox 802 419 873 446; x_wconf 82' lang='lat' dir='ltr'><strong>aliud</strong></span> <span class='ocrx_word' id='word_1_59' title='bbox 888 427 981 447; x_wconf 86' lang='lat' dir='ltr'><strong>cervus</strong></span> 
     </span>
    </p>
   </div>
   <div class='ocr_carea' id='block_1_8' title="bbox 195 464 978 499">
    <p class='ocr_par' dir='ltr' id='par_1_8' title="bbox 195 464 978 499">
     <span class='ocr_line' id='line_1_8' title="bbox 195 464 978 499; baseline 0 -9"><span class='ocrx_word' id='word_1_60' title='bbox 195 469 246 496; x_wconf 90' lang='lat' dir='ltr'><strong>est,</strong></span> <span class='ocrx_word' id='word_1_61' title='bbox 259 464 329 491; x_wconf 89' lang='lat' dir='ltr'><strong>aliud</strong></span> <span class='ocrx_word' id='word_1_62' title='bbox 341 465 415 492; x_wconf 87' lang='lat' dir='ltr'><strong>canis</strong></span> <span class='ocrx_word' id='word_1_63' title='bbox 424 486 431 497; x_wconf 91' lang='lat'><strong>,</strong></span> <span class='ocrx_word' id='word_1_64' title='bbox 447 465 517 492; x_wconf 81' lang='lat' dir='ltr'><strong>aliud</strong></span> <span class='ocrx_word' id='word_1_65' title='bbox 529 465 580 497; x_wconf 86' lang='lat' dir='ltr'><strong>leo,</strong></span> <span class='ocrx_word' id='word_1_66' title='bbox 596 465 667 492; x_wconf 81' lang='lat' dir='ltr'><strong>aliud</strong></span> <span class='ocrx_word' id='word_1_67' title='bbox 681 465 731 492; x_wconf 88' lang='lat' dir='ltr'><strong>alia</strong></span> <span class='ocrx_word' id='word_1_68' title='bbox 742 465 807 497; x_wconf 84' lang='lat' dir='ltr'><strong>fera,</strong></span> <span class='ocrx_word' id='word_1_69' title='bbox 816 464 886 491; x_wconf 80' lang='lat' dir='ltr'><strong>aliud</strong></span> <span class='ocrx_word' id='word_1_70' title='bbox 898 464 978 499; x_wconf 85' lang='lat' dir='ltr'><strong>aspis,</strong></span> 
     </span>
    </p>
   </div>
   <div class='ocr_carea' id='block_1_9' title="bbox 194 509 980 545">
    <p class='ocr_par' dir='ltr' id='par_1_9' title="bbox 194 509 980 545">
     <span class='ocr_line' id='line_1_9' title="bbox 194 509 980 545; baseline 0.001 -10"><span class='ocrx_word' id='word_1_71' title='bbox 194 509 265 536; x_wconf 85' lang='lat' dir='ltr'><strong>aliud</strong></span> <span class='ocrx_word' id='word_1_72' title='bbox 277 510 329 536; x_wconf 85' lang='lat' dir='ltr'><strong>tale</strong></span> <span class='ocrx_word' id='word_1_73' title='bbox 343 510 479 545; x_wconf 88' lang='lat' dir='ltr'><strong>quippiam</strong></span> <span class='ocrx_word' id='word_1_74' title='bbox 495 519 502 536; x_wconf 74' lang='grc' dir='ltr'><em>τ</em></span> <span class='ocrx_word' id='word_1_75' title='bbox 517 510 556 538; x_wconf 84' lang='lat' dir='ltr'><strong>sic</strong></span> <span class='ocrx_word' id='word_1_76' title='bbox 569 515 595 537; x_wconf 89' lang='lat' dir='ltr'><strong>et</strong></span> <span class='ocrx_word' id='word_1_77' title='bbox 610 511 635 536; x_wconf 92' lang='lat' dir='ltr'><strong>in</strong></span> <span class='ocrx_word' id='word_1_78' title='bbox 648 510 762 545; x_wconf 73' lang='lat' dir='ltr'><strong>peccatis</strong></span> <span class='ocrx_word' id='word_1_79' title='bbox 775 514 837 537; x_wconf 91' lang='lat' dir='ltr'><strong>sunt</strong></span> <span class='ocrx_word' id='word_1_80' title='bbox 854 509 980 536; x_wconf 83' lang='lat' dir='ltr'><strong>differen-</strong></span> 
     </span>
    </p>
   </div>
   <div class='ocr_carea' id='block_1_10' title="bbox 195 554 980 590">
    <p class='ocr_par' dir='ltr' id='par_1_10' title="bbox 195 554 980 590">
     <span class='ocr_line' id='line_1_10' title="bbox 195 554 980 590; baseline 0.001 -10"><span class='ocrx_word' id='word_1_81' title='bbox 195 554 246 581; x_wconf 58' lang='grc' dir='ltr'>ιλιι.</span> <span class='ocrx_word' id='word_1_82' title='bbox 269 554 397 582; x_wconf 85' lang='lat' dir='ltr'><strong>Homines</strong></span> <span class='ocrx_word' id='word_1_83' title='bbox 418 555 496 589; x_wconf 81' lang='lat' dir='ltr'><strong>igitur</strong></span> <span class='ocrx_word' id='word_1_84' title='bbox 509 555 551 582; x_wconf 90' lang='lat' dir='ltr'><strong>alii</strong></span> <span class='ocrx_word' id='word_1_85' title='bbox 569 555 674 590; x_wconf 82' lang='lat' dir='ltr'><strong>quidem</strong></span> <span class='ocrx_word' id='word_1_86' title='bbox 689 559 751 582; x_wconf 89' lang='lat' dir='ltr'><strong>sunt</strong></span> <span class='ocrx_word' id='word_1_87' title='bbox 761 554 841 590; x_wconf 84' lang='lat' dir='ltr'><strong>justi,</strong></span> <span class='ocrx_word' id='word_1_88' title='bbox 858 555 901 581; x_wconf 89' lang='lat' dir='ltr'><strong>alii</strong></span> <span class='ocrx_word' id='word_1_89' title='bbox 917 561 980 581; x_wconf 90' lang='lat' dir='ltr'><strong>vero</strong></span> 
     </span>
    </p>
   </div>
   <div class='ocr_carea' id='block_1_11' title="bbox 194 600 978 635">
    <p class='ocr_par' dir='ltr' id='par_1_11' title="bbox 194 600 978 635">
     <span class='ocr_line' id='line_1_11' title="bbox 194 600 978 635; baseline -0.001 -8"><span class='ocrx_word' id='word_1_90' title='bbox 194 605 346 634; x_wconf 89' lang='lat' dir='ltr'><strong>peccatores</strong></span> <span class='ocrx_word' id='word_1_91' title='bbox 360 609 366 627; x_wconf 90' lang='lat'>:</span> <span class='ocrx_word' id='word_1_92' title='bbox 382 600 428 628; x_wconf 87' lang='lat' dir='ltr'><strong>sed</strong></span> <span class='ocrx_word' id='word_1_93' title='bbox 449 605 474 628; x_wconf 90' lang='lat' dir='ltr'><strong>et</strong></span> <span class='ocrx_word' id='word_1_94' title='bbox 493 601 519 628; x_wconf 91' lang='lat' dir='ltr'><strong>in</strong></span> <span class='ocrx_word' id='word_1_95' title='bbox 531 601 610 635; x_wconf 86' lang='lat' dir='ltr'><strong>justis</strong></span> <span class='ocrx_word' id='word_1_96' title='bbox 631 601 740 628; x_wconf 90' lang='lat' dir='ltr'><strong>multum</strong></span> <span class='ocrx_word' id='word_1_97' title='bbox 763 605 804 628; x_wconf 89' lang='lat' dir='ltr'><strong>est</strong></span> <span class='ocrx_word' id='word_1_98' title='bbox 826 600 978 633; x_wconf 90' lang='lat' dir='ltr'><strong>discrimen,</strong></span> 
     </span>
    </p>
   </div>
   <div class='ocr_carea' id='block_1_12' title="bbox 193 645 978 680">
    <p class='ocr_par' dir='ltr' id='par_1_12' title="bbox 193 645 978 680">
     <span class='ocr_line' id='line_1_12' title="bbox 193 645 978 680; baseline 0 -8"><span class='ocrx_word' id='word_1_99' title='bbox 193 650 220 672; x_wconf 91' lang='lat' dir='ltr'><strong>et</strong></span> <span class='ocrx_word' id='word_1_100' title='bbox 242 645 267 672; x_wconf 92' lang='lat' dir='ltr'><strong>in</strong></span> <span class='ocrx_word' id='word_1_101' title='bbox 291 646 473 680; x_wconf 90' lang='lat' dir='ltr'><strong>peccatoribus</strong></span> <span class='ocrx_word' id='word_1_102' title='bbox 496 647 607 674; x_wconf 88' lang='lat' dir='ltr'><strong>tnttltum</strong></span> <span class='ocrx_word' id='word_1_103' title='bbox 630 651 658 674; x_wconf 90' lang='lat' dir='ltr'><strong>et</strong></span> <span class='ocrx_word' id='word_1_104' title='bbox 681 647 839 673; x_wconf 84' lang='lat' dir='ltr'><strong>immensum</strong></span> <span class='ocrx_word' id='word_1_105' title='bbox 859 654 866 672; x_wconf 91' lang='lat'>:</span> <span class='ocrx_word' id='word_1_106' title='bbox 887 653 978 673; x_wconf 82' lang='lat' dir='ltr'><strong>verum</strong></span> 
     </span>
    </p>
   </div>
   <div class='ocr_carea' id='block_1_13' title="bbox 192 690 976 727">
    <p class='ocr_par' dir='ltr' id='par_1_13' title="bbox 192 690 976 727">
     <span class='ocr_line' id='line_1_13' title="bbox 192 690 976 727; baseline 0.001 -11"><span class='ocrx_word' id='word_1_107' title='bbox 192 690 309 717; x_wconf 75' lang='lat' dir='ltr'><strong>attende.</strong></span> <span class='ocrx_word' id='word_1_108' title='bbox 330 691 403 718; x_wconf 85' lang='lat' dir='ltr'><strong>Licet</strong></span> <span class='ocrx_word' id='word_1_109' title='bbox 413 691 499 726; x_wconf 87' lang='lat' dir='ltr'><strong>justus</strong></span> <span class='ocrx_word' id='word_1_110' title='bbox 509 692 542 718; x_wconf 93' lang='lat' dir='ltr'><strong>sit</strong></span> <span class='ocrx_word' id='word_1_111' title='bbox 555 692 614 727; x_wconf 91' lang='lat' dir='ltr'><strong>quis</strong></span> <span class='ocrx_word' id='word_1_112' title='bbox 626 712 635 726; x_wconf 92' lang='lat'><strong>,</strong></span> <span class='ocrx_word' id='word_1_113' title='bbox 651 692 713 719; x_wconf 92' lang='lat' dir='ltr'><strong>licet</strong></span> <span class='ocrx_word' id='word_1_114' title='bbox 726 691 822 719; x_wconf 86' lang='lat' dir='ltr'><strong>millies</strong></span> <span class='ocrx_word' id='word_1_115' title='bbox 834 691 868 718; x_wconf 86' lang='lat' dir='ltr'><strong>sit</strong></span> <span class='ocrx_word' id='word_1_116' title='bbox 879 691 976 726; x_wconf 85' lang='lat' dir='ltr'><strong>justus,</strong></span> 
     </span>
    </p>
   </div>
   <div class='ocr_carea' id='block_1_14' title="bbox 193 735 978 771">
    <p class='ocr_par' dir='ltr' id='par_1_14' title="bbox 193 735 978 771">
     <span class='ocr_line' id='line_1_14' title="bbox 193 735 978 771; baseline 0.001 -10"><span class='ocrx_word' id='word_1_117' title='bbox 193 739 218 762; x_wconf 91' lang='lat' dir='ltr'><strong>et</strong></span> <span class='ocrx_word' id='word_1_118' title='bbox 231 735 262 762; x_wconf 89' lang='lat' dir='ltr'><strong>ad</strong></span> <span class='ocrx_word' id='word_1_119' title='bbox 278 736 381 763; x_wconf 87' lang='lat' dir='ltr'><strong>culmen</strong></span> <span class='ocrx_word' id='word_1_120' title='bbox 408 738 493 771; x_wconf 88' lang='lat' dir='ltr'><strong>ipsum</strong></span> <span class='ocrx_word' id='word_1_121' title='bbox 514 737 667 765; x_wconf 88' lang='lat' dir='ltr'><strong>ascenderit</strong></span> <span class='ocrx_word' id='word_1_122' title='bbox 682 746 689 764; x_wconf 93' lang='lat'>:</span> <span class='ocrx_word' id='word_1_123' title='bbox 704 737 738 764; x_wconf 83' lang='lat' dir='ltr'><strong>ita</strong></span> <span class='ocrx_word' id='word_1_124' title='bbox 751 757 759 770; x_wconf 93' lang='lat'><strong>,</strong></span> <span class='ocrx_word' id='word_1_125' title='bbox 782 742 809 764; x_wconf 91' lang='lat' dir='ltr'><strong>ut</strong></span> <span class='ocrx_word' id='word_1_126' title='bbox 830 743 925 771; x_wconf 71' lang='lat' dir='ltr'><strong>expers</strong></span> <span class='ocrx_word' id='word_1_127' title='bbox 943 736 978 763; x_wconf 85' lang='lat' dir='ltr'><strong>sit</strong></span> 
     </span>
    </p>
   </div>
   <div class='ocr_carea' id='block_1_15' title="bbox 192 781 977 817">
    <p class='ocr_par' dir='ltr' id='par_1_15' title="bbox 192 781 977 817">
     <span class='ocr_line' id='line_1_15' title="bbox 192 781 977 817; baseline 0 -10"><span class='ocrx_word' id='word_1_128' title='bbox 192 783 292 814; x_wconf 86' lang='lat' dir='ltr'><strong>peccati</strong></span> <span class='ocrx_word' id='word_1_129' title='bbox 305 802 312 814; x_wconf 90' lang='lat'><strong>,</strong></span> <span class='ocrx_word' id='word_1_130' title='bbox 334 788 385 809; x_wconf 89' lang='lat' dir='ltr'><strong>non</strong></span> <span class='ocrx_word' id='word_1_131' title='bbox 399 786 487 817; x_wconf 80' lang='lat' dir='ltr'><strong>potest</strong></span> <span class='ocrx_word' id='word_1_132' title='bbox 499 790 559 810; x_wconf 91' lang='lat' dir='ltr'><strong>esse</strong></span> <span class='ocrx_word' id='word_1_133' title='bbox 573 782 687 810; x_wconf 84' lang='lat' dir='ltr'><strong>mundus</strong></span> <span class='ocrx_word' id='word_1_134' title='bbox 698 789 712 809; x_wconf 84' lang='lat' dir='ltr'><strong>a</strong></span> <span class='ocrx_word' id='word_1_135' title='bbox 727 782 806 810; x_wconf 83' lang='lat' dir='ltr'><strong>sorde</strong></span> <span class='ocrx_word' id='word_1_136' title='bbox 820 791 826 809; x_wconf 93' lang='lat'><strong>:</strong></span> <span class='ocrx_word' id='word_1_137' title='bbox 841 782 902 809; x_wconf 90' lang='lat' dir='ltr'><strong>licet</strong></span> <span class='ocrx_word' id='word_1_138' title='bbox 916 781 977 808; x_wconf 93' lang='lat' dir='ltr'><strong>mil-</strong></span> 
     </span>
    </p>
   </div>
   <div class='ocr_carea' id='block_1_16' title="bbox 192 826 977 863">
    <p class='ocr_par' dir='ltr' id='par_1_16' title="bbox 192 826 977 863">
     <span class='ocr_line' id='line_1_16' title="bbox 192 826 977 863; baseline 0.003 -11"><span class='ocrx_word' id='word_1_139' title='bbox 192 826 333 861; x_wconf 85' lang='lat' dir='ltr'><strong>tiesjustus</strong></span> <span class='ocrx_word' id='word_1_140' title='bbox 345 828 398 860; x_wconf 80' lang='lat' dir='ltr'><strong>sit,</strong></span> <span class='ocrx_word' id='word_1_141' title='bbox 412 832 453 855; x_wconf 85' lang='lat' dir='ltr'><strong>est</strong></span> <span class='ocrx_word' id='word_1_142' title='bbox 468 832 555 856; x_wconf 89' lang='lat' dir='ltr'><strong>tamen</strong></span> <span class='ocrx_word' id='word_1_143' title='bbox 566 828 657 856; x_wconf 89' lang='lat' dir='ltr'><strong>homo.</strong></span> <span class='ocrx_word' id='word_1_144' title='bbox 681 828 743 861; x_wconf 76' lang='lat' dir='ltr'><strong>Quis</strong></span> <span class='ocrx_word' id='word_1_145' title='bbox 754 828 819 856; x_wconf 82' lang='lat' dir='ltr'><strong>enim</strong></span> <span class='ocrx_word' id='word_1_146' title='bbox 829 827 977 863; x_wconf 81' lang='lat' dir='ltr'><strong>gloriabitur</strong></span> 
     </span>
    </p>
   </div>
   <div class='ocr_carea' id='block_1_17' title="bbox 190 874 976 910">
    <p class='ocr_par' dir='ltr' id='par_1_17' title="bbox 190 874 976 910">
     <span class='ocr_line' id='line_1_17' title="bbox 190 874 976 910; baseline 0.003 -12"><span class='ocrx_word' id='word_1_147' title='bbox 190 878 285 899; x_wconf 73' lang='lat' dir='ltr'><strong>costam</strong></span> <span class='ocrx_word' id='word_1_148' title='bbox 297 881 323 900; x_wconf 84' lang='lat' dir='ltr'><strong>se</strong></span> <span class='ocrx_word' id='word_1_149' title='bbox 333 874 423 901; x_wconf 79' lang='lat' dir='ltr'><strong>habere</strong></span> <span class='ocrx_word' id='word_1_150' title='bbox 434 882 478 901; x_wconf 86' lang='lat' dir='ltr'><strong>cor</strong></span> <span class='ocrx_word' id='word_1_151' title='bbox 488 895 495 907; x_wconf 92' lang='lat'><strong>,</strong></span> <span class='ocrx_word' id='word_1_152' title='bbox 512 879 557 901; x_wconf 81' lang='lat' dir='ltr'><strong>aut</strong></span> <span class='ocrx_word' id='word_1_153' title='bbox 567 875 622 910; x_wconf 81' lang='lat' dir='ltr'><strong>quis</strong></span> <span class='ocrx_word' id='word_1_154' title='bbox 634 875 742 909; x_wconf 72' lang='lat' dir='ltr'><strong>conﬁdet</strong></span> <span class='ocrx_word' id='word_1_155' title='bbox 755 875 876 901; x_wconf 84' lang='lat' dir='ltr'><strong>mundum</strong></span> <span class='ocrx_word' id='word_1_156' title='bbox 888 882 914 901; x_wconf 70' lang='lat' dir='ltr'><strong>se</strong></span> <span class='ocrx_word' id='word_1_157' title='bbox 924 882 976 901; x_wconf 72' lang='lat' dir='ltr'><strong>esse</strong></span> 
     </span>
    </p>
   </div>
   <div class='ocr_carea' id='block_1_18' title="bbox 189 919 975 955">
    <p class='ocr_par' dir='ltr' id='par_1_18' title="bbox 189 919 975 955">
     <span class='ocr_line' id='line_1_18' title="bbox 189 919 975 955; baseline 0.003 -12"><span class='ocrx_word' id='word_1_158' title='bbox 189 925 205 943; x_wconf 81' lang='grc' dir='ltr'><em>α</em></span> <span class='ocrx_word' id='word_1_159' title='bbox 220 924 319 952; x_wconf 78' lang='lat' dir='ltr'><strong>peccato</strong></span> <span class='ocrx_word' id='word_1_160' title='bbox 330 919 420 953; x_wconf 79' lang='lat' dir='ltr'><strong>(Prov.</strong></span> <span class='ocrx_word' id='word_1_161' title='bbox 431 919 476 947; x_wconf 69' lang='lat' dir='ltr'><strong>eo.</strong></span> <span class='ocrx_word' id='word_1_162' title='bbox 490 919 539 955; x_wconf 85' lang='lat'><strong>9)?</strong></span> <span class='ocrx_word' id='word_1_163' title='bbox 559 920 702 955; x_wconf 80' lang='lat' dir='ltr'><strong>Propterea</strong></span> <span class='ocrx_word' id='word_1_164' title='bbox 715 919 803 948; x_wconf 85' lang='lat' dir='ltr'><strong>dicere</strong></span> <span class='ocrx_word' id='word_1_165' title='bbox 816 919 841 946; x_wconf 88' lang='lat' dir='ltr'><strong>in</strong></span> <span class='ocrx_word' id='word_1_166' title='bbox 856 919 975 946; x_wconf 86' lang='lat' dir='ltr'><strong>oratione</strong></span> 
     </span>
    </p>
   </div>
   <div class='ocr_carea' id='block_1_19' title="bbox 189 964 973 1000">
    <p class='ocr_par' dir='ltr' id='par_1_19' title="bbox 189 964 973 1000">
     <span class='ocr_line' id='line_1_19' title="bbox 189 964 973 1000; baseline 0 -9"><span class='ocrx_word' id='word_1_167' title='bbox 189 964 333 998; x_wconf 73' lang='lat' dir='ltr'><strong>iubemur:</strong></span> <span class='ocrx_word' id='word_1_168' title='bbox 350 965 452 992; x_wconf 83' lang='lat' dir='ltr'><strong>Dimitte</strong></span> <span class='ocrx_word' id='word_1_169' title='bbox 468 966 539 993; x_wconf 70' lang='lat' dir='ltr'><strong>nobis</strong></span> <span class='ocrx_word' id='word_1_170' title='bbox 551 966 633 993; x_wconf 80' lang='lat' dir='ltr'><strong>debita</strong></span> <span class='ocrx_word' id='word_1_171' title='bbox 650 971 737 993; x_wconf 72' lang='lat' dir='ltr'><strong>nostra</strong></span> <span class='ocrx_word' id='word_1_172' title='bbox 756 965 862 1000; x_wconf 81' lang='lat' dir='ltr'><strong>(Matth.</strong></span> <span class='ocrx_word' id='word_1_173' title='bbox 875 965 901 993; x_wconf 85' lang='lat'><strong>6.</strong></span> <span class='ocrx_word' id='word_1_174' title='bbox 918 964 973 1000; x_wconf 71' lang='lat' dir='ltr'><strong>l2),</strong></span> 
     </span>
    </p>
   </div>
   <div class='ocr_carea' id='block_1_20' title="bbox 191 1009 973 1038">
    <p class='ocr_par' dir='ltr' id='par_1_20' title="bbox 191 1009 973 1038">
     <span class='ocr_line' id='line_1_20' title="bbox 191 1009 973 1038; baseline 0.001 -3"><span class='ocrx_word' id='word_1_175' title='bbox 191 1014 218 1036; x_wconf 92' lang='lat' dir='ltr'><strong>ut</strong></span> <span class='ocrx_word' id='word_1_176' title='bbox 231 1009 359 1037; x_wconf 89' lang='lat' dir='ltr'><strong>orationis</strong></span> <span class='ocrx_word' id='word_1_177' title='bbox 371 1010 563 1038; x_wconf 90' lang='lat' dir='ltr'><strong>consuetudine</strong></span> <span class='ocrx_word' id='word_1_178' title='bbox 577 1011 767 1038; x_wconf 79' lang='lat' dir='ltr'><strong>admoneamur</strong></span> <span class='ocrx_word' id='word_1_179' title='bbox 789 1010 842 1038; x_wconf 90' lang='lat' dir='ltr'><strong>illic</strong></span> <span class='ocrx_word' id='word_1_180' title='bbox 861 1017 909 1037; x_wconf 86' lang='lat' dir='ltr'><strong>nos</strong></span> <span class='ocrx_word' id='word_1_181' title='bbox 923 1009 973 1037; x_wconf 87' lang='lat' dir='ltr'><strong>ob-</strong></span> 
     </span>
    </p>
   </div>
   <div class='ocr_carea' id='block_1_21' title="bbox 189 1055 972 1091">
    <p class='ocr_par' dir='ltr' id='par_1_21' title="bbox 189 1055 972 1091">
     <span class='ocr_line' id='line_1_21' title="bbox 189 1055 972 1091; baseline 0.001 -10"><span class='ocrx_word' id='word_1_182' title='bbox 189 1055 281 1082; x_wconf 88' lang='lat' dir='ltr'><strong>noxios</strong></span> <span class='ocrx_word' id='word_1_183' title='bbox 291 1062 350 1083; x_wconf 89' lang='lat' dir='ltr'><strong>esse</strong></span> <span class='ocrx_word' id='word_1_184' title='bbox 364 1057 509 1091; x_wconf 82' lang='lat' dir='ltr'><strong>suppliciis.</strong></span> <span class='ocrx_word' id='word_1_185' title='bbox 532 1057 636 1085; x_wconf 86' lang='lat' dir='ltr'><strong>Etenim</strong></span> <span class='ocrx_word' id='word_1_186' title='bbox 653 1057 749 1084; x_wconf 78' lang='lat' dir='ltr'><strong>Paulus</strong></span> <span class='ocrx_word' id='word_1_187' title='bbox 761 1056 910 1091; x_wconf 86' lang='lat' dir='ltr'><strong>apostolus,</strong></span> <span class='ocrx_word' id='word_1_188' title='bbox 926 1062 972 1083; x_wconf 84' lang='lat' dir='ltr'><strong>vas</strong></span> 
     </span>
    </p>
   </div>
   <div class='ocr_carea' id='block_1_22' title="bbox 187 1100 971 1137">
    <p class='ocr_par' dir='ltr' id='par_1_22' title="bbox 187 1100 971 1137">
     <span class='ocr_line' id='line_1_22' title="bbox 187 1100 971 1137; baseline 0.001 -11"><span class='ocrx_word' id='word_1_189' title='bbox 187 1100 335 1134; x_wconf 68' lang='lat' dir='ltr'><strong>electionis,</strong></span> <span class='ocrx_word' id='word_1_190' title='bbox 360 1101 406 1128; x_wconf 83' lang='lat' dir='ltr'><strong>Dei</strong></span> <span class='ocrx_word' id='word_1_191' title='bbox 430 1102 576 1136; x_wconf 84' lang='lat' dir='ltr'><strong>templum,</strong></span> <span class='ocrx_word' id='word_1_192' title='bbox 596 1109 627 1129; x_wconf 91' lang='lat' dir='ltr'><strong>os</strong></span> <span class='ocrx_word' id='word_1_193' title='bbox 637 1101 750 1134; x_wconf 78' lang='lat' dir='ltr'><strong>Christi,</strong></span> <span class='ocrx_word' id='word_1_194' title='bbox 774 1102 828 1137; x_wconf 85' lang='lat' dir='ltr'><strong>lyra</strong></span> <span class='ocrx_word' id='word_1_195' title='bbox 847 1101 971 1135; x_wconf 75' lang='lat' dir='ltr'><strong>Spiritus,</strong></span> 
     </span>
    </p>
   </div>
   <div class='ocr_carea' id='block_1_23' title="bbox 186 1145 971 1183">
    <p class='ocr_par' dir='ltr' id='par_1_23' title="bbox 186 1145 971 1183">
     <span class='ocr_line' id='line_1_23' title="bbox 186 1145 971 1183; baseline 0 -11"><span class='ocrx_word' id='word_1_196' title='bbox 186 1145 279 1173; x_wconf 88' lang='lat' dir='ltr'><strong>doctor</strong></span> <span class='ocrx_word' id='word_1_197' title='bbox 287 1147 358 1174; x_wconf 83' lang='lat' dir='ltr'><strong>orbis</strong></span> <span class='ocrx_word' id='word_1_198' title='bbox 367 1152 506 1182; x_wconf 89' lang='lat' dir='ltr'><strong>terrarum,</strong></span> <span class='ocrx_word' id='word_1_199' title='bbox 519 1148 564 1183; x_wconf 89' lang='lat' dir='ltr'><strong>qui</strong></span> <span class='ocrx_word' id='word_1_200' title='bbox 574 1152 670 1175; x_wconf 86' lang='lat' dir='ltr'><strong>terram</strong></span> <span class='ocrx_word' id='word_1_201' title='bbox 684 1153 711 1175; x_wconf 86' lang='lat' dir='ltr'><strong>et</strong></span> <span class='ocrx_word' id='word_1_202' title='bbox 725 1155 797 1174; x_wconf 82' lang='lat' dir='ltr'><strong>mare</strong></span> <span class='ocrx_word' id='word_1_203' title='bbox 812 1147 971 1182; x_wconf 77' lang='lat' dir='ltr'><strong>peragravit,</strong></span> 
     </span>
    </p>
   </div>
   <div class='ocr_carea' id='block_1_24' title="bbox 186 1191 972 1228">
    <p class='ocr_par' dir='ltr' id='par_1_24' title="bbox 186 1191 972 1228">
     <span class='ocr_line' id='line_1_24' title="bbox 186 1191 972 1228; baseline 0.003 -12"><span class='ocrx_word' id='word_1_204' title='bbox 186 1191 229 1224; x_wconf 91' lang='lat' dir='ltr'><strong>qui</strong></span> <span class='ocrx_word' id='word_1_205' title='bbox 246 1195 415 1226; x_wconf 83' lang='lat' dir='ltr'><strong>peccatorum</strong></span> <span class='ocrx_word' id='word_1_206' title='bbox 428 1193 518 1227; x_wconf 85' lang='lat' dir='ltr'><strong>spinas</strong></span> <span class='ocrx_word' id='word_1_207' title='bbox 531 1192 655 1225; x_wconf 88' lang='lat' dir='ltr'><strong>revulsit,</strong></span> <span class='ocrx_word' id='word_1_208' title='bbox 669 1193 713 1228; x_wconf 90' lang='lat' dir='ltr'><strong>qui</strong></span> <span class='ocrx_word' id='word_1_209' title='bbox 724 1193 858 1228; x_wconf 83' lang='lat' dir='ltr'><strong>religionis</strong></span> <span class='ocrx_word' id='word_1_210' title='bbox 871 1192 972 1219; x_wconf 82' lang='lat' dir='ltr'><strong>semina</strong></span> 
     </span>
    </p>
   </div>
   <div class='ocr_carea' id='block_1_25' title="bbox 186 1236 971 1273">
    <p class='ocr_par' dir='ltr' id='par_1_25' title="bbox 186 1236 971 1273">
     <span class='ocr_line' id='line_1_25' title="bbox 186 1236 971 1273; baseline 0.004 -11"><span class='ocrx_word' id='word_1_211' title='bbox 186 1236 307 1270; x_wconf 76' lang='lat' dir='ltr'><strong>iactavit;</strong></span> <span class='ocrx_word' id='word_1_212' title='bbox 323 1238 367 1265; x_wconf 90' lang='lat' dir='ltr'><strong>ille</strong></span> <span class='ocrx_word' id='word_1_213' title='bbox 383 1239 489 1273; x_wconf 79' lang='lat' dir='ltr'><strong>regibus</strong></span> <span class='ocrx_word' id='word_1_214' title='bbox 502 1239 650 1273; x_wconf 87' lang='lat' dir='ltr'><strong>opulentior</strong></span> <span class='ocrx_word' id='word_1_215' title='bbox 659 1260 667 1273; x_wconf 93' lang='lat'><strong>,</strong></span> <span class='ocrx_word' id='word_1_216' title='bbox 682 1240 725 1266; x_wconf 89' lang='lat' dir='ltr'><strong>ille</strong></span> <span class='ocrx_word' id='word_1_217' title='bbox 738 1239 863 1266; x_wconf 68' lang='lat' dir='ltr'><strong>divitibus</strong></span> <span class='ocrx_word' id='word_1_218' title='bbox 875 1243 971 1273; x_wconf 87' lang='lat' dir='ltr'><strong>poten-</strong></span> 
     </span>
    </p>
   </div>
   <div class='ocr_carea' id='block_1_26' title="bbox 187 1282 970 1319">
    <p class='ocr_par' dir='ltr' id='par_1_26' title="bbox 187 1282 970 1319">
     <span class='ocr_line' id='line_1_26' title="bbox 187 1282 970 1319; baseline 0.003 -11"><span class='ocrx_word' id='word_1_219' title='bbox 187 1282 237 1308; x_wconf 91' lang='lat' dir='ltr'><strong>tior</strong></span> <span class='ocrx_word' id='word_1_220' title='bbox 249 1302 257 1315; x_wconf 93' lang='lat'><strong>,</strong></span> <span class='ocrx_word' id='word_1_221' title='bbox 278 1283 404 1310; x_wconf 90' lang='lat' dir='ltr'><strong>militibus</strong></span> <span class='ocrx_word' id='word_1_222' title='bbox 425 1284 535 1316; x_wconf 81' lang='lat' dir='ltr'><strong>fortior,</strong></span> <span class='ocrx_word' id='word_1_223' title='bbox 555 1284 599 1312; x_wconf 86' lang='lat' dir='ltr'><strong>ille</strong></span> <span class='ocrx_word' id='word_1_224' title='bbox 613 1284 695 1319; x_wconf 71' lang='lat' dir='ltr'><strong>magis</strong></span> <span class='ocrx_word' id='word_1_225' title='bbox 709 1284 879 1318; x_wconf 86' lang='lat' dir='ltr'><strong>philosophus</strong></span> <span class='ocrx_word' id='word_1_226' title='bbox 893 1291 970 1318; x_wconf 79' lang='lat' dir='ltr'><strong>quam</strong></span> 
     </span>
    </p>
   </div>
   <div class='ocr_carea' id='block_1_27' title="bbox 185 1327 970 1365">
    <p class='ocr_par' dir='ltr' id='par_1_27' title="bbox 185 1327 970 1365">
     <span class='ocr_line' id='line_1_27' title="bbox 185 1327 970 1365; baseline 0.004 -12"><span class='ocrx_word' id='word_1_227' title='bbox 185 1327 233 1362; x_wconf 91' lang='lat' dir='ltr'><strong>ipsi</strong></span> <span class='ocrx_word' id='word_1_228' title='bbox 248 1328 406 1364; x_wconf 79' lang='lat' dir='ltr'><strong>philosophi,</strong></span> <span class='ocrx_word' id='word_1_229' title='bbox 422 1329 465 1357; x_wconf 90' lang='lat' dir='ltr'><strong>ille</strong></span> <span class='ocrx_word' id='word_1_230' title='bbox 477 1329 600 1357; x_wconf 87' lang='lat' dir='ltr'><strong>disertior</strong></span> <span class='ocrx_word' id='word_1_231' title='bbox 611 1330 768 1362; x_wconf 86' lang='lat' dir='ltr'><strong>oratoribus,</strong></span> <span class='ocrx_word' id='word_1_232' title='bbox 784 1329 828 1365; x_wconf 88' lang='lat' dir='ltr'><strong>qui</strong></span> <span class='ocrx_word' id='word_1_233' title='bbox 841 1329 905 1356; x_wconf 85' lang='lat' dir='ltr'><strong>niliil</strong></span> <span class='ocrx_word' id='word_1_234' title='bbox 921 1328 970 1356; x_wconf 85' lang='lat' dir='ltr'><strong>ita-</strong></span> 
     </span>
    </p>
   </div>
   <div class='ocr_carea' id='block_1_28' title="bbox 184 1373 970 1410">
    <p class='ocr_par' dir='ltr' id='par_1_28' title="bbox 184 1373 970 1410">
     <span class='ocr_line' id='line_1_28' title="bbox 184 1373 970 1410; baseline 0.001 -10"><span class='ocrx_word' id='word_1_235' title='bbox 184 1373 278 1407; x_wconf 83' lang='lat' dir='ltr'><strong>bebat,</strong></span> <span class='ocrx_word' id='word_1_236' title='bbox 302 1378 329 1400; x_wconf 86' lang='lat' dir='ltr'><strong>et</strong></span> <span class='ocrx_word' id='word_1_237' title='bbox 341 1374 428 1401; x_wconf 84' lang='lat' dir='ltr'><strong>omnia</strong></span> <span class='ocrx_word' id='word_1_238' title='bbox 445 1375 606 1410; x_wconf 82' lang='lat' dir='ltr'><strong>possidebat,</strong></span> <span class='ocrx_word' id='word_1_239' title='bbox 623 1375 668 1409; x_wconf 93' lang='lat' dir='ltr'><strong>qui</strong></span> <span class='ocrx_word' id='word_1_240' title='bbox 691 1379 803 1402; x_wconf 85' lang='lat' dir='ltr'><strong>mortem</strong></span> <span class='ocrx_word' id='word_1_241' title='bbox 816 1375 909 1402; x_wconf 87' lang='lat' dir='ltr'><strong>umbra</strong></span> <span class='ocrx_word' id='word_1_242' title='bbox 923 1382 970 1401; x_wconf 90' lang='lat' dir='ltr'><strong>sua</strong></span> 
     </span>
    </p>
   </div>
   <div class='ocr_carea' id='block_1_29' title="bbox 183 1420 970 1456">
    <p class='ocr_par' dir='ltr' id='par_1_29' title="bbox 183 1420 970 1456">
     <span class='ocr_line' id='line_1_29' title="bbox 183 1420 970 1456; baseline 0.001 -10"><span class='ocrx_word' id='word_1_243' title='bbox 183 1420 320 1453; x_wconf 85' lang='lat' dir='ltr'><strong>solvebat,</strong></span> <span class='ocrx_word' id='word_1_244' title='bbox 341 1421 385 1454; x_wconf 91' lang='lat' dir='ltr'><strong>qui</strong></span> <span class='ocrx_word' id='word_1_245' title='bbox 401 1421 507 1448; x_wconf 89' lang='lat' dir='ltr'><strong>tnorbos</strong></span> <span class='ocrx_word' id='word_1_246' title='bbox 522 1421 577 1448; x_wconf 80' lang='lat' dir='ltr'><strong>suis</strong></span> <span class='ocrx_word' id='word_1_247' title='bbox 598 1422 765 1448; x_wconf 80' lang='lat' dir='ltr'><strong>vestimentis</strong></span> <span class='ocrx_word' id='word_1_248' title='bbox 785 1420 891 1455; x_wconf 79' lang='lat' dir='ltr'><strong>fugabat</strong></span> <span class='ocrx_word' id='word_1_249' title='bbox 903 1441 910 1453; x_wconf 85' lang='lat'><strong>,</strong></span> <span class='ocrx_word' id='word_1_250' title='bbox 924 1421 970 1456; x_wconf 90' lang='lat' dir='ltr'><strong>qui</strong></span> 
     </span>
    </p>
   </div>
   <div class='ocr_carea' id='block_1_30' title="bbox 183 1466 969 1501">
    <p class='ocr_par' dir='ltr' id='par_1_30' title="bbox 183 1466 969 1501">
     <span class='ocr_line' id='line_1_30' title="bbox 183 1466 969 1501; baseline 0.001 -9"><span class='ocrx_word' id='word_1_251' title='bbox 183 1471 280 1500; x_wconf 62' lang='lat' dir='ltr'><strong>tropaea</strong></span> <span class='ocrx_word' id='word_1_252' title='bbox 289 1467 371 1493; x_wconf 87' lang='lat' dir='ltr'><strong>erexit</strong></span> <span class='ocrx_word' id='word_1_253' title='bbox 383 1466 408 1493; x_wconf 91' lang='lat' dir='ltr'><strong>in</strong></span> <span class='ocrx_word' id='word_1_254' title='bbox 420 1466 494 1498; x_wconf 81' lang='lat' dir='ltr'><strong>mari,</strong></span> <span class='ocrx_word' id='word_1_255' title='bbox 510 1466 542 1493; x_wconf 91' lang='lat' dir='ltr'><strong>ad</strong></span> <span class='ocrx_word' id='word_1_256' title='bbox 555 1467 658 1493; x_wconf 88' lang='lat' dir='ltr'><strong>tertiutn</strong></span> <span class='ocrx_word' id='word_1_257' title='bbox 675 1474 757 1501; x_wconf 89' lang='lat' dir='ltr'><strong>usque</strong></span> <span class='ocrx_word' id='word_1_258' title='bbox 771 1467 862 1494; x_wconf 71' lang='lat' dir='ltr'><strong>etclam</strong></span> <span class='ocrx_word' id='word_1_259' title='bbox 878 1471 969 1501; x_wconf 90' lang='lat' dir='ltr'><strong>raptus</strong></span> 
     </span>
    </p>
   </div>
   <div class='ocr_carea' id='block_1_31' title="bbox 181 1510 968 1546">
    <p class='ocr_par' dir='ltr' id='par_1_31' title="bbox 181 1510 968 1546">
     <span class='ocr_line' id='line_1_31' title="bbox 181 1510 968 1546; baseline 0.003 -10"><span class='ocrx_word' id='word_1_260' title='bbox 181 1515 236 1543; x_wconf 84' lang='lat' dir='ltr'><strong>est,</strong></span> <span class='ocrx_word' id='word_1_261' title='bbox 252 1511 317 1537; x_wconf 89' lang='lat' dir='ltr'><strong>etin</strong></span> <span class='ocrx_word' id='word_1_262' title='bbox 338 1511 489 1545; x_wconf 86' lang='lat' dir='ltr'><strong>paradisum</strong></span> <span class='ocrx_word' id='word_1_263' title='bbox 506 1512 640 1546; x_wconf 84' lang='lat' dir='ltr'><strong>ingressus</strong></span> <span class='ocrx_word' id='word_1_264' title='bbox 651 1532 658 1544; x_wconf 90' lang='lat'><strong>,</strong></span> <span class='ocrx_word' id='word_1_265' title='bbox 679 1511 723 1546; x_wconf 92' lang='lat' dir='ltr'><strong>qui</strong></span> <span class='ocrx_word' id='word_1_266' title='bbox 737 1510 871 1538; x_wconf 88' lang='lat' dir='ltr'><strong>Christum</strong></span> <span class='ocrx_word' id='word_1_267' title='bbox 887 1511 968 1539; x_wconf 92' lang='lat' dir='ltr'><strong>Deum</strong></span> 
     </span>
    </p>
   </div>
   <div class='ocr_carea' id='block_1_32' title="bbox 183 1555 968 1589">
    <p class='ocr_par' dir='ltr' id='par_1_32' title="bbox 183 1555 968 1589">
     <span class='ocr_line' id='line_1_32' title="bbox 183 1555 968 1589; baseline 0 -7"><span class='ocrx_word' id='word_1_268' title='bbox 183 1555 352 1589; x_wconf 68' lang='lat' dir='ltr'><strong>praedicavit,</strong></span> <span class='ocrx_word' id='word_1_269' title='bbox 378 1556 422 1583; x_wconf 89' lang='lat' dir='ltr'><strong>ille</strong></span> <span class='ocrx_word' id='word_1_270' title='bbox 442 1555 504 1582; x_wconf 89' lang='lat' dir='ltr'><strong>dicit</strong></span> <span class='ocrx_word' id='word_1_271' title='bbox 519 1564 527 1582; x_wconf 85' lang='lat'><strong>:</strong></span> <span class='ocrx_word' id='word_1_272' title='bbox 542 1555 617 1582; x_wconf 83' lang='lat' dir='ltr'><strong>Nihil</strong></span> <span class='ocrx_word' id='word_1_273' title='bbox 634 1555 696 1582; x_wconf 84' lang='lat' dir='ltr'><strong>mihi</strong></span> <span class='ocrx_word' id='word_1_274' title='bbox 712 1555 826 1582; x_wconf 77' lang='lat' dir='ltr'><strong>conscius</strong></span> <span class='ocrx_word' id='word_1_275' title='bbox 839 1564 895 1582; x_wconf 80' lang='lat' dir='ltr'><strong>sum</strong></span> <span class='ocrx_word' id='word_1_276' title='bbox 905 1563 915 1583; x_wconf 87' lang='lat'><strong><em>:</em></strong></span> <span class='ocrx_word' id='word_1_277' title='bbox 925 1556 968 1582; x_wconf 80' lang='lat' dir='ltr'><strong>sed</strong></span> 
     </span>
    </p>
   </div>
   <div class='ocr_carea' id='block_1_33' title="bbox 181 1600 965 1636">
    <p class='ocr_par' dir='ltr' id='par_1_33' title="bbox 181 1600 965 1636">
     <span class='ocr_line' id='line_1_33' title="bbox 181 1600 965 1636; baseline 0.003 -10"><span class='ocrx_word' id='word_1_278' title='bbox 181 1608 231 1626; x_wconf 81' lang='lat' dir='ltr'><strong>non</strong></span> <span class='ocrx_word' id='word_1_279' title='bbox 247 1600 272 1627; x_wconf 84' lang='grc' dir='ltr'>ὶιι</span> <span class='ocrx_word' id='word_1_280' title='bbox 292 1600 338 1627; x_wconf 72' lang='lat' dir='ltr'><strong>hoc</strong></span> <span class='ocrx_word' id='word_1_281' title='bbox 352 1600 508 1634; x_wconf 71' lang='lat' dir='ltr'><strong>justi/iaetu:</strong></span> <span class='ocrx_word' id='word_1_282' title='bbox 524 1609 578 1628; x_wconf 76' lang='lat' dir='ltr'><strong>sum</strong></span> <span class='ocrx_word' id='word_1_283' title='bbox 599 1601 637 1635; x_wconf 81' lang='grc' dir='ltr'><strong>(ί.</strong></span> <span class='ocrx_word' id='word_1_284' title='bbox 652 1601 710 1628; x_wconf 87' lang='lat' dir='ltr'><strong>Cor.</strong></span> <span class='ocrx_word' id='word_1_285' title='bbox 722 1600 748 1627; x_wconf 73' lang='grc'><strong>4.</strong></span> <span class='ocrx_word' id='word_1_286' title='bbox 764 1601 791 1634; x_wconf 80' lang='grc'><strong>4)</strong></span> <span class='ocrx_word' id='word_1_287' title='bbox 806 1610 813 1627; x_wconf 88' lang='lat'><strong>:</strong></span> <span class='ocrx_word' id='word_1_288' title='bbox 829 1601 872 1636; x_wconf 90' lang='lat' dir='ltr'><strong>qui</strong></span> <span class='ocrx_word' id='word_1_289' title='bbox 887 1601 965 1628; x_wconf 81' lang='lat' dir='ltr'><strong>talem</strong></span> 
     </span>
    </p>
   </div>
   <div class='ocr_carea' id='block_1_34' title="bbox 182 1647 967 1683">
    <p class='ocr_par' dir='ltr' id='par_1_34' title="bbox 182 1647 967 1683">
     <span class='ocr_line' id='line_1_34' title="bbox 182 1647 967 1683; baseline 0 -9"><span class='ocrx_word' id='word_1_290' title='bbox 182 1652 334 1682; x_wconf 86' lang='lat' dir='ltr'><strong>tantamque</strong></span> <span class='ocrx_word' id='word_1_291' title='bbox 355 1648 480 1675; x_wconf 91' lang='lat' dir='ltr'><strong>virtutum</strong></span> <span class='ocrx_word' id='word_1_292' title='bbox 505 1648 609 1683; x_wconf 86' lang='lat' dir='ltr'><strong>copiam</strong></span> <span class='ocrx_word' id='word_1_293' title='bbox 630 1647 808 1683; x_wconf 87' lang='lat' dir='ltr'><strong>acquisierat,</strong></span> <span class='ocrx_word' id='word_1_294' title='bbox 834 1648 894 1675; x_wconf 87' lang='lat' dir='ltr'><strong>ait:</strong></span> <span class='ocrx_word' id='word_1_295' title='bbox 917 1648 967 1680; x_wconf 84' lang='lat' dir='ltr'><strong>Qui</strong></span> 
     </span>
    </p>
   </div>
   <div class='ocr_carea' id='block_1_35' title="bbox 180 1693 638 1728">
    <p class='ocr_par' dir='ltr' id='par_1_35' title="bbox 180 1693 638 1728">
     <span class='ocr_line' id='line_1_35' title="bbox 180 1693 638 1728; baseline 0.002 -10"><span class='ocrx_word' id='word_1_296' title='bbox 180 1698 260 1719; x_wconf 80' lang='lat' dir='ltr'><strong>autem</strong></span> <span class='ocrx_word' id='word_1_297' title='bbox 269 1693 368 1728; x_wconf 82' lang='lat' dir='ltr'><strong>judicat</strong></span> <span class='ocrx_word' id='word_1_298' title='bbox 381 1701 419 1719; x_wconf 86' lang='lat' dir='ltr'><strong>me</strong></span> <span class='ocrx_word' id='word_1_299' title='bbox 430 1714 437 1726; x_wconf 91' lang='lat'><strong>,</strong></span> <span class='ocrx_word' id='word_1_300' title='bbox 452 1693 575 1720; x_wconf 75' lang='lat' dir='ltr'><strong>Dominus</strong></span> <span class='ocrx_word' id='word_1_301' title='bbox 592 1697 638 1719; x_wconf 74' lang='lat' dir='ltr'><strong>est.</strong></span> 
     </span>
    </p>
   </div>
   <div class='ocr_carea' id='block_1_36' title="bbox 215 1736 965 1772">
    <p class='ocr_par' dir='ltr' id='par_1_36' title="bbox 215 1736 965 1772">
     <span class='ocr_line' id='line_1_36' title="bbox 215 1736 965 1772; baseline 0 -8"><span class='ocrx_word' id='word_1_302' title='bbox 215 1737 310 1764; x_wconf 75' lang='lat' dir='ltr'><strong>Nullus</strong></span> <span class='ocrx_word' id='word_1_303' title='bbox 322 1743 356 1765; x_wconf 72' lang='lat' dir='ltr'><strong>est</strong></span> <span class='ocrx_word' id='word_1_304' title='bbox 368 1738 486 1764; x_wconf 76' lang='lat' dir='ltr'><strong>immunis</strong></span> <span class='ocrx_word' id='word_1_305' title='bbox 499 1745 514 1764; x_wconf 83' lang='grc' dir='ltr'><em>α</em></span> <span class='ocrx_word' id='word_1_306' title='bbox 532 1741 642 1772; x_wconf 78' lang='lat' dir='ltr'><strong>peccato.</strong></span> <span class='ocrx_word' id='word_1_307' title='bbox 655 1751 692 1757; x_wconf 99' lang='lat'>—</span> <span class='ocrx_word' id='word_1_308' title='bbox 712 1736 776 1770; x_wconf 89' lang='lat' dir='ltr'><strong>Quis</strong></span> <span class='ocrx_word' id='word_1_309' title='bbox 791 1744 853 1771; x_wconf 81' lang='lat' dir='ltr'><strong>ergo</strong></span> <span class='ocrx_word' id='word_1_310' title='bbox 867 1736 965 1772; x_wconf 77' lang='lat' dir='ltr'><strong>gloria-</strong></span> 
     </span>
    </p>
   </div>
   <div class='ocr_carea' id='block_1_37' title="bbox 179 1782 965 1817">
    <p class='ocr_par' dir='ltr' id='par_1_37' title="bbox 179 1782 965 1817">
     <span class='ocr_line' id='line_1_37' title="bbox 179 1782 965 1817; baseline -0.001 -7"><span class='ocrx_word' id='word_1_311' title='bbox 179 1783 250 1810; x_wconf 87' lang='lat' dir='ltr'><strong>bitur</strong></span> <span class='ocrx_word' id='word_1_312' title='bbox 267 1787 368 1810; x_wconf 87' lang='lat' dir='ltr'><strong>castum</strong></span> <span class='ocrx_word' id='word_1_313' title='bbox 382 1791 411 1811; x_wconf 89' lang='lat' dir='ltr'><strong>se</strong></span> <span class='ocrx_word' id='word_1_314' title='bbox 426 1783 522 1810; x_wconf 90' lang='lat' dir='ltr'><strong>habere</strong></span> <span class='ocrx_word' id='word_1_315' title='bbox 536 1790 582 1810; x_wconf 89' lang='lat' dir='ltr'><strong>cor</strong></span> <span class='ocrx_word' id='word_1_316' title='bbox 596 1792 603 1810; x_wconf 94' lang='lat'>:</span> <span class='ocrx_word' id='word_1_317' title='bbox 619 1786 665 1809; x_wconf 91' lang='lat' dir='ltr'><strong>aut</strong></span> <span class='ocrx_word' id='word_1_318' title='bbox 678 1783 737 1817; x_wconf 92' lang='lat' dir='ltr'><strong>quis</strong></span> <span class='ocrx_word' id='word_1_319' title='bbox 751 1782 866 1810; x_wconf 89' lang='lat' dir='ltr'><strong>confidet</strong></span> <span class='ocrx_word' id='word_1_320' title='bbox 886 1791 965 1810; x_wconf 85' lang='lat' dir='ltr'><strong>mun-</strong></span> 
     </span>
    </p>
   </div>
   <div class='ocr_carea' id='block_1_38' title="bbox 179 1828 965 1863">
    <p class='ocr_par' dir='ltr' id='par_1_38' title="bbox 179 1828 965 1863">
     <span class='ocr_line' id='line_1_38' title="bbox 179 1828 965 1863; baseline 0.001 -8"><span class='ocrx_word' id='word_1_321' title='bbox 179 1829 241 1855; x_wconf 90' lang='lat' dir='ltr'><strong>dum</strong></span> <span class='ocrx_word' id='word_1_322' title='bbox 252 1836 281 1856; x_wconf 90' lang='lat' dir='ltr'><strong>se</strong></span> <span class='ocrx_word' id='word_1_323' title='bbox 291 1836 351 1857; x_wconf 89' lang='lat' dir='ltr'><strong>esse</strong></span> <span class='ocrx_word' id='word_1_324' title='bbox 365 1836 381 1856; x_wconf 88' lang='lat' dir='ltr'><strong>a</strong></span> <span class='ocrx_word' id='word_1_325' title='bbox 392 1829 517 1863; x_wconf 82' lang='lat' dir='ltr'><strong>peccato?</strong></span> <span class='ocrx_word' id='word_1_326' title='bbox 533 1828 698 1863; x_wconf 87' lang='lat' dir='ltr'><strong>lmpossibile</strong></span> <span class='ocrx_word' id='word_1_327' title='bbox 706 1832 747 1855; x_wconf 89' lang='lat' dir='ltr'><strong>est</strong></span> <span class='ocrx_word' id='word_1_328' title='bbox 759 1828 848 1863; x_wconf 79' lang='lat' dir='ltr'><strong>igitur,</strong></span> <span class='ocrx_word' id='word_1_329' title='bbox 860 1833 887 1855; x_wconf 91' lang='lat' dir='ltr'><strong>ut</strong></span> <span class='ocrx_word' id='word_1_330' title='bbox 897 1828 965 1856; x_wconf 87' lang='lat' dir='ltr'><strong>ullus</strong></span> 
     </span>
    </p>
   </div>
   <div class='ocr_carea' id='block_1_39' title="bbox 180 1873 965 1909">
    <p class='ocr_par' dir='ltr' id='par_1_39' title="bbox 180 1873 965 1909">
     <span class='ocr_line' id='line_1_39' title="bbox 180 1873 965 1909; baseline 0.001 -8"><span class='ocrx_word' id='word_1_331' title='bbox 180 1875 258 1902; x_wconf 90' lang='lat' dir='ltr'><strong>homo</strong></span> <span class='ocrx_word' id='word_1_332' title='bbox 270 1875 329 1902; x_wconf 87' lang='lat' dir='ltr'><strong>sita</strong></span> <span class='ocrx_word' id='word_1_333' title='bbox 345 1879 452 1909; x_wconf 88' lang='lat' dir='ltr'><strong>peccato</strong></span> <span class='ocrx_word' id='word_1_334' title='bbox 470 1874 605 1902; x_wconf 92' lang='lat' dir='ltr'><strong>immunis.</strong></span> <span class='ocrx_word' id='word_1_335' title='bbox 626 1874 693 1907; x_wconf 89' lang='lat' dir='ltr'><strong>Quid</strong></span> <span class='ocrx_word' id='word_1_336' title='bbox 711 1874 782 1901; x_wconf 89' lang='lat' dir='ltr'><strong>enim</strong></span> <span class='ocrx_word' id='word_1_337' title='bbox 802 1873 860 1901; x_wconf 87' lang='lat' dir='ltr'><strong>ais?</strong></span> <span class='ocrx_word' id='word_1_338' title='bbox 874 1874 965 1902; x_wconf 79' lang='lat' dir='ltr'><strong>Justus</strong></span> 
     </span>
    </p>
   </div>
   <div class='ocr_carea' id='block_1_40' title="bbox 178 1919 963 1954">
    <p class='ocr_par' dir='ltr' id='par_1_40' title="bbox 178 1919 963 1954">
     <span class='ocr_line' id='line_1_40' title="bbox 178 1919 963 1954; baseline 0 -7"><span class='ocrx_word' id='word_1_339' title='bbox 178 1920 241 1947; x_wconf 82' lang='lat' dir='ltr'><strong>est?</strong></span> <span class='ocrx_word' id='word_1_340' title='bbox 254 1921 404 1947; x_wconf 87' lang='lat' dir='ltr'><strong>misericors</strong></span> <span class='ocrx_word' id='word_1_341' title='bbox 416 1920 475 1947; x_wconf 86' lang='lat' dir='ltr'><strong>est?</strong></span> <span class='ocrx_word' id='word_1_342' title='bbox 489 1927 632 1954; x_wconf 79' lang='lat' dir='ltr'><strong>pauperum</strong></span> <span class='ocrx_word' id='word_1_343' title='bbox 645 1927 737 1947; x_wconf 87' lang='lat' dir='ltr'><strong>amans</strong></span> <span class='ocrx_word' id='word_1_344' title='bbox 752 1919 809 1947; x_wconf 87' lang='lat' dir='ltr'><strong>est?</strong></span> <span class='ocrx_word' id='word_1_345' title='bbox 825 1921 857 1947; x_wconf 87' lang='lat' dir='ltr'><strong>At</strong></span> <span class='ocrx_word' id='word_1_346' title='bbox 871 1921 963 1947; x_wconf 89' lang='lat' dir='ltr'><strong>vitium</strong></span> 
     </span>
    </p>
   </div>
   <div class='ocr_carea' id='block_1_41' title="bbox 178 1965 963 2000">
    <p class='ocr_par' dir='ltr' id='par_1_41' title="bbox 178 1965 963 2000">
     <span class='ocr_line' id='line_1_41' title="bbox 178 1965 963 2000; baseline 0.001 -8"><span class='ocrx_word' id='word_1_347' title='bbox 178 1965 285 2000; x_wconf 88' lang='lat' dir='ltr'><strong>aliquod</strong></span> <span class='ocrx_word' id='word_1_348' title='bbox 299 1965 378 1992; x_wconf 85' lang='lat' dir='ltr'><strong>habet</strong></span> <span class='ocrx_word' id='word_1_349' title='bbox 392 1974 398 1992; x_wconf 90' lang='lat'><strong>:</strong></span> <span class='ocrx_word' id='word_1_350' title='bbox 412 1965 453 1992; x_wconf 88' lang='lat' dir='ltr'><strong>vel</strong></span> <span class='ocrx_word' id='word_1_351' title='bbox 467 1965 615 2000; x_wconf 87' lang='lat' dir='ltr'><strong>importune</strong></span> <span class='ocrx_word' id='word_1_352' title='bbox 629 1965 796 1992; x_wconf 89' lang='lat' dir='ltr'><strong>contumeliis</strong></span> <span class='ocrx_word' id='word_1_353' title='bbox 808 1966 907 1999; x_wconf 87' lang='lat' dir='ltr'><strong>afficit,</strong></span> <span class='ocrx_word' id='word_1_354' title='bbox 923 1966 963 1993; x_wconf 83' lang='lat' dir='ltr'><strong>vel</strong></span> 
     </span>
    </p>
   </div>
   <div class='ocr_carea' id='block_1_42' title="bbox 178 2010 961 2045">
    <p class='ocr_par' dir='ltr' id='par_1_42' title="bbox 178 2010 961 2045">
     <span class='ocr_line' id='line_1_42' title="bbox 178 2010 961 2045; baseline 0.001 -8"><span class='ocrx_word' id='word_1_355' title='bbox 178 2011 247 2038; x_wconf 88' lang='lat' dir='ltr'><strong>inani</strong></span> <span class='ocrx_word' id='word_1_356' title='bbox 270 2010 352 2045; x_wconf 80' lang='lat' dir='ltr'><strong>gloria</strong></span> <span class='ocrx_word' id='word_1_357' title='bbox 371 2010 491 2043; x_wconf 84' lang='lat' dir='ltr'><strong>ducitur,</strong></span> <span class='ocrx_word' id='word_1_358' title='bbox 517 2010 558 2038; x_wconf 88' lang='lat' dir='ltr'><strong>vel</strong></span> <span class='ocrx_word' id='word_1_359' title='bbox 577 2010 648 2038; x_wconf 84' lang='lat' dir='ltr'><strong>aliud</strong></span> <span class='ocrx_word' id='word_1_360' title='bbox 665 2010 800 2045; x_wconf 86' lang='lat' dir='ltr'><strong>quidpiam</strong></span> <span class='ocrx_word' id='word_1_361' title='bbox 815 2011 866 2038; x_wconf 88' lang='lat' dir='ltr'><strong>tale</strong></span> <span class='ocrx_word' id='word_1_362' title='bbox 888 2011 961 2045; x_wconf 79' lang='lat' dir='ltr'><strong>agit;</strong></span> 
     </span>
    </p>
   </div>
   <div class='ocr_carea' id='block_1_43' title="bbox 178 2055 960 2089">
    <p class='ocr_par' dir='ltr' id='par_1_43' title="bbox 178 2055 960 2089">
     <span class='ocr_line' id='line_1_43' title="bbox 178 2055 960 2089; baseline 0.001 -7"><span class='ocrx_word' id='word_1_363' title='bbox 178 2064 229 2084; x_wconf 91' lang='lat' dir='ltr'><strong>non</strong></span> <span class='ocrx_word' id='word_1_364' title='bbox 241 2056 310 2084; x_wconf 86' lang='lat' dir='ltr'><strong>enim</strong></span> <span class='ocrx_word' id='word_1_365' title='bbox 327 2056 487 2083; x_wconf 74' lang='lat' dir='ltr'><strong>recensendo</strong></span> <span class='ocrx_word' id='word_1_366' title='bbox 501 2060 563 2083; x_wconf 91' lang='lat' dir='ltr'><strong>sunt</strong></span> <span class='ocrx_word' id='word_1_367' title='bbox 573 2057 670 2082; x_wconf 85' lang='lat' dir='ltr'><strong>omnia.</strong></span> <span class='ocrx_word' id='word_1_368' title='bbox 685 2055 733 2083; x_wconf 87' lang='lat' dir='ltr'><strong>Hie</strong></span> <span class='ocrx_word' id='word_1_369' title='bbox 747 2056 898 2083; x_wconf 83' lang='lat' dir='ltr'><strong>misericors</strong></span> <span class='ocrx_word' id='word_1_370' title='bbox 910 2060 960 2089; x_wconf 88' lang='lat' dir='ltr'><strong>est,</strong></span> 
     </span>
    </p>
   </div>
   <div class='ocr_carea' id='block_1_44' title="bbox 177 2101 960 2137">
    <p class='ocr_par' dir='ltr' id='par_1_44' title="bbox 177 2101 960 2137">
     <span class='ocr_line' id='line_1_44' title="bbox 177 2101 960 2137; baseline -0.001 -7"><span class='ocrx_word' id='word_1_371' title='bbox 177 2103 223 2130; x_wconf 92' lang='lat' dir='ltr'><strong>scd</strong></span> <span class='ocrx_word' id='word_1_372' title='bbox 239 2110 290 2129; x_wconf 91' lang='lat' dir='ltr'><strong>non</strong></span> <span class='ocrx_word' id='word_1_373' title='bbox 306 2107 456 2136; x_wconf 80' lang='lat' dir='ltr'><strong>temperans</strong></span> <span class='ocrx_word' id='word_1_374' title='bbox 470 2111 476 2129; x_wconf 93' lang='lat'><strong>:</strong></span> <span class='ocrx_word' id='word_1_375' title='bbox 493 2109 613 2136; x_wconf 67' lang='lat' dir='ltr'><strong>persaepe</strong></span> <span class='ocrx_word' id='word_1_376' title='bbox 624 2101 668 2129; x_wconf 90' lang='lat' dir='ltr'><strong>ille</strong></span> <span class='ocrx_word' id='word_1_377' title='bbox 683 2107 832 2136; x_wconf 86' lang='lat' dir='ltr'><strong>temperans</strong></span> <span class='ocrx_word' id='word_1_378' title='bbox 842 2101 960 2137; x_wconf 83' lang='lat' dir='ltr'><strong>quidem.</strong></span> 
     </span>
    </p>
   </div>
   <div class='ocr_carea' id='block_1_45' title="bbox 176 2147 961 2181">
    <p class='ocr_par' dir='ltr' id='par_1_45' title="bbox 176 2147 961 2181">
     <span class='ocr_line' id='line_1_45' title="bbox 176 2147 961 2181; baseline -0.001 -6"><span class='ocrx_word' id='word_1_379' title='bbox 176 2153 200 2175; x_wconf 92' lang='lat' dir='ltr'><strong>at</strong></span> <span class='ocrx_word' id='word_1_380' title='bbox 215 2148 366 2176; x_wconf 90' lang='lat' dir='ltr'><strong>misericors</strong></span> <span class='ocrx_word' id='word_1_381' title='bbox 377 2155 428 2174; x_wconf 90' lang='lat' dir='ltr'><strong>non</strong></span> <span class='ocrx_word' id='word_1_382' title='bbox 441 2152 480 2175; x_wconf 89' lang='lat' dir='ltr'><strong>est</strong></span> <span class='ocrx_word' id='word_1_383' title='bbox 496 2156 503 2175; x_wconf 89' lang='lat'>:</span> <span class='ocrx_word' id='word_1_384' title='bbox 520 2147 562 2175; x_wconf 87' lang='lat' dir='ltr'><strong>hic</strong></span> <span class='ocrx_word' id='word_1_385' title='bbox 576 2147 682 2175; x_wconf 90' lang='lat' dir='ltr'><strong>virtutis</strong></span> <span class='ocrx_word' id='word_1_386' title='bbox 697 2148 785 2181; x_wconf 89' lang='lat' dir='ltr'><strong>unius,</strong></span> <span class='ocrx_word' id='word_1_387' title='bbox 798 2147 841 2175; x_wconf 90' lang='lat' dir='ltr'><strong>ille</strong></span> <span class='ocrx_word' id='word_1_388' title='bbox 851 2148 961 2175; x_wconf 83' lang='lat' dir='ltr'><strong>alterius</strong></span> 
     </span>
    </p>
   </div>
   <div class='ocr_carea' id='block_1_46' title="bbox 176 2192 959 2229">
    <p class='ocr_par' dir='ltr' id='par_1_46' title="bbox 176 2192 959 2229">
     <span class='ocr_line' id='line_1_46' title="bbox 176 2192 959 2229; baseline -0.001 -8"><span class='ocrx_word' id='word_1_389' title='bbox 176 2194 252 2222; x_wconf 88' lang='lat' dir='ltr'><strong>laude</strong></span> <span class='ocrx_word' id='word_1_390' title='bbox 276 2194 432 2221; x_wconf 84' lang='lat' dir='ltr'><strong>celebratur.</strong></span> <span class='ocrx_word' id='word_1_391' title='bbox 456 2193 496 2221; x_wconf 86' lang='lat' dir='ltr'><strong>Sit</strong></span> <span class='ocrx_word' id='word_1_392' title='bbox 510 2193 605 2226; x_wconf 89' lang='lat' dir='ltr'><strong>aliquis</strong></span> <span class='ocrx_word' id='word_1_393' title='bbox 615 2192 712 2228; x_wconf 86' lang='lat' dir='ltr'><strong>justus,</strong></span> <span class='ocrx_word' id='word_1_394' title='bbox 728 2197 756 2221; x_wconf 88' lang='lat' dir='ltr'><strong>et</strong></span> <span class='ocrx_word' id='word_1_395' title='bbox 769 2201 839 2229; x_wconf 75' lang='lat' dir='ltr'><strong>smpe</strong></span> <span class='ocrx_word' id='word_1_396' title='bbox 853 2193 959 2229; x_wconf 85' lang='lat' dir='ltr'><strong>quidem</strong></span> 
     </span>
    </p>
   </div>
   <div class='ocr_carea' id='block_1_47' title="bbox 173 2238 958 2275">
    <p class='ocr_par' dir='ltr' id='par_1_47' title="bbox 173 2238 958 2275">
     <span class='ocr_line' id='line_1_47' title="bbox 173 2238 958 2275; baseline -0.001 -8"><span class='ocrx_word' id='word_1_397' title='bbox 173 2240 260 2275; x_wconf 87' lang='lat' dir='ltr'><strong>justus</strong></span> <span class='ocrx_word' id='word_1_398' title='bbox 272 2244 322 2272; x_wconf 82' lang='lat' dir='ltr'><strong>est,</strong></span> <span class='ocrx_word' id='word_1_399' title='bbox 337 2239 414 2274; x_wconf 85' lang='lat' dir='ltr'><strong>eique</strong></span> <span class='ocrx_word' id='word_1_400' title='bbox 424 2239 510 2266; x_wconf 86' lang='lat' dir='ltr'><strong>omnia</strong></span> <span class='ocrx_word' id='word_1_401' title='bbox 524 2239 614 2266; x_wconf 89' lang='lat' dir='ltr'><strong>insunt</strong></span> <span class='ocrx_word' id='word_1_402' title='bbox 627 2239 693 2266; x_wconf 88' lang='lat' dir='ltr'><strong>bona</strong></span> <span class='ocrx_word' id='word_1_403' title='bbox 704 2259 712 2271; x_wconf 92' lang='lat'><strong>,</strong></span> <span class='ocrx_word' id='word_1_404' title='bbox 727 2238 773 2266; x_wconf 90' lang='lat' dir='ltr'><strong>sed</strong></span> <span class='ocrx_word' id='word_1_405' title='bbox 788 2239 822 2266; x_wconf 92' lang='lat' dir='ltr'><strong>ob</strong></span> <span class='ocrx_word' id='word_1_406' title='bbox 830 2239 958 2273; x_wconf 84' lang='lat' dir='ltr'><strong>justitiam</strong></span> 
     </span>
    </p>
   </div>
   <div class='ocr_carea' id='block_1_48' title="bbox 174 2283 957 2319">
    <p class='ocr_par' dir='ltr' id='par_1_48' title="bbox 174 2283 957 2319">
     <span class='ocr_line' id='line_1_48' title="bbox 174 2283 957 2319; baseline 0.001 -9"><span class='ocrx_word' id='word_1_407' title='bbox 174 2285 295 2319; x_wconf 79' lang='lat' dir='ltr'><strong>superbia</strong></span> <span class='ocrx_word' id='word_1_408' title='bbox 311 2288 402 2315; x_wconf 85' lang='lat' dir='ltr'><strong>tumet,</strong></span> <span class='ocrx_word' id='word_1_409' title='bbox 417 2283 524 2318; x_wconf 86' lang='lat' dir='ltr'><strong>ejusque</strong></span> <span class='ocrx_word' id='word_1_410' title='bbox 533 2283 660 2317; x_wconf 87' lang='lat' dir='ltr'><strong>justitiam</strong></span> <span class='ocrx_word' id='word_1_411' title='bbox 675 2283 796 2318; x_wconf 88' lang='lat' dir='ltr'><strong>superbia</strong></span> <span class='ocrx_word' id='word_1_412' title='bbox 810 2283 957 2311; x_wconf 81' lang='lat' dir='ltr'><strong>labefactat.</strong></span> 
     </span>
    </p>
   </div>
   <div class='ocr_carea' id='block_1_49' title="bbox 173 2329 959 2365">
    <p class='ocr_par' dir='ltr' id='par_1_49' title="bbox 173 2329 959 2365">
     <span class='ocr_line' id='line_1_49' title="bbox 173 2329 959 2365; baseline 0 -8"><span class='ocrx_word' id='word_1_413' title='bbox 173 2330 305 2365; x_wconf 88' lang='lat' dir='ltr'><strong>Nutnquid</strong></span> <span class='ocrx_word' id='word_1_414' title='bbox 316 2330 403 2364; x_wconf 81' lang='lat' dir='ltr'><strong>justus</strong></span> <span class='ocrx_word' id='word_1_415' title='bbox 423 2333 482 2357; x_wconf 89' lang='lat' dir='ltr'><strong>erat</strong></span> <span class='ocrx_word' id='word_1_416' title='bbox 495 2329 661 2362; x_wconf 64' lang='lat' dir='ltr'><strong>Pharisazus,</strong></span> <span class='ocrx_word' id='word_1_417' title='bbox 685 2329 729 2364; x_wconf 92' lang='lat' dir='ltr'><strong>qui</strong></span> <span class='ocrx_word' id='word_1_418' title='bbox 744 2329 784 2356; x_wconf 92' lang='lat' dir='ltr'><strong>bis</strong></span> <span class='ocrx_word' id='word_1_419' title='bbox 803 2329 828 2356; x_wconf 87' lang='lat' dir='ltr'><strong>iii</strong></span> <span class='ocrx_word' id='word_1_420' title='bbox 849 2330 959 2357; x_wconf 87' lang='lat' dir='ltr'><strong>sabbato</strong></span> 
     </span>
    </p>
   </div>
   <div class='ocr_carea' id='block_1_50' title="bbox 172 2375 960 2411">
    <p class='ocr_par' dir='ltr' id='par_1_50' title="bbox 172 2375 960 2411">
     <span class='ocr_line' id='line_1_50' title="bbox 172 2375 960 2411; baseline 0 -9"><span class='ocrx_word' id='word_1_421' title='bbox 172 2376 326 2411; x_wconf 65' lang='lat' dir='ltr'><strong>jtjunabat&#39;t</strong></span> <span class='ocrx_word' id='word_1_422' title='bbox 350 2376 418 2410; x_wconf 86' lang='lat' dir='ltr'><strong>Quid</strong></span> <span class='ocrx_word' id='word_1_423' title='bbox 438 2380 526 2402; x_wconf 89' lang='lat' dir='ltr'><strong>autem</strong></span> <span class='ocrx_word' id='word_1_424' title='bbox 546 2375 627 2403; x_wconf 76' lang='lat' dir='ltr'><strong>dicit?</strong></span> <span class='ocrx_word' id='word_1_425' title='bbox 649 2375 709 2403; x_wconf 87' lang='lat' dir='ltr'><strong>Non</strong></span> <span class='ocrx_word' id='word_1_426' title='bbox 721 2384 778 2403; x_wconf 76' lang='lat' dir='ltr'><strong>sum</strong></span> <span class='ocrx_word' id='word_1_427' title='bbox 796 2376 859 2402; x_wconf 73' lang='lat' dir='ltr'><strong>sicut</strong></span> <span class='ocrx_word' id='word_1_428' title='bbox 876 2376 960 2403; x_wconf 73' lang='lat' dir='ltr'><strong>ueteri</strong></span> 
     </span>
    </p>
   </div>
   <div class='ocr_carea' id='block_1_51' title="bbox 172 2420 957 2457">
    <p class='ocr_par' dir='ltr' id='par_1_51' title="bbox 172 2420 957 2457">
     <span class='ocr_line' id='line_1_51' title="bbox 172 2420 957 2457; baseline 0.001 -9"><span class='ocrx_word' id='word_1_429' title='bbox 172 2421 310 2454; x_wconf 82' lang='lat' dir='ltr'><strong>hominum,</strong></span> <span class='ocrx_word' id='word_1_430' title='bbox 324 2426 446 2456; x_wconf 78' lang='lat' dir='ltr'><strong>raptores,</strong></span> <span class='ocrx_word' id='word_1_431' title='bbox 461 2421 548 2456; x_wconf 75' lang='lat' dir='ltr'><strong>injusti</strong></span> <span class='ocrx_word' id='word_1_432' title='bbox 561 2421 636 2456; x_wconf 87' lang='lat' dir='ltr'><strong>(Luc.</strong></span> <span class='ocrx_word' id='word_1_433' title='bbox 650 2420 693 2449; x_wconf 89' lang='lat' dir='ltr'><strong>l8.</strong></span> <span class='ocrx_word' id='word_1_434' title='bbox 708 2421 753 2457; x_wconf 83' lang='grc' dir='ltr'><strong>Η)</strong></span> <span class='ocrx_word' id='word_1_435' title='bbox 767 2429 774 2448; x_wconf 88' lang='lat'><strong>:</strong></span> <span class='ocrx_word' id='word_1_436' title='bbox 789 2429 821 2448; x_wconf 88' lang='lat' dir='ltr'><strong>ac</strong></span> <span class='ocrx_word' id='word_1_437' title='bbox 839 2429 957 2456; x_wconf 78' lang='lat' dir='ltr'><strong>perszepe</strong></span> 
     </span>
    </p>
   </div>
   <div class='ocr_carea' id='block_1_52' title="bbox 171 2466 954 2502">
    <p class='ocr_par' dir='ltr' id='par_1_52' title="bbox 171 2466 954 2502">
     <span class='ocr_line' id='line_1_52' title="bbox 171 2466 954 2502; baseline 0 -9"><span class='ocrx_word' id='word_1_438' title='bbox 171 2475 203 2494; x_wconf 79' lang='lat' dir='ltr'><strong>ex</strong></span> <span class='ocrx_word' id='word_1_439' title='bbox 218 2467 378 2494; x_wconf 86' lang='lat' dir='ltr'><strong>conscientia</strong></span> <span class='ocrx_word' id='word_1_440' title='bbox 393 2466 490 2493; x_wconf 89' lang='lat' dir='ltr'><strong>munda</strong></span> <span class='ocrx_word' id='word_1_441' title='bbox 512 2466 538 2494; x_wconf 94' lang='lat' dir='ltr'><strong>in</strong></span> <span class='ocrx_word' id='word_1_442' title='bbox 559 2466 710 2501; x_wconf 89' lang='lat' dir='ltr'><strong>superbiam</strong></span> <span class='ocrx_word' id='word_1_443' title='bbox 722 2466 873 2494; x_wconf 89' lang='lat' dir='ltr'><strong>devolvitur</strong></span> <span class='ocrx_word' id='word_1_444' title='bbox 885 2467 954 2502; x_wconf 85' lang='lat' dir='ltr'><strong>quis,</strong></span> 
     </span>
    </p>
   </div>
   <div class='ocr_carea' id='block_1_53' title="bbox 170 2512 953 2548">
    <p class='ocr_par' dir='ltr' id='par_1_53' title="bbox 170 2512 953 2548">
     <span class='ocr_line' id='line_1_53' title="bbox 170 2512 953 2548; baseline 0 -8"><span class='ocrx_word' id='word_1_445' title='bbox 170 2518 198 2541; x_wconf 92' lang='lat' dir='ltr'><strong>et</strong></span> <span class='ocrx_word' id='word_1_446' title='bbox 209 2513 280 2548; x_wconf 89' lang='lat' dir='ltr'><strong>quod</strong></span> <span class='ocrx_word' id='word_1_447' title='bbox 293 2520 344 2540; x_wconf 94' lang='lat' dir='ltr'><strong>non</strong></span> <span class='ocrx_word' id='word_1_448' title='bbox 357 2513 441 2548; x_wconf 87' lang='lat' dir='ltr'><strong>potuit</strong></span> <span class='ocrx_word' id='word_1_449' title='bbox 455 2512 490 2539; x_wconf 89' lang='lat' dir='ltr'><strong>illi</strong></span> <span class='ocrx_word' id='word_1_450' title='bbox 502 2512 598 2540; x_wconf 81' lang='lat' dir='ltr'><strong>ali‘erre</strong></span> <span class='ocrx_word' id='word_1_451' title='bbox 608 2512 794 2540; x_wconf 89' lang='lat' dir='ltr'><strong>detrimentum</strong></span> <span class='ocrx_word' id='word_1_452' title='bbox 807 2518 953 2547; x_wconf 82' lang='lat' dir='ltr'><strong>peceatum,</strong></span> 
     </span>
    </p>
   </div>
   <div class='ocr_carea' id='block_1_54' title="bbox 170 2558 956 2593">
    <p class='ocr_par' dir='ltr' id='par_1_54' title="bbox 170 2558 956 2593">
     <span class='ocr_line' id='line_1_54' title="bbox 170 2558 956 2593; baseline 0.003 -8"><span class='ocrx_word' id='word_1_453' title='bbox 170 2559 247 2585; x_wconf 82' lang='lat' dir='ltr'><strong>alfert</strong></span> <span class='ocrx_word' id='word_1_454' title='bbox 268 2558 401 2593; x_wconf 87' lang='lat' dir='ltr'><strong>superbia.</strong></span> <span class='ocrx_word' id='word_1_455' title='bbox 425 2558 495 2585; x_wconf 82' lang='lat' dir='ltr'><strong>Fieri</strong></span> <span class='ocrx_word' id='word_1_456' title='bbox 512 2566 575 2593; x_wconf 81' lang='lat' dir='ltr'><strong>ergo</strong></span> <span class='ocrx_word' id='word_1_457' title='bbox 597 2566 650 2585; x_wconf 91' lang='lat' dir='ltr'><strong>non</strong></span> <span class='ocrx_word' id='word_1_458' title='bbox 666 2563 770 2593; x_wconf 89' lang='lat' dir='ltr'><strong>potest,</strong></span> <span class='ocrx_word' id='word_1_459' title='bbox 786 2563 815 2585; x_wconf 92' lang='lat' dir='ltr'><strong>ut</strong></span> <span class='ocrx_word' id='word_1_460' title='bbox 828 2558 908 2586; x_wconf 90' lang='lat' dir='ltr'><strong>homo</strong></span> <span class='ocrx_word' id='word_1_461' title='bbox 921 2559 956 2587; x_wconf 85' lang='lat' dir='ltr'><strong>sit</strong></span> 
     </span>
    </p>
   </div>
   <div class='ocr_carea' id='block_1_55' title="bbox 170 2603 955 2639">
    <p class='ocr_par' dir='ltr' id='par_1_55' title="bbox 170 2603 955 2639">
     <span class='ocr_line' id='line_1_55' title="bbox 170 2603 955 2639; baseline 0.003 -9"><span class='ocrx_word' id='word_1_462' title='bbox 170 2604 205 2630; x_wconf 91' lang='lat' dir='ltr'><strong>ita</strong></span> <span class='ocrx_word' id='word_1_463' title='bbox 223 2604 328 2638; x_wconf 88' lang='lat' dir='ltr'><strong>penitus</strong></span> <span class='ocrx_word' id='word_1_464' title='bbox 348 2603 435 2637; x_wconf 84' lang='lat' dir='ltr'><strong>justus</strong></span> <span class='ocrx_word' id='word_1_465' title='bbox 448 2623 455 2635; x_wconf 92' lang='lat'><strong>,</strong></span> <span class='ocrx_word' id='word_1_466' title='bbox 470 2607 499 2630; x_wconf 85' lang='grc' dir='ltr'><strong>ιιι</strong></span> <span class='ocrx_word' id='word_1_467' title='bbox 512 2611 525 2629; x_wconf 89' lang='lat' dir='ltr'><strong>a</strong></span> <span class='ocrx_word' id='word_1_468' title='bbox 541 2607 648 2638; x_wconf 90' lang='lat' dir='ltr'><strong>peccato</strong></span> <span class='ocrx_word' id='word_1_469' title='bbox 666 2604 700 2631; x_wconf 91' lang='lat' dir='ltr'><strong>sit</strong></span> <span class='ocrx_word' id='word_1_470' title='bbox 713 2603 846 2637; x_wconf 82' lang='lat' dir='ltr'><strong>mundus;</strong></span> <span class='ocrx_word' id='word_1_471' title='bbox 869 2612 955 2639; x_wconf 90' lang='lat' dir='ltr'><strong>neque</strong></span> 
     </span>
    </p>
   </div>
   <div class='ocr_carea' id='block_1_56' title="bbox 169 2649 954 2685">
    <p class='ocr_par' dir='ltr' id='par_1_56' title="bbox 169 2649 954 2685">
     <span class='ocr_line' id='line_1_56' title="bbox 169 2649 954 2685; baseline 0.003 -9"><span class='ocrx_word' id='word_1_472' title='bbox 169 2657 261 2677; x_wconf 89' lang='lat' dir='ltr'><strong>rursus</strong></span> <span class='ocrx_word' id='word_1_473' title='bbox 278 2649 334 2676; x_wconf 84' lang='lat' dir='ltr'><strong>fieri</strong></span> <span class='ocrx_word' id='word_1_474' title='bbox 353 2653 441 2684; x_wconf 84' lang='lat' dir='ltr'><strong>potest</strong></span> <span class='ocrx_word' id='word_1_475' title='bbox 456 2655 483 2677; x_wconf 92' lang='lat' dir='ltr'><strong>ut</strong></span> <span class='ocrx_word' id='word_1_476' title='bbox 497 2650 565 2677; x_wconf 91' lang='lat' dir='ltr'><strong>ullus</strong></span> <span class='ocrx_word' id='word_1_477' title='bbox 578 2650 614 2677; x_wconf 87' lang='lat' dir='ltr'><strong>ita</strong></span> <span class='ocrx_word' id='word_1_478' title='bbox 629 2650 714 2677; x_wconf 91' lang='lat' dir='ltr'><strong>malus</strong></span> <span class='ocrx_word' id='word_1_479' title='bbox 727 2650 762 2678; x_wconf 87' lang='lat' dir='ltr'><strong>sit</strong></span> <span class='ocrx_word' id='word_1_480' title='bbox 776 2650 871 2684; x_wconf 89' lang='lat' dir='ltr'><strong>hutno,</strong></span> <span class='ocrx_word' id='word_1_481' title='bbox 891 2651 954 2685; x_wconf 88' lang='lat' dir='ltr'><strong>qttin</strong></span> 
     </span>
    </p>
   </div>
   <div class='ocr_carea' id='block_1_57' title="bbox 168 2695 953 2732">
    <p class='ocr_par' dir='ltr' id='par_1_57' title="bbox 168 2695 953 2732">
     <span class='ocr_line' id='line_1_57' title="bbox 168 2695 953 2732; baseline 0.001 -9"><span class='ocrx_word' id='word_1_482' title='bbox 168 2696 265 2723; x_wconf 85' lang='lat' dir='ltr'><strong>habeat</strong></span> <span class='ocrx_word' id='word_1_483' title='bbox 292 2695 396 2730; x_wconf 85' lang='lat' dir='ltr'><strong>aliquod</strong></span> <span class='ocrx_word' id='word_1_484' title='bbox 423 2696 515 2723; x_wconf 89' lang='lat' dir='ltr'><strong>saltem</strong></span> <span class='ocrx_word' id='word_1_485' title='bbox 543 2696 666 2731; x_wconf 74' lang='lat' dir='ltr'><strong>exiguum</strong></span> <span class='ocrx_word' id='word_1_486' title='bbox 695 2696 803 2723; x_wconf 89' lang='lat' dir='ltr'><strong>bonum.</strong></span> <span class='ocrx_word' id='word_1_487' title='bbox 833 2697 953 2732; x_wconf 86' lang='lat' dir='ltr'><strong>Exempli</strong></span> 
     </span>
    </p>
   </div>
   <div class='ocr_carea' id='block_1_58' title="bbox 167 2741 954 2777">
    <p class='ocr_par' dir='ltr' id='par_1_58' title="bbox 167 2741 954 2777">
     <span class='ocr_line' id='line_1_58' title="bbox 167 2741 954 2777; baseline 0.003 -9"><span class='ocrx_word' id='word_1_488' title='bbox 167 2749 245 2769; x_wconf 86' lang='lat' dir='ltr'><strong>causa</strong></span> <span class='ocrx_word' id='word_1_489' title='bbox 256 2762 264 2775; x_wconf 95' lang='lat'><strong>,</strong></span> <span class='ocrx_word' id='word_1_490' title='bbox 290 2741 334 2769; x_wconf 91' lang='lat' dir='ltr'><strong>ille</strong></span> <span class='ocrx_word' id='word_1_491' title='bbox 349 2743 419 2776; x_wconf 89' lang='lat' dir='ltr'><strong>rapit</strong></span> <span class='ocrx_word' id='word_1_492' title='bbox 438 2746 465 2768; x_wconf 90' lang='lat' dir='ltr'><strong>et</strong></span> <span class='ocrx_word' id='word_1_493' title='bbox 482 2741 586 2769; x_wconf 87' lang='lat' dir='ltr'><strong>fraudat</strong></span> <span class='ocrx_word' id='word_1_494' title='bbox 606 2746 633 2770; x_wconf 90' lang='lat' dir='ltr'><strong>et</strong></span> <span class='ocrx_word' id='word_1_495' title='bbox 655 2743 797 2777; x_wconf 84' lang='lat' dir='ltr'><strong>perniciem</strong></span> <span class='ocrx_word' id='word_1_496' title='bbox 813 2742 912 2769; x_wconf 82' lang='lat' dir='ltr'><strong>infert:</strong></span> <span class='ocrx_word' id='word_1_497' title='bbox 927 2746 954 2770; x_wconf 88' lang='lat' dir='ltr'><strong>at</strong></span> 
     </span>
    </p>
   </div>
   <div class='ocr_carea' id='block_1_59' title="bbox 167 2787 952 2824">
    <p class='ocr_par' dir='ltr' id='par_1_59' title="bbox 167 2787 952 2824">
     <span class='ocr_line' id='line_1_59' title="bbox 167 2787 952 2824; baseline 0.003 -10"><span class='ocrx_word' id='word_1_498' title='bbox 167 2795 366 2822; x_wconf 88' lang='lat' dir='ltr'><strong>nonnumquam</strong></span> <span class='ocrx_word' id='word_1_499' title='bbox 380 2787 489 2823; x_wconf 77' lang='lat' dir='ltr'><strong>largitur</strong></span> <span class='ocrx_word' id='word_1_500' title='bbox 500 2788 706 2824; x_wconf 79' lang='lat' dir='ltr'><strong>elecmosynam,</strong></span> <span class='ocrx_word' id='word_1_501' title='bbox 718 2793 745 2816; x_wconf 89' lang='lat' dir='ltr'><strong>at</strong></span> <span class='ocrx_word' id='word_1_502' title='bbox 755 2796 952 2824; x_wconf 86' lang='lat' dir='ltr'><strong>nonnumquam</strong></span> 
     </span>
    </p>
   </div>
   <div class='ocr_carea' id='block_1_60' title="bbox 164 2835 949 2872">
    <p class='ocr_par' dir='ltr' id='par_1_60' title="bbox 164 2835 949 2872">
     <span class='ocr_line' id='line_1_60' title="bbox 164 2835 949 2872; baseline 0.005 -12"><span class='ocrx_word' id='word_1_503' title='bbox 164 2839 319 2868; x_wconf 86' lang='lat' dir='ltr'><strong>temperans</strong></span> <span class='ocrx_word' id='word_1_504' title='bbox 330 2839 381 2869; x_wconf 86' lang='lat' dir='ltr'><strong>est,</strong></span> <span class='ocrx_word' id='word_1_505' title='bbox 395 2839 422 2862; x_wconf 85' lang='lat' dir='ltr'><strong>at</strong></span> <span class='ocrx_word' id='word_1_506' title='bbox 435 2842 631 2870; x_wconf 86' lang='lat' dir='ltr'><strong>nonnumquam</strong></span> <span class='ocrx_word' id='word_1_507' title='bbox 646 2835 715 2864; x_wconf 87' lang='lat' dir='ltr'><strong>bona</strong></span> <span class='ocrx_word' id='word_1_508' title='bbox 728 2835 809 2864; x_wconf 87' lang='lat' dir='ltr'><strong>verba</strong></span> <span class='ocrx_word' id='word_1_509' title='bbox 824 2836 949 2872; x_wconf 89' lang='lat' dir='ltr'><strong>loquitur,</strong></span> 
     </span>
    </p>
   </div>
   <div class='ocr_carea' id='block_1_61' title="bbox 806 134 1208 163">
    <p class='ocr_par' dir='ltr' id='par_1_61' title="bbox 806 134 1208 163">
     <span class='ocr_line' id='line_1_61' title="bbox 806 134 1208 163; baseline 0 -1"><span class='ocrx_word' id='word_1_510' title='bbox 806 135 849 162; x_wconf 79' lang='lat' dir='ltr'><strong>DF.</strong></span> <span class='ocrx_word' id='word_1_511' title='bbox 866 134 998 162; x_wconf 73' lang='lat' dir='ltr'><strong>L.-\Z.\RO</strong></span> <span class='ocrx_word' id='word_1_512' title='bbox 1016 134 1137 163; x_wconf 79' lang='lat' dir='ltr'><strong>CONCIO</strong></span> <span class='ocrx_word' id='word_1_513' title='bbox 1168 136 1208 162; x_wconf 72' lang='grc' dir='ltr'><strong>Η.</strong></span> 
     </span>
    </p>
   </div>
   <div class='ocr_carea' id='block_1_62' title="bbox 1751 139 1818 166">
    <p class='ocr_par' dir='ltr' id='par_1_62' title="bbox 1751 139 1818 166">
     <span class='ocr_line' id='line_1_62' title="bbox 1751 139 1818 166; baseline 0 0"><span class='ocrx_word' id='word_1_514' title='bbox 1751 139 1818 166; x_wconf 68' lang='lat' dir='ltr'><strong>“MS</strong></span> 
     </span>
    </p>
   </div>
   <div class='ocr_carea' id='block_1_63' title="bbox 1039 194 1818 230">
    <p class='ocr_par' dir='ltr' id='par_1_63' title="bbox 1039 194 1818 230">
     <span class='ocr_line' id='line_1_63' title="bbox 1039 194 1818 230; baseline 0.006 -11"><span class='ocrx_word' id='word_1_515' title='bbox 1039 197 1067 219; x_wconf 84' lang='lat' dir='ltr'><strong>at</strong></span> <span class='ocrx_word' id='word_1_516' title='bbox 1080 200 1276 228; x_wconf 87' lang='lat' dir='ltr'><strong>nunnumqttatn</strong></span> <span class='ocrx_word' id='word_1_517' title='bbox 1291 194 1334 221; x_wconf 93' lang='lat' dir='ltr'><strong>uni</strong></span> <span class='ocrx_word' id='word_1_518' title='bbox 1349 194 1440 222; x_wconf 86' lang='lat' dir='ltr'><strong>saltem</strong></span> <span class='ocrx_word' id='word_1_519' title='bbox 1454 194 1511 222; x_wconf 91' lang='lat' dir='ltr'><strong>viro</strong></span> <span class='ocrx_word' id='word_1_520' title='bbox 1531 194 1674 222; x_wconf 76' lang='lat' dir='ltr'><strong>subsidium</strong></span> <span class='ocrx_word' id='word_1_521' title='bbox 1698 196 1818 230; x_wconf 76' lang='lat' dir='ltr'><strong>przehuit.</strong></span> 
     </span>
    </p>
   </div>
   <div class='ocr_carea' id='block_1_64' title="bbox 1036 240 1816 276">
    <p class='ocr_par' dir='ltr' id='par_1_64' title="bbox 1036 240 1816 276">
     <span class='ocr_line' id='line_1_64' title="bbox 1036 240 1816 276; baseline 0.005 -12"><span class='ocrx_word' id='word_1_522' title='bbox 1036 243 1063 264; x_wconf 89' lang='lat' dir='ltr'><strong>at</strong></span> <span class='ocrx_word' id='word_1_523' title='bbox 1077 246 1272 274; x_wconf 88' lang='lat' dir='ltr'><strong>nonnumquam</strong></span> <span class='ocrx_word' id='word_1_524' title='bbox 1286 240 1368 273; x_wconf 80' lang='lat' dir='ltr'><strong>luxit,</strong></span> <span class='ocrx_word' id='word_1_525' title='bbox 1393 245 1421 268; x_wconf 92' lang='lat' dir='ltr'><strong>at</strong></span> <span class='ocrx_word' id='word_1_526' title='bbox 1435 248 1632 276; x_wconf 86' lang='lat' dir='ltr'><strong>nonnumquam</strong></span> <span class='ocrx_word' id='word_1_527' title='bbox 1651 247 1766 268; x_wconf 66' lang='lat' dir='ltr'><strong>merere</strong></span> <span class='ocrx_word' id='word_1_528' title='bbox 1782 246 1816 268; x_wconf 76' lang='grc' dir='ltr'>ις)-</span> 
     </span>
    </p>
   </div>
   <div class='ocr_carea' id='block_1_65' title="bbox 1036 283 1818 321">
    <p class='ocr_par' dir='ltr' id='par_1_65' title="bbox 1036 283 1818 321">
     <span class='ocr_line' id='line_1_65' title="bbox 1036 283 1818 321; baseline 0.003 -11"><span class='ocrx_word' id='word_1_529' title='bbox 1036 288 1093 310; x_wconf 84' lang='lat' dir='ltr'><strong>ctus</strong></span> <span class='ocrx_word' id='word_1_530' title='bbox 1104 283 1161 311; x_wconf 90' lang='lat' dir='ltr'><strong>fuit.</strong></span> <span class='ocrx_word' id='word_1_531' title='bbox 1175 284 1229 312; x_wconf 80' lang='lat' dir='ltr'><strong>Nec</strong></span> <span class='ocrx_word' id='word_1_532' title='bbox 1242 285 1320 320; x_wconf 87' lang='lat' dir='ltr'><strong>igitur</strong></span> <span class='ocrx_word' id='word_1_533' title='bbox 1330 285 1418 319; x_wconf 80' lang='lat' dir='ltr'><strong>justus</strong></span> <span class='ocrx_word' id='word_1_534' title='bbox 1431 291 1472 314; x_wconf 85' lang='lat' dir='ltr'><strong>est</strong></span> <span class='ocrx_word' id='word_1_535' title='bbox 1486 286 1555 313; x_wconf 83' lang='lat' dir='ltr'><strong>ullus</strong></span> <span class='ocrx_word' id='word_1_536' title='bbox 1568 286 1624 313; x_wconf 84' lang='lat' dir='ltr'><strong>sine</strong></span> <span class='ocrx_word' id='word_1_537' title='bbox 1636 289 1757 321; x_wconf 88' lang='lat' dir='ltr'><strong>peccatu,</strong></span> <span class='ocrx_word' id='word_1_538' title='bbox 1774 295 1818 313; x_wconf 85' lang='lat' dir='ltr'><strong>m-</strong></span> 
     </span>
    </p>
   </div>
   <div class='ocr_carea' id='block_1_66' title="bbox 1035 331 1819 366">
    <p class='ocr_par' dir='ltr' id='par_1_66' title="bbox 1035 331 1819 366">
     <span class='ocr_line' id='line_1_66' title="bbox 1035 331 1819 366; baseline 0.001 -11"><span class='ocrx_word' id='word_1_539' title='bbox 1035 336 1087 363; x_wconf 88' lang='lat' dir='ltr'><strong>que</strong></span> <span class='ocrx_word' id='word_1_540' title='bbox 1112 334 1235 364; x_wconf 85' lang='lat' dir='ltr'><strong>peccator</strong></span> <span class='ocrx_word' id='word_1_541' title='bbox 1254 335 1295 357; x_wconf 82' lang='lat' dir='ltr'><strong>est</strong></span> <span class='ocrx_word' id='word_1_542' title='bbox 1315 331 1419 366; x_wconf 81' lang='lat' dir='ltr'><strong>penitus</strong></span> <span class='ocrx_word' id='word_1_543' title='bbox 1433 339 1528 366; x_wconf 73' lang='lat' dir='ltr'><strong>expers</strong></span> <span class='ocrx_word' id='word_1_544' title='bbox 1549 331 1620 358; x_wconf 84' lang='lat' dir='ltr'><strong>boni.</strong></span> <span class='ocrx_word' id='word_1_545' title='bbox 1644 331 1713 365; x_wconf 86' lang='lat' dir='ltr'><strong>Quid</strong></span> <span class='ocrx_word' id='word_1_546' title='bbox 1728 331 1819 358; x_wconf 83' lang='lat' dir='ltr'><strong>Achab</strong></span> 
     </span>
    </p>
   </div>
   <div class='ocr_carea' id='block_1_67' title="bbox 1035 374 1818 411">
    <p class='ocr_par' dir='ltr' id='par_1_67' title="bbox 1035 374 1818 411">
     <span class='ocr_line' id='line_1_67' title="bbox 1035 374 1818 411; baseline 0.003 -10"><span class='ocrx_word' id='word_1_547' title='bbox 1035 374 1229 407; x_wconf 81' lang='lat' dir='ltr'><strong>perniciosius?</strong></span> <span class='ocrx_word' id='word_1_548' title='bbox 1253 375 1348 411; x_wconf 75' lang='lat' dir='ltr'><strong>Rapuit</strong></span> <span class='ocrx_word' id='word_1_549' title='bbox 1366 380 1393 404; x_wconf 85' lang='lat' dir='ltr'><strong>et</strong></span> <span class='ocrx_word' id='word_1_550' title='bbox 1406 377 1503 404; x_wconf 85' lang='lat' dir='ltr'><strong>occidit</strong></span> <span class='ocrx_word' id='word_1_551' title='bbox 1519 385 1525 404; x_wconf 93' lang='lat'>:</span> <span class='ocrx_word' id='word_1_552' title='bbox 1539 382 1718 404; x_wconf 87' lang='lat' dir='ltr'><strong>verumtamen</strong></span> <span class='ocrx_word' id='word_1_553' title='bbox 1745 382 1818 411; x_wconf 76' lang='lat' dir='ltr'><strong>pest~</strong></span> 
     </span>
    </p>
   </div>
   <div class='ocr_carea' id='block_1_68' title="bbox 1035 421 1816 458">
    <p class='ocr_par' dir='ltr' id='par_1_68' title="bbox 1035 421 1816 458">
     <span class='ocr_line' id='line_1_68' title="bbox 1035 421 1816 458; baseline 0.004 -12"><span class='ocrx_word' id='word_1_554' title='bbox 1035 426 1113 454; x_wconf 89' lang='lat' dir='ltr'><strong>quam</strong></span> <span class='ocrx_word' id='word_1_555' title='bbox 1126 425 1238 449; x_wconf 63' lang='lat' dir='ltr'><strong>mestus</strong></span> <span class='ocrx_word' id='word_1_556' title='bbox 1254 421 1318 455; x_wconf 89' lang='lat' dir='ltr'><strong>fuit,</strong></span> <span class='ocrx_word' id='word_1_557' title='bbox 1333 422 1396 450; x_wconf 92' lang='lat' dir='ltr'><strong>dicit</strong></span> <span class='ocrx_word' id='word_1_558' title='bbox 1409 423 1473 450; x_wconf 78' lang='lat' dir='ltr'><strong>Elia:</strong></span> <span class='ocrx_word' id='word_1_559' title='bbox 1486 423 1574 450; x_wconf 84' lang='lat' dir='ltr'><strong>Deus:</strong></span> <span class='ocrx_word' id='word_1_560' title='bbox 1593 422 1683 450; x_wconf 75' lang='lat' dir='ltr'><strong>Vidisti</strong></span> <span class='ocrx_word' id='word_1_561' title='bbox 1695 425 1816 458; x_wconf 79' lang='lat' dir='ltr'><strong>quemad-</strong></span> 
     </span>
    </p>
   </div>
   <div class='ocr_carea' id='block_1_69' title="bbox 1034 465 1818 503">
    <p class='ocr_par' dir='ltr' id='par_1_69' title="bbox 1034 465 1818 503">
     <span class='ocr_line' id='line_1_69' title="bbox 1034 465 1818 503; baseline 0.006 -13"><span class='ocrx_word' id='word_1_562' title='bbox 1034 465 1135 491; x_wconf 83' lang='lat' dir='ltr'><strong>modum</strong></span> <span class='ocrx_word' id='word_1_563' title='bbox 1147 471 1310 501; x_wconf 73' lang='lat' dir='ltr'><strong>compunctus</strong></span> <span class='ocrx_word' id='word_1_564' title='bbox 1317 472 1353 494; x_wconf 71' lang='grc' dir='ltr'><strong>εει</strong></span> <span class='ocrx_word' id='word_1_565' title='bbox 1364 467 1449 494; x_wconf 84' lang='lat' dir='ltr'><strong>Aclmb</strong></span> <span class='ocrx_word' id='word_1_566' title='bbox 1463 468 1501 502; x_wconf 73' lang='grc' dir='ltr'><strong>(ὅ.</strong></span> <span class='ocrx_word' id='word_1_567' title='bbox 1517 467 1581 503; x_wconf 74' lang='lat' dir='ltr'><strong>Reg.</strong></span> <span class='ocrx_word' id='word_1_568' title='bbox 1595 468 1640 495; x_wconf 72' lang='grc'><strong>21.</strong></span> <span class='ocrx_word' id='word_1_569' title='bbox 1655 467 1722 502; x_wconf 72' lang='lat'><strong>29)?</strong></span> <span class='ocrx_word' id='word_1_570' title='bbox 1739 467 1818 495; x_wconf 81' lang='lat' dir='ltr'><strong>Vides</strong></span> 
     </span>
    </p>
   </div>
   <div class='ocr_carea' id='block_1_70' title="bbox 1034 511 1816 548">
    <p class='ocr_par' dir='ltr' id='par_1_70' title="bbox 1034 511 1816 548">
     <span class='ocr_line' id='line_1_70' title="bbox 1034 511 1816 548; baseline 0.001 -10"><span class='ocrx_word' id='word_1_571' title='bbox 1034 511 1103 538; x_wconf 82' lang='lat' dir='ltr'><strong>utin</strong></span> <span class='ocrx_word' id='word_1_572' title='bbox 1117 515 1189 539; x_wconf 87' lang='lat' dir='ltr'><strong>tanto</strong></span> <span class='ocrx_word' id='word_1_573' title='bbox 1211 513 1350 540; x_wconf 47' lang='lat' dir='ltr'><strong>malorum‘</strong></span> <span class='ocrx_word' id='word_1_574' title='bbox 1363 512 1465 548; x_wconf 77' lang='lat' dir='ltr'><strong>gurgite</strong></span> <span class='ocrx_word' id='word_1_575' title='bbox 1483 514 1581 541; x_wconf 84' lang='lat' dir='ltr'><strong>bonum</strong></span> <span class='ocrx_word' id='word_1_576' title='bbox 1604 514 1735 548; x_wconf 86' lang='lat' dir='ltr'><strong>quoddam</strong></span> <span class='ocrx_word' id='word_1_577' title='bbox 1758 514 1816 541; x_wconf 78' lang='lat' dir='ltr'><strong>cxi-</strong></span> 
     </span>
    </p>
   </div>
   <div class='ocr_carea' id='block_1_71' title="bbox 1032 557 1816 594">
    <p class='ocr_par' dir='ltr' id='par_1_71' title="bbox 1032 557 1816 594">
     <span class='ocr_line' id='line_1_71' title="bbox 1032 557 1816 594; baseline 0.004 -11"><span class='ocrx_word' id='word_1_578' title='bbox 1032 564 1112 591; x_wconf 82' lang='lat' dir='ltr'><strong>guum</strong></span> <span class='ocrx_word' id='word_1_579' title='bbox 1137 557 1171 584; x_wconf 87' lang='lat' dir='ltr'><strong>sit</strong></span> <span class='ocrx_word' id='word_1_580' title='bbox 1193 557 1347 586; x_wconf 81' lang='lat' dir='ltr'><strong>inventum?</strong></span> <span class='ocrx_word' id='word_1_581' title='bbox 1369 558 1438 592; x_wconf 84' lang='lat' dir='ltr'><strong>Quid</strong></span> <span class='ocrx_word' id='word_1_582' title='bbox 1459 559 1592 594; x_wconf 85' lang='lat' dir='ltr'><strong>proditore</strong></span> <span class='ocrx_word' id='word_1_583' title='bbox 1606 559 1672 586; x_wconf 87' lang='lat' dir='ltr'><strong>.luda</strong></span> <span class='ocrx_word' id='word_1_584' title='bbox 1690 558 1816 591; x_wconf 83' lang='lat' dir='ltr'><strong>deterius,</strong></span> 
     </span>
    </p>
   </div>
   <div class='ocr_carea' id='block_1_72' title="bbox 1032 601 1815 638">
    <p class='ocr_par' dir='ltr' id='par_1_72' title="bbox 1032 601 1815 638">
     <span class='ocr_line' id='line_1_72' title="bbox 1032 601 1815 638; baseline 0.005 -11"><span class='ocrx_word' id='word_1_585' title='bbox 1032 601 1075 635; x_wconf 92' lang='lat' dir='ltr'><strong>qui</strong></span> <span class='ocrx_word' id='word_1_586' title='bbox 1098 602 1214 629; x_wconf 78' lang='lat' dir='ltr'><strong>avaritite</strong></span> <span class='ocrx_word' id='word_1_587' title='bbox 1235 603 1394 638; x_wconf 85' lang='lat' dir='ltr'><strong>mancipium</strong></span> <span class='ocrx_word' id='word_1_588' title='bbox 1416 603 1482 630; x_wconf 87' lang='lat' dir='ltr'><strong>fuit?</strong></span> <span class='ocrx_word' id='word_1_589' title='bbox 1504 603 1691 631; x_wconf 83' lang='lat' dir='ltr'><strong>Verumtamen</strong></span> <span class='ocrx_word' id='word_1_590' title='bbox 1711 608 1738 631; x_wconf 88' lang='lat' dir='ltr'><strong>et</strong></span> <span class='ocrx_word' id='word_1_591' title='bbox 1759 603 1815 638; x_wconf 85' lang='lat' dir='ltr'><strong>ipse</strong></span> 
     </span>
    </p>
   </div>
   <div class='ocr_carea' id='block_1_73' title="bbox 1031 646 1815 684">
    <p class='ocr_par' dir='ltr' id='par_1_73' title="bbox 1031 646 1815 684">
     <span class='ocr_line' id='line_1_73' title="bbox 1031 646 1815 684; baseline 0.004 -11"><span class='ocrx_word' id='word_1_592' title='bbox 1031 646 1092 674; x_wconf 91' lang='lat' dir='ltr'><strong>honi</strong></span> <span class='ocrx_word' id='word_1_593' title='bbox 1105 647 1238 683; x_wconf 89' lang='lat' dir='ltr'><strong>quidpiatn</strong></span> <span class='ocrx_word' id='word_1_594' title='bbox 1251 649 1344 676; x_wconf 88' lang='lat' dir='ltr'><strong>saltem</strong></span> <span class='ocrx_word' id='word_1_595' title='bbox 1358 649 1478 684; x_wconf 78' lang='lat' dir='ltr'><strong>exiguum</strong></span> <span class='ocrx_word' id='word_1_596' title='bbox 1487 649 1582 676; x_wconf 89' lang='lat' dir='ltr'><strong>deinde</strong></span> <span class='ocrx_word' id='word_1_597' title='bbox 1596 650 1715 684; x_wconf 67' lang='lat' dir='ltr'><strong>pratstitit</strong></span> <span class='ocrx_word' id='word_1_598' title='bbox 1728 658 1736 676; x_wconf 86' lang='lat'><strong>:</strong></span> <span class='ocrx_word' id='word_1_599' title='bbox 1750 648 1815 676; x_wconf 79' lang='lat' dir='ltr'><strong>Pec-</strong></span> 
     </span>
    </p>
   </div>
   <div class='ocr_carea' id='block_1_74' title="bbox 1030 693 1812 731">
    <p class='ocr_par' dir='ltr' id='par_1_74' title="bbox 1030 693 1812 731">
     <span class='ocr_line' id='line_1_74' title="bbox 1030 693 1812 731; baseline 0.004 -13"><span class='ocrx_word' id='word_1_600' title='bbox 1030 693 1085 718; x_wconf 83' lang='lat' dir='ltr'><strong>cavi</strong></span> <span class='ocrx_word' id='word_1_601' title='bbox 1095 693 1165 720; x_wconf 88' lang='lat' dir='ltr'><strong>cnim</strong></span> <span class='ocrx_word' id='word_1_602' title='bbox 1176 714 1182 725; x_wconf 94' lang='lat'><strong>,</strong></span> <span class='ocrx_word' id='word_1_603' title='bbox 1201 694 1303 728; x_wconf 85' lang='lat' dir='ltr'><strong>inquit,</strong></span> <span class='ocrx_word' id='word_1_604' title='bbox 1323 695 1423 722; x_wconf 73' lang='lat' dir='ltr'><strong>tradens</strong></span> <span class='ocrx_word' id='word_1_605' title='bbox 1435 695 1581 729; x_wconf 74' lang='lat' dir='ltr'><strong>sanguinem</strong></span> <span class='ocrx_word' id='word_1_606' title='bbox 1591 696 1690 731; x_wconf 82' lang='lat' dir='ltr'><strong>justum</strong></span> <span class='ocrx_word' id='word_1_607' title='bbox 1707 694 1812 730; x_wconf 77' lang='lat' dir='ltr'><strong>(Matth.</strong></span> 
     </span>
    </p>
   </div>
   <div class='ocr_carea' id='block_1_75' title="bbox 1029 737 1814 774">
    <p class='ocr_par' dir='ltr' id='par_1_75' title="bbox 1029 737 1814 774">
     <span class='ocr_line' id='line_1_75' title="bbox 1029 737 1814 774; baseline 0.004 -11"><span class='ocrx_word' id='word_1_608' title='bbox 1029 737 1074 764; x_wconf 73' lang='grc'><strong>27.</strong></span> <span class='ocrx_word' id='word_1_609' title='bbox 1088 738 1127 773; x_wconf 64' lang='lat' dir='ltr'><strong>Ai).</strong></span> <span class='ocrx_word' id='word_1_610' title='bbox 1142 738 1216 772; x_wconf 89' lang='lat' dir='ltr'><strong>Quod</strong></span> <span class='ocrx_word' id='word_1_611' title='bbox 1230 739 1309 774; x_wconf 79' lang='lat' dir='ltr'><strong>igitur</strong></span> <span class='ocrx_word' id='word_1_612' title='bbox 1317 740 1447 774; x_wconf 87' lang='lat' dir='ltr'><strong>dicebam,</strong></span> <span class='ocrx_word' id='word_1_613' title='bbox 1461 748 1513 767; x_wconf 86' lang='lat' dir='ltr'><strong>non</strong></span> <span class='ocrx_word' id='word_1_614' title='bbox 1526 745 1567 767; x_wconf 88' lang='lat' dir='ltr'><strong>est</strong></span> <span class='ocrx_word' id='word_1_615' title='bbox 1579 748 1593 766; x_wconf 92' lang='lat' dir='ltr'><strong>a</strong></span> <span class='ocrx_word' id='word_1_616' title='bbox 1607 745 1699 767; x_wconf 87' lang='lat' dir='ltr'><strong>natura</strong></span> <span class='ocrx_word' id='word_1_617' title='bbox 1715 740 1814 774; x_wconf 50' lang='lat' dir='ltr'><strong>improv</strong></span> 
     </span>
    </p>
   </div>
   <div class='ocr_carea' id='block_1_76' title="bbox 1030 782 1813 820">
    <p class='ocr_par' dir='ltr' id='par_1_76' title="bbox 1030 782 1813 820">
     <span class='ocr_line' id='line_1_76' title="bbox 1030 782 1813 820; baseline 0.004 -11"><span class='ocrx_word' id='word_1_618' title='bbox 1030 782 1097 810; x_wconf 86' lang='lat' dir='ltr'><strong>bitas</strong></span> <span class='ocrx_word' id='word_1_619' title='bbox 1109 803 1116 816; x_wconf 94' lang='lat'><strong>,</strong></span> <span class='ocrx_word' id='word_1_620' title='bbox 1131 788 1160 810; x_wconf 87' lang='lat' dir='ltr'><strong>ut</strong></span> <span class='ocrx_word' id='word_1_621' title='bbox 1173 785 1263 811; x_wconf 87' lang='lat' dir='ltr'><strong>virtuti</strong></span> <span class='ocrx_word' id='word_1_622' title='bbox 1284 785 1358 813; x_wconf 89' lang='lat' dir='ltr'><strong>locus</strong></span> <span class='ocrx_word' id='word_1_623' title='bbox 1375 793 1427 813; x_wconf 91' lang='lat' dir='ltr'><strong>non</strong></span> <span class='ocrx_word' id='word_1_624' title='bbox 1448 786 1493 813; x_wconf 76' lang='lat' dir='ltr'><strong>sit.</strong></span> <span class='ocrx_word' id='word_1_625' title='bbox 1515 786 1577 814; x_wconf 91' lang='lat' dir='ltr'><strong>Ovis</strong></span> <span class='ocrx_word' id='word_1_626' title='bbox 1600 793 1740 820; x_wconf 86' lang='lat' dir='ltr'><strong>numquam</strong></span> <span class='ocrx_word' id='word_1_627' title='bbox 1755 785 1813 812; x_wconf 84' lang='lat' dir='ltr'><strong>ﬁeri</strong></span> 
     </span>
    </p>
   </div>
   <div class='ocr_carea' id='block_1_77' title="bbox 1029 829 1812 866">
    <p class='ocr_par' dir='ltr' id='par_1_77' title="bbox 1029 829 1812 866">
     <span class='ocr_line' id='line_1_77' title="bbox 1029 829 1812 866; baseline 0.003 -11"><span class='ocrx_word' id='word_1_628' title='bbox 1029 833 1115 862; x_wconf 87' lang='lat' dir='ltr'><strong>potest</strong></span> <span class='ocrx_word' id='word_1_629' title='bbox 1131 829 1195 862; x_wconf 85' lang='lat' dir='ltr'><strong>fera,</strong></span> <span class='ocrx_word' id='word_1_630' title='bbox 1209 830 1305 865; x_wconf 89' lang='lat' dir='ltr'><strong>quippe</strong></span> <span class='ocrx_word' id='word_1_631' title='bbox 1315 838 1374 866; x_wconf 74' lang='lat' dir='ltr'><strong>qua:</strong></span> <span class='ocrx_word' id='word_1_632' title='bbox 1386 832 1615 860; x_wconf 85' lang='lat' dir='ltr'><strong>mansuetudinem</strong></span> <span class='ocrx_word' id='word_1_633' title='bbox 1629 831 1724 858; x_wconf 78' lang='lat' dir='ltr'><strong>habeat</strong></span> <span class='ocrx_word' id='word_1_634' title='bbox 1738 839 1751 857; x_wconf 89' lang='lat' dir='ltr'><strong>a</strong></span> <span class='ocrx_word' id='word_1_635' title='bbox 1766 839 1812 857; x_wconf 90' lang='lat' dir='ltr'><strong>na-</strong></span> 
     </span>
    </p>
   </div>
   <div class='ocr_carea' id='block_1_78' title="bbox 1029 875 1812 911">
    <p class='ocr_par' dir='ltr' id='par_1_78' title="bbox 1029 875 1812 911">
     <span class='ocr_line' id='line_1_78' title="bbox 1029 875 1812 911; baseline 0.005 -11"><span class='ocrx_word' id='word_1_636' title='bbox 1029 877 1086 901; x_wconf 84' lang='lat' dir='ltr'><strong>tura</strong></span> <span class='ocrx_word' id='word_1_637' title='bbox 1102 883 1108 901; x_wconf 92' lang='lat'><strong><em>:</em></strong></span> <span class='ocrx_word' id='word_1_638' title='bbox 1125 875 1201 910; x_wconf 85' lang='lat' dir='ltr'><strong>lupus</strong></span> <span class='ocrx_word' id='word_1_639' title='bbox 1213 884 1355 910; x_wconf 84' lang='lat' dir='ltr'><strong>numquam</strong></span> <span class='ocrx_word' id='word_1_640' title='bbox 1370 876 1425 904; x_wconf 85' lang='lat' dir='ltr'><strong>ﬁeri</strong></span> <span class='ocrx_word' id='word_1_641' title='bbox 1440 883 1592 905; x_wconf 86' lang='lat' dir='ltr'><strong>mansuetus</strong></span> <span class='ocrx_word' id='word_1_642' title='bbox 1607 881 1700 911; x_wconf 84' lang='lat' dir='ltr'><strong>potest,</strong></span> <span class='ocrx_word' id='word_1_643' title='bbox 1716 876 1812 911; x_wconf 85' lang='lat' dir='ltr'><strong>quippe</strong></span> 
     </span>
    </p>
   </div>
   <div class='ocr_carea' id='block_1_79' title="bbox 1027 920 1811 957">
    <p class='ocr_par' dir='ltr' id='par_1_79' title="bbox 1027 920 1811 957">
     <span class='ocr_line' id='line_1_79' title="bbox 1027 920 1811 957; baseline 0.001 -10"><span class='ocrx_word' id='word_1_644' title='bbox 1027 921 1071 955; x_wconf 90' lang='lat' dir='ltr'><strong>qui</strong></span> <span class='ocrx_word' id='word_1_645' title='bbox 1093 920 1223 949; x_wconf 88' lang='lat' dir='ltr'><strong>feritatem</strong></span> <span class='ocrx_word' id='word_1_646' title='bbox 1245 922 1340 950; x_wconf 84' lang='lat' dir='ltr'><strong>haheat</strong></span> <span class='ocrx_word' id='word_1_647' title='bbox 1354 931 1368 950; x_wconf 89' lang='lat' dir='ltr'><strong>a</strong></span> <span class='ocrx_word' id='word_1_648' title='bbox 1383 928 1485 950; x_wconf 89' lang='lat' dir='ltr'><strong>natura.</strong></span> <span class='ocrx_word' id='word_1_649' title='bbox 1510 923 1566 950; x_wconf 89' lang='lat' dir='ltr'><strong>Non</strong></span> <span class='ocrx_word' id='word_1_650' title='bbox 1591 923 1728 951; x_wconf 86' lang='lat' dir='ltr'><strong>solvuntur</strong></span> <span class='ocrx_word' id='word_1_651' title='bbox 1746 930 1811 957; x_wconf 82' lang='lat' dir='ltr'><strong>ergo</strong></span> 
     </span>
    </p>
   </div>
   <div class='ocr_carea' id='block_1_80' title="bbox 1027 966 1808 1003">
    <p class='ocr_par' dir='ltr' id='par_1_80' title="bbox 1027 966 1808 1003">
     <span class='ocr_line' id='line_1_80' title="bbox 1027 966 1808 1003; baseline 0.001 -12"><span class='ocrx_word' id='word_1_652' title='bbox 1027 969 1129 992; x_wconf 72' lang='lat' dir='ltr'><strong>natura:</strong></span> <span class='ocrx_word' id='word_1_653' title='bbox 1143 966 1215 1001; x_wconf 82' lang='lat' dir='ltr'><strong>leges</strong></span> <span class='ocrx_word' id='word_1_654' title='bbox 1224 987 1231 1000; x_wconf 85' lang='lat'><strong>,</strong></span> <span class='ocrx_word' id='word_1_655' title='bbox 1247 975 1331 1003; x_wconf 88' lang='lat' dir='ltr'><strong>neque</strong></span> <span class='ocrx_word' id='word_1_656' title='bbox 1342 968 1486 1003; x_wconf 75' lang='lat' dir='ltr'><strong>religantur</strong></span> <span class='ocrx_word' id='word_1_657' title='bbox 1495 989 1502 1000; x_wconf 88' lang='lat'><strong>,</strong></span> <span class='ocrx_word' id='word_1_658' title='bbox 1517 968 1562 995; x_wconf 85' lang='lat' dir='ltr'><strong>sed</strong></span> <span class='ocrx_word' id='word_1_659' title='bbox 1576 968 1692 995; x_wconf 77' lang='lat' dir='ltr'><strong>immolat:</strong></span> <span class='ocrx_word' id='word_1_660' title='bbox 1702 975 1808 1002; x_wconf 84' lang='lat' dir='ltr'><strong>perma-</strong></span> 
     </span>
    </p>
   </div>
   <div class='ocr_carea' id='block_1_81' title="bbox 1026 1012 1808 1047">
    <p class='ocr_par' dir='ltr' id='par_1_81' title="bbox 1026 1012 1808 1047">
     <span class='ocr_line' id='line_1_81' title="bbox 1026 1012 1808 1047; baseline -0.001 -9"><span class='ocrx_word' id='word_1_661' title='bbox 1026 1016 1099 1039; x_wconf 88' lang='lat' dir='ltr'><strong>nent.</strong></span> <span class='ocrx_word' id='word_1_662' title='bbox 1116 1012 1144 1039; x_wconf 92' lang='lat' dir='ltr'><strong>ln</strong></span> <span class='ocrx_word' id='word_1_663' title='bbox 1159 1020 1201 1040; x_wconf 92' lang='lat' dir='ltr'><strong>me</strong></span> <span class='ocrx_word' id='word_1_664' title='bbox 1219 1012 1269 1040; x_wconf 90' lang='lat' dir='ltr'><strong>hoc</strong></span> <span class='ocrx_word' id='word_1_665' title='bbox 1282 1013 1368 1041; x_wconf 90' lang='lat' dir='ltr'><strong>locum</strong></span> <span class='ocrx_word' id='word_1_666' title='bbox 1389 1021 1441 1041; x_wconf 86' lang='lat' dir='ltr'><strong>non</strong></span> <span class='ocrx_word' id='word_1_667' title='bbox 1455 1013 1533 1042; x_wconf 86' lang='lat' dir='ltr'><strong>habet</strong></span> <span class='ocrx_word' id='word_1_668' title='bbox 1544 1034 1551 1047; x_wconf 92' lang='lat'><strong>,</strong></span> <span class='ocrx_word' id='word_1_669' title='bbox 1567 1013 1613 1041; x_wconf 89' lang='lat' dir='ltr'><strong>sed</strong></span> <span class='ocrx_word' id='word_1_670' title='bbox 1627 1018 1653 1041; x_wconf 89' lang='lat' dir='ltr'><strong>et</strong></span> <span class='ocrx_word' id='word_1_671' title='bbox 1665 1012 1736 1040; x_wconf 91' lang='lat' dir='ltr'><strong>ferus</strong></span> <span class='ocrx_word' id='word_1_672' title='bbox 1750 1020 1808 1040; x_wconf 88' lang='lat' dir='ltr'><strong>eum</strong></span> 
     </span>
    </p>
   </div>
   <div class='ocr_carea' id='block_1_82' title="bbox 1027 1056 1809 1092">
    <p class='ocr_par' dir='ltr' id='par_1_82' title="bbox 1027 1056 1809 1092">
     <span class='ocr_line' id='line_1_82' title="bbox 1027 1056 1809 1092; baseline 0 -9"><span class='ocrx_word' id='word_1_673' title='bbox 1027 1056 1089 1084; x_wconf 85' lang='lat' dir='ltr'><strong>volo</strong></span> <span class='ocrx_word' id='word_1_674' title='bbox 1103 1056 1138 1084; x_wconf 86' lang='lat' dir='ltr'><strong>lio</strong></span> <span class='ocrx_word' id='word_1_675' title='bbox 1149 1077 1157 1090; x_wconf 95' lang='lat'><strong>,</strong></span> <span class='ocrx_word' id='word_1_676' title='bbox 1173 1061 1201 1085; x_wconf 87' lang='lat' dir='ltr'><strong>et</strong></span> <span class='ocrx_word' id='word_1_677' title='bbox 1213 1062 1378 1092; x_wconf 89' lang='lat' dir='ltr'><strong>mansuetus,</strong></span> <span class='ocrx_word' id='word_1_678' title='bbox 1394 1066 1453 1085; x_wconf 88' lang='lat' dir='ltr'><strong>cum</strong></span> <span class='ocrx_word' id='word_1_679' title='bbox 1471 1058 1531 1086; x_wconf 93' lang='lat' dir='ltr'><strong>volo</strong></span> <span class='ocrx_word' id='word_1_680' title='bbox 1547 1067 1554 1085; x_wconf 88' lang='lat'><strong>:</strong></span> <span class='ocrx_word' id='word_1_681' title='bbox 1570 1065 1621 1085; x_wconf 91' lang='lat' dir='ltr'><strong>non</strong></span> <span class='ocrx_word' id='word_1_682' title='bbox 1633 1058 1702 1085; x_wconf 91' lang='lat' dir='ltr'><strong>enim</strong></span> <span class='ocrx_word' id='word_1_683' title='bbox 1717 1063 1809 1084; x_wconf 85' lang='lat' dir='ltr'><strong>natura</strong></span> 
     </span>
    </p>
   </div>
   <div class='ocr_carea' id='block_1_83' title="bbox 1025 1102 1804 1136">
    <p class='ocr_par' dir='ltr' id='par_1_83' title="bbox 1025 1102 1804 1136">
     <span class='ocr_line' id='line_1_83' title="bbox 1025 1102 1804 1136; baseline 0 -7"><span class='ocrx_word' id='word_1_684' title='bbox 1025 1109 1084 1129; x_wconf 85' lang='lat' dir='ltr'><strong>sum</strong></span> <span class='ocrx_word' id='word_1_685' title='bbox 1094 1103 1197 1130; x_wconf 91' lang='lat' dir='ltr'><strong>vinctus</strong></span> <span class='ocrx_word' id='word_1_686' title='bbox 1209 1123 1217 1136; x_wconf 92' lang='lat'><strong>,</strong></span> <span class='ocrx_word' id='word_1_687' title='bbox 1233 1103 1278 1130; x_wconf 88' lang='lat' dir='ltr'><strong>sed</strong></span> <span class='ocrx_word' id='word_1_688' title='bbox 1291 1103 1393 1131; x_wconf 88' lang='lat' dir='ltr'><strong>arbitrii</strong></span> <span class='ocrx_word' id='word_1_689' title='bbox 1415 1104 1536 1131; x_wconf 87' lang='lat' dir='ltr'><strong>libertate</strong></span> <span class='ocrx_word' id='word_1_690' title='bbox 1556 1103 1704 1131; x_wconf 49' lang='lat' dir='ltr'><strong>decoratus.</strong></span> <span class='ocrx_word' id='word_1_691' title='bbox 1729 1102 1804 1136; x_wconf 85' lang='lat' dir='ltr'><strong>Quod</strong></span> 
     </span>
    </p>
   </div>
   <div class='ocr_carea' id='block_1_84' title="bbox 1025 1147 1808 1182">
    <p class='ocr_par' dir='ltr' id='par_1_84' title="bbox 1025 1147 1808 1182">
     <span class='ocr_line' id='line_1_84' title="bbox 1025 1147 1808 1182; baseline 0 -8"><span class='ocrx_word' id='word_1_692' title='bbox 1025 1155 1088 1182; x_wconf 81' lang='lat' dir='ltr'><strong>ergo</strong></span> <span class='ocrx_word' id='word_1_693' title='bbox 1100 1147 1220 1175; x_wconf 90' lang='lat' dir='ltr'><strong>dicebam</strong></span> <span class='ocrx_word' id='word_1_694' title='bbox 1231 1169 1238 1181; x_wconf 88' lang='lat'><strong>,</strong></span> <span class='ocrx_word' id='word_1_695' title='bbox 1262 1156 1312 1176; x_wconf 86' lang='lat' dir='ltr'><strong>nec</strong></span> <span class='ocrx_word' id='word_1_696' title='bbox 1328 1149 1397 1176; x_wconf 88' lang='lat' dir='ltr'><strong>ullus</strong></span> <span class='ocrx_word' id='word_1_697' title='bbox 1412 1154 1453 1177; x_wconf 87' lang='lat' dir='ltr'><strong>est</strong></span> <span class='ocrx_word' id='word_1_698' title='bbox 1470 1149 1506 1176; x_wconf 89' lang='lat' dir='ltr'><strong>ita</strong></span> <span class='ocrx_word' id='word_1_699' title='bbox 1528 1148 1630 1181; x_wconf 83' lang='lat' dir='ltr'><strong>bonus,</strong></span> <span class='ocrx_word' id='word_1_700' title='bbox 1645 1153 1674 1175; x_wconf 93' lang='lat' dir='ltr'><strong>ut</strong></span> <span class='ocrx_word' id='word_1_701' title='bbox 1688 1149 1808 1182; x_wconf 77' lang='lat' dir='ltr'><strong>exiguam</strong></span> 
     </span>
    </p>
   </div>
   <div class='ocr_carea' id='block_1_85' title="bbox 1024 1193 1807 1226">
    <p class='ocr_par' dir='ltr' id='par_1_85' title="bbox 1024 1193 1807 1226">
     <span class='ocr_line' id='line_1_85' title="bbox 1024 1193 1807 1226; baseline 0 -6"><span class='ocrx_word' id='word_1_702' title='bbox 1024 1193 1110 1221; x_wconf 88' lang='lat' dir='ltr'><strong>labem</strong></span> <span class='ocrx_word' id='word_1_703' title='bbox 1121 1202 1174 1221; x_wconf 93' lang='lat' dir='ltr'><strong>non</strong></span> <span class='ocrx_word' id='word_1_704' title='bbox 1188 1194 1284 1222; x_wconf 88' lang='lat' dir='ltr'><strong>habeat</strong></span> <span class='ocrx_word' id='word_1_705' title='bbox 1298 1203 1305 1222; x_wconf 87' lang='lat'><strong>:</strong></span> <span class='ocrx_word' id='word_1_706' title='bbox 1321 1202 1371 1223; x_wconf 88' lang='lat' dir='ltr'><strong>nec</strong></span> <span class='ocrx_word' id='word_1_707' title='bbox 1383 1195 1451 1222; x_wconf 89' lang='lat' dir='ltr'><strong>ulltts</strong></span> <span class='ocrx_word' id='word_1_708' title='bbox 1464 1199 1505 1222; x_wconf 88' lang='lat' dir='ltr'><strong>est</strong></span> <span class='ocrx_word' id='word_1_709' title='bbox 1517 1195 1551 1222; x_wconf 87' lang='lat' dir='ltr'><strong>ita</strong></span> <span class='ocrx_word' id='word_1_710' title='bbox 1564 1194 1658 1226; x_wconf 85' lang='lat' dir='ltr'><strong>malus,</strong></span> <span class='ocrx_word' id='word_1_711' title='bbox 1671 1198 1700 1221; x_wconf 83' lang='grc' dir='ltr'><strong>ιιι</strong></span> <span class='ocrx_word' id='word_1_712' title='bbox 1713 1193 1807 1220; x_wconf 89' lang='lat' dir='ltr'><strong>saltetn</strong></span> 
     </span>
    </p>
   </div>
   <div class='ocr_carea' id='block_1_86' title="bbox 1024 1239 1437 1274">
    <p class='ocr_par' dir='ltr' id='par_1_86' title="bbox 1024 1239 1437 1274">
     <span class='ocr_line' id='line_1_86' title="bbox 1024 1239 1437 1274; baseline 0.002 -8"><span class='ocrx_word' id='word_1_713' title='bbox 1024 1239 1147 1274; x_wconf 79' lang='lat' dir='ltr'><strong>exiguum</strong></span> <span class='ocrx_word' id='word_1_714' title='bbox 1158 1239 1255 1267; x_wconf 92' lang='lat' dir='ltr'><strong>bonum</strong></span> <span class='ocrx_word' id='word_1_715' title='bbox 1269 1247 1321 1267; x_wconf 93' lang='lat' dir='ltr'><strong>non</strong></span> <span class='ocrx_word' id='word_1_716' title='bbox 1333 1240 1437 1267; x_wconf 86' lang='lat' dir='ltr'><strong>haheat.</strong></span> 
     </span>
    </p>
   </div>
   <div class='ocr_carea' id='block_1_87' title="bbox 1058 1283 1807 1318">
    <p class='ocr_par' dir='ltr' id='par_1_87' title="bbox 1058 1283 1807 1318">
     <span class='ocr_line' id='line_1_87' title="bbox 1058 1283 1807 1318; baseline -0.001 -8"><span class='ocrx_word' id='word_1_717' title='bbox 1058 1283 1188 1311; x_wconf 84' lang='lat' dir='ltr'><strong>Bonorum</strong></span> <span class='ocrx_word' id='word_1_718' title='bbox 1203 1289 1227 1312; x_wconf 79' lang='lat' dir='ltr'><strong>et</strong></span> <span class='ocrx_word' id='word_1_719' title='bbox 1246 1285 1370 1312; x_wconf 86' lang='lat' dir='ltr'><strong>malorum</strong></span> <span class='ocrx_word' id='word_1_720' title='bbox 1386 1285 1523 1312; x_wconf 79' lang='lat' dir='ltr'><strong>retributio.</strong></span> <span class='ocrx_word' id='word_1_721' title='bbox 1539 1299 1574 1304; x_wconf 98' lang='lat'><strong>—</strong></span> <span class='ocrx_word' id='word_1_722' title='bbox 1590 1283 1719 1317; x_wconf 87' lang='lat' dir='ltr'><strong>Quouiam</strong></span> <span class='ocrx_word' id='word_1_723' title='bbox 1729 1283 1807 1318; x_wconf 78' lang='lat' dir='ltr'><strong>igitur</strong></span> 
     </span>
    </p>
   </div>
   <div class='ocr_carea' id='block_1_88' title="bbox 1023 1328 1806 1364">
    <p class='ocr_par' dir='ltr' id='par_1_88' title="bbox 1023 1328 1806 1364">
     <span class='ocr_line' id='line_1_88' title="bbox 1023 1328 1806 1364; baseline -0.003 -7"><span class='ocrx_word' id='word_1_724' title='bbox 1023 1331 1139 1357; x_wconf 89' lang='lat' dir='ltr'><strong>omnium</strong></span> <span class='ocrx_word' id='word_1_725' title='bbox 1153 1334 1195 1357; x_wconf 85' lang='lat' dir='ltr'><strong>est</strong></span> <span class='ocrx_word' id='word_1_726' title='bbox 1213 1330 1366 1364; x_wconf 80' lang='lat' dir='ltr'><strong>retributio,</strong></span> <span class='ocrx_word' id='word_1_727' title='bbox 1382 1335 1408 1358; x_wconf 94' lang='lat' dir='ltr'><strong>et</strong></span> <span class='ocrx_word' id='word_1_728' title='bbox 1421 1331 1538 1358; x_wconf 91' lang='lat' dir='ltr'><strong>omnium</strong></span> <span class='ocrx_word' id='word_1_729' title='bbox 1561 1330 1738 1358; x_wconf 87' lang='lat' dir='ltr'><strong>remuneratio</strong></span> <span class='ocrx_word' id='word_1_730' title='bbox 1754 1338 1759 1354; x_wconf 93' lang='lat'><strong>:</strong></span> <span class='ocrx_word' id='word_1_731' title='bbox 1773 1328 1806 1356; x_wconf 92' lang='lat' dir='ltr'><strong>li-</strong></span> 
     </span>
    </p>
   </div>
   <div class='ocr_carea' id='block_1_89' title="bbox 1022 1374 1805 1410">
    <p class='ocr_par' dir='ltr' id='par_1_89' title="bbox 1022 1374 1805 1410">
     <span class='ocr_line' id='line_1_89' title="bbox 1022 1374 1805 1410; baseline -0.001 -9"><span class='ocrx_word' id='word_1_732' title='bbox 1022 1379 1065 1401; x_wconf 85' lang='lat' dir='ltr'><strong>cet</strong></span> <span class='ocrx_word' id='word_1_733' title='bbox 1076 1375 1146 1402; x_wconf 91' lang='lat' dir='ltr'><strong>enim</strong></span> <span class='ocrx_word' id='word_1_734' title='bbox 1167 1374 1299 1402; x_wconf 88' lang='lat' dir='ltr'><strong>homicida</strong></span> <span class='ocrx_word' id='word_1_735' title='bbox 1320 1375 1354 1402; x_wconf 87' lang='lat' dir='ltr'><strong>sit</strong></span> <span class='ocrx_word' id='word_1_736' title='bbox 1367 1375 1443 1410; x_wconf 90' lang='lat' dir='ltr'><strong>quis,</strong></span> <span class='ocrx_word' id='word_1_737' title='bbox 1464 1375 1524 1402; x_wconf 89' lang='lat' dir='ltr'><strong>licet</strong></span> <span class='ocrx_word' id='word_1_738' title='bbox 1537 1374 1670 1410; x_wconf 85' lang='lat' dir='ltr'><strong>improbus</strong></span> <span class='ocrx_word' id='word_1_739' title='bbox 1690 1374 1724 1400; x_wconf 90' lang='lat' dir='ltr'><strong>sit</strong></span> <span class='ocrx_word' id='word_1_740' title='bbox 1736 1374 1805 1408; x_wconf 86' lang='lat' dir='ltr'><strong>quis.</strong></span> 
     </span>
    </p>
   </div>
   <div class='ocr_carea' id='block_1_90' title="bbox 1023 1420 1805 1457">
    <p class='ocr_par' dir='ltr' id='par_1_90' title="bbox 1023 1420 1805 1457">
     <span class='ocr_line' id='line_1_90' title="bbox 1023 1420 1805 1457; baseline -0.003 -10"><span class='ocrx_word' id='word_1_741' title='bbox 1023 1420 1084 1448; x_wconf 86' lang='lat' dir='ltr'><strong>licet</strong></span> <span class='ocrx_word' id='word_1_742' title='bbox 1098 1420 1249 1454; x_wconf 84' lang='lat' dir='ltr'><strong>fraudator,</strong></span> <span class='ocrx_word' id='word_1_743' title='bbox 1268 1422 1290 1448; x_wconf 93' lang='lat' dir='ltr'><strong>si</strong></span> <span class='ocrx_word' id='word_1_744' title='bbox 1304 1421 1366 1457; x_wconf 89' lang='lat' dir='ltr'><strong>quid</strong></span> <span class='ocrx_word' id='word_1_745' title='bbox 1381 1421 1442 1448; x_wconf 91' lang='lat' dir='ltr'><strong>honi</strong></span> <span class='ocrx_word' id='word_1_746' title='bbox 1461 1421 1552 1448; x_wconf 78' lang='lat' dir='ltr'><strong>fecerit</strong></span> <span class='ocrx_word' id='word_1_747' title='bbox 1564 1441 1571 1453; x_wconf 89' lang='lat'><strong>,</strong></span> <span class='ocrx_word' id='word_1_748' title='bbox 1587 1420 1659 1447; x_wconf 90' lang='lat' dir='ltr'><strong>illum</strong></span> <span class='ocrx_word' id='word_1_749' title='bbox 1674 1420 1734 1446; x_wconf 92' lang='lat' dir='ltr'><strong>boni</strong></span> <span class='ocrx_word' id='word_1_750' title='bbox 1750 1426 1805 1446; x_wconf 87' lang='lat' dir='ltr'><strong>ma-</strong></span> 
     </span>
    </p>
   </div>
   <div class='ocr_carea' id='block_1_91' title="bbox 1023 1464 1803 1501">
    <p class='ocr_par' dir='ltr' id='par_1_91' title="bbox 1023 1464 1803 1501">
     <span class='ocr_line' id='line_1_91' title="bbox 1023 1464 1803 1501; baseline -0.003 -8"><span class='ocrx_word' id='word_1_751' title='bbox 1023 1470 1068 1493; x_wconf 93' lang='lat' dir='ltr'><strong>net</strong></span> <span class='ocrx_word' id='word_1_752' title='bbox 1082 1466 1230 1498; x_wconf 89' lang='lat' dir='ltr'><strong>retributio,</strong></span> <span class='ocrx_word' id='word_1_753' title='bbox 1247 1474 1332 1501; x_wconf 88' lang='lat' dir='ltr'><strong>neque</strong></span> <span class='ocrx_word' id='word_1_754' title='bbox 1343 1471 1450 1501; x_wconf 90' lang='lat' dir='ltr'><strong>propter</strong></span> <span class='ocrx_word' id='word_1_755' title='bbox 1464 1474 1493 1493; x_wconf 88' lang='lat' dir='ltr'><strong>ea</strong></span> <span class='ocrx_word' id='word_1_756' title='bbox 1507 1466 1584 1499; x_wconf 87' lang='lat' dir='ltr'><strong>mala,</strong></span> <span class='ocrx_word' id='word_1_757' title='bbox 1597 1473 1655 1500; x_wconf 75' lang='lat' dir='ltr'><strong>quae</strong></span> <span class='ocrx_word' id='word_1_758' title='bbox 1668 1464 1740 1497; x_wconf 82' lang='lat' dir='ltr'><strong>fecit,</strong></span> <span class='ocrx_word' id='word_1_759' title='bbox 1755 1464 1803 1491; x_wconf 85' lang='lat' dir='ltr'><strong>bo-</strong></span> 
     </span>
    </p>
   </div>
   <div class='ocr_carea' id='block_1_92' title="bbox 1022 1510 1802 1546">
    <p class='ocr_par' dir='ltr' id='par_1_92' title="bbox 1022 1510 1802 1546">
     <span class='ocr_line' id='line_1_92' title="bbox 1022 1510 1802 1546; baseline -0.003 -9"><span class='ocrx_word' id='word_1_760' title='bbox 1022 1519 1084 1537; x_wconf 83' lang='lat' dir='ltr'><strong>num</strong></span> <span class='ocrx_word' id='word_1_761' title='bbox 1107 1511 1230 1539; x_wconf 89' lang='lat' dir='ltr'><strong>mercede</strong></span> <span class='ocrx_word' id='word_1_762' title='bbox 1252 1512 1393 1546; x_wconf 86' lang='lat' dir='ltr'><strong>privatur:</strong></span> <span class='ocrx_word' id='word_1_763' title='bbox 1415 1515 1442 1539; x_wconf 88' lang='lat' dir='ltr'><strong>ct</strong></span> <span class='ocrx_word' id='word_1_764' title='bbox 1465 1518 1557 1539; x_wconf 89' lang='lat' dir='ltr'><strong>rursus</strong></span> <span class='ocrx_word' id='word_1_765' title='bbox 1578 1511 1639 1538; x_wconf 90' lang='lat' dir='ltr'><strong>licet</strong></span> <span class='ocrx_word' id='word_1_766' title='bbox 1667 1510 1802 1537; x_wconf 85' lang='lat' dir='ltr'><strong>innumera</strong></span> 
     </span>
    </p>
   </div>
   <div class='ocr_carea' id='block_1_93' title="bbox 1020 1555 1802 1591">
    <p class='ocr_par' dir='ltr' id='par_1_93' title="bbox 1020 1555 1802 1591">
     <span class='ocr_line' id='line_1_93' title="bbox 1020 1555 1802 1591; baseline -0.003 -9"><span class='ocrx_word' id='word_1_767' title='bbox 1020 1555 1087 1583; x_wconf 87' lang='lat' dir='ltr'><strong>bona</strong></span> <span class='ocrx_word' id='word_1_768' title='bbox 1097 1556 1258 1590; x_wconf 70' lang='lat' dir='ltr'><strong>prmstiterit,</strong></span> <span class='ocrx_word' id='word_1_769' title='bbox 1275 1556 1296 1583; x_wconf 92' lang='lat' dir='ltr'><strong>si</strong></span> <span class='ocrx_word' id='word_1_770' title='bbox 1307 1556 1370 1591; x_wconf 92' lang='lat' dir='ltr'><strong>quid</strong></span> <span class='ocrx_word' id='word_1_771' title='bbox 1379 1557 1439 1583; x_wconf 82' lang='lat' dir='ltr'><strong>ntali</strong></span> <span class='ocrx_word' id='word_1_772' title='bbox 1448 1555 1617 1588; x_wconf 91' lang='lat' dir='ltr'><strong>commiserit,</strong></span> <span class='ocrx_word' id='word_1_773' title='bbox 1631 1559 1719 1582; x_wconf 85' lang='lat' dir='ltr'><strong>manet</strong></span> <span class='ocrx_word' id='word_1_774' title='bbox 1731 1555 1802 1581; x_wconf 91' lang='lat' dir='ltr'><strong>illum</strong></span> 
     </span>
    </p>
   </div>
   <div class='ocr_carea' id='block_1_94' title="bbox 1020 1601 1802 1635">
    <p class='ocr_par' dir='ltr' id='par_1_94' title="bbox 1020 1601 1802 1635">
     <span class='ocr_line' id='line_1_94' title="bbox 1020 1601 1802 1635; baseline -0.001 -8"><span class='ocrx_word' id='word_1_775' title='bbox 1020 1601 1158 1628; x_wconf 87' lang='lat' dir='ltr'><strong>retributio</strong></span> <span class='ocrx_word' id='word_1_776' title='bbox 1179 1602 1250 1628; x_wconf 87' lang='lat' dir='ltr'><strong>mali.</strong></span> <span class='ocrx_word' id='word_1_777' title='bbox 1278 1601 1339 1629; x_wconf 83' lang='lat' dir='ltr'><strong>ll:cc</strong></span> <span class='ocrx_word' id='word_1_778' title='bbox 1358 1602 1459 1635; x_wconf 90' lang='lat' dir='ltr'><strong>retine,</strong></span> <span class='ocrx_word' id='word_1_779' title='bbox 1481 1601 1537 1628; x_wconf 76' lang='lat' dir='ltr'><strong>lucc</strong></span> <span class='ocrx_word' id='word_1_780' title='bbox 1561 1601 1634 1628; x_wconf 83' lang='lat' dir='ltr'><strong>ﬁrma</strong></span> <span class='ocrx_word' id='word_1_781' title='bbox 1654 1605 1681 1628; x_wconf 91' lang='lat' dir='ltr'><strong>et</strong></span> <span class='ocrx_word' id='word_1_782' title='bbox 1696 1601 1802 1627; x_wconf 88' lang='lat' dir='ltr'><strong>imtnota</strong></span> 
     </span>
    </p>
   </div>
   <div class='ocr_carea' id='block_1_95' title="bbox 1019 1646 1802 1681">
    <p class='ocr_par' dir='ltr' id='par_1_95' title="bbox 1019 1646 1802 1681">
     <span class='ocr_line' id='line_1_95' title="bbox 1019 1646 1802 1681; baseline -0.003 -9"><span class='ocrx_word' id='word_1_783' title='bbox 1019 1653 1147 1673; x_wconf 88' lang='lat' dir='ltr'><strong>conserva</strong></span> <span class='ocrx_word' id='word_1_784' title='bbox 1162 1654 1169 1672; x_wconf 89' lang='lat'><strong>:</strong></span> <span class='ocrx_word' id='word_1_785' title='bbox 1181 1654 1265 1680; x_wconf 89' lang='lat' dir='ltr'><strong>neque</strong></span> <span class='ocrx_word' id='word_1_786' title='bbox 1278 1646 1363 1674; x_wconf 90' lang='lat' dir='ltr'><strong>bonus</strong></span> <span class='ocrx_word' id='word_1_787' title='bbox 1377 1652 1418 1674; x_wconf 88' lang='lat' dir='ltr'><strong>est</strong></span> <span class='ocrx_word' id='word_1_788' title='bbox 1432 1647 1499 1674; x_wconf 88' lang='lat' dir='ltr'><strong>ullas</strong></span> <span class='ocrx_word' id='word_1_789' title='bbox 1513 1646 1570 1674; x_wconf 89' lang='lat' dir='ltr'><strong>sine</strong></span> <span class='ocrx_word' id='word_1_790' title='bbox 1582 1650 1701 1681; x_wconf 87' lang='lat' dir='ltr'><strong>peccato,</strong></span> <span class='ocrx_word' id='word_1_791' title='bbox 1718 1652 1802 1679; x_wconf 79' lang='lat' dir='ltr'><strong>neque</strong></span> 
     </span>
    </p>
   </div>
   <div class='ocr_carea' id='block_1_96' title="bbox 1019 1691 1802 1726">
    <p class='ocr_par' dir='ltr' id='par_1_96' title="bbox 1019 1691 1802 1726">
     <span class='ocr_line' id='line_1_96' title="bbox 1019 1691 1802 1726; baseline 0 -9"><span class='ocrx_word' id='word_1_792' title='bbox 1019 1691 1076 1718; x_wconf 92' lang='lat' dir='ltr'><strong>sine</strong></span> <span class='ocrx_word' id='word_1_793' title='bbox 1084 1691 1184 1726; x_wconf 86' lang='lat' dir='ltr'><strong>justitia</strong></span> <span class='ocrx_word' id='word_1_794' title='bbox 1198 1692 1283 1719; x_wconf 87' lang='lat' dir='ltr'><strong>malus</strong></span> <span class='ocrx_word' id='word_1_795' title='bbox 1290 1696 1330 1719; x_wconf 88' lang='lat' dir='ltr'><strong>est</strong></span> <span class='ocrx_word' id='word_1_796' title='bbox 1339 1691 1418 1719; x_wconf 89' lang='lat' dir='ltr'><strong>ullus.</strong></span> <span class='ocrx_word' id='word_1_797' title='bbox 1432 1691 1530 1720; x_wconf 87' lang='lat' dir='ltr'><strong>Eadem</strong></span> <span class='ocrx_word' id='word_1_798' title='bbox 1541 1692 1612 1719; x_wconf 90' lang='lat' dir='ltr'><strong>enim</strong></span> <span class='ocrx_word' id='word_1_799' title='bbox 1627 1699 1718 1718; x_wconf 84' lang='lat' dir='ltr'><strong>rursus</strong></span> <span class='ocrx_word' id='word_1_800' title='bbox 1731 1691 1802 1722; x_wconf 80' lang='lat' dir='ltr'><strong>dico,</strong></span> 
     </span>
    </p>
   </div>
   <div class='ocr_carea' id='block_1_97' title="bbox 1019 1735 1799 1771">
    <p class='ocr_par' dir='ltr' id='par_1_97' title="bbox 1019 1735 1799 1771">
     <span class='ocr_line' id='line_1_97' title="bbox 1019 1735 1799 1771; baseline 0 -9"><span class='ocrx_word' id='word_1_801' title='bbox 1019 1740 1048 1762; x_wconf 94' lang='lat' dir='ltr'><strong>ut</strong></span> <span class='ocrx_word' id='word_1_802' title='bbox 1067 1735 1197 1763; x_wconf 88' lang='lat' dir='ltr'><strong>radicibus</strong></span> <span class='ocrx_word' id='word_1_803' title='bbox 1212 1736 1270 1763; x_wconf 80' lang='lat' dir='ltr'><strong>lixis</strong></span> <span class='ocrx_word' id='word_1_804' title='bbox 1289 1736 1419 1763; x_wconf 88' lang='lat' dir='ltr'><strong>stabiliam</strong></span> <span class='ocrx_word' id='word_1_805' title='bbox 1431 1757 1439 1769; x_wconf 83' lang='lat'><strong>,</strong></span> <span class='ocrx_word' id='word_1_806' title='bbox 1455 1741 1484 1764; x_wconf 91' lang='lat' dir='ltr'><strong>ut</strong></span> <span class='ocrx_word' id='word_1_807' title='bbox 1498 1737 1612 1771; x_wconf 90' lang='lat' dir='ltr'><strong>plantem</strong></span> <span class='ocrx_word' id='word_1_808' title='bbox 1624 1757 1631 1770; x_wconf 95' lang='lat'><strong>,</strong></span> <span class='ocrx_word' id='word_1_809' title='bbox 1649 1740 1677 1763; x_wconf 91' lang='grc' dir='ltr'><strong>ιιι</strong></span> <span class='ocrx_word' id='word_1_810' title='bbox 1697 1736 1722 1763; x_wconf 93' lang='lat' dir='ltr'><strong>in</strong></span> <span class='ocrx_word' id='word_1_811' title='bbox 1738 1743 1799 1770; x_wconf 87' lang='lat' dir='ltr'><strong>pro-</strong></span> 
     </span>
    </p>
   </div>
   <div class='ocr_carea' id='block_1_98' title="bbox 1019 1781 1799 1816">
    <p class='ocr_par' dir='ltr' id='par_1_98' title="bbox 1019 1781 1799 1816">
     <span class='ocr_line' id='line_1_98' title="bbox 1019 1781 1799 1816; baseline 0.001 -9"><span class='ocrx_word' id='word_1_812' title='bbox 1019 1781 1097 1808; x_wconf 88' lang='lat' dir='ltr'><strong>fundo</strong></span> <span class='ocrx_word' id='word_1_813' title='bbox 1112 1781 1250 1809; x_wconf 76' lang='lat' dir='ltr'><strong>collucent.</strong></span> <span class='ocrx_word' id='word_1_814' title='bbox 1275 1781 1399 1809; x_wconf 89' lang='lat' dir='ltr'><strong>Diabolus</strong></span> <span class='ocrx_word' id='word_1_815' title='bbox 1410 1783 1505 1816; x_wconf 88' lang='lat' dir='ltr'><strong>quippe</strong></span> <span class='ocrx_word' id='word_1_816' title='bbox 1519 1781 1708 1809; x_wconf 85' lang='lat' dir='ltr'><strong>sollicitudines</strong></span> <span class='ocrx_word' id='word_1_817' title='bbox 1718 1788 1799 1816; x_wconf 87' lang='lat' dir='ltr'><strong>quas—</strong></span> 
     </span>
    </p>
   </div>
   <div class='ocr_carea' id='block_1_99' title="bbox 1017 1826 1799 1862">
    <p class='ocr_par' dir='ltr' id='par_1_99' title="bbox 1017 1826 1799 1862">
     <span class='ocr_line' id='line_1_99' title="bbox 1017 1826 1799 1862; baseline 0 -9"><span class='ocrx_word' id='word_1_818' title='bbox 1017 1826 1078 1853; x_wconf 89' lang='lat' dir='ltr'><strong>dam</strong></span> <span class='ocrx_word' id='word_1_819' title='bbox 1102 1827 1128 1854; x_wconf 91' lang='lat' dir='ltr'><strong>in</strong></span> <span class='ocrx_word' id='word_1_820' title='bbox 1150 1827 1266 1854; x_wconf 79' lang='lat' dir='ltr'><strong>animum</strong></span> <span class='ocrx_word' id='word_1_821' title='bbox 1293 1827 1393 1862; x_wconf 86' lang='lat' dir='ltr'><strong>injicit,</strong></span> <span class='ocrx_word' id='word_1_822' title='bbox 1418 1827 1480 1855; x_wconf 92' lang='lat' dir='ltr'><strong>dum</strong></span> <span class='ocrx_word' id='word_1_823' title='bbox 1503 1832 1619 1855; x_wconf 90' lang='lat' dir='ltr'><strong>mentem</strong></span> <span class='ocrx_word' id='word_1_824' title='bbox 1640 1833 1753 1854; x_wconf 80' lang='lat' dir='ltr'><strong>vestram</strong></span> <span class='ocrx_word' id='word_1_825' title='bbox 1773 1827 1799 1853; x_wconf 92' lang='lat' dir='ltr'><strong>iu</strong></span> 
     </span>
    </p>
   </div>
   <div class='ocr_carea' id='block_1_100' title="bbox 1017 1871 1798 1908">
    <p class='ocr_par' dir='ltr' id='par_1_100' title="bbox 1017 1871 1798 1908">
     <span class='ocr_line' id='line_1_100' title="bbox 1017 1871 1798 1908; baseline 0 -10"><span class='ocrx_word' id='word_1_826' title='bbox 1017 1871 1134 1899; x_wconf 87' lang='lat' dir='ltr'><strong>fraudem</strong></span> <span class='ocrx_word' id='word_1_827' title='bbox 1149 1872 1206 1899; x_wconf 86' lang='lat' dir='ltr'><strong>vult</strong></span> <span class='ocrx_word' id='word_1_828' title='bbox 1223 1872 1323 1900; x_wconf 89' lang='lat' dir='ltr'><strong>illicere</strong></span> <span class='ocrx_word' id='word_1_829' title='bbox 1335 1893 1341 1905; x_wconf 91' lang='lat'><strong>,</strong></span> <span class='ocrx_word' id='word_1_830' title='bbox 1362 1876 1388 1900; x_wconf 90' lang='lat' dir='ltr'><strong>et</strong></span> <span class='ocrx_word' id='word_1_831' title='bbox 1400 1881 1458 1908; x_wconf 80' lang='lat' dir='ltr'><strong>qua:</strong></span> <span class='ocrx_word' id='word_1_832' title='bbox 1473 1880 1488 1900; x_wconf 88' lang='lat' dir='ltr'><strong>a</strong></span> <span class='ocrx_word' id='word_1_833' title='bbox 1506 1880 1549 1900; x_wconf 91' lang='lat' dir='ltr'><strong>me</strong></span> <span class='ocrx_word' id='word_1_834' title='bbox 1565 1873 1687 1900; x_wconf 91' lang='lat' dir='ltr'><strong>dicuntur</strong></span> <span class='ocrx_word' id='word_1_835' title='bbox 1700 1871 1798 1899; x_wconf 86' lang='lat' dir='ltr'><strong>labefa-</strong></span> 
     </span>
    </p>
   </div>
   <div class='ocr_carea' id='block_1_101' title="bbox 1016 1917 1800 1953">
    <p class='ocr_par' dir='ltr' id='par_1_101' title="bbox 1016 1917 1800 1953">
     <span class='ocr_line' id='line_1_101' title="bbox 1016 1917 1800 1953; baseline 0 -10"><span class='ocrx_word' id='word_1_836' title='bbox 1016 1921 1090 1944; x_wconf 89' lang='lat' dir='ltr'><strong>ctare</strong></span> <span class='ocrx_word' id='word_1_837' title='bbox 1105 1925 1111 1944; x_wconf 94' lang='lat'><strong>:</strong></span> <span class='ocrx_word' id='word_1_838' title='bbox 1126 1921 1262 1952; x_wconf 88' lang='lat' dir='ltr'><strong>propterea</strong></span> <span class='ocrx_word' id='word_1_839' title='bbox 1289 1918 1316 1945; x_wconf 88' lang='lat' dir='ltr'><strong>in</strong></span> <span class='ocrx_word' id='word_1_840' title='bbox 1336 1918 1494 1953; x_wconf 88' lang='lat' dir='ltr'><strong>profundum</strong></span> <span class='ocrx_word' id='word_1_841' title='bbox 1507 1924 1538 1946; x_wconf 90' lang='lat' dir='ltr'><strong>ea</strong></span> <span class='ocrx_word' id='word_1_842' title='bbox 1552 1918 1666 1946; x_wconf 89' lang='lat' dir='ltr'><strong>dimitto.</strong></span> <span class='ocrx_word' id='word_1_843' title='bbox 1687 1917 1716 1947; x_wconf 84' lang='lat' dir='ltr'><strong>Si</strong></span> <span class='ocrx_word' id='word_1_844' title='bbox 1728 1918 1800 1944; x_wconf 84' lang='lat' dir='ltr'><strong>cnim</strong></span> 
     </span>
    </p>
   </div>
   <div class='ocr_carea' id='block_1_102' title="bbox 1016 1962 1797 1997">
    <p class='ocr_par' dir='ltr' id='par_1_102' title="bbox 1016 1962 1797 1997">
     <span class='ocr_line' id='line_1_102' title="bbox 1016 1962 1797 1997; baseline 0.001 -9"><span class='ocrx_word' id='word_1_845' title='bbox 1016 1969 1048 1989; x_wconf 85' lang='lat' dir='ltr'><strong>ea</strong></span> <span class='ocrx_word' id='word_1_846' title='bbox 1061 1962 1200 1997; x_wconf 74' lang='lat' dir='ltr'><strong>diligenter</strong></span> <span class='ocrx_word' id='word_1_847' title='bbox 1212 1962 1255 1989; x_wconf 90' lang='lat' dir='ltr'><strong>hic</strong></span> <span class='ocrx_word' id='word_1_848' title='bbox 1269 1963 1467 1990; x_wconf 84' lang='lat' dir='ltr'><strong>conservaveris</strong></span> <span class='ocrx_word' id='word_1_849' title='bbox 1480 1983 1487 1995; x_wconf 94' lang='lat'><strong>,</strong></span> <span class='ocrx_word' id='word_1_850' title='bbox 1512 1963 1573 1990; x_wconf 89' lang='lat' dir='ltr'><strong>licet</strong></span> <span class='ocrx_word' id='word_1_851' title='bbox 1596 1963 1667 1990; x_wconf 86' lang='lat' dir='ltr'><strong>foras</strong></span> <span class='ocrx_word' id='word_1_852' title='bbox 1690 1962 1797 1995; x_wconf 90' lang='lat' dir='ltr'><strong>abieris,</strong></span> 
     </span>
    </p>
   </div>
   <div class='ocr_carea' id='block_1_103' title="bbox 1015 2008 1798 2043">
    <p class='ocr_par' dir='ltr' id='par_1_103' title="bbox 1015 2008 1798 2043">
     <span class='ocr_line' id='line_1_103' title="bbox 1015 2008 1798 2043; baseline -0.001 -8"><span class='ocrx_word' id='word_1_853' title='bbox 1015 2008 1138 2035; x_wconf 89' lang='lat' dir='ltr'><strong>amittere</strong></span> <span class='ocrx_word' id='word_1_854' title='bbox 1152 2008 1196 2036; x_wconf 86' lang='lat' dir='ltr'><strong>illa</strong></span> <span class='ocrx_word' id='word_1_855' title='bbox 1210 2016 1262 2036; x_wconf 91' lang='lat' dir='ltr'><strong>non</strong></span> <span class='ocrx_word' id='word_1_856' title='bbox 1277 2013 1362 2043; x_wconf 84' lang='lat' dir='ltr'><strong>potes.</strong></span> <span class='ocrx_word' id='word_1_857' title='bbox 1378 2008 1412 2036; x_wconf 91' lang='lat' dir='ltr'><strong>Ut</strong></span> <span class='ocrx_word' id='word_1_858' title='bbox 1423 2008 1494 2036; x_wconf 88' lang='lat' dir='ltr'><strong>enim</strong></span> <span class='ocrx_word' id='word_1_859' title='bbox 1512 2009 1533 2036; x_wconf 87' lang='lat' dir='ltr'><strong>si</strong></span> <span class='ocrx_word' id='word_1_860' title='bbox 1546 2016 1638 2035; x_wconf 91' lang='lat' dir='ltr'><strong>aurum</strong></span> <span class='ocrx_word' id='word_1_861' title='bbox 1653 2008 1679 2034; x_wconf 92' lang='lat' dir='ltr'><strong>in</strong></span> <span class='ocrx_word' id='word_1_862' title='bbox 1692 2015 1798 2035; x_wconf 85' lang='lat' dir='ltr'><strong>crume—</strong></span> 
     </span>
    </p>
   </div>
   <div class='ocr_carea' id='block_1_104' title="bbox 1016 2053 1796 2089">
    <p class='ocr_par' dir='ltr' id='par_1_104' title="bbox 1016 2053 1796 2089">
     <span class='ocr_line' id='line_1_104' title="bbox 1016 2053 1796 2089; baseline -0.001 -8"><span class='ocrx_word' id='word_1_863' title='bbox 1016 2062 1076 2082; x_wconf 90' lang='lat' dir='ltr'><strong>nam</strong></span> <span class='ocrx_word' id='word_1_864' title='bbox 1092 2054 1198 2086; x_wconf 88' lang='lat' dir='ltr'><strong>misero,</strong></span> <span class='ocrx_word' id='word_1_865' title='bbox 1209 2054 1361 2089; x_wconf 89' lang='lat' dir='ltr'><strong>constringo</strong></span> <span class='ocrx_word' id='word_1_866' title='bbox 1372 2054 1442 2081; x_wconf 90' lang='lat' dir='ltr'><strong>illam</strong></span> <span class='ocrx_word' id='word_1_867' title='bbox 1455 2057 1482 2081; x_wconf 90' lang='lat' dir='ltr'><strong>et</strong></span> <span class='ocrx_word' id='word_1_868' title='bbox 1491 2054 1611 2088; x_wconf 86' lang='lat' dir='ltr'><strong>obsigno,</strong></span> <span class='ocrx_word' id='word_1_869' title='bbox 1625 2061 1658 2081; x_wconf 91' lang='lat' dir='ltr'><strong>ne</strong></span> <span class='ocrx_word' id='word_1_870' title='bbox 1671 2061 1714 2081; x_wconf 89' lang='lat' dir='ltr'><strong>me</strong></span> <span class='ocrx_word' id='word_1_871' title='bbox 1729 2053 1796 2080; x_wconf 87' lang='lat' dir='ltr'><strong>forte</strong></span> 
     </span>
    </p>
   </div>
   <div class='ocr_carea' id='block_1_105' title="bbox 1014 2099 1794 2134">
    <p class='ocr_par' dir='ltr' id='par_1_105' title="bbox 1014 2099 1794 2134">
     <span class='ocr_line' id='line_1_105' title="bbox 1014 2099 1794 2134; baseline -0.004 -6"><span class='ocrx_word' id='word_1_872' title='bbox 1014 2102 1123 2128; x_wconf 88' lang='lat' dir='ltr'><strong>absente</strong></span> <span class='ocrx_word' id='word_1_873' title='bbox 1136 2100 1177 2127; x_wconf 93' lang='lat' dir='ltr'><strong>fur</strong></span> <span class='ocrx_word' id='word_1_874' title='bbox 1191 2100 1303 2134; x_wconf 88' lang='lat' dir='ltr'><strong>abripiat</strong></span> <span class='ocrx_word' id='word_1_875' title='bbox 1318 2109 1324 2127; x_wconf 90' lang='lat'>:</span> <span class='ocrx_word' id='word_1_876' title='bbox 1339 2100 1377 2127; x_wconf 90' lang='lat' dir='ltr'><strong>sic</strong></span> <span class='ocrx_word' id='word_1_877' title='bbox 1391 2100 1471 2127; x_wconf 87' lang='lat' dir='ltr'><strong>etiam</strong></span> <span class='ocrx_word' id='word_1_878' title='bbox 1494 2107 1555 2134; x_wconf 79' lang='lat' dir='ltr'><strong>erga</strong></span> <span class='ocrx_word' id='word_1_879' title='bbox 1569 2103 1685 2126; x_wconf 83' lang='lat' dir='ltr'><strong>vestram</strong></span> <span class='ocrx_word' id='word_1_880' title='bbox 1698 2099 1794 2125; x_wconf 82' lang='lat' dir='ltr'><strong>carita-</strong></span> 
     </span>
    </p>
   </div>
   <div class='ocr_carea' id='block_1_106' title="bbox 1015 2143 1797 2182">
    <p class='ocr_par' dir='ltr' id='par_1_106' title="bbox 1015 2143 1797 2182">
     <span class='ocr_line' id='line_1_106' title="bbox 1015 2143 1797 2182; baseline -0.006 -8"><span class='ocrx_word' id='word_1_881' title='bbox 1015 2151 1067 2174; x_wconf 86' lang='lat' dir='ltr'><strong>tem</strong></span> <span class='ocrx_word' id='word_1_882' title='bbox 1080 2155 1123 2174; x_wconf 89' lang='lat' dir='ltr'><strong>me</strong></span> <span class='ocrx_word' id='word_1_883' title='bbox 1135 2154 1198 2182; x_wconf 87' lang='lat' dir='ltr'><strong>gero</strong></span> <span class='ocrx_word' id='word_1_884' title='bbox 1214 2155 1220 2172; x_wconf 93' lang='lat'>:</span> <span class='ocrx_word' id='word_1_885' title='bbox 1236 2146 1363 2173; x_wconf 74' lang='lat' dir='ltr'><strong>doctrinae</strong></span> <span class='ocrx_word' id='word_1_886' title='bbox 1373 2145 1525 2172; x_wconf 69' lang='lat' dir='ltr'><strong>assiduitate</strong></span> <span class='ocrx_word' id='word_1_887' title='bbox 1537 2144 1688 2179; x_wconf 81' lang='lat' dir='ltr'><strong>constringo</strong></span> <span class='ocrx_word' id='word_1_888' title='bbox 1700 2164 1707 2176; x_wconf 93' lang='lat'><strong>,</strong></span> <span class='ocrx_word' id='word_1_889' title='bbox 1726 2148 1752 2170; x_wconf 93' lang='lat' dir='ltr'><strong>et</strong></span> <span class='ocrx_word' id='word_1_890' title='bbox 1762 2143 1797 2170; x_wconf 50' lang='lat' dir='ltr'><strong>siv</strong></span> 
     </span>
    </p>
   </div>
   <div class='ocr_carea' id='block_1_107' title="bbox 1013 2191 1796 2228">
    <p class='ocr_par' dir='ltr' id='par_1_107' title="bbox 1013 2191 1796 2228">
     <span class='ocr_line' id='line_1_107' title="bbox 1013 2191 1796 2228; baseline -0.005 -8"><span class='ocrx_word' id='word_1_891' title='bbox 1013 2193 1105 2228; x_wconf 85' lang='lat' dir='ltr'><strong>gilium</strong></span> <span class='ocrx_word' id='word_1_892' title='bbox 1123 2199 1242 2228; x_wconf 90' lang='lat' dir='ltr'><strong>appono,</strong></span> <span class='ocrx_word' id='word_1_893' title='bbox 1268 2196 1437 2226; x_wconf 85' lang='lat' dir='ltr'><strong>mentemque</strong></span> <span class='ocrx_word' id='word_1_894' title='bbox 1457 2196 1572 2218; x_wconf 87' lang='lat' dir='ltr'><strong>vestram</strong></span> <span class='ocrx_word' id='word_1_895' title='bbox 1594 2191 1737 2222; x_wconf 87' lang='lat' dir='ltr'><strong>confirmo,</strong></span> <span class='ocrx_word' id='word_1_896' title='bbox 1763 2197 1796 2217; x_wconf 87' lang='lat' dir='ltr'><strong>ne</strong></span> 
     </span>
    </p>
   </div>
   <div class='ocr_carea' id='block_1_108' title="bbox 1014 2235 1796 2273">
    <p class='ocr_par' dir='ltr' id='par_1_108' title="bbox 1014 2235 1796 2273">
     <span class='ocr_line' id='line_1_108' title="bbox 1014 2235 1796 2273; baseline -0.006 -7"><span class='ocrx_word' id='word_1_897' title='bbox 1014 2240 1085 2267; x_wconf 82' lang='lat' dir='ltr'><strong>iners</strong></span> <span class='ocrx_word' id='word_1_898' title='bbox 1097 2243 1124 2266; x_wconf 88' lang='lat' dir='ltr'><strong>et</strong></span> <span class='ocrx_word' id='word_1_899' title='bbox 1134 2238 1243 2266; x_wconf 86' lang='lat' dir='ltr'><strong>evanida</strong></span> <span class='ocrx_word' id='word_1_900' title='bbox 1265 2237 1377 2273; x_wconf 76' lang='lat' dir='ltr'><strong>segnitie</strong></span> <span class='ocrx_word' id='word_1_901' title='bbox 1399 2236 1540 2268; x_wconf 84' lang='lat' dir='ltr'><strong>reddatur,</strong></span> <span class='ocrx_word' id='word_1_902' title='bbox 1556 2235 1603 2263; x_wconf 87' lang='lat' dir='ltr'><strong>scd</strong></span> <span class='ocrx_word' id='word_1_903' title='bbox 1618 2239 1646 2262; x_wconf 93' lang='lat' dir='ltr'><strong>ut</strong></span> <span class='ocrx_word' id='word_1_904' title='bbox 1658 2242 1716 2262; x_wconf 88' lang='lat' dir='ltr'><strong>eam</strong></span> <span class='ocrx_word' id='word_1_905' title='bbox 1730 2242 1796 2261; x_wconf 92' lang='lat' dir='ltr'><strong>cou-</strong></span> 
     </span>
    </p>
   </div>
   <div class='ocr_carea' id='block_1_109' title="bbox 1014 2281 1794 2319">
    <p class='ocr_par' dir='ltr' id='par_1_109' title="bbox 1014 2281 1794 2319">
     <span class='ocr_line' id='line_1_109' title="bbox 1014 2281 1794 2319; baseline -0.006 -6"><span class='ocrx_word' id='word_1_906' title='bbox 1014 2292 1123 2314; x_wconf 84' lang='lat' dir='ltr'><strong>servans</strong></span> <span class='ocrx_word' id='word_1_907' title='bbox 1138 2285 1224 2319; x_wconf 88' lang='lat' dir='ltr'><strong>potius</strong></span> <span class='ocrx_word' id='word_1_908' title='bbox 1237 2291 1268 2311; x_wconf 85' lang='lat' dir='ltr'><strong>ea</strong></span> <span class='ocrx_word' id='word_1_909' title='bbox 1289 2283 1491 2318; x_wconf 88' lang='lat' dir='ltr'><strong>tranquillitate,</strong></span> <span class='ocrx_word' id='word_1_910' title='bbox 1514 2289 1592 2317; x_wconf 88' lang='lat' dir='ltr'><strong>quam</strong></span> <span class='ocrx_word' id='word_1_911' title='bbox 1608 2281 1651 2309; x_wconf 90' lang='lat' dir='ltr'><strong>hic</strong></span> <span class='ocrx_word' id='word_1_912' title='bbox 1673 2281 1794 2316; x_wconf 78' lang='lat' dir='ltr'><strong>percipit.</strong></span> 
     </span>
    </p>
   </div>
   <div class='ocr_carea' id='block_1_110' title="bbox 1013 2327 1795 2365">
    <p class='ocr_par' dir='ltr' id='par_1_110' title="bbox 1013 2327 1795 2365">
     <span class='ocr_line' id='line_1_110' title="bbox 1013 2327 1795 2365; baseline -0.006 -6"><span class='ocrx_word' id='word_1_913' title='bbox 1013 2337 1150 2360; x_wconf 79' lang='lat' dir='ltr'><strong>externum</strong></span> <span class='ocrx_word' id='word_1_914' title='bbox 1163 2338 1269 2358; x_wconf 90' lang='lat' dir='ltr'><strong>omnem</strong></span> <span class='ocrx_word' id='word_1_915' title='bbox 1283 2330 1422 2357; x_wconf 91' lang='lat' dir='ltr'><strong>tumultum</strong></span> <span class='ocrx_word' id='word_1_916' title='bbox 1437 2329 1572 2365; x_wconf 91' lang='lat' dir='ltr'><strong>repellam.</strong></span> <span class='ocrx_word' id='word_1_917' title='bbox 1588 2327 1645 2355; x_wconf 85' lang='lat' dir='ltr'><strong>Non</strong></span> <span class='ocrx_word' id='word_1_918' title='bbox 1658 2335 1721 2363; x_wconf 80' lang='lat' dir='ltr'><strong>ergo</strong></span> <span class='ocrx_word' id='word_1_919' title='bbox 1734 2333 1795 2355; x_wconf 82' lang='lat' dir='ltr'><strong>sunt</strong></span> 
     </span>
    </p>
   </div>
   <div class='ocr_carea' id='block_1_111' title="bbox 1012 2373 1794 2411">
    <p class='ocr_par' dir='ltr' id='par_1_111' title="bbox 1012 2373 1794 2411">
     <span class='ocr_line' id='line_1_111' title="bbox 1012 2373 1794 2411; baseline -0.006 -7"><span class='ocrx_word' id='word_1_920' title='bbox 1012 2377 1126 2404; x_wconf 82' lang='lat' dir='ltr'><strong>hominis</strong></span> <span class='ocrx_word' id='word_1_921' title='bbox 1140 2376 1256 2411; x_wconf 80' lang='lat' dir='ltr'><strong>[equacis</strong></span> <span class='ocrx_word' id='word_1_922' title='bbox 1270 2375 1349 2403; x_wconf 85' lang='lat' dir='ltr'><strong>verba</strong></span> <span class='ocrx_word' id='word_1_923' title='bbox 1359 2396 1366 2408; x_wconf 90' lang='lat'><strong>,</strong></span> <span class='ocrx_word' id='word_1_924' title='bbox 1380 2382 1439 2410; x_wconf 79' lang='lat' dir='ltr'><strong>quze</strong></span> <span class='ocrx_word' id='word_1_925' title='bbox 1452 2374 1579 2406; x_wconf 85' lang='lat' dir='ltr'><strong>dicimus;</strong></span> <span class='ocrx_word' id='word_1_926' title='bbox 1600 2373 1647 2401; x_wconf 87' lang='lat' dir='ltr'><strong>sed</strong></span> <span class='ocrx_word' id='word_1_927' title='bbox 1666 2373 1794 2401; x_wconf 69' lang='lat' dir='ltr'><strong>sollicitu~</strong></span> 
     </span>
    </p>
   </div>
   <div class='ocr_carea' id='block_1_112' title="bbox 1011 2419 1794 2458">
    <p class='ocr_par' dir='ltr' id='par_1_112' title="bbox 1011 2419 1794 2458">
     <span class='ocr_line' id='line_1_112' title="bbox 1011 2419 1794 2458; baseline -0.009 -7"><span class='ocrx_word' id='word_1_928' title='bbox 1011 2424 1098 2451; x_wconf 90' lang='lat' dir='ltr'><strong>dinem</strong></span> <span class='ocrx_word' id='word_1_929' title='bbox 1110 2444 1118 2456; x_wconf 89' lang='lat'><strong>,</strong></span> <span class='ocrx_word' id='word_1_930' title='bbox 1131 2427 1269 2458; x_wconf 88' lang='lat' dir='ltr'><strong>paternum</strong></span> <span class='ocrx_word' id='word_1_931' title='bbox 1288 2421 1409 2449; x_wconf 78' lang='lat' dir='ltr'><strong>allectum</strong></span> <span class='ocrx_word' id='word_1_932' title='bbox 1429 2425 1456 2448; x_wconf 89' lang='lat' dir='ltr'><strong>et</strong></span> <span class='ocrx_word' id='word_1_933' title='bbox 1467 2419 1583 2448; x_wconf 88' lang='lat' dir='ltr'><strong>doctoris</strong></span> <span class='ocrx_word' id='word_1_934' title='bbox 1602 2426 1718 2447; x_wconf 87' lang='lat' dir='ltr'><strong>amorem</strong></span> <span class='ocrx_word' id='word_1_935' title='bbox 1739 2425 1794 2453; x_wconf 79' lang='lat' dir='ltr'><strong>pra:</strong></span> 
     </span>
    </p>
   </div>
   <div class='ocr_carea' id='block_1_113' title="bbox 1010 2463 1794 2501">
    <p class='ocr_par' dir='ltr' id='par_1_113' title="bbox 1010 2463 1794 2501">
     <span class='ocr_line' id='line_1_113' title="bbox 1010 2463 1794 2501; baseline -0.008 -5"><span class='ocrx_word' id='word_1_936' title='bbox 1010 2476 1040 2496; x_wconf 86' lang='lat' dir='ltr'><strong>se</strong></span> <span class='ocrx_word' id='word_1_937' title='bbox 1053 2468 1147 2500; x_wconf 85' lang='lat' dir='ltr'><strong>ferunt,</strong></span> <span class='ocrx_word' id='word_1_938' title='bbox 1163 2475 1196 2495; x_wconf 89' lang='lat' dir='ltr'><strong>ne</strong></span> <span class='ocrx_word' id='word_1_939' title='bbox 1210 2467 1319 2495; x_wconf 83' lang='lat' dir='ltr'><strong>efﬂuant</strong></span> <span class='ocrx_word' id='word_1_940' title='bbox 1335 2474 1394 2501; x_wconf 69' lang='lat' dir='ltr'><strong>qua:</strong></span> <span class='ocrx_word' id='word_1_941' title='bbox 1403 2466 1535 2493; x_wconf 89' lang='lat' dir='ltr'><strong>dicuntur.</strong></span> <span class='ocrx_word' id='word_1_942' title='bbox 1551 2464 1678 2500; x_wconf 88' lang='lat' dir='ltr'><strong>Equidem</strong></span> <span class='ocrx_word' id='word_1_943' title='bbox 1690 2463 1722 2491; x_wconf 89' lang='lat' dir='ltr'><strong>ad</strong></span> <span class='ocrx_word' id='word_1_944' title='bbox 1737 2463 1794 2490; x_wconf 77' lang='lat' dir='ltr'><strong>haec</strong></span> 
     </span>
    </p>
   </div>
   <div class='ocr_carea' id='block_1_114' title="bbox 1009 2510 1792 2548">
    <p class='ocr_par' dir='ltr' id='par_1_114' title="bbox 1009 2510 1792 2548">
     <span class='ocr_line' id='line_1_114' title="bbox 1009 2510 1792 2548; baseline -0.008 -6"><span class='ocrx_word' id='word_1_945' title='bbox 1009 2515 1119 2543; x_wconf 81' lang='lat' dir='ltr'><strong>dicenda</strong></span> <span class='ocrx_word' id='word_1_946' title='bbox 1131 2514 1239 2541; x_wconf 87' lang='lat' dir='ltr'><strong>mittime</strong></span> <span class='ocrx_word' id='word_1_947' title='bbox 1251 2513 1338 2548; x_wconf 80' lang='lat' dir='ltr'><strong>segnis</strong></span> <span class='ocrx_word' id='word_1_948' title='bbox 1350 2520 1406 2540; x_wconf 88' lang='lat' dir='ltr'><strong>sum</strong></span> <span class='ocrx_word' id='word_1_949' title='bbox 1415 2533 1422 2545; x_wconf 93' lang='lat'><strong>,</strong></span> <span class='ocrx_word' id='word_1_950' title='bbox 1438 2512 1512 2539; x_wconf 89' lang='lat' dir='ltr'><strong>vobis</strong></span> <span class='ocrx_word' id='word_1_951' title='bbox 1524 2516 1611 2538; x_wconf 90' lang='lat' dir='ltr'><strong>autem</strong></span> <span class='ocrx_word' id='word_1_952' title='bbox 1625 2510 1792 2538; x_wconf 82' lang='lat' dir='ltr'><strong>securitatem</strong></span> 
     </span>
    </p>
   </div>
   <div class='ocr_carea' id='block_1_115' title="bbox 1009 2555 1790 2594">
    <p class='ocr_par' dir='ltr' id='par_1_115' title="bbox 1009 2555 1790 2594">
     <span class='ocr_line' id='line_1_115' title="bbox 1009 2555 1790 2594; baseline -0.008 -7"><span class='ocrx_word' id='word_1_953' title='bbox 1009 2560 1122 2594; x_wconf 86' lang='lat' dir='ltr'><strong>idipsum</strong></span> <span class='ocrx_word' id='word_1_954' title='bbox 1136 2559 1203 2594; x_wconf 91' lang='lat' dir='ltr'><strong>parit</strong></span> <span class='ocrx_word' id='word_1_955' title='bbox 1216 2567 1223 2585; x_wconf 84' lang='lat'><strong>:</strong></span> <span class='ocrx_word' id='word_1_956' title='bbox 1237 2558 1333 2586; x_wconf 89' lang='lat' dir='ltr'><strong>docere</strong></span> <span class='ocrx_word' id='word_1_957' title='bbox 1346 2558 1406 2585; x_wconf 89' lang='lat' dir='ltr'><strong>volo</strong></span> <span class='ocrx_word' id='word_1_958' title='bbox 1416 2578 1424 2590; x_wconf 85' lang='lat'><strong>,</strong></span> <span class='ocrx_word' id='word_1_959' title='bbox 1447 2565 1499 2584; x_wconf 93' lang='lat' dir='ltr'><strong>non</strong></span> <span class='ocrx_word' id='word_1_960' title='bbox 1514 2555 1697 2584; x_wconf 87' lang='lat' dir='ltr'><strong>ostentationis</strong></span> <span class='ocrx_word' id='word_1_961' title='bbox 1711 2562 1790 2583; x_wconf 79' lang='lat' dir='ltr'><strong>causa</strong></span> 
     </span>
    </p>
   </div>
   <div class='ocr_carea' id='block_1_116' title="bbox 1009 2603 1792 2639">
    <p class='ocr_par' dir='ltr' id='par_1_116' title="bbox 1009 2603 1792 2639">
     <span class='ocr_line' id='line_1_116' title="bbox 1009 2603 1792 2639; baseline -0.005 -7"><span class='ocrx_word' id='word_1_962' title='bbox 1009 2605 1104 2632; x_wconf 84' lang='lat' dir='ltr'><strong>facere.</strong></span> <span class='ocrx_word' id='word_1_963' title='bbox 1118 2604 1175 2632; x_wconf 83' lang='lat' dir='ltr'><strong>Non</strong></span> <span class='ocrx_word' id='word_1_964' title='bbox 1186 2610 1227 2632; x_wconf 88' lang='lat' dir='ltr'><strong>est</strong></span> <span class='ocrx_word' id='word_1_965' title='bbox 1241 2605 1320 2639; x_wconf 80' lang='lat' dir='ltr'><strong>igitur</strong></span> <span class='ocrx_word' id='word_1_966' title='bbox 1333 2603 1402 2631; x_wconf 88' lang='lat' dir='ltr'><strong>ullus</strong></span> <span class='ocrx_word' id='word_1_967' title='bbox 1414 2603 1457 2639; x_wconf 89' lang='lat' dir='ltr'><strong>qui</strong></span> <span class='ocrx_word' id='word_1_968' title='bbox 1472 2607 1579 2638; x_wconf 90' lang='lat' dir='ltr'><strong>peccato</strong></span> <span class='ocrx_word' id='word_1_969' title='bbox 1592 2606 1691 2634; x_wconf 84' lang='lat' dir='ltr'><strong>careat,</strong></span> <span class='ocrx_word' id='word_1_970' title='bbox 1706 2608 1792 2636; x_wconf 87' lang='lat' dir='ltr'><strong>neque</strong></span> 
     </span>
    </p>
   </div>
   <div class='ocr_carea' id='block_1_117' title="bbox 1009 2645 1789 2686">
    <p class='ocr_par' dir='ltr' id='par_1_117' title="bbox 1009 2645 1789 2686">
     <span class='ocr_line' id='line_1_117' title="bbox 1009 2645 1789 2686; baseline -0.006 -8"><span class='ocrx_word' id='word_1_971' title='bbox 1009 2656 1131 2686; x_wconf 89' lang='lat' dir='ltr'><strong>peccator</strong></span> <span class='ocrx_word' id='word_1_972' title='bbox 1145 2651 1214 2677; x_wconf 92' lang='lat' dir='ltr'><strong>ullus</strong></span> <span class='ocrx_word' id='word_1_973' title='bbox 1228 2655 1287 2683; x_wconf 91' lang='lat' dir='ltr'><strong>est,</strong></span> <span class='ocrx_word' id='word_1_974' title='bbox 1309 2649 1353 2685; x_wconf 89' lang='lat' dir='ltr'><strong>qui</strong></span> <span class='ocrx_word' id='word_1_975' title='bbox 1370 2649 1469 2677; x_wconf 89' lang='lat' dir='ltr'><strong>bonum</strong></span> <span class='ocrx_word' id='word_1_976' title='bbox 1483 2648 1589 2683; x_wconf 87' lang='lat' dir='ltr'><strong>aliquod</strong></span> <span class='ocrx_word' id='word_1_977' title='bbox 1604 2655 1656 2675; x_wconf 90' lang='lat' dir='ltr'><strong>non</strong></span> <span class='ocrx_word' id='word_1_978' title='bbox 1671 2645 1766 2674; x_wconf 84' lang='lat' dir='ltr'><strong>haheat</strong></span> <span class='ocrx_word' id='word_1_979' title='bbox 1781 2656 1789 2674; x_wconf 86' lang='lat'><strong>:</strong></span> 
     </span>
    </p>
   </div>
   <div class='ocr_carea' id='block_1_118' title="bbox 1007 2692 1791 2731">
    <p class='ocr_par' dir='ltr' id='par_1_118' title="bbox 1007 2692 1791 2731">
     <span class='ocr_line' id='line_1_118' title="bbox 1007 2692 1791 2731; baseline -0.005 -7"><span class='ocrx_word' id='word_1_980' title='bbox 1007 2696 1054 2724; x_wconf 85' lang='lat' dir='ltr'><strong>sed</strong></span> <span class='ocrx_word' id='word_1_981' title='bbox 1076 2696 1200 2730; x_wconf 83' lang='lat' dir='ltr'><strong>quoniam</strong></span> <span class='ocrx_word' id='word_1_982' title='bbox 1214 2696 1348 2730; x_wconf 83' lang='lat' dir='ltr'><strong>utriusque</strong></span> <span class='ocrx_word' id='word_1_983' title='bbox 1361 2699 1450 2731; x_wconf 85' lang='lat' dir='ltr'><strong>parata</strong></span> <span class='ocrx_word' id='word_1_984' title='bbox 1467 2698 1508 2721; x_wconf 88' lang='lat' dir='ltr'><strong>est</strong></span> <span class='ocrx_word' id='word_1_985' title='bbox 1521 2692 1699 2721; x_wconf 86' lang='lat' dir='ltr'><strong>remuneratio</strong></span> <span class='ocrx_word' id='word_1_986' title='bbox 1710 2712 1718 2725; x_wconf 89' lang='lat'><strong>,</strong></span> <span class='ocrx_word' id='word_1_987' title='bbox 1731 2692 1791 2720; x_wconf 83' lang='lat' dir='ltr'><strong>vide</strong></span> 
     </span>
    </p>
   </div>
   <div class='ocr_carea' id='block_1_119' title="bbox 1007 2738 1787 2777">
    <p class='ocr_par' dir='ltr' id='par_1_119' title="bbox 1007 2738 1787 2777">
     <span class='ocr_line' id='line_1_119' title="bbox 1007 2738 1787 2777; baseline -0.005 -9"><span class='ocrx_word' id='word_1_988' title='bbox 1007 2741 1069 2777; x_wconf 90' lang='lat' dir='ltr'><strong>quid</strong></span> <span class='ocrx_word' id='word_1_989' title='bbox 1085 2741 1139 2768; x_wconf 84' lang='lat' dir='ltr'><strong>fiat.</strong></span> <span class='ocrx_word' id='word_1_990' title='bbox 1153 2742 1281 2769; x_wconf 85' lang='lat' dir='ltr'><strong>Peccator</strong></span> <span class='ocrx_word' id='word_1_991' title='bbox 1295 2748 1385 2776; x_wconf 90' lang='lat' dir='ltr'><strong>parem</strong></span> <span class='ocrx_word' id='word_1_992' title='bbox 1400 2739 1475 2767; x_wconf 87' lang='lat' dir='ltr'><strong>bouis</strong></span> <span class='ocrx_word' id='word_1_993' title='bbox 1487 2739 1541 2766; x_wconf 90' lang='lat' dir='ltr'><strong>suis</strong></span> <span class='ocrx_word' id='word_1_994' title='bbox 1556 2738 1650 2773; x_wconf 90' lang='lat' dir='ltr'><strong>recipit</strong></span> <span class='ocrx_word' id='word_1_995' title='bbox 1661 2745 1787 2765; x_wconf 82' lang='lat' dir='ltr'><strong>remune-</strong></span> 
     </span>
    </p>
   </div>
   <div class='ocr_carea' id='block_1_120' title="bbox 1007 2783 1789 2822">
    <p class='ocr_par' dir='ltr' id='par_1_120' title="bbox 1007 2783 1789 2822">
     <span class='ocr_line' id='line_1_120' title="bbox 1007 2783 1789 2822; baseline -0.006 -7"><span class='ocrx_word' id='word_1_996' title='bbox 1007 2788 1136 2815; x_wconf 86' lang='lat' dir='ltr'><strong>rationem</strong></span> <span class='ocrx_word' id='word_1_997' title='bbox 1150 2808 1157 2820; x_wconf 93' lang='lat'><strong>,</strong></span> <span class='ocrx_word' id='word_1_998' title='bbox 1180 2787 1202 2815; x_wconf 90' lang='lat' dir='ltr'><strong>si</strong></span> <span class='ocrx_word' id='word_1_999' title='bbox 1215 2787 1276 2822; x_wconf 91' lang='lat' dir='ltr'><strong>quid</strong></span> <span class='ocrx_word' id='word_1_1000' title='bbox 1290 2787 1329 2814; x_wconf 88' lang='lat' dir='ltr'><strong>vel</strong></span> <span class='ocrx_word' id='word_1_1001' title='bbox 1345 2786 1482 2813; x_wconf 88' lang='lat' dir='ltr'><strong>minitnum</strong></span> <span class='ocrx_word' id='word_1_1002' title='bbox 1496 2785 1559 2812; x_wconf 90' lang='lat' dir='ltr'><strong>boni</strong></span> <span class='ocrx_word' id='word_1_1003' title='bbox 1572 2784 1668 2812; x_wconf 85' lang='lat' dir='ltr'><strong>habeat</strong></span> <span class='ocrx_word' id='word_1_1004' title='bbox 1680 2804 1687 2816; x_wconf 92' lang='lat'><strong>,</strong></span> <span class='ocrx_word' id='word_1_1005' title='bbox 1703 2787 1730 2811; x_wconf 87' lang='lat' dir='ltr'><strong>et</strong></span> <span class='ocrx_word' id='word_1_1006' title='bbox 1746 2783 1789 2818; x_wconf 88' lang='lat' dir='ltr'><strong>ju-</strong></span> 
     </span>
    </p>
   </div>
   <div class='ocr_carea' id='block_1_121' title="bbox 1007 2829 1789 2870">
    <p class='ocr_par' dir='ltr' id='par_1_121' title="bbox 1007 2829 1789 2870">
     <span class='ocr_line' id='line_1_121' title="bbox 1007 2829 1789 2870; baseline -0.008 -8"><span class='ocrx_word' id='word_1_1007' title='bbox 1007 2839 1063 2862; x_wconf 89' lang='lat' dir='ltr'><strong>stus</strong></span> <span class='ocrx_word' id='word_1_1008' title='bbox 1077 2834 1190 2870; x_wconf 80' lang='lat' dir='ltr'><strong>peccatis</strong></span> <span class='ocrx_word' id='word_1_1009' title='bbox 1209 2835 1263 2862; x_wconf 89' lang='lat' dir='ltr'><strong>suis</strong></span> <span class='ocrx_word' id='word_1_1010' title='bbox 1284 2842 1330 2869; x_wconf 85' lang='lat' dir='ltr'><strong>par</strong></span> <span class='ocrx_word' id='word_1_1011' title='bbox 1342 2833 1468 2870; x_wconf 74' lang='lat' dir='ltr'><strong>judicium</strong></span> <span class='ocrx_word' id='word_1_1012' title='bbox 1491 2832 1600 2868; x_wconf 74' lang='lat' dir='ltr'><strong>recipit,</strong></span> <span class='ocrx_word' id='word_1_1013' title='bbox 1619 2831 1642 2858; x_wconf 90' lang='lat' dir='ltr'><strong>si</strong></span> <span class='ocrx_word' id='word_1_1014' title='bbox 1661 2829 1789 2858; x_wconf 84' lang='lat' dir='ltr'><strong>tantillum</strong></span> 
     </span>
    </p>
   </div>
  </div>
