2042 3121
199 144 264 171 1045

197 203 334 234 postquam
348 200 448 227 liberali
463 209 541 228 nianu
556 202 656 229 sentina
668 203 735 229 siuui
755 209 830 230 terra:
840 205 980 237 commisit,

196 252 281 279 neque
302 245 409 280 dignum
433 246 566 274 laboribus
579 255 688 281 germen
702 248 771 275 videt
792 250 891 276 exoriri
906 270 913 281 ,
929 257 981 276 non

194 290 286 317 eadem
300 299 360 317 cum
384 291 464 318 animi
485 292 621 319 alacritate
645 294 832 327 agriculturam
853 300 980 322 exercet:

192 337 318 368 quoniam
334 343 395 370 Spes
407 337 535 365 ubertatis
547 338 650 373 frugum
667 347 772 374 semper
786 340 932 367 molestiam
945 339 982 367 la~

194 381 287 408 horum
314 382 457 409 imminuit.
471 383 529 410 Pari
555 385 657 412 ratione
676 392 723 412 nos
745 393 849 420 quoque
872 386 981 413 multum

194 427 264 454 hunc
279 427 391 454 docendi
407 428 524 456 laborem
538 437 614 464 :cquo
625 430 713 457 animo
729 430 858 458 ferremus
873 452 880 464 ,
896 432 918 458 si
934 440 982 459 nos

191 472 327 507 quidpiam
343 473 486 507 profecisse
497 475 679 503 cohortatione
695 481 783 503 nostra
798 477 981 504 didicissemus

192 518 225 544 ad
240 518 381 546 utilitatem
395 524 510 547 vestram
532 522 739 555 promovendam
756 531 762 548 :
774 522 828 556 jam
843 530 907 550 vero
920 530 979 549 cum

193 565 388 599 conspiciamus
401 566 471 600 quod
485 571 544 601 post
557 572 608 594 tam
622 568 717 594 multas
727 567 924 595 cohortationes
934 575 981 595 no-

192 615 271 643 stras,
288 616 346 644 post
360 616 412 638 tam
428 613 524 639 multas
538 613 732 641 admonitiones
744 621 771 641 et
785 614 979 649 castigationes,

193 656 290 690 (neque
303 658 373 684 enim
386 659 548 686 cessavimus
558 659 633 687 vobis
651 659 676 686 in
690 661 844 687 memoriam
856 666 981 688 revocare

194 703 358 730 tremendum
381 704 446 731 illud
462 705 575 732 tribunal
589 726 595 737 ,
611 706 776 734 inevitabiles
796 706 855 733 illas
869 713 959 741 ptenas
970 727 978 739 ,

194 745 279 781 ignem
297 747 367 774 illum
381 769 388 781 ,
402 749 446 784 qui
459 757 601 785 numquam
616 751 807 786 exstinguitur,
823 756 850 778 et
863 758 980 778 vcrmem

194 792 237 826 qui
251 800 393 827 numquam
407 795 526 827 moritur,
544 803 635 822 eorum
650 796 792 828 nonnullis,
808 797 852 831 qui
863 796 920 823 luce
931 804 980 822 au-

193 836 269 864 diunt
281 857 288 869 .
305 839 369 872 (non
393 839 462 866 enini
481 840 506 866 in
521 848 614 868 omnes
632 842 789 868 sententiam
809 841 883 874 fero,
899 841 980 875 absit)

194 883 287 910 borum
303 885 420 912 tunnium
433 886 530 920 oblitis,
545 895 636 915 rursus
651 888 687 915 illi
701 889 817 916 satanico
830 896 858 916 se
869 888 980 916 Circen-

193 929 260 956 sium
274 932 425 964 spectaculo
437 932 577 966 dederunt,
593 941 644 969 qua
658 935 763 962 tandem
783 935 980 969 exspectatione

194 975 281 1003 laetati
305 977 449 1005 rcdibinius
472 978 506 1005 ad
525 980 632 1006 eosdem
656 979 780 1012 labores,
796 984 822 1007 et
846 979 913 1007 hanc
927 980 980 1007 illis

192 1020 339 1048 doctrinam
361 1023 524 1057 spiritualcm
544 1032 708 1060 apponemus
720 1046 727 1058 ,
740 1032 800 1052 cum
817 1025 918 1052 nullum
934 1032 980 1052 eos

193 1066 254 1093 inde
269 1067 380 1095 fructum
397 1070 546 1104 percepisse
560 1070 697 1098 videamus
712 1091 720 1102 ,
735 1071 781 1098 sed
796 1071 978 1098 consuetudini

191 1111 294 1139 cuidam
307 1118 408 1141 temere
420 1115 597 1149 obsequentes
609 1123 668 1142 cum
681 1116 819 1150 applausu,
834 1124 893 1150 quae
904 1116 978 1144 dice-

192 1157 287 1184 bantur
309 1166 323 1185 a
347 1159 590 1195 nobis,excepisse
609 1161 736 1197 nobisque
761 1162 978 1197 significationem

192 1202 298 1230 dedisse
318 1204 460 1238 voluptatis
473 1205 531 1240 ejus
545 1213 623 1240 quam
644 1214 676 1234 ex
697 1208 793 1234 nostris
812 1208 979 1235 sermonibus

192 1248 348 1282 capiebant,
362 1256 394 1276 ac
417 1249 512 1277 deinde
537 1258 627 1279 rursus
649 1251 682 1279 ad
702 1252 806 1279 Circum
819 1259 977 1284 accurrere,

192 1294 337 1329 maiorique
350 1303 410 1322 cum
422 1297 560 1332 applausu,
571 1302 598 1325 et
609 1297 736 1325 ell‘renata
749 1298 862 1333 quadam
877 1298 978 1326 insania

192 1342 310 1369 cursibus
324 1344 480 1378 agitatorum
495 1344 584 1373 favere
596 1366 603 1378 ,
618 1352 720 1373 summa
733 1346 901 1373 contentione
918 1353 977 1373 cum

192 1390 242 1416 illis
257 1397 415 1418 concurrere
429 1412 436 1423 ,
450 1395 477 1418 et
499 1391 568 1418 inter
586 1399 615 1419 se
636 1391 787 1427 frequenter
806 1392 908 1419 velitari
926 1412 933 1424 ,
948 1399 979 1419 ac

191 1435 289 1468 dicere,
307 1444 386 1462 unqu
401 1437 506 1471 quidem
521 1445 552 1464 ex
569 1438 644 1472 equis
658 1445 709 1465 non
723 1442 795 1466 recte
807 1439 955 1466 cucurrisse
970 1458 977 1470 ,

191 1481 302 1507 alterum
318 1489 381 1508 vero
396 1482 592 1516 supplantatutn
606 1491 666 1510 esse
680 1484 831 1518 prolapsum
845 1505 851 1516 ,
868 1489 894 1511 et
908 1483 979 1510 hunc

192 1526 297 1561 quidem
319 1527 355 1554 illi
372 1528 492 1562 agitatori
508 1537 537 1556 se
549 1529 703 1564 adjungere,
719 1530 792 1557 illum
803 1538 867 1557 vero
880 1531 955 1558 alteri
970 1552 976 1561 ,

192 1579 241 1598 nec
255 1579 363 1605 usquam
379 1580 425 1599 eos
441 1578 529 1600 tuente
543 1580 665 1607 versare,
680 1573 720 1601 vel
734 1575 866 1602 recordari
882 1576 977 1602 verbo-

192 1625 248 1644 rtnn
263 1609 526 1654 nostrorumpncque
537 1620 712 1654 spiritualium
727 1621 978 1655 tretnendornmquc

193 1663 376 1697 mysteriorum
390 1671 449 1698 quae
464 1664 506 1691 hic
524 1665 691 1692 celebrantur
702 1687 709 1699 ,
725 1666 771 1692 sed
789 1667 862 1701 quasi
883 1667 978 1694 diaboli

193 1708 292 1744 laqueis
302 1709 398 1743 captivi
413 1715 562 1742 teneantur,
577 1711 629 1737 illic
640 1715 710 1737 totos
721 1711 778 1738 dies
789 1711 937 1742 traducere,
954 1718 980 1739 et

193 1755 316 1781 satanicis
329 1755 487 1788 spectaculis
497 1763 526 1783 se
537 1755 644 1788 dedere,
661 1763 742 1792 seque
756 1757 854 1784 .ludteis
867 1765 897 1784 ac
907 1758 979 1785 Gen-

193 1800 280 1827 tilibus
291 1801 440 1836 opprobriis
452 1801 601 1828 obruendos
611 1810 641 1828 ex
647 1810 754 1836 ponere,
767 1803 870 1838 illisque
883 1804 926 1837 qui
939 1811 981 1830 re-

193 1845 242 1872 bus
252 1847 349 1873 ttostris
359 1846 489 1873 voluerint
498 1847 667 1874 obtrectare?

229 1891 250 1916 Α
265 1891 414 1925 spectaculis
428 1891 540 1925 profanis
553 1897 650 1919 avocat.
665 1907 698 1913 —
711 1892 775 1926 Quis
786 1901 859 1928 ergo.
876 1895 979 1921 tametsi

195 1935 273 1962 fuerit
294 1937 371 1970 plane
393 1943 488 1964 saxeus
499 1957 506 1969 ,
521 1941 567 1963 aut
581 1938 702 1971 stupidus
715 1959 721 1970 ,
737 1938 788 1966 hoc
808 1939 866 1966 sine
888 1939 980 1966 dolore

195 1981 264 2008 ferre
280 1982 373 2016 poterit
386 2002 392 2014 ,
409 1982 505 2009 nedum
520 1990 578 2014 nos,
593 1983 637 2017 qui
651 1991 714 2017 erga
729 1990 775 2010 vos
787 1991 879 2010 omnes
890 1989 980 2018 pater-

195 2034 257 2053 num
278 2026 402 2054 affectum
426 2027 552 2055 exhibere
578 2029 884 2060 eontendimus?Neque
910 2030 979 2056 enim

196 2071 246 2098 hoc
268 2072 353 2098 solum
377 2076 438 2105 est,
458 2073 527 2107 quod
553 2074 628 2100 nobis
648 2073 766 2101 dolorem
788 2074 888 2108 inurit,
911 2075 980 2109 quod

195 2119 313 2146 inutilem
333 2124 452 2146 nostrum
468 2119 584 2147 laborem
608 2120 794 2153 reddatis,sed
817 2121 899 2148 multo
925 2129 980 2148 ma-

195 2165 235 2199 gis
257 2165 356 2200 tangit,
381 2172 441 2192 cum
464 2166 540 2192 nobis
563 2166 635 2193 venit
660 2166 685 2192 in
704 2171 819 2194 mentem
844 2174 912 2200 eos,
937 2167 980 2202 qui

197 2211 252 2239 ha-c
268 2211 381 2245 faciunt,
399 2212 547 2246 graviorem
562 2213 610 2239 sibi
622 2212 817 2239 damnationem
833 2220 980 2240 acceiscre.

195 2258 248 2285 Nos
261 2258 330 2285 enim
345 2258 463 2285 laborum
478 2258 626 2286 mercedem
636 2266 650 2285 a
661 2259 772 2286 Domino
780 2265 979 2293 exspectamus:

196 2303 319 2337 quoniam
334 2303 358 2330 id
373 2303 441 2338 quod
457 2303 539 2331 nostri
554 2305 672 2331 muneris
683 2305 739 2336 fuit,
752 2305 921 2339 perfecimus,
935 2314 981 2340 pe-

195 2349 298 2376 cuniam
320 2349 510 2383 echndimus,
522 2355 548 2376 et
561 2349 690 2377 creditum
703 2350 778 2378 nobis
790 2350 913 2377 talentum
925 2350 982 2378 dis-

197 2395 353 2426 tribuimus,
368 2395 432 2421 nihil
455 2403 547 2422 eorum
570 2403 628 2430 qua:
657 2401 806 2423 nestrarum
828 2400 904 2424 erant
923 2404 983 2430 par-

197 2440 260 2466 tium
283 2440 515 2474 prmtennisimus;
531 2441 574 2475 qui
590 2447 655 2467 vero
668 2441 820 2475 spirituales
837 2442 883 2468 has
904 2449 984 2476 pecu-

196 2487 252 2512 nias
261 2487 829 2521 ncceperunt,quam,qumso,excusationem
838 2487 982 2518 habebunt,

196 2538 274 2565 quam
289 2532 402 2563 veniam,
413 2536 473 2558 cum
489 2539 539 2558 non
554 2532 607 2558 illze
619 2537 718 2559 tantum
731 2532 764 2558 ab
775 2532 814 2559 eis
828 2533 982 2567 exigentur,

196 2578 242 2604 sed
257 2578 337 2604 etiam
351 2582 468 2612 quiestus
479 2577 713 2611 illarum?Quibus
727 2578 811 2605 oculis
821 2578 935 2612 judicent
948 2579 984 2604 in-

199 2624 358 2651 tuebuntur?
368 2624 425 2658 Quo
436 2629 511 2658 pacto
523 2623 713 2652 formidabilem
722 2625 796 2652 illum
806 2625 876 2652 diem
888 2624 982 2658 ferent,

199 2670 364 2698 intoleranda
389 2670 540 2697 tormenta?
563 2669 630 2697 Num
657 2671 726 2697 enim
754 2670 787 2698 ad
811 2671 983 2706 ignorantiam

197 2716 340 2750 confugere
360 2715 504 2750 poterunt?
517 2715 639 2749 Quotidie
654 2716 826 2743 inclamamus
836 2736 843 2749 ,
855 2715 983 2743 admone-

198 2768 266 2798 mus,
281 2761 463 2794 cohortamur,
477 2761 576 2789 fraudis
592 2760 734 2796 perniciem
750 2761 906 2794 indicamus,
923 2769 984 2794 gra-

199 2809 304 2834 vitatem
319 2807 419 2839 damni,
435 2806 543 2834 satanici
557 2811 703 2834 conventus
718 2806 817 2838 dolum,
833 2814 881 2833 nec
897 2811 984 2833 tamen

199 2855 233 2881 ita
254 2853 386 2889 potuimus
400 2859 578 2880 commovere.
592 2851 659 2886 Quid
675 2851 733 2880 dico
750 2851 820 2880 diem
840 2852 912 2880 illum
928 2851 981 2879 for-

814 148 856 175 ΒΕ
875 147 1010 176 LAZABO
1028 147 1150 176 CONCIO
1171 148 1224 177 \'ll.

1759 153 1824 180 Η)ἁῦ

1040 206 1210 234 midahilt-tu?
1226 207 1331 234 hitcrini
1352 207 1385 235 de
1410 209 1486 243 hujus
1507 209 1566 236 \‘itte
1582 209 1660 236 rebus
1675 217 1824 239 sermonem

1038 252 1214 278 instituamus.
1231 253 1288 285 Quo
1303 257 1396 286 pacto,
1411 260 1516 287 flllil‘Sf),
1534 259 1675 288 poterunt,
1693 255 1736 289 qui
1751 262 1822 283 sata-

1037 297 1095 323 nico
1111 297 1147 324 illi
1163 299 1314 332 spectaculo
1328 299 1469 328 intersunt.
1481 299 1533 326 huc
1547 300 1710 327 confidenter
1722 302 1821 335 venire,

1036 349 1095 369 cum
1111 350 1140 370 se
1153 343 1185 370 ab
1197 343 1349 378 insurgente
1362 351 1393 371 ac
1402 344 1572 372 vehementer
1583 346 1746 373 reclamante
1760 354 1824 373 colt-

1035 388 1145 414 scientia
1164 396 1209 415 sua
1223 389 1336 416 sentiant
1349 389 1538 417 condemnari?
1549 391 1643 417 Annon
1660 392 1769 418 audiunt
1780 392 1822 419 isti

1035 432 1139 460 beatum
1155 433 1419 466 Paulum,doctorem
1437 435 1508 462 orbis
1523 440 1651 462 terrarum
1668 436 1800 464 dicentem
1815 447 1821 463 :

1036 478 1099 510 Quae
1111 479 1214 506 societas
1230 479 1279 506 luci
1297 480 1330 506 ad
1351 480 1473 512 tenebras,
1488 486 1531 507 aut
1544 485 1599 515 (μιιὲ
1611 490 1670 516 pars
1685 482 1754 515 ﬁdeli
1766 491 1823 508 cum

1033 523 1130 557 inﬁdeli
1145 523 1182 559 (Ξ.
1197 524 1254 552 Cor.
1271 524 1295 552 6.
1313 525 1378 560 i-l)?
1390 525 1491 559 Quanta
1511 527 1581 553 enim
1598 526 1822 554 condcmnatione

1033 568 1139 603 dignum
1160 570 1321 597 censendum
1343 575 1383 597 cst
1395 591 1402 604 ,
1415 579 1476 598 cum
1493 572 1592 604 fidelis,
1606 573 1650 607 qni
1667 580 1772 607 pri-cum
1795 578 1822 600 et

1033 614 1229 642 tremendoruin
1253 617 1437 651 mysteriorum
1453 624 1511 652 qua:
1526 616 1568 644 hic
1587 618 1772 650 Celebrantur,
1790 626 1820 644 at:

1033 660 1175 693 spiritualis
1197 660 1324 688 doctrina:
1343 662 1477 696 particeps
1497 662 1590 694 fuerit,
1606 667 1664 697 post
1679 662 1757 697 hujus
1769 663 1820 689 loci

1033 705 1189 734 sacriﬁcium
1204 708 1322 735 satanico
1339 708 1377 735 illi
1397 709 1548 743 spectaculo
1561 716 1620 736 cmn
1640 709 1738 736 infideli
1753 711 1804 736 aSsi
1814 724 1821 729 ο

1033 750 1110 785 deat,
1123 758 1182 778 cum
1202 759 1235 779 eo
1256 753 1299 787 qui
1324 753 1349 780 in
1365 753 1480 780 tenebris
1500 754 1642 788 impietatis
1660 755 1782 787 aberrat,
1799 756 1820 782 is

1032 796 1076 830 qui
1087 796 1150 823 solis
1159 796 1267 831 inslilit}!
1278 797 1357 825 fuerit
1370 798 1450 825 radiis
1462 799 1626 826 illustratus?
1639 800 1694 832 Qua
1706 801 1818 830 ratione.

1032 848 1122 874 quaeso
1132 862 1138 873 .
1155 841 1279 877 deinceps
1294 844 1438 877 poterimus
1453 843 1598 871 Gentilibus
1613 849 1658 871 aut
1672 845 1770 872 Jttdzcis
1790 854 1820 872 os

1032 885 1174 914 obturare?
1187 888 1242 922 Qua
1259 888 1361 916 ratione
1381 889 1505 916 inducere
1525 890 1668 917 Valebintus
1682 911 1688 921 ,
1703 898 1733 917 ac
1757 898 1818 925 per-

1032 933 1143 960 suadere
1155 953 1163 966 ,
1175 938 1203 960 ut
1216 932 1248 960 ad
1263 934 1365 968 pietatis
1381 940 1467 968 partes
1479 939 1612 962 transeant
1623 956 1630 965 ,
1644 943 1703 962 cum
1718 942 1764 963 eos
1780 936 1818 962 ri-

1031 979 1130 1011 deant,
1143 980 1188 1014 qui
1200 985 1270 1007 stant
1284 988 1298 1007 a
1315 981 1390 1008 nobis
1402 1001 1408 1012 ,
1424 981 1448 1007 in
1466 981 1618 1015 perniciosis
1632 982 1682 1009 illis
1694 982 1818 1016 omnique.

1031 1024 1149 1051 sordium
1162 1032 1258 1058 genere
1271 1025 1478 1052 redundantibus
1493 1026 1600 1053 theatris
1611 1034 1670 1053 cum
1684 1026 1734 1053 illis
1745 1034 1817 1053 coni-

1032 1069 1146 1096 misceri.
1161 1069 1213 1096 Cur
1223 1069 1293 1097 enim
1306 1090 1313 1102 ,
1325 1078 1429 1105 (μηκέθ,
1447 1076 1582 1105 postquam
1600 1072 1649 1098 huc
1665 1071 1758 1098 venisti
1771 1092 1778 1104 ,
1792 1076 1820 1097 et

1030 1115 1148 1141 animum
1167 1115 1315 1150 expurgasti
1329 1136 1336 1148 ,
1353 1121 1520 1150 mentemque
1545 1115 1576 1142 ad
1601 1116 1771 1143 sobrietatem
1792 1121 1819 1142 ct

1031 1161 1214 1188 contritionetn
1238 1161 1362 1189 induxisti
1379 1182 1386 1194 ,
1403 1169 1494 1188 rursus
1514 1162 1575 1189 illuc
1600 1162 1691 1189 abiens
1706 1162 1817 1196 leipsum

1030 1207 1213 1233 contaminas?
1228 1206 1284 1234 Non
1300 1207 1374 1234 audis
1394 1208 1540 1242 sapientem
1563 1207 1702 1242 quemdam
1725 1207 1816 1234 dicen-

1031 1256 1084 1279 tem
1097 1261 1104 1278 :
1117 1251 1189 1280 Unus
1199 1252 1339 1287 (edi/imus,
1349 1257 1371 1279 et
1382 1261 1447 1279 unus
1458 1253 1599 1285 destruens,
1610 1253 1670 1287 quid
1683 1253 1818 1288 proﬁciunt

1029 1298 1111 1331 aliud,
1120 1306 1194 1333 quam
1208 1298 1304 1326 labores
1316 1298 1408 1333 (Et-cli.
1420 1300 1464 1326 54.
1477 1298 1576 1335 28)?ld
1590 1306 1652 1326 vero
1661 1306 1730 1326 nunc
1739 1299 1818 1326 etiam

1030 1343 1069 1371 fit.
1085 1343 1149 1372 Cum
1164 1345 1234 1372 enim
1250 1353 1280 1372 ea
1304 1352 1362 1380 quae
1379 1352 1393 1371 a
1415 1346 1490 1372 nobis
1511 1345 1553 1372 hic
1573 1344 1702 1372 :edificata
1717 1345 1818 1372 fuerant

1031 1398 1077 1425 per
1087 1391 1231 1419 doctrinam
1244 1391 1386 1425 aSsiduam,
1398 1396 1425 1418 ct.
1437 1391 1598 1426 spiritualem
1615 1390 1682 1418 hanc
1695 1390 1817 1418 admoni-

1031 1438 1128 1464 tionem
1141 1458 1148 1469 ,
1162 1437 1300 1465 confestim
1318 1437 1379 1464 illuc
1393 1437 1484 1464 abiens
1498 1437 1585 1463 omnia
1599 1436 1732 1467 dcstruas,
1750 1440 1776 1463 et
1792 1435 1818 1462 in

1031 1483 1219 1517 pavimentum,
1232 1488 1259 1509 ut
1275 1483 1307 1509 ita
1322 1483 1421 1517 loquar,
1437 1482 1555 1516 abjicias,
1568 1481 1629 1516 quid
1641 1481 1715 1508 nobis
1725 1481 1820 1515 prodc~

1031 1529 1081 1561 rit,
1096 1528 1117 1555 si
1137 1536 1228 1555 rursus
1249 1528 1387 1554 a-dificimn
1409 1522 1600 1559 insta’urmntts,
1615 1532 1641 1554 et
1656 1535 1702 1554 vos
1725 1527 1817 1553 iterum

1031 1572 1265 1606 destruatis?Quis
1289 1582 1340 1600 non
1365 1581 1474 1600 Smnmze
1495 1573 1633 1600 dementiae
1650 1573 1700 1600 hoc
1720 1573 1820 1599 facinus

1031 1619 1127 1646 dixerit
1139 1626 1169 1646 ac
1182 1619 1297 1646 furoris?
1311 1619 1356 1646 Dic
1371 1619 1440 1645 enim
1454 1641 1461 1652 ,
1476 1625 1564 1654 quaeso
1575 1639 1582 1651 ,
1596 1619 1616 1645 si
1633 1619 1658 1645 in
1679 1619 1818 1645 sensilibus

1032 1667 1089 1693 istis
1102 1666 1237 1699 mdificiis,
1251 1674 1309 1701 quae
1320 1674 1350 1692 ex
1366 1666 1495 1700 lapidibus
1508 1670 1706 1696 construuntur,
1722 1674 1815 1700 quem-

1032 1713 1101 1746 piam
1116 1719 1239 1739 cerncrcs
1255 1711 1305 1738 hoc
1315 1716 1434 1746 agentem
1448 1720 1453 1737 :
1466 1719 1552 1738 nonnc
1564 1719 1624 1738 eum
1638 1716 1769 1745 tamquam
1780 1712 1818 1736 l'n-

1032 1758 1129 1784 riosmn
1140 1758 1289 1790 iutuereris,
1299 1762 1342 1784 aut
1356 1758 1451 1783 frustra
1466 1758 1630 1784 etincassum
1643 1757 1818 1786 laborantem.

1032 1807 1058 1829 et
1077 1803 1164 1829 omnia
1184 1809 1230 1829 sua
1251 1803 1276 1829 in
1293 1810 1336 1829 res
1350 1803 1455 1829 inutiles
1467 1803 1678 1837 expcudentem?
1693 1803 1748 1829 l‘ari
1775 1811 1818 1828 ru-

1033 1850 1103 1876 tione
1127 1849 1160 1876 de
1183 1849 1234 1875 hoc
1253 1848 1380 1883 spirituali
1405 1848 1518 1875 mdificio
1541 1848 1717 1881 ratiocinarc,
1741 1853 1819 1882 atque

1031 1894 1151 1921 eamdem
1166 1893 1205 1920 fer
1218 1894 1383 1921 sentientium.
1400 1893 1479 1925 ECcc,
1494 1900 1541 1921 nos
1554 1893 1668 1928 quidem,
1682 1899 1818 1928 postquam

1034 1939 1059 1966 id
1075 1939 1150 1966 nobis
1162 1939 1279 1965 muneris
1293 1945 1306 1964 a
1321 1938 1402 1971 gratia
1417 1938 1504 1964 divina
1519 1937 1632 1965 delatum
1646 1943 1696 1970 est,
1709 1939 1818 1972 singulis

1033 1983 1126 2011 diebus
1139 1983 1276 2017 Spiritnale
1290 1983 1339 2009 hoc
1351 1983 1488 2009 :edificium
1502 1983 1526 2010 in
1538 1983 1618 2009 altum
1634 1983 1759 2018 erigimus
1770 2003 1778 2016 ,
1791 1989 1818 2009 et

1033 2037 1079 2056 vos
1100 2028 1132 2055 ad
1158 2029 1260 2055 virtutis
1281 2028 1428 2055 doctrinam
1454 2027 1597 2062 provehere
1618 2027 1754 2055 studemus
1771 2037 1776 2054 :
1794 2033 1820 2054 at

1033 2074 1151 2101 nonnulli
1175 2073 1220 2108 qui
1239 2073 1289 2100 huc
1311 2078 1489 2106 concurrunt,
1503 2072 1642 2100 aedificium
1664 2073 1747 2100 multo
1759 2081 1818 2099 cunt

1034 2121 1124 2147 labore
1136 2124 1240 2147 auctum
1259 2124 1311 2146 uno
1327 2119 1452 2154 temporis
1465 2123 1599 2146 montento
1610 2119 1665 2146 suis
1679 2127 1820 2154 propemo-

1033 2166 1094 2193 dum
1109 2165 1228 2193 manibus
1246 2172 1293 2199 per
1306 2172 1434 2192 summam
1456 2164 1523 2192 hanc
1547 2164 1674 2191 desidiam
1699 2165 1722 2190 in
1747 2164 1821 2198 pari-

1034 2217 1152 2240 mentum
1174 2211 1317 2246 dejicinnt,
1333 2216 1359 2238 et.
1381 2211 1456 2238 nobis
1476 2211 1581 2245 quidem
1602 2211 1734 2245 ingentem
1760 2210 1821 2237 inde

1035 2258 1166 2285 tristitiam
1184 2258 1287 2292 pariunt
1302 2277 1309 2289 ,
1323 2257 1374 2283 sibi
1391 2264 1453 2283 vero
1472 2256 1613 2291 perniciem
1628 2260 1680 2282 cxti
1688 2263 1773 2282 emam
1795 2260 1820 2282 et

1035 2303 1200 2330 intolerabile
1213 2302 1336 2329 danmum
1352 2302 1520 2329 contralmnt.

1068 2349 1095 2375 2.
1109 2349 1251 2383 Asperiore
1264 2347 1376 2375 fortasse
1389 2347 1596 2382 reprehensione
1614 2347 1653 2374 usi
1670 2354 1761 2374 sumus
1778 2356 1784 2373 :
1800 2347 1822 2373 si

1035 2398 1170 2428 spectetur
1191 2394 1298 2428 quidem
1322 2397 1447 2428 paternus
1470 2392 1513 2419 hic
1532 2399 1607 2418 amor
1626 2396 1725 2423 noster,
1746 2398 1822 2426 aspe-

1036 2441 1123 2471 riore;
1138 2440 1178 2466 sin
1194 2443 1281 2466 autem
1293 2438 1408 2473 gravitas
1417 2437 1505 2464 delicti
1517 2441 1660 2471 spectetur,
1673 2444 1706 2463 ne
1716 2435 1822 2471 quidem

1035 2485 1201 2519 satisdigna.
1223 2484 1408 2511 Verumtamen
1430 2483 1554 2518 quoniam
1573 2483 1653 2517 lapsis
1677 2489 1770 2509 manus
1782 2486 1822 2508 est

1037 2531 1203 2566 porrigenda,
1218 2535 1296 2564 atque
1309 2537 1370 2564 erga
1392 2529 1450 2556 illos
1463 2529 1506 2564 qui
1521 2533 1572 2555 tam
1587 2529 1750 2563 negligentes
1767 2527 1823 2554 fut--

1036 2581 1108 2609 runt,
1123 2581 1230 2610 paterna
1245 2575 1392 2603 exhibenda
1405 2570 1448 2602 est
1461 2575 1655 2606 benevolentia,
1668 2581 1701 2601 ne
1719 2575 1757 2600 sic
1767 2573 1824 2607 qui.

1036 2623 1096 2650 dem
1120 2623 1153 2649 de
1173 2623 1277 2649 illorum
1297 2622 1383 2649 salute
1405 2621 1588 2656 desperamus,
1605 2619 1747 2646 dummodo
1771 2627 1823 2646 non

1037 2669 1149 2703 amplius
1165 2669 1191 2694 in
1206 2667 1298 2695 eadem
1315 2667 1396 2694 velint
1410 2667 1538 2698 recidere,
1550 2665 1660 2700 sed‘huc
1671 2671 1753 2698 usque
1768 2669 1824 2690 tun~

1037 2719 1092 2742 tum
1115 2713 1281 2748 negligentia:
1302 2720 1357 2740 sure
1377 2712 1522 2746 indulgere,
1544 2710 1646 2745 sibique
1670 2709 1732 2744 ipsis
1754 2708 1824 2736 aditu

1037 2759 1200 2786 Circensium
1217 2763 1243 2786 et
1260 2758 1346 2786 onmis
1359 2757 1487 2792 ejusmodi
1501 2755 1610 2783 satanici
1624 2754 1766 2790 spectaculi
1783 2754 1824 2780 in<

1039 2806 1177 2833 tcrdicant.

1073 2850 1201 2885 Confessio
1215 2853 1381 2884 peccatorum.
1400 2848 1543 2882 Benignum
1561 2846 1641 2877 enim.
1653 2846 1821 2878 clementem,
