1948 3118
247 125 312 152 ili-l7

245 189 276 208 ae
302 179 438 213 providum
463 178 590 205 habemus
613 177 763 207 Dominum,
788 175 831 210 qui
851 182 910 202 cum
931 178 1030 200 natura:

243 229 346 252 nostra:
365 224 467 250 noverit
491 222 707 251 imbecillitatem,
725 221 768 247 tthi
792 219 948 254 negligentia
970 225 1032 252 snp-

245 270 353 305 plantati
368 270 393 296 in
406 274 539 303 peccatum
550 267 654 302 aliquod
667 266 780 301 prolapsi
796 265 932 295 fuerimus,
950 270 1029 290 unum

246 316 270 342 id
287 315 371 342 Solum
386 322 400 341 a
423 314 498 341 nobis
515 314 634 348 requirit,
657 318 684 339 nt
707 321 740 339 ne
758 312 939 346 desperemus,
955 308 1000 336 sed
1015 316 1030 335 a

246 367 354 395 peccato
369 361 527 391 resiliamus,
547 364 572 386 et
586 359 617 386 ad
633 358 826 386 confessionem
846 362 1028 391 properemus.

246 406 321 439 Quod
335 406 356 433 si
368 405 418 433 hoc
433 405 567 437 faciamus,
583 405 635 431 cito
652 412 679 431 se
702 405 805 431 veniam
820 403 940 429 daturum
958 401 1032 435 polli-

245 456 340 479 cetur:
357 451 413 486 ipse
427 452 496 478 enim
512 455 551 477 cst
570 451 614 485 qui
629 450 692 477 dicit
716 459 723 477 :
741 448 870 483 Numquid
890 447 933 482 qui
952 447 1028 478 cadit,

246 506 295 524 non
309 498 426 532 resurgit,
441 502 493 527 nul,
508 497 550 528 qui
564 496 650 522 avertit
663 504 698 527 se,
711 503 759 521 non
777 494 907 521 revertitur
922 492 987 527 (Jcr.
1003 492 1029 518 8.

245 539 290 572 4)?
300 539 360 566 "me
369 539 447 573 igitur
458 546 516 565 cum
526 538 649 570 sciamus,
662 542 713 563 tam
725 537 878 563 clementem
892 534 1030 561 Dominum

246 592 279 609 ne
289 591 454 618 spcrnamns,
466 583 511 609 Sed
524 583 626 609 noxiam
638 581 853 608 consuetudinem
865 586 1030 614 superemus,

246 637 332 664 neque
343 629 475 664 perlatam
486 634 588 664 partam
601 633 626 656 ct
637 629 778 663 spatiosatu
791 627 858 652 viam
868 625 1030 655 inccdamns,

247 679 325 708 prout
336 674 445 701 audistis
461 674 538 701 hodie
557 681 722 700 communem
735 671 872 698 Dominum
885 670 1031 697 admonen-

249 724 302 746 tem
319 720 344 746 in
355 718 511 753 Evangelio,
522 724 552 743 ac
563 719 693 746 dicentem
712 728 717 745 :
736 717 832 743 Intrate
845 724 889 750 per
900 720 1031 749 angustant

248 770 355 799 portam,
371 766 430 799 quin
444 766 496 792 (uta
516 770 597 800 porta,
614 771 635 792 et
650 765 760 799 spatiosa
775 764 813 790 via
828 769 879 794 est,
893 770 948 796 qum
965 761 1032 787 ducit

248 812 282 836 ad
304 812 477 846 perditionem,
498 816 520 838 cl
541 812 614 838 multi
635 815 702 843 sunt,
731 810 773 844 qui
798 810 893 835 intrant
915 817 957 842 per
977 815 1031 833 eum

248 857 353 891 (Manli.
369 857 395 883 7.
414 857 467 892 15).
484 857 549 883 Dum
565 856 640 883 audis
651 856 728 882 latam
740 862 799 882 esse
809 859 920 888 portam,
932 858 959 879 et
973 860 1032 885 spa-

248 902 341 928 tiosam
355 902 432 933 viam,
454 910 486 928 ne
501 901 639 936 decipiaris
664 902 689 927 in
708 900 837 932 exordio,
863 907 948 933 neque
969 897 1030 924 i'lud

248 953 362 981 spectes,
377 947 445 981 quod
460 947 533 973 11111111
547 947 655 980 sintqu
677 953 723 980 per
737 953 793 972 eam
806 945 904 972 intrent
921 952 926 970 :
941 943 986 970 sed
1002 943 1032 969 il-

248 992 291 1018 lud
306 993 494 1025 animadverte,
517 993 541 1019 in
564 997 700 1027 angustum
715 992 784 1018 illam
801 992 879 1017 linem
899 990 1030 1017 desinere.

249 1037 313 1064 lllnd
339 1046 443 1073 quoque
471 1038 613 1073 prudenter
636 1038 783 1069 considera,
809 1044 972 1071 nequaquam
999 1036 1032 1063 de

248 1083 338 1110 sensili
361 1089 433 1117 porta
455 1084 532 1110 verba
559 1084 625 1122 fieri,
648 1091 732 1118 neque
752 1083 785 1110 de
805 1083 844 1108 via
866 1082 1031 1117 simpliciter,

249 1128 295 1155 sed
310 1129 343 1155 de
357 1134 408 1155 tota
421 1129 471 1156 vita
489 1134 588 1161 nostra,
609 1129 642 1156 dc
655 1129 750 1155 virtute
772 1135 803 1154 ae
828 1127 891 1154 vitio
913 1127 1033 1154 admoni-

250 1175 347 1201 tionem
363 1182 432 1201 esse.
450 1175 560 1208 Propter
573 1182 603 1202 ea
616 1181 721 1209 quoque
733 1174 766 1200 ab
777 1173 818 1200 Itis
831 1173 919 1200 verbis
932 1180 1034 1200 serum-

250 1229 309 1246 ncm
325 1220 465 1251 inchoavit,
482 1220 577 1246 intrate
590 1229 634 1254 per
646 1224 778 1255 anguslom
798 1224 907 1252 partam,
928 1218 1034 1245 Virtutis

250 1271 351 1299 portatu
360 1266 398 1293 sic
407 1265 552 1300 appellans.
565 1265 664 1292 Deinde
677 1273 737 1292 cum
750 1264 869 1295 dixisset,
882 1263 979 1290 Intrate
991 1272 1034 1298 per

249 1316 380 1347 angustam
393 1316 500 1347 portam,
515 1320 562 1338 nos
570 1311 693 1346 deinceps
703 1318 808 1338 causam
818 1310 905 1342 docet,
913 1310 946 1337 ob
956 1317 1034 1344 quam

250 1357 282 1382 ad
298 1357 348 1383 hoc
363 1364 411 1383 nos
423 1356 585 1383 cohurtctnr.
607 1357 682 1383 Licet
702 1356 771 1383 enim
793 1360 903 1390 augusta
923 1355 957 1382 sit.
974 1355 1033 1388 ista,

249 1402 413 1437 multumque
440 1401 556 1429 laborem
579 1402 672 1429 offerat
693 1402 719 1429 in
747 1402 876 1436 ingressu,
899 1401 920 1427 si
948 1405 1035 1426 tamen

249 1448 382 1482 paululum
397 1448 532 1481 laboretis,
548 1447 580 1475 ad
602 1448 709 1475 multam
723 1447 884 1474 latitudinem
900 1446 1036 1481 pervenie-

251 1493 285 1520 tis
299 1497 326 1520 et
347 1493 556 1528 amplitudinem,
578 1502 637 1528 qua:
659 1501 706 1520 vos
727 1493 824 1527 ingenti
840 1493 974 1526 voluptate
989 1499 1036 1526 po-

251 1539 315 1566 terit
330 1547 458 1567 recreare.
475 1539 514 1566 Ne
527 1540 605 1574 igitur
622 1539 672 1566 hoc
692 1539 825 1573 spectezis,
854 1539 948 1572 inquit,
964 1536 1035 1571 quod

251 1590 361 1619 angusta
377 1585 420 1618 sit,
435 1592 521 1619 neque
539 1592 586 1611 vos
599 1584 758 1612 conturbent
772 1583 927 1618 primordia,
950 1590 1036 1617 neque

251 1631 384 1665 ingressus
405 1631 533 1665 angustiae
555 1630 660 1658 desides
677 1637 724 1656 vos
745 1630 873 1662 reddant;
895 1630 945 1656 lata
965 1629 1034 1656 enim

252 1676 308 1703 hare
323 1682 408 1710 porta,
423 1682 450 1703 et
475 1677 590 1711 spatiosa
616 1677 656 1702 via
684 1676 780 1703 desiuit
801 1676 825 1702 in
850 1676 1034 1710 perditionem.

252 1722 416 1756 Quapropter
429 1721 502 1748 multi
515 1722 593 1748 etiam
609 1721 643 1748 ob
657 1722 728 1747 initia
750 1725 777 1747 ot
795 1721 902 1748 exordia
921 1720 1034 1754 decepti,

254 1774 338 1800 neque
351 1766 494 1793 littnrorum
509 1766 650 1800 quidquam
674 1765 857 1800 praeﬁdentes,
872 1766 897 1792 in
913 1765 1037 1799 perditio-

254 1819 312 1838 nem
335 1811 437 1845 scipsos
453 1811 611 1838 dediderunt
632 1820 638 1837 :
665 1811 770 1840 idcirco.
796 1810 859 1836 Luto
880 1817 925 1841 cst,
943 1811 1035 1845 inquit,

253 1862 333 1892 porta,
343 1862 364 1884 et
373 1857 485 1891 spatiosa
494 1857 542 1890 via,
555 1865 610 1891 qua:
622 1857 691 1883 ducit
701 1857 734 1883 ad
747 1857 919 1891 perditionem,
931 1863 953 1883 et
966 1857 1037 1883 mnlu'

253 1908 319 1934 sunt,
332 1903 375 1937 qui
389 1903 483 1929 intrant
497 1911 541 1936 per
558 1911 621 1929 eam.
639 1904 676 1929 Ae.
696 1908 765 1929 reste
782 1910 845 1929 sane
861 1903 938 1929 latam
955 1903 1036 1937 ipsam

253 1953 354 1981 portam
368 1947 483 1980 vocavit,
498 1948 638 1982 spatiosatu
651 1949 729 1978 viam.
745 1956 802 1982 qua:
815 1948 847 1975 ad
861 1948 1035 1982 perditionem

254 1994 368 2021 deducit.
384 1994 433 2028 Qui
448 1994 518 2022 enim
534 1994 566 2020 ad
581 1994 655 2020 ludos
666 1993 803 2021 Circenses
813 1994 1039 2021 festinantasceu-

255 2040 327 2071 dere,
342 2045 490 2074 ceteraun
501 2040 616 2067 satanica
630 2040 672 2067 illa
683 2039 843 2074 spectacula,
858 2039 1039 2073 temperanti-.11

254 2086 442 2118 valedicentes,
455 2086 577 2113 virtutem
594 2093 640 2120 pro
664 2085 745 2112 nihilo
761 2085 900 2116 habentes,
920 2084 964 2118 qui
980 2083 1040 2110 libi-

254 2133 306 2158 dini
322 2140 352 2159 ac
366 2133 444 2166 genio
458 2131 593 2165 indulgere
604 2131 705 2164 volunt,
716 2131 760 2165 qui
771 2130 873 2157 deliciis
887 2134 914 2157 et
928 2130 994 2164 gula:
1009 2136 1037 2156 se

255 2177 362 2209 dedunt,
378 2177 422 2212 qui
438 2177 608 2212 pecuniarum
628 2177 771 2211 cupiditate
784 2181 810 2203 et
831 2176 930 2203 insania
946 2176 1040 2203 stimu—

255 2223 352 2254 lantur,
368 2229 399 2249 ac
414 2222 553 2257 prmsentis
567 2223 626 2248 vita:
638 2221 786 2248 commodis
806 2222 916 2253 inhiant,
937 2229 983 2255 per
1003 2221 1039 2247 la-

255 2273 306 2294 tam
321 2273 421 2302 portam
438 2272 464 2294 et
485 2267 627 2300 spatiosam
648 2267 717 2294 viam
734 2266 857 2293 incedunt
873 2276 880 2294 :
900 2271 1037 2301 postquam

254 2318 341 2340 :mtem
355 2312 434 2346 paulo
448 2312 552 2347 longius
564 2312 694 2347 progressi
716 2316 787 2344 sunt,
805 2312 953 2346 nmltasque
978 2319 1039 2346 pec-

254 2363 372 2386 catorum
387 2359 503 2386 sarcinas
521 2362 728 2390 coacervarnut,
750 2357 839 2384 afﬂicti
854 2363 881 2385 et
900 2358 1038 2388 debilitati.

254 2413 313 2432 eum
328 2404 359 2430 ad
372 2405 419 2431 via:
430 2404 508 2431 linem
529 2404 707 2438 pervenerint,
722 2404 831 2430 ulterius
854 2403 974 2438 progredi
998 2411 1041 2431 ne-

255 2455 365 2487 queunt,
382 2458 442 2478 Cllltl
456 2451 505 2476 vi:e
518 2455 672 2484 premantur
682 2450 819 2484 angustiis.
837 2457 869 2476 eo
880 2449 949 2483 quod
970 2450 1040 2476 mole

254 2497 355 2530 gravati
373 2501 539 2531 peccatorum
559 2496 630 2522 illam
651 2503 777 2530 peragere
791 2495 898 2522 minime
919 2495 1037 2529 possint:

254 2543 396 2578 quatiunt
410 2543 436 2568 in
454 2543 538 2576 ipsum
560 2541 665 2568 tandem
691 2541 845 2575 perditionis
867 2541 1038 2575 pra‘cipitinm

254 2587 437 2614 devolvuntur.
459 2586 527 2620 Quid
549 2586 637 2620 igitur,
656 2594 756 2619 quzcso,
779 2586 896 2620 prodest.
922 2585 991 2620 quod
1007 2586 1039 2612 ad

255 2633 380 2667 exiguum
394 2636 496 2666 tempus
508 2638 554 2665 per
572 2631 714 2665 spatiosam
724 2630 897 2663 -inccdamus,
912 2631 932 2657 si
949 2638 1041 2665 perpe-

256 2683 298 2704 tua
312 2677 458 2712 perditione
473 2684 532 2703 mox
545 2676 735 2710 opprimamur,
752 2680 779 2702 ct
792 2675 835 2702 ubi
851 2683 897 2709 per
908 2676 1038 2702 somnium

255 2723 445 2758 propemodum
467 2721 569 2749 deliciis
593 2721 667 2756 potiti
687 2721 823 2753 fuerimus,
849 2729 879 2748 re
901 2729 961 2749 vera
981 2729 1040 2756 sup-

255 2769 335 2805 plicio
349 2769 515 2802 plectamur?

291 2816 397 2845 Somnio
415 2814 502 2842 ιὶιιιὶῐὶι
516 2820 549 2842 σιτ
576 2816 628 2842 Iure
650 2815 709 2841 vita.
723 2830 758 2835 -
772 2815 847 2850 Quod
871 2816 941 2844 enim
964 2817 1039 2845 unius

595 121 622 149 S.
643 119 779 148 JOANNIS
797 115 1030 145 CllllYSOSTOMl
1044 114 1200 142 AllClllEP.
1217 111 1478 141 CONSTANTINOP.

1825 106 1882 134 lilio“

1071 173 1167 199 .uoetis
1182 176 1222 198 est
1236 171 1378 203 somnium,
1396 170 1448 196 hoc
1467 173 1520 197 tota
1545 174 1667 202 praesens
1695 171 1748 192 est
1776 165 1843 197 vita,
1866 166 1884 190 si

1082 226 1142 245 (‘tllll
1156 225 1198 250 eo,
1213 217 1283 252 quod
1299 224 1347 243 nos
1368 220 1538 250 excepturum
1551 219 1602 244 est,
1617 212 1767 247 supplicio
1783 218 1885 244 conum

1083 268 1165 290 retur.
1182 263 1247 290 Num
1269 263 1339 289 enim
1363 267 1390 288 ιιι
1414 266 1512 288 temere
1537 267 1551 286 a
1574 259 1654 286 nobis
1681 259 1818 292 legantur
1836 257 1886 282 hac

1082 309 1178 342 scripta
1201 308 1280 335 sunt?
1307 308 1448 342 Propterea
1476 305 1577 333 Domini
1603 310 1759 331 sermonis
1784 302 1887 336 scripbs

1083 354 1201 380 mandari
1217 354 1298 388 gratia
1317 353 1430 387 Spiritus
1445 351 1528 378 sancti
1541 350 1655 381 curavit,
1672 353 1707 376 ut
1722 348 1794 375 dum
1808 355 1842 374 ex
1858 348 1886 373 iis

1083 399 1198 426 remedia
1210 399 1402 433 depromimus.
1416 397 1511 432 quibus
1524 396 1654 422 adversus
1670 393 1826 428 passiones
1841 399 1886 418 nos

1084 444 1298 478 prmnutniannts,
1322 443 1463 470 imminens
1483 441 1614 475 possimus
1634 439 1814 473 supplicium
1833 438 1887 464 evi-

1083 494 1148 516 tare.
1163 489 1339 522 Quamobrem
1356 493 1409 514 tutn
1430 495 1534 522 quoqtte
1556 485 1755 512 convenientia
1771 484 1887 510 vulncno

1083 535 1132 562 hus
1154 543 1246 562 eorum
1268 536 1396 562 adhibens
1417 535 1607 561 incilicamenta
1631 532 1774 559 Dominus
1798 537 1885 558 noster

1083 581 1161 608 .lesus
1172 581 1292 609 Christus
1303 580 1490 608 cohortabatur
1500 579 1591 606 dicens
1604 586 1610 603 :
1625 577 1733 604 Intrate
1745 585 1794 611 per
1808 585 1884 610 anga-

1085 632 1148 654 stam
1173 631 1280 661 portam.
1307 627 1449 660 Angustam
1471 630 1558 651 autent
1584 623 1655 650 illam
1685 623 1820 653 vocabat,
1836 630 1883 648 nec

1082 671 1150 705 quod
1163 676 1254 698 natura
1267 679 1313 698 sua
1325 671 1358 697 sit.
1372 674 1491 704 angusta.
1507 669 1553 695 sed
1564 668 1633 702 quod
1649 669 1767 694 animus
1783 672 1882 694 noster.

1081 717 1113 743 ad
1129 717 1256 744 desidiam
1266 716 1388 750 proclivis
1400 720 1536 749 angustam
1555 714 1625 740 illaut
1644 720 1709 740 esse
1724 713 1880 739 arbitretur.

1082 763 1170 797 Neque
1183 763 1253 790 cuitu
1268 767 1294 789 ut
1310 771 1357 789 nos
1377 766 1509 792 avocaret,
1525 760 1623 786 ideirco
1640 764 1794 793 angustam
1818 758 1881 785 illam

1081 809 1232 842 appellavit,
1248 808 1292 835 sed
1308 813 1335 834 ut
1354 807 1461 834 alterius
1485 804 1648 832 latitudinem
1676 804 1831 838 fugientes,
1852 809 1877 830 et

1081 862 1114 881 ex
1134 854 1185 881 hnc
1208 861 1417 889 unamquamque
1439 856 1642 887 cognoscentes,
1661 851 1735 880 hanc
1747 851 1785 879 ita
1798 851 1883 887 ιιι-11ης

1082 901 1220 934 eligamus.

1117 948 1143 976 5.
1159 946 1281 983 Επεηιρια
1293 957 1379 975 eorum
1393 949 1436 983 qui
1454 957 1498 983 per
1517 948 1593 974 latam
1616 947 1682 973 riam
1707 947 1885 972 ambulan

1082 1009 1117 1014 -—-
1130 994 1181 1021 Sed
1205 1000 1232 1021 ιιι
1250 995 1373 1021 omnibus
1390 994 1524 1021 intellectu
1547 992 1630 1019 facilis
1646 992 1692 1018 fiat
1707 993 1813 1024 oratio,
1827 999 1880 1025 age.

1083 1040 1104 1066 si
1120 1040 1232 1072 videtur,
1250 1047 1306 1071 eos,
1322 1040 1366 1073 qui
1382 1047 1430 1074 per
1454 1039 1533 1065 latam
1549 1042 1653 1072 portam
1671 1037 1794 1071 ingressi
1814 1044 1879 1063 sunt.

1084 1090 1168 1120 etper
1179 1086 1321 1120 spatiosam
1335 1085 1403 1112 viam
1424 1085 1589 1111 incesserunt
1610 1084 1636 1110 ‘m
1652 1083 1781 1110 medium
1803 1083 1881 1109 adn--

1083 1138 1184 1163 ceruus,
1199 1136 1225 1158 ct
1239 1131 1297 1165 quis
1311 1138 1358 1157 eos
1371 1130 1477 1157 tandem
1494 1129 1552 1156 finis
1568 1129 1707 1163 exceperit
1724 1128 1879 1154 videamus.

1084 1176 1199 1210 itemque
1212 1176 1269 1202 illos
1284 1176 1326 1210 qui
1340 1183 1389 1210 per
1403 1179 1540 1209 angustam
1555 1179 1657 1207 portam
1675 1173 1800 1207 ingressi
1814 1179 1877 1198 sort.

1084 1226 1112 1249 et
1125 1229 1173 1255 per
1184 1226 1284 1248 arctam
1300 1221 1380 1251 viam,
1399 1224 1426 1247 et
1443 1227 1501 1253 qua:
1516 1218 1620 1245 tandem
1643 1218 1686 1244 isti
1704 1218 1782 1244 bona
1803 1224 1878 1243 sonu

1085 1267 1193 1299 fuerint,
1210 1273 1412 1300 cognoscamus.
1437 1264 1524 1292 Utnnn
1545 1264 1624 1297 igitur
1645 1271 1679 1289 ex
1702 1264 1749 1292 iis.
1774 1263 1820 1297 qui
1841 1270 1878 1295 pd

1085 1312 1163 1339 latam
1180 1312 1248 1338 hanc
1266 1316 1367 1346 portam
1389 1311 1528 1342 intrarunt,
1542 1314 1569 1336 et
1579 1317 1661 1336 unum
1672 1316 1708 1335 ex
1724 1309 1771 1338 iis,
1786 1308 1829 1343 qui
1841 1316 1878 1340 [ff

1085 1361 1222 1392 angustam
1236 1361 1262 1383 ct
1283 1361 1382 1384 arctam
1402 1356 1470 1383 viam
1490 1357 1666 1384 incesserunt,
1689 1354 1774 1380 vobis
1790 1356 1815 1380 in
1830 1363 1876 1380 ιιι-ι-

1085 1402 1158 1429 dium
1172 1403 1346 1436 profereutcs,
1363 1409 1454 1428 eorum
1470 1409 1529 1436 qtne
1550 1408 1564 1426 a
1588 1400 1707 1427 Domino
1726 1400 1804 1426 dicta
1827 1406 1879 1425 sunt

1086 1449 1223 1475 veritatem
1237 1447 1418 1480 ostendamus,
1439 1446 1571 1474 eteadem
1593 1453 1688 1472 rursus
1713 1446 1825 1474 nouum
1840 1454 1877 1479 μ-

1084 1494 1176 1522 rabola
1191 1499 1304 1521 utamur.
1319 1494 1444 1526 Quisnam
1459 1500 1522 1527 ergo
1537 1496 1576 1519 est
1602 1491 1646 1518 ille
1668 1492 1716 1526 qui
1740 1500 1793 1526 per
1808 1493 1877 1519 latam

1086 1545 1190 1575 portam
1205 1539 1321 1571 intravit,
1333 1544 1361 1566 et
1374 1539 1517 1573 spatiosam
1534 1538 1603 1564 viam
1618 1538 1798 1572 peragravit?
1813 1538 1879 1564 Prius

1086 1586 1156 1613 enim
1170 1586 1230 1620 quis
1241 1585 1289 1613 iste
1303 1586 1337 1612 sit
1357 1585 1479 1612 convenit
1493 1584 1612 1616 indicari,
1624 1588 1817 1618 quantumque
1828 1592 1879 1618 spa-

1087 1631 1152 1657 tittm
1167 1630 1216 1657 viae
1228 1630 1382 1662 confecerit,
1397 1637 1443 1663 per
1456 1629 1533 1655 latam
1550 1628 1689 1660 incedens,
1704 1635 1740 1655 ac
1756 1633 1814 1655 tum
1830 1636 1879 1655 ma-

1086 1676 1210 1703 nifestum
1225 1675 1299 1702 vobis
1312 1675 1434 1706 reddere,
1449 1675 1474 1701 in
1485 1682 1563 1709 quem
1576 1673 1682 1700 tandem
1699 1673 1787 1701 finem
1799 1674 1879 1701 desis

1087 1722 1130 1748 rit.
1159 1722 1198 1748 Ac
1215 1721 1270 1747 scio
1290 1720 1411 1755 equidem
1436 1727 1484 1746 vos
1507 1720 1627 1746 homines
1643 1719 1822 1753 perspicaccs
1833 1719 1878 1753 jam

1086 1766 1147 1801 quid
1161 1766 1255 1793 dicturi
1269 1765 1351 1792 simus
1371 1765 1517 1799 intelligere
1535 1773 1542 1791 :
1564 1764 1743 1791 nihilominus
1767 1771 1878 1792 tamen:

1088 1814 1163 1840 nohis
1174 1813 1227 1840 dici
1244 1820 1354 1840 necesse
1366 1817 1417 1839 est.
1445 1812 1577 1838 Revocate
1591 1811 1664 1838 vobis
1680 1811 1706 1838 iu
1723 1813 1876 1839 memoriam

1087 1860 1194 1887 divitem
1220 1860 1304 1890 illum,
1326 1859 1370 1893 qui
1395 1858 1513 1893 quotidie
1537 1865 1651 1892 purpura
1675 1857 1877 1885 induebaturct

1088 1905 1178 1940 bysso,
1206 1905 1249 1939 qui
1272 1904 1430 1938 epulabatur
1454 1902 1603 1937 splendide,
1630 1903 1675 1936 qui
1696 1904 1838 1936 parasitos
1857 1909 1877 1927 τι

1089 1950 1238 1976 adulatores
1261 1950 1356 1980 alebat,
1379 1949 1423 1983 qui
1447 1948 1557 1974 multum
1580 1955 1684 1974 uterum
1713 1948 1876 1978 infundebat,

1088 1996 1132 2030 qui
1148 1995 1263 2030 quotidie
1280 1999 1398 2021 ventrem
1422 1994 1588 2026 saburrabat,
1602 1993 1646 2028 qui
1667 1994 1762 2021 multis
1774 2001 1807 2021 se
1822 1994 1878 2020 deli-

1089 2041 1137 2068 ciis
1152 2040 1338 2076 ingurgitabat,
1357 2047 1404 2074 per
1426 2039 1504 2066 latam
1529 2045 1631 2073 portam
1660 2039 1815 2072 ingressus,
1838 2047 1878 2065 vo-

1090 2087 1189 2121 luptate.
1201 2094 1232 2113 ac
1255 2086 1342 2113 la-titia
1359 2085 1488 2112 mundana
1503 2090 1633 2119 perpetuo
1647 2083 1804 2112 fruebatur.
1821 2084 1878 2111 Nam

1091 2133 1127 2159 illi
1142 2137 1235 2159 cuncta
1249 2131 1319 2158 velut
1329 2139 1361 2158 ex
1377 2130 1451 2157 fonte
1464 2130 1619 2161 afﬂuebant,
1631 2130 1747 2156 multum
1763 2131 1879 2157 ministe-

1091 2180 1170 2210 rium,
1185 2178 1320 2204 immensm
1341 2177 1452 2208 delicia),
1476 2177 1595 2211 corporis
1620 2183 1733 2209 sanitas,
1757 2178 1880 2211 pecunia~

1090 2231 1147 2250 rum
1174 2223 1260 2258 copia,
1285 2222 1388 2249 delatus
1411 2229 1424 2248 a
1453 2222 1543 2248 multis
1568 2222 1662 2254 honor,
1682 2228 1879 2250 assentatorum

1089 2269 1190 2301 laudes,
1206 2269 1269 2296 nihil
1284 2269 1386 2296 interim
1401 2269 1544 2303 crat,qu0d
1556 2269 1591 2295 illi
1603 2269 1738 2295 tristitiam
1752 2270 1877 2297 afferret:

1090 2315 1198 2350 etquod
1214 2316 1300 2350 majus
1311 2321 1361 2344 est.
1378 2323 1438 2342 eum
1458 2320 1528 2342 totos
1549 2314 1607 2341 dies
1623 2315 1740 2349 crapula:
1763 2316 1881 2350 gula-1a:

1090 2368 1187 2388 vacans
1201 2361 1368 2395 transigeret,
1380 2368 1431 2387 non
1443 2360 1522 2387 modo
1534 2367 1659 2395 prospera
1671 2361 1800 2394 corporis
1813 2362 1880 2388 vale-

1091 2406 1180 2433 tudine
1191 2405 1336 2438 fruebatur,
1352 2410 1379 2432 et
1392 2406 1417 2432 in
1433 2405 1575 2433 securitate
1586 2413 1686 2432 summa
1698 2406 1830 2441 degebat,
1843 2407 1880 2434 sed

1091 2457 1118 2479 et
1130 2459 1272 2487 pauperem
1286 2445 1415 2478 Lazarum
1428 2451 1456 2478 in
1471 2451 1602 2478 vestibulo
1613 2451 1761 2485 jacentem,
1778 2453 1881 2487 plenum

1091 2498 1234 2531 ulceribus,
1256 2498 1392 2524 Obsessum
1415 2505 1429 2523 a
1452 2496 1578 2529 canibus,
1595 2497 1638 2531 qui
1661 2496 1776 2524 vulnera
1804 2497 1880 2531 iunge

1092 2544 1164 2576 hant,
1187 2543 1308 2578 fameque
1333 2542 1482 2570 confectum
1508 2542 1697 2569 immisericors
1717 2544 1880 2576 pra‘terilot.

1091 2593 1163 2615 etne
1183 2588 1265 2615 micas
1276 2587 1382 2622 quidem
1402 2587 1438 2614 illi
1462 2587 1598 2622 impertire
1610 2586 1781 2621 dignabatur.
1798 2589 1878 2621 Atque

1091 2633 1134 2660 hic
1146 2633 1250 2668 quidem
1264 2640 1310 2667 per
1325 2633 1403 2659 latam
1415 2637 1518 2667 portam
1531 2633 1667 2667 ingressus
1679 2639 1726 2665 per
1736 2633 1877 2666 Spatiosam

1091 2679 1159 2705 viam
1172 2677 1319 2710 incedebat,
1337 2678 1406 2704 viam
1417 2677 1581 2708 deliciarum,
1600 2677 1829 2711 intemperantixc,
1848 2685 1877 2703 n-

1090 2731 1144 2756 sus,
1162 2723 1300 2757 voluptatis
1312 2743 1319 2755 ,
1340 2722 1524 2755 helluationis,
1543 2721 1686 2753 ebrietatis,
1706 2723 1875 2756 pecuniarum

1091 2770 1183 2803 copim,
1206 2769 1322 2796 mollitiei
1344 2769 1370 2795 in
1389 2768 1552 2796 vestimentis
1572 2776 1579 2794 :
1598 2774 1629 2794 ac
1650 2767 1694 2794 diu
1716 2772 1806 2794 totum
1828 2769 1876 2792 vit:

1093 2816 1169 2851 hujus
1185 2820 1285 2850 tempus
1301 2823 1346 2850 per
1365 2815 1506 2850 spatiOsam
1520 2814 1587 2841 viam
1608 2813 1762 2842 incedendo
1779 2820 1876 2842 transe-
