1948 3118
80 147 144 174 ιρις)

77 204 123 237 git,
137 211 222 237 neque
238 203 379 239 quidquam
404 202 584 230 molestiarum
598 205 724 235 expertus
744 203 795 231 est,
816 196 862 224 sed

77 257 182 284 semper
210 257 335 285 prospero
359 254 496 277 ventorum
521 247 610 275 afﬂatu
631 246 753 278 delatus.
774 247 864 279 utpote

78 303 124 326 per
139 295 281 329 spatiosum
303 295 372 322 viam
393 294 527 325 incedens,
544 292 626 320 multa
644 299 704 319 cum
723 289 864 317 securitate

77 341 213 376 pergebat.
225 341 360 375 Nusquam
375 348 437 368 saxa
450 340 500 367 sub
515 339 591 366 undis
605 337 723 369 latentia,
735 342 863 369 nusquam

75 387 189 421 scopuli,
207 394 333 422 nusquam
354 386 514 422 praecipitia,
538 391 665 419 nusquam
689 381 863 416 naufragium,

79 440 210 467 nusquam
223 433 333 460 mutatio
346 431 493 466 imrqualis,
508 430 554 457 sed
567 429 641 465 quasi
657 437 702 464 per
715 427 824 455 solidam
838 430 866 455 et

76 479 184 512 planam
198 479 333 513 regionem
348 478 398 506 iter
413 477 523 509 habens,
537 476 572 502 ita
586 473 790 510 pra‘sentisvita:
805 479 866 506 spa-

77 523 111 549 tia
127 523 285 550 decurrebat
303 532 308 549 :
324 521 440 557 quotidie
454 522 575 548 vitiorum
590 518 713 546 ﬂuctibus
726 517 865 552 mergeba-

76 574 131 602 tttr,
148 577 233 604 neque
245 568 376 597 sentiebat
388 577 394 594 :
408 567 526 603 quotidie
539 572 679 600 pravarum
693 563 865 597 cupiditatum

76 614 193 643 stimulis
206 614 379 648 pungehatur,
393 617 420 643 et
432 612 547 647 amplius
561 610 698 639 ltetabatur
712 617 719 635 ς
733 616 747 637 a
761 607 866 637 lascivia

75 668 184 695 semper
199 660 378 692 obsidebatur,
393 660 426 687 ab
447 657 573 693 ingluvie,
589 656 622 684 ab
636 656 727 683 insana
748 653 866 694 pecunia:

75 705 233 740 cupiditate,
253 713 302 732 nec
320 705 373 732 ttllo
392 704 521 735 malorum
546 710 626 730 sensu
642 700 805 736 tangebatur,
820 706 867 731 ne-

75 758 130 785 que
143 751 192 778 via:
210 751 288 778 linem
309 754 411 785 poterat
432 748 579 784 praevidere
599 756 606 774 :
630 746 677 777 sed
697 745 866 783 prmscntium

75 801 180 823 tantum
196 795 359 831 jucunditate
374 795 518 833 fruebatur,
534 801 582 827 uec
602 799 726 827 umquam
748 790 867 825 perpetui

75 843 181 871 doloris
195 844 220 870 in
235 847 351 871 mentem
372 843 410 870 illi
423 842 555 874 veniebat,
570 840 617 868 sed
631 839 766 874 deceptus,
783 841 811 869 ut
831 837 867 865 ita

75 889 181 923 loquar,
199 896 245 923 per
260 889 338 916 latam
353 888 423 915 viam
442 886 590 919 incedebat,
605 889 632 912 et
650 884 682 917 ad
699 884 783 920 ipsum
799 889 867 917 pra-.-

75 934 197 968 cipitium
209 933 357 966 festinabat,
371 933 441 968 quod
452 940 503 962 non
516 936 618 967 poterat
631 938 685 966 pra:
694 929 774 956 nimia
781 928 869 957 ebrie-

76 984 133 1006 tate
147 986 319 1014 cognoscere.
334 978 400 1007 Nam
424 979 468 1006 ille
491 985 602 1012 prosper
620 975 811 1007 mundanarum
826 980 869 1000 re-

76 1033 138 1055 rutn
151 1032 306 1057 successus,
327 1025 372 1059 qui
388 1024 517 1055 rationem
536 1023 593 1057 ejus
607 1022 741 1052 obruerat,
763 1018 868 1045 oculum

76 1069 116 1096 illi
131 1069 228 1097 mentis
239 1074 395 1103 excatcarat,
409 1073 436 1097 et
449 1068 523 1104 quasi
537 1067 592 1102 jam
606 1066 748 1094 luminibus
760 1065 870 1092 orbatus

75 1114 241 1148 ambulabat,
256 1122 342 1149 neque
356 1122 408 1149 quo
423 1114 536 1141 ferretur
549 1112 667 1140 sciebat:
681 1112 792 1138 fortasse
805 1116 870 1142 vero

76 1167 167 1194 neque
181 1164 282 1188 natura
302 1160 425 1189 humana:
439 1159 606 1191 meminerat,
626 1165 686 1185 cum
705 1164 734 1184 se
747 1160 870 1187 cerneret

74 1204 260 1236 difﬁcultatem
274 1205 372 1235 nullam
386 1204 513 1239 experiri.
532 1203 589 1234 Non
603 1203 672 1231 cnim
687 1206 787 1232 tantum
801 1200 867 1228 deli-

75 1250 128 1277 ciis
140 1250 284 1282 fruebatur,
305 1249 351 1278 scd
364 1255 389 1277 et
401 1250 495 1289 opibus
513 1248 683 1276 abundabat:
700 1254 786 1280 neque
808 1250 867 1273 tan-

77 1298 135 1323 tum
146 1294 241 1329 opibus
253 1295 414 1328 abundabat,
427 1294 475 1323 sed
491 1298 518 1322 et
536 1300 662 1329 prospera
677 1296 736 1320 erat
749 1291 870 1326 corporis

76 1339 230 1367 valetudine
245 1347 253 1367 :
268 1348 354 1376 neque
367 1347 434 1368 sano
448 1344 549 1371 tantum
567 1344 624 1366 erat
635 1345 757 1374 corpore,
779 1337 825 1365 sed
840 1341 867 1371 et

75 1392 97 1414 at
107 1386 193 1413 tnulto
205 1386 333 1414 famulitio
343 1386 488 1419 colebatur,
505 1393 590 1421 neque
605 1389 706 1412 tantum
722 1383 869 1416 colebatur,

75 1432 127 1459 sed
140 1431 230 1459 omnia
241 1432 291 1459 sibi
311 1440 423 1461 cernens
433 1436 566 1468 tamquam
581 1439 614 1459 ex
626 1431 699 1458 fonte
720 1430 813 1464 ﬂuere,
832 1429 871 1457 vi-

76 1483 133 1507 tam
152 1477 179 1508 in
198 1481 324 1512 perpetua
339 1478 473 1513 voluptate
486 1478 608 1512 degebat.
622 1476 739 1508 Vidistis,
753 1475 878 1503 dilectis-.

75 1523 151 1556 simi,
165 1530 237 1557 eum,
255 1523 299 1558 qui
317 1531 364 1558 per
381 1523 461 1551 latam
482 1528 585 1558 portam
603 1522 757 1554 intraverat,
777 1525 805 1548 et
823 1528 871 1555 per

74 1569 224 1604 spatiOsam
252 1569 321 1599 viam
348 1568 514 1601 incesserat,
546 1567 651 1603 quantis
677 1566 780 1594 deliciis
802 1566 871 1601 poti-

74 1619 154 1643 retur
168 1614 180 1641 Τ

112 1661 179 1687 Ante
192 1660 268 1694 finem
290 1660 347 1687 vitae
367 1667 439 1686 nemo
460 1660 554 1686 beatus.
566 1657 694 1685 -—-Nemo
715 1661 803 1685 tamen
818 1664 868 1685 eo-

73 1714 150 1739 rum,
174 1706 218 1740 qui
241 1706 298 1735 hate
319 1705 442 1739 audiunt,
463 1709 524 1737 ante
548 1704 628 1731 littcm
649 1704 755 1731 beatum
782 1702 869 1737 ipsum

74 1752 225 1786 praedicare
243 1751 375 1786 dignetur,
394 1751 443 1778 sed
461 1758 549 1778 rerum
571 1750 649 1778 ﬁnem
670 1753 816 1784 exspectet,
838 1756 870 1776 ae

73 1804 134 1825 tum
151 1797 310 1827 sententiam
322 1797 399 1824 feret.
421 1797 509 1831 Itaque
525 1796 597 1822 illum
612 1796 655 1829 qui
671 1802 717 1830 per
730 1799 869 1830 angustam

73 1849 185 1879 portam
199 1844 354 1877 intraverat,
374 1847 401 1870 et
413 1848 514 1870 arctum
534 1841 584 1868 iter
596 1841 758 1874 confecerat,
773 1841 795 1867 si
811 1840 868 1875 pla-

70 1893 130 1922 cet,
157 1889 184 1916 in
210 1889 328 1916 medium
353 1887 524 1920 adducamus,
549 1894 580 1914 ac
605 1886 701 1914 deinde
727 1891 867 1922 postquam

71 1935 218 1969 utriusque
243 1935 322 1962 tinem
350 1934 578 1969 conspexerimus,
606 1932 807 1960 convenientem
834 1932 868 1959 de

70 1988 242 2016 unoquoque
267 1980 424 2007 sententiam
451 1979 576 2006 feramus.
606 1978 753 2010 Quemnam
779 1981 867 2004 autem

67 2027 160 2056 alium
179 2026 298 2062 proferre
313 2032 464 2060 possumus,
484 2032 562 2060 quam
577 2024 716 2056 Lazarum,
737 2023 782 2059 qui
807 2028 870 2050 ante

67 2072 168 2101 divtis
177 2071 338 2102 vestibulum
355 2070 470 2109 jacebat,
491 2075 518 2097 et
537 2069 571 2096 ab
586 2070 636 2096 illis
652 2069 784 2106 ulceribus
796 2069 868 2096 obsi-

65 2117 201 2150 debatur,
216 2117 260 2152 qui
280 2125 326 2144 sua
339 2117 448 2147 vulnera
470 2124 485 2143 a
505 2123 600 2143 canum
615 2115 713 2151 linguis
725 2115 816 2150 attingi
829 2116 868 2141 vi-

65 2165 169 2198 debat,
191 2171 238 2191 nec
261 2163 320 2192 illos
340 2163 442 2193 valebat
467 2162 595 2198 abigere?
614 2161 648 2189 Ut
665 2162 735 2189 enim
758 2162 802 2189 ille
820 2169 867 2196 per

65 2211 158 2237 latam
173 2213 276 2245 portam
292 2209 434 2244 ingressus,
455 2216 503 2244 per
515 2209 657 2244 spatiosum
673 2209 741 2235 viam
761 2208 868 2236 incede-

65 2255 138 2287 bat;
160 2255 196 2285 ita
210 2254 301 2282 beatus
323 2255 390 2287 iste;
411 2254 516 2281 beatum
537 2253 634 2288 quippe
655 2253 728 2280 illttm
748 2253 802 2288 jam
817 2261 865 2288 ap-

63 2301 160 2336 pello,
174 2301 243 2335 quod
258 2308 306 2335 per
327 2304 465 2335 angustam
487 2299 597 2334 elegerit
613 2299 722 2327 introire
735 2308 741 2326 :
759 2307 807 2334 per
819 2306 866 2327 an—

62 2352 181 2382 gustam
209 2352 311 2381 portam
337 2347 460 2379 intravit,
489 2346 515 2377 in
536 2353 587 2381 qua
616 2346 705 2372 omnia
731 2345 866 2373 contrario

63 2392 158 2420 modo
169 2399 199 2420 se
210 2392 352 2419 habebant.
373 2391 406 2419 Ut
421 2392 464 2424 ille
477 2399 583 2425 semper
601 2390 703 2418 deliciis
717 2391 863 2424 fruebatur,

62 2439 109 2465 sic
134 2442 164 2466 et
185 2437 234 2465 iste
249 2442 374 2473 perpetua
392 2438 461 2465 fame
482 2437 692 2470 conﬂictabatur.
718 2438 805 2472 Atque
820 2437 864 2464 ille

63 2484 185 2519 quidem
206 2483 311 2511 deliciis
332 2488 360 2510 et
377 2490 503 2521 prospera
523 2483 643 2518 corporis
663 2483 824 2518 valetudine,
838 2489 864 2511 et

66 2531 248 2565 pecuniarum
262 2530 422 2563 abundantia
436 2529 595 2566 potiebatur,
611 2533 638 2560 et
651 2529 772 2564 ingluviei
784 2534 864 2566 atque

64 2575 199 2605 ebrietati
212 2575 275 2604 totis
286 2575 381 2603 diebus
391 2574 508 2603 vacando
518 2574 706 2606 conﬁciebatur
718 2583 725 2601 :
738 2574 787 2601 iste
800 2582 863 2602 vero

67 2628 125 2651 una
141 2629 200 2651 cum
212 2620 291 2656 fame,
305 2628 407 2652 summa
427 2627 571 2657 oppressus
584 2624 640 2647 erat
655 2625 782 2656 egestate,
800 2628 861 2655 per-

68 2668 136 2696 enni
158 2667 262 2700 morbo,
281 2672 309 2695 et
330 2667 504 2700 intolerandis
523 2667 668 2709 ulceribus,
685 2673 756 2696 utne
769 2676 863 2696 neces-

70 2715 162 2742 sarius
176 2714 282 2749 quidem
297 2714 334 2742 illi
347 2714 424 2744 cibus
437 2718 598 2750 suppeteret,
618 2714 665 2742 sed
679 2715 760 2742 micas
774 2715 806 2742 de
818 2716 862 2743 di-

72 2760 137 2787 vitis
163 2768 255 2790 mensa
275 2760 399 2792 cadentes
422 2764 575 2795 expeteret,
602 2768 669 2794 quas
696 2769 860 2796 nequaquam

74 2811 164 2834 tamen
180 2807 342 2840 impetraret.

113 2854 138 2879 ι.
163 2852 253 2881 Vidisti
268 2860 319 2888 quo
334 2857 409 2887 pacto
424 2859 469 2887 per
484 2857 619 2887 augustam
642 2857 743 2887 portam
758 2853 858 2888 ἱμερθε-

673 143 717 173 DE
735 138 870 170 LAZARO
885 138 1010 168 CONCIO
1022 139 1074 167 Vll.

1637 142 1705 170 £050

920 203 965 222 sus
981 196 1039 230 iste,
1053 204 1100 231 per
1118 202 1217 224 arctam
1234 197 1301 224 viam
1322 205 1427 231 semper
1442 197 1592 225 incederet!
1612 197 1704 226 Vidisti

917 250 971 277 quo
993 247 1069 279 pacto
1096 243 1140 269 ille
1164 250 1211 277 per
1234 243 1313 269 latam
1323 247 1424 277 portam
1448 247 1475 270 ct
1495 251 1542 277 per
1563 238 1706 278 spatios‘atn

919 289 987 316 viam
1002 289 1139 324 pergeret?
1157 288 1214 316 Jam
1231 296 1292 315 vero
1313 288 1390 315 ﬁnem
1406 288 1543 323 utriusque
1557 288 1703 322 videamus,

918 339 946 362 et
957 342 1009 369 quo
1024 339 1099 370 pacto
1116 335 1140 363 in
1156 339 1295 369 augustum
1309 334 1354 361 illc
1369 334 1446 361 tinent
1458 334 1576 367 desierit,
1591 343 1644 370 quo
1658 343 1704 368 ιη-

918 385 962 407 cto
975 380 1024 407 iste
1039 380 1064 407 in
1082 380 1162 407 lattnn
1185 387 1216 407 ac
1235 380 1325 407 multis
1339 379 1443 407 deliciis
1458 379 1608 407 refertum:
1625 384 1652 406 ut
1665 380 1706 407 itis

920 426 1000 461 probe
1014 426 1163 458 intellectis,
1180 433 1214 452 ne
1228 426 1372 460 spatiosum
1385 424 1454 451 viam
1466 425 1538 451 omni
1554 425 1633 452 modo
1647 433 1707 458 per-

919 479 1070 506 sequamur,
1091 479 1177 506 neque
1196 479 1244 506 per
1258 471 1338 498 latant
1359 475 1461 506 portam
1478 471 1576 506 ingredi
1599 471 1707 498 studea-

920 526 990 551 mus,
1004 518 1050 545 sed
1069 522 1207 552 angustant
1223 522 1326 552 portam
1349 522 1489 549 sectemur,
1506 521 1532 544 et
1547 525 1593 551 per
1607 521 1707 543 arctatn

920 564 989 591 viam
1010 563 1173 596 incedamtts,
1188 571 1240 598 qtto
1261 563 1392 598 possimus
1406 563 1438 589 ad
1455 563 1552 590 bonum
1574 562 1653 589 ﬁnem
1676 571 1706 588 at-

920 609 1046 637 refertum
1060 609 1161 636 deliciis
1174 609 1321 643 pervenire.

955 656 1092 682 Dissimilis
1109 656 1199 682 Lazari
1223 657 1279 682 vitae
1299 656 1428 682 terminus.
1441 671 1474 676 —-
1488 655 1552 683 Cum
1568 656 1638 683 enim
1663 664 1708 682 cu-

917 703 1013 737 jusque
1028 702 1131 729 illorutn
1155 702 1215 729 linis
1235 702 1395 734 advenisset,
1420 701 1478 728 vide
1493 701 1555 736 quid
1571 702 1604 728 dc
1619 709 1651 728 eo
1664 702 1708 736 qui

920 756 967 785 per
982 754 1080 775 arctam
1094 748 1163 775 viam
1184 751 1345 783 perrexerat,
1364 747 1436 781 prius
1450 747 1538 774 dicat:
1551 746 1660 773 Factum
1673 752 1708 772 est

920 801 1015 827 autem,
1032 794 1129 830 inquit,
1142 799 1169 820 ut
1184 799 1320 823 moreretur
1333 793 1473 825 mendicus,
1489 798 1512 819 et
1526 798 1669 828 portaretur
1679 793 1709 818 ab

920 842 1016 877 angelis
1029 841 1056 868 in
1070 840 1271 868 sinumAbra/ta:
1283 840 1356 874 (Luc.
1371 840 1413 867 lli.
1429 839 1487 874 22).
1502 839 1625 867 Fortasse
1636 840 1709 866 illtun

920 887 1086 914 abducebant
1100 886 1185 922 angeli
1207 886 1387 920 prtccedentes
1409 890 1435 913 et
1450 886 1517 912 latus
1531 886 1588 920 ejus
1609 886 1709 913 satelli-

921 937 977 960 tum
996 940 1070 960 more
1081 933 1227 967 cingentes,
1243 937 1322 967 atque
1341 932 1367 959 in
1380 931 1534 959 deliciarum
1549 932 1635 958 locum
1651 936 1710 966 post

921 979 1017 1007 multas
1031 979 1087 1006 illas
1100 979 1257 1005 afflictiones
1270 983 1297 1005 et
1317 982 1418 1005 arctam
1432 977 1503 1005 illan]
1518 976 1709 1012 peregrinatio-

922 1033 982 1058 nem
1009 1024 1193 1052 restituebant.
1225 1024 1304 1052 Vides
1327 1029 1425 1060 qttanta
1452 1024 1478 1050 in
1508 1024 1560 1051 line
1592 1028 1710 1058 angusta:

922 1075 1005 1108 portat
1026 1075 1054 1099 et
1076 1075 1156 1098 arctze
1170 1070 1219 1098 viae
1238 1075 1364 1105 appareat
1384 1071 1509 1107 latitudo?
1523 1071 1589 1097 Vide
1600 1070 1654 1105 jam
1671 1070 1710 1097 fu-

922 1121 1027 1146 nestum
1042 1117 1183 1144 terminum
1196 1117 1246 1144 via:
1262 1117 1395 1151 spatiosm.
1412 1116 1529 1144 Mortuus
1543 1121 1579 1143 est
1593 1121 1676 1143 autem
1688 1121 1710 1144 et

922 1163 1000 1195 dives,
1016 1162 1110 1197 inquit,
1125 1167 1147 1189 et
1159 1162 1271 1197 sepultus
1287 1167 1332 1188 est.
1348 1161 1443 1189 Nullus
1456 1161 1505 1188 fuit
1517 1161 1561 1197 qui
1576 1161 1709 1197 prmcede-

922 1212 973 1242 ret,
990 1208 1078 1235 nullus
1090 1207 1135 1241 qui
1150 1207 1219 1234 latus
1238 1206 1358 1241 stiparct,
1372 1206 1459 1234 nullus
1472 1206 1515 1242 qui
1531 1207 1556 1233 in
1568 1207 1610 1234 via
1623 1206 1710 1234 dcdu~

922 1257 1004 1286 ceret,
1019 1253 1087 1280 sicut
1100 1253 1239 1280 Lazarum.
1260 1251 1325 1280 Nam
1346 1252 1469 1287 quoniam
1485 1252 1510 1279 in
1533 1252 1647 1287 spatiosa
1668 1253 1709 1278 via

922 1299 1024 1326 cunctis
1037 1298 1110 1326 hisce
1123 1299 1222 1334 potitus
1238 1303 1288 1330 est,
1303 1297 1448 1333 habuitque
1466 1297 1565 1325 multos
1585 1297 1711 1325 satellites

922 1351 954 1372 ae
972 1344 1095 1377 famulos,
1110 1348 1301 1376 assentatores,
1317 1343 1434 1378 inquant,
1448 1343 1588 1378 parasitos,
1602 1343 1709 1378 quando

923 1389 956 1417 ad
969 1390 1119 1424 sepulcrum
1141 1390 1224 1421 venit,
1246 1389 1332 1416 nttdtts
1352 1396 1383 1416 ac
1403 1389 1544 1416 destitutus
1558 1389 1600 1415 ltis
1623 1390 1710 1416 omni-

923 1435 974 1462 bus
993 1435 1042 1462 fuit
1055 1440 1115 1469 post
1133 1435 1229 1461 multas
1253 1435 1310 1461 illas
1324 1434 1471 1468 voluptates
1486 1435 1527 1461 vel
1547 1433 1633 1468 potius
1649 1439 1709 1468 post

923 1481 1030 1508 brevem
1049 1481 1120 1509 illam
1147 1481 1308 1516 voluptatem
1333 1484 1361 1507 et
1383 1481 1596 1515 prosperitatem.
1621 1480 1710 1507 Brevis

922 1527 993 1553 enim
1014 1530 1056 1552 est
1079 1529 1133 1552 tota
1149 1533 1266 1560 pricsens
1286 1525 1348 1557 vita,
1371 1525 1393 1552 si
1417 1533 1475 1552 eum
1503 1525 1592 1552 futuro
1615 1525 1711 1552 sa-culo

922 1575 1101 1607 comparetur.
1117 1571 1179 1598 Post
1195 1571 1304 1598 brevem
1317 1571 1396 1606 igitur
1410 1570 1581 1606 voluptatem,
1597 1578 1648 1605 qtta
1663 1578 1710 1605 po-

923 1617 986 1644 titus
1005 1620 1056 1651 est,
1069 1616 1131 1644 dum
1150 1624 1196 1651 per
1210 1616 1353 1650 spatiosam
1366 1615 1436 1643 viam
1458 1615 1602 1648 incederet,
1625 1623 1709 1649 angu-

922 1663 1031 1690 stiarum
1051 1666 1080 1690 et
1098 1661 1248 1689 afﬂictionis
1262 1669 1322 1688 eum
1338 1661 1412 1688 locus
1430 1662 1542 1698 exet-pit.
1563 1662 1649 1697 Atque
1664 1661 1709 1688 ille

922 1708 1028 1743 quidem
1052 1707 1078 1735 in
1100 1707 1159 1734 sinu
1181 1707 1294 1734 Abram:
1319 1707 1512 1741 requiesccbat,
1538 1714 1570 1733 ac
1589 1707 1709 1734 laborum

922 1753 1118 1787 multarumque
1136 1752 1303 1780 miseriarum
1326 1752 1477 1780 mercedem
1501 1752 1631 1787 recipiens
1650 1759 1710 1788 post

922 1797 1029 1830 famem,
1052 1802 1112 1834 post
1125 1798 1224 1829 ulcera,
1247 1802 1384 1832 postquam
1405 1798 1431 1824 in
1446 1797 1577 1824 vestibulo
1592 1798 1708 1825 reclina-

922 1847 964 1870 tus
974 1843 1106 1878 jacuerat,
1130 1842 1306 1869 iueti‘abilibus
1326 1842 1378 1869 illis
1393 1842 1505 1875 deliciis,
1521 1850 1587 1877 quas
1603 1851 1636 1870 ne
1649 1851 1710 1870 ora-

921 1889 994 1916 tione
1017 1888 1123 1923 quidem
1150 1888 1291 1922 complecti
1316 1895 1470 1922 possutnus,
1494 1886 1629 1915 fruebatur
1645 1896 1652 1914 :
1669 1887 1710 1915 hic

921 1942 984 1961 vero
1011 1938 1070 1969 post
1094 1934 1254 1968 voluptatem
1279 1941 1311 1961 ae
1334 1933 1454 1966 delicias,
1481 1937 1541 1968 post
1563 1934 1707 1968 ingluviem

920 1981 1040 2013 multam,
1055 1986 1114 2015 post
1125 1980 1281 2008 ebrietatem
1302 1981 1339 2007 illi
1355 1980 1499 2009 incvitabili
1520 1981 1649 2016 supplicio
1663 1981 1711 2008 ad-

920 2025 1008 2053 dictus
1027 2026 1204 2053 cruciabatur.
1224 2025 1259 2053 Ut
1278 2029 1365 2052 autem
1384 2026 1489 2052 illorum
1506 2030 1616 2060 uterque
1631 2026 1709 2054 rebus

919 2071 984 2106 ipsis
1002 2071 1138 2105 doceatur,
1162 2071 1204 2099 ltic
1217 2071 1334 2106 quidem,
1350 2076 1447 2106 quanta
1471 2072 1506 2098 sit
1526 2076 1644 2106 angusta:
1660 2073 1708 2099 vite

920 2118 1030 2150 utilitas,
1051 2118 1097 2145 ille
1117 2125 1191 2152 vero,
1207 2122 1334 2153 quantum
1357 2117 1495 2151 damnum,
1511 2123 1607 2155 qttanla
1620 2119 1709 2153 perni-

920 2164 974 2190 cies
996 2164 1131 2198 spatiosas,
1146 2171 1162 2190 a
1181 2163 1258 2198 longe
1272 2163 1357 2191 multo
1376 2163 1510 2197 sejunctos
1526 2163 1666 2191 intervallo
1679 2171 1709 2191 se

920 2209 1030 2237 invicem
1052 2209 1198 2237 intuentur.
1221 2209 1291 2236 Audi
1309 2217 1361 2246 quo
1383 2208 1527 2244 pactozEt
1550 2210 1578 2236 in
1597 2210 1706 2244 inferna,

918 2255 965 2288 ait,
977 2255 1075 2282 elevans
1086 2256 1171 2282 oculos
1180 2263 1249 2288 suos,
1261 2256 1287 2282 in
1299 2255 1427 2282 tormentis
1437 2255 1540 2290 degens,
1552 2255 1616 2282 videt
1629 2255 1708 2283 Abra-

918 2301 978 2327 ham
997 2309 1013 2327 a
1032 2301 1115 2336 longe,
1130 2305 1153 2328 et
1172 2300 1299 2327 Lazarum
1317 2301 1344 2326 in
1359 2301 1416 2327 sinu
1428 2301 1484 2334 ejus
1499 2299 1575 2334 (Luc.
1591 2300 1634 2328 16.
1647 2300 1706 2336 25).

918 2347 1046 2384 Equidem
1060 2347 1175 2374 arbitror
1193 2347 1267 2374 illum
1283 2347 1325 2375 ubi
1341 2352 1392 2375 tam
1413 2346 1526 2374 subitam
1540 2354 1629 2374 rcrttm
1652 2355 1709 2376 mu-

919 2393 1046 2420 tationem
1062 2393 1137 2427 vidit,
1152 2398 1179 2421 et
1201 2394 1273 2419 illum
1287 2393 1393 2428 quidem
1406 2392 1450 2428 qui
1466 2392 1572 2428 jaccbat
1586 2393 1613 2421 in
1625 2394 1706 2421 vesti-

918 2440 991 2473 bulo,
1004 2447 1153 2474 canumque
1173 2439 1269 2474 linguis
1282 2444 1340 2466 erat
1357 2439 1503 2474 expositus,
1524 2443 1595 2466 tanta
1612 2439 1705 2466 fiducia

915 2486 1042 2521 gaudere,
1056 2485 1119 2513 dum
1134 2485 1160 2513 in
1174 2485 1331 2521 patriarcha:
1344 2485 1404 2519 sinu
1416 2490 1566 2512 vcrsaretttr
1578 2493 1585 2512 :
1598 2492 1628 2512 se
1642 2493 1706 2512 vero

916 2535 987 2559 tanta
1002 2531 1124 2559 obrutum
1139 2531 1291 2567 ignominia,
1305 2535 1384 2566 atque
1399 2531 1506 2566 insuper
1523 2530 1584 2566 igne
1601 2531 1705 2558 crucia—

917 2582 983 2612 tum,
997 2578 1123 2612 majorem
1139 2585 1247 2605 sensum
1263 2576 1364 2604 doloris
1375 2576 1488 2611 cepisse.
1505 2576 1570 2603 Cum
1587 2582 1650 2611 ergo
1660 2583 1705 2603 res

915 2627 1037 2652 cerneret
1051 2623 1077 2650 in
1093 2623 1255 2650 contrarium
1275 2626 1399 2653 mutatas,
1412 2628 1444 2648 ac
1460 2628 1488 2648 se
1498 2620 1543 2655 qui
1563 2627 1704 2655 propemo-

915 2669 978 2696 dum
1002 2669 1028 2696 in
1049 2669 1151 2697 somnis
1169 2672 1197 2696 et
1214 2667 1306 2696 umbra
1318 2667 1420 2695 deliciis
1435 2666 1533 2701 potitus
1545 2670 1611 2698 erat,
1632 2673 1703 2693 nunc

915 2715 1081 2744 intolerabile
1093 2715 1250 2750 supplicium
1264 2713 1343 2746 ferre,
1356 2721 1387 2741 ac
1398 2717 1457 2748 post
1476 2712 1619 2747 patiosam
1633 2712 1700 2739 viam

915 2761 1047 2796 latamque
1056 2765 1171 2797 portam,
1186 2761 1212 2787 in
1228 2760 1308 2787 tinent
1319 2762 1387 2786 adeo
1401 2762 1541 2793 angustum
1555 2764 1613 2785 esse
1626 2759 1697 2785 dela-

916 2811 970 2834 tum
982 2815 989 2833 :
1003 2807 1041 2835 illi
1053 2815 1116 2834 vero
1129 2805 1260 2834 contraria
1271 2804 1382 2839 ’penitus
1402 2803 1534 2833 evenisse,
1548 2809 1578 2829 ac
1592 2809 1703 2838 pr0ptcr

916 2862 985 2888 eam,
1002 2862 1079 2890 quam
1102 2853 1127 2881 in
1142 2852 1192 2880 hac
1207 2852 1259 2879 vita
1273 2850 1427 2879 exhibuerat
1442 2848 1609 2885 patientiam,
1624 2847 1700 2875 illum
