2042 3121
284 180 347 208 1051

283 236 459 265 ineﬂ‘abilibus
478 238 575 274 perfrui
595 239 680 269 bonis.
697 239 818 267 nesciens
833 248 885 274 quo
898 248 928 267 se
943 245 1066 272 verteret,

282 283 410 318 inopsque
424 284 538 316 consilii,
554 292 614 311 cum
627 286 788 318 experientia
808 285 954 319 didicisset,
970 291 1068 321 quanta

282 330 372 356 fraude
385 330 490 364 penitus
502 330 628 365 deceptus
642 331 744 364 fuisset,
761 340 821 359 cum
842 333 985 366 spatiosam
999 333 1068 359 viam

281 376 415 410 elegisset,
435 377 652 410 supplicationem
672 377 749 404 offert
762 378 928 412 patriarchm,
943 386 975 405 ac
988 379 1068 404 misc-

281 421 378 448 rabiles
401 429 480 448 voces
501 423 578 449 simul
600 429 627 450 ct
653 424 785 460 lacrymas
810 425 924 452 ubertitn
947 425 1068 452 effundit.

281 466 371 500 itaque
382 468 403 494 is
411 469 454 502 qui
468 468 501 495 ad
514 468 643 496 Lazarum
658 477 687 496 se
698 475 865 502 Convertere,
883 471 922 498 vel
936 471 1010 498 illum
1024 479 1068 498 re-

280 512 382 547 spicere
406 521 457 540 non
476 514 644 549 dignabatur,
660 525 801 551 pauperem
821 517 953 552 al-jectutu
974 523 1001 545 et
1024 519 1068 551 ja-

281 564 386 586 ccntem
397 560 421 586 in
429 561 568 593 vestibulo,
582 562 629 588 sed
643 568 669 589 et
686 563 770 597 ipsum
786 564 976 598 prepemodum
991 564 1067 592 dete‘

280 604 400 631 stabatur
413 611 521 640 propter
543 607 660 635 ulcerum
681 613 778 636 tetrum
798 610 918 642 odorem,
941 618 1068 645 suamque

282 650 432 684 mollitiem,
455 657 482 680 et
504 653 624 685 delicias.
653 655 748 690 quibus
769 657 895 683 continue
920 656 1065 689 fruebatur,

281 703 352 722 nunc
363 697 519 731 patriarcha:
533 699 663 733 supplicat
677 705 703 727 et
714 701 750 727 ait
766 710 772 728 :
790 702 866 728 Pater
873 702 1009 734 Abraham,
1021 703 1068 728 mi-

281 749 361 768 serere
375 743 433 774 mei,
445 748 467 769 et
485 744 553 770 mitte
568 744 702 777 Lazarum,
717 751 742 772 ut
757 746 864 781 intingat
877 752 1013 774 extremum
1026 749 1067 774 tli-

280 787 326 821 giti
344 789 384 814 cui
404 788 430 814 in
449 797 551 823 aquam,
572 795 595 816 et
612 791 742 825 refrigeret
761 791 874 826 linguam
898 794 1067 827 meam;quia

281 833 379 859 rrucior
391 833 416 859 in
429 833 476 860 Itac
488 835 593 868 ﬂamma
609 835 682 870 (Luc.
699 836 741 863 16.
757 836 815 870 24).
828 837 1000 865 Suflicicbant
1011 838 1067 865 hzcc

280 877 359 903 verba
387 878 419 904 ad
450 879 657 906 misericordiam
684 882 858 915 movendam,
885 889 1066 910 verumtamen

282 923 345 949 nihil
369 923 424 949 hac
448 924 482 950 illi
507 925 670 958 profuerunt.
695 926 879 960 intempestiva
902 929 999 962 quippe
1020 928 1067 955 fuit

280 969 423 1001 confessio,
440 975 465 996 et
486 979 539 997 non
554 972 720 999 convenienti
736 973 823 1000 oblata
839 978 957 1008 tempore
971 974 1066 1008 depre-

280 1018 358 1040 Catto.
377 1014 461 1048 Mitte,
481 1015 574 1050 inquit,
588 1017 715 1044 Lazarmn
732 1018 804 1044 illum
820 1026 972 1052 pauperem,
987 1027 1065 1054 quem

280 1064 357 1086 antea
375 1059 537 1094 detestabar,
554 1062 597 1089 cui
617 1062 698 1090 micas
719 1071 771 1090 non
790 1063 959 1098 impertiebar
973 1074 978 1090 :
992 1065 1065 1092 illiilli

279 1112 328 1129 oro
341 1112 420 1137 nunc,
436 1109 463 1132 et
478 1106 589 1141 digitum
604 1107 678 1134 illum
694 1109 811 1142 requiro,
832 1117 911 1143 quem
924 1117 1005 1136 canes
1017 1110 1066 1136 lin-

278 1149 385 1182 gebaut.
411 1149 491 1178 Vides
519 1156 546 1178 ut
569 1152 642 1179 illum
667 1153 824 1188 suppliciunt
853 1155 1065 1189 compescuent?

281 1195 359 1222 Vides
376 1204 453 1231 quam
474 1202 614 1231 angustum
635 1199 667 1226 ad
695 1200 772 1225 lim-in
791 1200 864 1226 illum
889 1201 1003 1234 spatiosa
1024 1202 1064 1228 via

279 1241 426 1268 detulerit?
449 1242 538 1277 Neque
560 1251 653 1278 preces
674 1245 751 1271 offert
765 1245 874 1278 Lazaro,
890 1246 936 1272 sed
951 1247 1064 1280 patriar-

278 1287 336 1314 clue
348 1296 354 1320 ;
371 1289 466 1315 merito
480 1298 486 1315 :
501 1297 586 1323 neque
599 1290 669 1317 enim
681 1296 771 1317 contra
789 1299 930 1326 pauperetur
944 1293 1065 1320 attollere

277 1333 368 1360 oculos
388 1333 511 1360 audebat.
537 1335 616 1362 Suam
641 1337 711 1362 enim
734 1336 950 1365 inlnnuanitatem
975 1343 1064 1366 mente

277 1379 408 1411 versabat;
431 1384 457 1407 et
476 1381 604 1415 cogitans,
620 1389 698 1416 quam
719 1383 953 1410 immisericordem
977 1385 1011 1410 illi
1035 1392 1064 1412 se

275 1425 449 1459 exhibuisset,
471 1427 556 1461 ip»um
579 1435 612 1454 ne
631 1436 761 1462 responso
775 1429 881 1463 quidem
896 1437 926 1456 se
939 1429 1062 1464 dignatu-

277 1478 335 1497 rum
350 1472 544 1506 suspicabatur.
555 1473 638 1507 Quam
655 1475 689 1501 ob
702 1482 808 1502 caltsam
823 1483 909 1511 neque
928 1477 1062 1511 ειψριὶεειο

276 1515 374 1543 tionem
390 1517 422 1544 ad
437 1517 511 1544 illum
525 1518 624 1554 dirigit,
647 1519 693 1546 sed
712 1520 888 1555 patriarcham
902 1521 1060 1549 obtestatur.

275 1561 328 1588 Sed
349 1570 382 1589 ne
402 1563 440 1589 sic
454 1563 559 1598 quidem
573 1564 716 1599 quidquam
732 1566 843 1600 profecit
858 1575 864 1593 :
882 1571 982 1594 tantum
1003 1576 1060 1595 ma-

273 1605 328 1633 lnm
347 1611 388 1634 est
405 1607 635 1643 intempestivitas,
656 1614 682 1636 et
701 1618 857 1639 concessum
882 1613 958 1640 nobis
975 1621 989 1640 a
1015 1614 1060 1641 Dei

273 1650 437 1687 benignitate
449 1653 482 1680 ad
495 1654 587 1680 salutis
599 1660 698 1682 nostra:
709 1656 876 1684 occasionem
891 1662 996 1693 tempus
1012 1667 1060 1686 ne-

272 1697 383 1732 gligere.
406 1698 490 1731 Quem
517 1698 589 1726 enim
615 1699 784 1728 adamantem
814 1709 867 1729 non
893 1702 950 1730 luce
978 1705 1058 1732 verba

272 1743 427 1776 ﬂexissent,
451 1749 478 1772 et
503 1744 537 1772 ad
561 1745 771 1774 misericordiam
793 1752 821 1775 et
845 1749 1057 1784 compassioucm

271 1790 475 1816 commovissem
485 1790 497 1816 ?

305 1833 381 1861 Dives
399 1835 447 1861 sibi
461 1835 584 1863 ulularunt
595 1842 693 1864 auctor.
708 1853 743 1858 —
757 1838 944 1868 Verumtamen
965 1849 998 1869 ue
1019 1843 1058 1870 sic

270 1880 376 1915 quidem
399 1882 490 1909 annuit
516 1883 636 1917 petitioni
661 1886 825 1920 patriarcha,
854 1887 900 1914 scd
928 1895 1057 1922 responso

269 1927 374 1960 quidem
390 1927 461 1955 illum
473 1929 605 1964 dignatur,
619 1931 703 1966 ipsum
718 1940 782 1959 vero
795 1933 872 1960 docet
884 1935 934 1961 sibi
950 1940 986 1962 tot
1002 1944 1057 1962 tua-

270 1972 355 1998 lorum
372 1979 431 1999 cum
451 1979 586 2001 auctorem
602 1976 745 2004 exstitisse.
764 1977 808 2005 Sic
828 1979 898 2005 enim
913 1987 973 2006 cum
989 1981 1056 2007 allo-

268 2017 357 2052 quitur
371 2019 518 2053 patriarclta
534 2029 540 2045 :
553 2020 616 2054 Fili,
631 2023 774 2057 recordare,
788 2026 848 2059 quia
863 2027 978 2061 recepisti
991 2027 1056 2054 bona

268 2068 311 2090 tua
329 2064 353 2090 in
368 2065 418 2091 vita
432 2070 485 2097 tua,
499 2071 522 2093 et
536 2066 649 2094 Lazarus
663 2069 776 2096 similiter
791 2071 858 2097 mala
872 2079 881 2098 :
893 2081 959 2099 nunc
971 2079 1054 2100 autent

267 2109 308 2135 llic
328 2110 427 2144 quidem
450 2112 603 2145 retractatur,
624 2119 649 2139 tu
672 2121 729 2141 vero
745 2116 875 2143 cruciaris.
895 2116 929 2143 Et
948 2118 982 2144 ad
1001 2119 1055 2145 Itd’c

266 2154 351 2180 omnia
363 2155 428 2182 inter
441 2163 484 2182 vos
498 2161 520 2182 et
535 2165 580 2184 nos
593 2157 677 2185 hiatus
690 2167 794 2194 magnus
807 2162 954 2189 constitutus
968 2170 1014 2194 est,
1027 2168 1054 2190 ut

266 2200 339 2234 tiqui
353 2200 437 2227 volunt
460 2202 519 2228 hinc
537 2203 644 2229 transire
664 2204 697 2230 ad
717 2213 768 2237 vos,
785 2214 834 2232 non
848 2209 953 2241 possint,
976 2217 1054 2243 neque

265 2245 324 2271 inde
337 2245 391 2272 'Ituc
410 2251 572 2273 transultare.
595 2248 732 2277 Terribilia
754 2256 814 2278 sunt
835 2251 891 2279 lucc
913 2254 1003 2287 verba,
1027 2260 1054 2282 et

265 2298 323 2323 qua-
349 2291 449 2324 possint
467 2298 523 2324 eos,
545 2293 640 2327 quibus
663 2302 710 2322 eor
732 2297 810 2331 sapit.
826 2297 965 2331 plurimum
980 2307 1054 2326 com-

266 2343 384 2362 movere.
399 2335 464 2363 Nam
483 2342 510 2364 ut
523 2345 584 2365 eum
604 2338 707 2373 doceat,
725 2347 754 2368 se
773 2342 878 2376 quidem
894 2351 967 2371 suam
989 2352 1052 2380 erga

265 2381 338 2407 illmn
354 2381 562 2411 misericordiam
583 2384 720 2419 exhibere,
743 2393 822 2420 atque
835 2388 868 2415 ad
888 2380 1052 2424 cunipatieu-

264 2426 326 2453 dum
334 2426 441 2458 inﬂecti,
449 2427 511 2454 dum
521 2430 709 2464 suppliciorum
718 2432 963 2469 cernitgravitatem
971 2443 978 2462 :
987 2436 1050 2464 nihil

263 2477 352 2499 tamen
374 2473 460 2500 solatii
474 2475 593 2508 prtebere
605 2483 693 2510 posse,
706 2485 787 2512 seque
801 2480 991 2514 propemodum
1004 2490 1051 2508 ex—

262 2525 358 2545 cusans
372 2518 418 2550 illi,
432 2519 545 2553 Vellem,
560 2521 654 2556 inquit,
674 2530 780 2550 manum
797 2525 843 2552 tibi
858 2526 1003 2562 porrigere,
1018 2534 1050 2555 ac

261 2563 367 2591 dolores
380 2565 510 2600 mitigare.
524 2571 552 2594 et
572 2569 728 2602 peracerbas
747 2578 838 2605 poenas
857 2572 985 2605 minuere,
1002 2573 1048 2601 sed

261 2614 287 2637 tu
303 2611 470 2645 temetipsum
482 2613 640 2648 jampridem
654 2623 687 2642 eo
700 2616 795 2643 solatio
809 2617 914 2651 privasti
927 2627 934 2644 :
950 2619 1049 2647 idcirco

260 2657 296 2684 nit
311 2665 318 2683 :
333 2657 397 2690 Fili,
419 2660 565 2687 recordare.
578 2659 645 2688 Vide
666 2661 810 2690 bonitatem
835 2664 1001 2698 patriarcba',
1019 2665 1049 2692 li-

259 2703 323 2731 lium
353 2705 438 2740 ipsum
460 2711 546 2733 vocat.
570 2706 759 2736 Verumtamen
786 2709 837 2736 hoc
863 2711 970 2745 quidem
989 2711 1048 2746 ejus

260 2750 449 2779 humanitatem
463 2757 549 2787 potest
565 2753 717 2786 ostendere,
736 2754 782 2781 sed
802 2755 903 2783 nullum
920 2757 1047 2784 auvilium

259 2796 340 2830 ferre,
365 2798 435 2832 quod
458 2798 575 2833 seipsum
597 2799 653 2834 ipse
678 2800 832 2834 prodiderit.
861 2801 924 2836 Fili,
949 2803 1043 2838 inquit,

257 2842 399 2876 recordare,
415 2844 473 2878 quia
493 2845 609 2879 recepisti
624 2850 651 2872 tu
671 2845 737 2873 bona
751 2852 794 2873 tua
808 2848 833 2874 in
853 2849 903 2875 vita
924 2853 976 2876 tua.
993 2849 1046 2876 Vc-

258 2890 334 2915 niaut
345 2888 391 2916 tibi
411 2889 438 2917 in
452 2894 568 2918 mentem
584 2893 727 2927 praeterita,
741 2893 793 2920 noli
807 2893 926 2922 oblivisci
939 2900 1045 2931 quantis

633 183 661 210 S.
679 182 817 210 JOANNIS
827 182 1062 211 CHRYSOSTOSII
1081 182 1239 211 ABCHIEP.
1258 180 1521 210 CONSTANTLVOP.

1844 180 1913 208 £053

1123 238 1226 266 deliciis
1237 238 1336 272 potitus
1354 237 1446 269 fueris,
1465 241 1561 272 quanta
1581 237 1725 272 voluptate,
1740 240 1837 270 quanta
1851 245 1911 263 ma-

1122 283 1272 318 guiﬂccntia
1288 292 1295 309 :
1308 290 1361 318 quo
1376 287 1452 318 pacto
1467 283 1590 318 iuglaviei
1604 287 1683 318 atque
1696 283 1816 310 ebrietati
1832 283 1911 309 dedi-

1123 334 1166 356 tus
1178 337 1284 362 seraper
1295 329 1402 362 vixeris,
1418 336 1477 356 cum
1491 329 1517 356 in
1533 336 1611 356 omne
1623 337 1709 356 arvum
1730 334 1755 356 te
1768 327 1911 356 fruiturum

1123 374 1176 401 illis
1185 374 1362 406 existimares,
1376 379 1403 401 et
1417 375 1460 402 illa
1472 382 1531 401 esse
1544 375 1611 401 bona
1625 379 1765 401 statueres.
1779 374 1817 400 Ex
1827 374 1912 407 ipsius

1121 421 1251 448 sententia
1266 429 1420 456 responsum
1436 421 1472 447 illi
1486 421 1568 448 dedit.
1579 420 1644 447 Cum
1658 420 1729 447 enim
1742 420 1787 447 ille
1796 419 1912 446 sublime

1122 465 1186 492 nihil
1207 467 1359 500 conciperet
1381 467 1480 499 animo,
1502 474 1587 501 neque
1607 467 1674 492 mala
1690 466 1785 498 futura,
1801 474 1861 501 quae
1884 467 1915 492 il-

1121 511 1175 537 lum
1189 517 1331 546 exceptura
1346 517 1446 545 essent,
1467 512 1518 540 sibi
1536 516 1597 539 ante
1618 512 1710 539 oculos
1728 517 1848 546 poneret,
1866 511 1913 538 illa

1120 564 1180 584 eSse
1193 557 1262 584 bona
1275 558 1410 585 censebat.

1155 603 1182 630 5.
1204 603 1259 630 Hoc
1272 604 1343 630 enim
1363 604 1481 638 plerique
1493 603 1583 631 dicere
1597 603 1670 631 soliti
1689 607 1761 636 sunt,
1775 603 1821 638 qui
1841 603 1912 631 deli-

1120 649 1176 676 cias
1188 654 1215 676 et
1227 650 1368 684 ingluviem
1382 650 1415 677 ad
1426 655 1560 685 stuporem
1575 651 1715 683 mirantur,
1730 651 1819 677 multis
1832 649 1917 685 potiti

1121 695 1217 722 fuimus
1236 695 1322 728 bonis,
1346 697 1366 723 si
1383 696 1488 730 quando
1501 704 1618 723 summas
1638 696 1747 724 delicias
1767 697 1846 723 velint
1860 704 1911 723 ex—

1120 740 1245 774 primere.
1260 741 1319 768 Noli
1333 741 1388 768 haec
1399 742 1554 776 simpliciter
1564 743 1632 769 bona
1647 749 1752 772 vocare.
1767 742 1802 768 mi
1817 742 1912 774 homo,

1119 786 1166 813 sed
1181 787 1266 821 cogita
1281 788 1338 814 tunc
1356 795 1370 814 a
1390 787 1502 814 Domino
1515 788 1574 814 data
1588 795 1656 819 esse,
1679 793 1708 814 ut
1721 789 1759 814 eis
1773 787 1913 814 moderate

1119 836 1223 860 utentes
1237 832 1317 860 vitam
1331 837 1448 860 nostram
1465 837 1596 865 tueamur,
1612 837 1639 860 et
1659 833 1838 860 infirmitatem
1850 840 1912 860 cor-

1120 878 1191 910 poris
1204 882 1383 904 sustcntemus
1395 887 1401 904 :
1417 878 1467 905 alia
1478 885 1541 905 vero
1553 883 1615 905 sunt
1628 886 1690 906 vere
1705 879 1784 905 bona.

1157 923 1219 956 Qum
1229 924 1279 950 sint
1291 932 1346 951 cere
1357 925 1431 951 bona.
1443 938 1479 944 —
1492 924 1560 952 Nihil
1570 924 1668 959 quippe
1683 925 1793 952 istorum
1808 924 1909 952 bonum

1119 974 1169 1001 est,
1186 977 1238 996 non
1253 969 1354 997 deliciae
1367 991 1374 1003 ,
1391 978 1442 998 non
1457 971 1572 1003 divitiae,
1589 979 1642 998 non
1658 972 1848 1005 sumptuositas
1860 979 1910 998 ve-

1119 1016 1216 1047 stium,
1241 1015 1288 1041 sed
1312 1016 1397 1042 solum
1423 1024 1519 1043 nomen
1543 1016 1650 1044 habent.
1663 1016 1731 1050 Quid
1746 1022 1835 1044 autem
1849 1017 1911 1043 dico

1118 1060 1202 1086 solum
1218 1068 1248 1086 ea
1269 1068 1365 1087 nomen
1381 1061 1498 1088 habere?
1514 1062 1559 1089 Illa
1574 1069 1638 1089 vero
1651 1070 1835 1096 smpeuumcro
1849 1069 1911 1096 per-

1118 1105 1213 1133 niciem
1230 1107 1305 1134 nobis
1315 1112 1467 1140 accersunt,
1482 1109 1503 1134 si
1517 1108 1622 1143 quando
1634 1109 1708 1142 ipsis,
1723 1116 1775 1134 non
1790 1113 1817 1134 ut
1830 1115 1910 1142 opor-

1118 1156 1168 1183 tet,
1184 1158 1298 1180 utamur.
1312 1153 1376 1180 Nam
1391 1155 1489 1181 divitim
1509 1155 1584 1181 boum
1596 1159 1706 1189 possunt
1720 1162 1780 1182 esse
1802 1162 1910 1189 posses-

1117 1197 1188 1229 sori,
1213 1199 1318 1232 quando
1341 1207 1393 1226 non
1418 1200 1443 1226 in
1469 1201 1579 1227 delicias
1603 1205 1704 1227 tantum
1726 1200 1801 1232 illas,
1818 1208 1866 1227 nec
1883 1200 1909 1226 in

1116 1242 1271 1270 ebrietatem
1292 1249 1320 1271 et
1343 1245 1436 1272 noxias
1455 1245 1603 1280 voluptates
1625 1245 1767 1278 expendit,
1786 1245 1833 1272 sed
1846 1253 1908 1272 cum

1115 1287 1218 1316 deliciis
1250 1290 1385 1318 moderate
1408 1291 1564 1326 perfruens,
1589 1292 1689 1327 reliqua
1712 1292 1737 1318 in
1763 1299 1907 1327 pauperum

1116 1339 1221 1362 ventres
1235 1336 1388 1369 distribuit,
1403 1342 1458 1364 tum
1472 1337 1549 1364 bona:
1561 1343 1623 1364 sunt
1637 1338 1747 1364 divitia).
1759 1338 1803 1364 Sin
1817 1342 1907 1363 autem

1115 1381 1232 1415 seipsum
1246 1383 1305 1417 quis
1319 1383 1421 1410 deliciis
1437 1391 1468 1410 ac
1482 1384 1586 1411 cancris
1605 1383 1758 1410 libidinibus
1770 1384 1907 1410 dediturus

1114 1426 1158 1458 sit,
1171 1434 1223 1454 non
1240 1429 1319 1455 tnodo
1334 1429 1399 1456 nihil
1412 1430 1436 1457 ei
1452 1435 1574 1464 prosunt,
1590 1430 1638 1458 sed
1652 1431 1732 1457 etiam
1749 1430 1774 1456 in
1796 1429 1901 1464 profun-

1113 1471 1177 1499 dutn
1191 1473 1263 1500 illum
1279 1474 1431 1502 barathrum
1447 1476 1608 1510 pnecipitem
1622 1482 1700 1511 agunt
1715 1485 1723 1502 :
1738 1475 1809 1510 quod
1822 1480 1849 1502 et
1862 1475 1905 1502 isti

1113 1519 1187 1548 diviti
1199 1521 1304 1547 accidit.
1319 1522 1403 1554 Quam
1423 1522 1459 1549 ob
1479 1530 1585 1549 causam
1600 1522 1663 1549 dicit
1680 1522 1717 1548 illi
1734 1521 1883 1556 patriarcha
1897 1529 1905 1547 :

1113 1568 1176 1601 Fili,
1191 1568 1334 1601 recordare,
1349 1569 1408 1604 quia
1421 1570 1536 1604 recepisti
1549 1570 1613 1596 bona
1628 1575 1672 1596 tua
1685 1569 1711 1595 in
1725 1569 1775 1595 rita
1789 1574 1842 1594 tua.
1858 1568 1904 1594 Illa

1112 1626 1171 1652 qua:
1186 1626 1248 1646 vere
1262 1619 1330 1646 bona
1345 1627 1405 1646 esse
1424 1619 1553 1646 censebas
1579 1618 1720 1654 recepisti,
1741 1623 1768 1644 et
1790 1617 1908 1645 Lazarus

1111 1665 1234 1692 similiter
1249 1665 1316 1692 mala
1332 1674 1339 1692 :
1355 1673 1408 1692 non
1421 1665 1491 1700 quod
1505 1673 1535 1692 ea
1549 1665 1664 1692 Lazarus
1677 1664 1747 1691 mala
1765 1667 1903 1695 censeret,

1111 1711 1198 1743 absit,
1212 1711 1258 1738 sed
1277 1719 1307 1738 ex
1323 1712 1406 1745 ipsius
1419 1711 1511 1738 divitis
1524 1711 1654 1738 semcntia
1671 1710 1720 1737 hoc
1733 1710 1811 1736 etiam
1827 1708 1900 1743 adje-

1110 1757 1146 1784 cit
1159 1766 1165 1784 :
1181 1757 1309 1791 siquidem
1325 1757 1368 1784 ille
1380 1765 1439 1784 cum
1451 1757 1519 1783 hanc
1529 1757 1598 1791 apud
1609 1764 1637 1783 se
1648 1756 1805 1783 sententiam
1818 1759 1902 1781 ratam

1111 1803 1257 1835 habuisset,
1271 1806 1335 1838 opes
1345 1811 1377 1830 ac
1386 1803 1506 1835 delicias,
1520 1803 1653 1829 lasciiiam
1665 1807 1692 1829 et
1704 1810 1808 1829 omnem
1821 1802 1900 1827 alium

1109 1849 1172 1876 vita:
1195 1849 1284 1875 luxum
1306 1846 1375 1876 bona
1398 1857 1458 1876 esse
1473 1848 1587 1876 ducebat
1601 1858 1608 1875 :
1622 1853 1802 1883 paupertatem
1819 1854 1899 1879 vero,

1111 1895 1205 1922 famem
1222 1899 1248 1922 et
1263 1895 1402 1921 adversam
1417 1895 1593 1922 valetudinem
1614 1894 1682 1920 mala
1703 1902 1763 1921 esse
1781 1894 1893 1927 Suspica-

1110 1940 1195 1967 batur.
1208 1940 1290 1967 Prout
1304 1940 1382 1975 igitur
1394 1940 1584 1972 existimabas,
1600 1944 1626 1967 et
1640 1939 1735 1966 falsum
1752 1939 1814 1965 illud
1827 1938 1898 1972 judi-

1108 1986 1177 2012 cium
1190 1985 1402 2020 amplectebaris,
1416 1985 1557 2013 recordare
1578 1991 1603 2012 te
1616 1993 1647 2012 ex
1660 1989 1705 2012 tuo
1716 1985 1819 2011 calculo
1830 1984 1898 2012 bona

1108 2032 1151 2059 illa
1164 2032 1296 2066 recepisse
1306 2052 1314 2063 ,
1329 2039 1389 2058 cum
1404 2039 1450 2066 per
1463 2032 1542 2059 latam
1557 2039 1588 2058 ac
1606 2032 1750 2066 spatiosam
1765 2032 1832 2057 viam
1854 2031 1908 2065 ἰιιο,

1107 2076 1228 2109 cederes,
1242 2081 1268 2103 et
1283 2076 1412 2103 Lazarum
1427 2076 1550 2103 similiter
1560 2077 1627 2103 mala
1640 2085 1671 2103 ex
1687 2076 1825 2103 ratiocinio
1839 2077 1907 2108 luo,’

1107 2123 1168 2150 dum
1183 2128 1322 2158 angustum
1344 2128 1371 2150 et
1392 2128 1493 2150 arctum
1516 2124 1567 2150 iter
1590 2123 1743 2150 conﬁceret.
1767 2122 1897 2156 Quoniam

1106 2168 1186 2203 igitur
1197 2173 1223 2195 lu
1239 2169 1288 2195 vite
1302 2172 1402 2195 tantum
1414 2167 1514 2195 aditum
1528 2167 1678 2201 spectabas,
1691 2167 1733 2195 hic
1744 2175 1806 2194 vero
1817 2167 1896 2193 tinem

1105 2213 1282 2247 respiciebat,
1304 2221 1390 2248 neque
1405 2213 1580 2248 negligentior
1594 2218 1701 2247 propter
1722 2213 1823 2238 aditum
1847 2212 1897 2238 vi:e

1104 2258 1273 2288 reddebatur.
1289 2263 1427 2293 propterea
1450 2266 1521 2284 nunc
1540 2258 1694 2284 consolatur
1709 2257 1759 2284 hoc
1779 2258 1803 2284 in
1820 2258 1894 2288 loco.

1106 2308 1132 2330 tu
1148 2311 1211 2330 vero
1224 2304 1362 2336 cruciaris,
1376 2308 1401 2331 et
1415 2304 1480 2331 ﬁnes
1493 2303 1542 2330 sibi
1558 2304 1669 2330 invicem
1681 2303 1829 2330 contrarios
1842 2311 1895 2329 sor-

1104 2349 1143 2376 titi
1155 2350 1228 2376 estis.
1242 2349 1357 2377 Vidistis.
1366 2350 1452 2384 reipsa
1471 2350 1593 2383 spatiosae
1607 2357 1638 2377 ac
1657 2350 1718 2376 lata:
1730 2350 1780 2376 viae.
1797 2350 1876 2375 linem
1886 2370 1893 2382 ,

1103 2399 1130 2422 et
1144 2403 1197 2430 quo
1217 2401 1295 2430 pacto
1307 2399 1425 2430 anguch
1440 2399 1524 2429 porta:
1536 2415 1544 2427 ,
1559 2399 1586 2421 et
1600 2398 1682 2421 arctm
1696 2395 1746 2421 vim
1758 2393 1821 2421 felix
1843 2399 1895 2420 ter-

1103 2440 1190 2467 minus
1204 2448 1264 2467 eum
1279 2440 1415 2474 exceperit
1429 2440 1472 2474 qui
1490 2440 1572 2474 ipsam
1585 2440 1715 2474 elegerat;
1729 2439 1818 2466 audite
1832 2447 1895 2474 ergo

1102 2490 1130 2514 et
1142 2493 1296 2520 responsum
1312 2486 1375 2512 illud
1391 2486 1532 2513 terribilius
1545 2494 1551 2512 τ
1567 2485 1599 2512 Et
1618 2485 1652 2511 ad
1665 2485 1718 2512 hac
1731 2485 1833 2518 omnia,
1852 2485 1894 2511 in-

1101 2531 1175 2566 quit,
1189 2532 1253 2558 inter
1265 2540 1310 2558 nos
1325 2536 1348 2558 et
1361 2539 1404 2558 vos
1421 2531 1504 2558 [tiatur
1519 2539 1626 2566 magna:
1639 2531 1790 2557 constitutus
1799 2536 1852 2562 est,
1866 2536 1894 2556 ut

1101 2576 1120 2602 ii
1133 2577 1176 2612 qui
1191 2577 1276 2603 volunt
1289 2577 1347 2603 him:
1361 2577 1468 2604 transire
1480 2576 1540 2603 illuc
1554 2585 1603 2603 non
1619 2576 1726 2610 possint,
1741 2584 1820 2611 neque
1833 2576 1892 2602 inde

1101 2621 1150 2648 huc
1164 2626 1327 2648 transmeare.
1338 2620 1376 2649 Ne
1392 2627 1491 2649 temere
1505 2625 1703 2656 praetereamus,
1713 2621 1891 2653 dilectissimi,

1101 2667 1171 2702 quod
1185 2666 1284 2693 dictum
1296 2670 1352 2700 est,
1366 2666 1413 2694 sed
1435 2671 1554 2693 exactam
1577 2666 1706 2693 orationis
1729 2666 1781 2692 vim
1801 2670 1893 2692 mente

1100 2719 1246 2745 versemus,
1262 2717 1289 2739 et
1301 2716 1399 2747 quanto
1414 2711 1562 2747 perfruatur
1576 2711 1692 2744 honore,
1707 2716 1805 2746 quanta
1819 2710 1892 2738 sedis

1100 2759 1285 2793 pra-rogativa,
1301 2758 1346 2793 qui
1361 2766 1409 2793 pro
1421 2759 1552 2786 vestibulo
1562 2757 1685 2792 jacebat,
1704 2757 1748 2785 ille
1770 2757 1893 2791 abjectus

1099 2809 1126 2831 et
1141 2812 1250 2839 pauper,
1265 2804 1310 2832 ille
1323 2805 1368 2839 qui
1383 2804 1452 2832 fame
1470 2804 1683 2837 conﬂictabatur,
1697 2803 1743 2831 ille
1756 2803 1893 2830 ulceribus

1099 2850 1228 2885 oppletus.
1243 2854 1270 2877 et
1282 2850 1392 2877 canibus
1403 2850 1549 2884 expositus.

1136 2895 1196 2923 Non
1219 2905 1341 2932 paupere:
1361 2901 1384 2924 et
1406 2896 1489 2932 afﬂirti
1510 2896 1593 2923 miseri
1623 2901 1691 2924 sunt.
1704 2911 1737 2916 —-
1752 2890 1895 2921 Lubenter
