2076 3112
139 177 173 207 υς
325 150 343 183 ξ·
585 169 629 197 ne
651 167 727 196 vim
747 167 774 194 s.
795 162 931 193 tonsis
950 158 1191 189 ettuvsosrout.
1741 159 1775 187 is

139 237 208 272 Quid
228 238 318 263 autem
341 237 368 260 ct
382 229 502 259 sollicitis
520 225 655 261 discipulis
674 223 804 272 invenitur
825 218 932 248 dicere?

141 267 176 311 de
196 281 274 314 cibis,
296 287 331 307 an
344 278 378 305 de
396 274 529 305 lectione?
553 271 710 307 Operantini,
730 267 875 314 inquiens,—
884 273 934 314 non

144 311 297 363 pereuntem,
311 324 354 351 sed
365 325 550 357 permanentem
561 319 641 346 cibum
654 317 678 353 (J
684 324 742 343 oan.
755 311 935 363 6.‘_27)._D_icut

144 359 223 410 igitur
240 379 302 400 cum
328 370 440 397 Domino
457 366 599 402 pra‘clarus
621 364 754 392 Joannes:
777 359 934 409 Convivium

145 404 232 447 meum
245 422 286 445 est
296 415 370 444 verbi
385 413 504 441 doctrina
518 416 544 439 et
556 409 715 441 distributio,
726 407 751 434 in
763 413 841 442 quam
856 404 934 431 etiam

145 466 247 492 electus
260 469 320 489 sum
335 463 443 496 propter
457 458 544 493 populi
559 456 680 483 salutem.
695 453 785 487 Neque
801 451 869 478 enim
882 450 935 496 Deo

146 510 222 537 cibus
235 515 284 535 nos
297 493 476 537 conttttendat,
489 510 574 536 neqtte
587 501 608 528 si
622 498 801 528 contedaums,
816 502 901 529 neque
914 493 935 520 si

148 562 200 582 non
219 550 402 583 comedamus,
425 557 456 576 ea
478 553 518 575 est
533 547 603 573 enim
626 542 790 571 consuetudo
808 540 934 576 gentium,

149 599 249 627 mensis
269 598 393 631 deripere
414 602 479 630 quos
504 591 690 622 ineseaverint,
710 596 769 617 eum
792 585 937 614 rationibus

151 643 311 681 persuadere
321 642 399 669 aliter
412 648 465 667 non
482 638 625 674 potuerint,
640 635 783 662 dicentium
798 641 803 658 :
825 631 938 658 Edamus

145 677 171 714 ct
180 689 319 716 mittimus;
331 692 392 711 cras
407 684 476 711 enim
493 680 677 715 morientur“
697 679 757 706 Cor.
778 679 820 712 15,
837 678 893 713 52).
909 677 939 705 In

147 739 218 767 quos
234 730 382 766 Apostolus
403 729 537 757 acriorem
553 726 766 761 increpationem
790 726 939 759 intorquet,

147 777 244 805 dicens
256 786 263 804 :
278 775 319 804 Ne
330 775 484 810 decipimini
494 782 503 800 :
515 777 686 807 corrumpunt
699 780 782 799 mores
799 771 879 797 bonos
890 771 943 797 col-

149 821 239 856 loquia
256 829 339 855 praua
355 820 410 855 (Ib.
427 830 450 847 υ.
469 820 539 854 35):
553 818 689 852 colloquia
703 824 785 852 prava
801 816 942 851 appellans

149 865 231 892 verba
243 873 304 899 quin
317 864 391 892 circa
405 864 539 898 ejusmodi
553 871 597 889 res
611 864 764 888 versantur.

184 907 248 935 CAP.
264 914 358 934 χιιι-
366 907 439 933 Duc.
454 905 563 932 Sincere
576 904 681 939 quidem
695 907 723 930 et
738 902 861 937 perdocte
876 902 938 928 hue-

150 960 233 988 usque
254 952 359 979 loculus
383 959 426 982 es.
448 956 473 978 et
488 951 522 977 ita
536 958 566 977 se
586 957 629 976 res
649 949 737 975 habet.
757 947 800 974 Var
812 948 876 974 enim
895 947 938 980 qui

151 999 212 1026 dicit
225 998 300 1025 dulce
312 1006 438 1030 amarum,
450 1001 471 1023 ct
482 1004 596 1022 amarunt
610 995 702 1022 dulce!
716 1002 753 1021 ro:
763 994 806 1028 qui
820 993 887 1027 ponit
900 993 938 1019 ιιι-

150 1053 202 1072 cem
213 1044 336 1076 tenebras,
351 1049 374 1070 et
387 1042 498 1069 tenebras
512 1042 590 1068 lucem
605 1039 680 1074 (Isai.
694 1040 719 1066 5.
732 1038 777 1072 20)
789 1039 795 1065 1
807 1038 857 1066 Sed
869 1038 939 1064 dicet

149 1090 208 1125 quis
223 1098 230 1116 :
247 1089 300 1116 Nec
313 1095 363 1115 nos
377 1087 489 1114 dicimus
503 1087 587 1121 ipsum
603 1084 730 1119 ejusmodi
745 1084 843 1110 ntensis
862 1083 937 1110 dedi-

151 1142 205 1162 tum
219 1142 279 1162 esse
293 1133 402 1161 debere.
424 1131 566 1159 immodica
582 1131 652 1158 enim
671 1130 714 1157 illa
728 1129 845 1163 profusio
866 1128 938 1154 volu-

151 1180 230 1215 ptatis
244 1180 350 1207 occasio
364 1184 414 1210 est,
424 1183 450 1205 et
462 1177 541 1204 nimia
556 1176 715 1211 parcimonia
729 1175 847 1209 segnitie
860 1179 886 1200 ct
902 1178 939 1201 te-

151 1226 274 1254 nacitatis
284 1224 485 1252 demonstratio.
500 1223 588 1251 Potuit
599 1222 668 1249 enim
684 1226 709 1249 el
720 1221 791 1248 solos
801 1221 938 1254 episcopos

151 1279 260 1303 vocare,
273 1276 300 1298 et
312 1278 345 1298 ex
362 1270 402 1296 his
416 1269 561 1304 prmsertim
574 1268 752 1301 religiosiores
765 1275 770 1292 :
782 1270 808 1292 et
821 1265 842 1292 si
852 1266 938 1291 minus

152 1317 210 1350 hos,
228 1316 321 1343 saltent
334 1316 470 1350 proprium
484 1314 583 1340 clerum
596 1323 602 1339 :
617 1313 721 1340 imitans
745 1312 880 1338 Dominum
895 1318 939 1337 ve-

152 1366 269 1389 scentem
282 1368 342 1388 cum
362 1359 500 1386 duodecim
514 1358 648 1392 apostolis.
666 1357 749 1384 Ertsc.
770 1356 849 1382 Valde
872 1363 937 1382 con-

152 1412 277 1433 sentanea
298 1404 472 1440 respondisti,
490 1404 626 1430 hominum
642 1402 811 1429 veracissime
826 1410 831 1427 :
855 1401 937 1435 siqui-

153 1452 211 1480 dem
227 1453 296 1487 passi
313 1451 425 1479 l'nissent
438 1451 526 1478 clerici
548 1458 607 1477 eum
621 1450 722 1477 Joanne
737 1448 880 1483 prandere,
894 1448 938 1482 qui

155 1502 211 1532 post
223 1496 316 1524 harant
331 1501 358 1524 et
376 1501 435 1531 post
454 1496 524 1522 diem
540 1496 669 1522 interdum
687 1494 796 1525 edebat;
814 1493 861 1526 ipsi
876 1501 938 1519 iero

154 1542 235 1570 tnulto
255 1549 314 1569 cum
336 1545 462 1576 apparatu
479 1545 565 1567 tantas
588 1540 678 1574 epulas
697 1547 776 1573 quam
800 1538 938 1565 celerrime

153 1588 329 1615 sectabantur.
357 1586 506 1613 AbSurdum
531 1589 588 1612 erat
608 1585 680 1611 cibos
707 1584 870 1610 inﬁrmorunt
894 1588 938 1609 aut

154 1641 296 1668 pauperum
317 1640 421 1664 eorum,
435 1632 477 1667 qui
493 1633 549 1659 sani
571 1636 644 1657 erant
658 1629 865 1664 intemperantia:
887 1629 937 1655 im-

153 1681 277 1714 pendere.
293 1679 420 1712 Qumnam
443 1685 521 1712 porro
537 1677 577 1703 lex
592 1676 635 1703 illa
659 1680 708 1707 est,
725 1674 866 1708 discipulos
881 1681 937 1700 ma-

153 1725 233 1759 gistro
245 1723 400 1758 praecipere,
416 1723 449 1749 ab
471 1722 579 1749 inﬁrtnis
592 1721 678 1748 curari
693 1721 836 1752 medicum,
859 1724 903 1746 aut
922 1727 937 1746 a

153 1770 302 1797 vectoribus
315 1769 369 1804 regi
384 1767 603 1803 gubernatorem?
617 1775 676 1794 cum
693 1766 811 1793 ntedicus
833 1773 938 1799 semper

153 1821 225 1843 curet
249 1815 379 1846 inﬁrmos,
394 1819 420 1841 et
439 1819 586 1849 praeceptor
600 1814 713 1848 corrigat
736 1812 878 1846 discipulos
889 1832 896 1844 ,
912 1816 939 1838 et

153 1862 226 1888 navis
248 1862 411 1896 gubernator
430 1860 498 1894 quod
522 1860 584 1886 utile
610 1864 650 1887 est
673 1859 854 1893 navigantibus
875 1864 936 1891 pro-

152 1912 233 1936 curet.
248 1908 281 1935 Et
295 1907 398 1934 medico
410 1907 514 1941 quidem
531 1910 608 1940 atque
620 1904 787 1940 gubernatori
803 1903 938 1937 obtempe-

153 1958 250 1986 rantes,
264 1954 308 1987 qui
323 1953 372 1979 sub
385 1953 435 1978 illis
449 1955 519 1983 suttt,
534 1951 594 1977 vitm
607 1957 685 1977 causa
699 1949 817 1976 doloreitt
831 1956 936 1975 onmem

153 2005 183 2025 ac
195 1997 342 2024 molestiam
364 1996 484 2028 fuerunt,
499 2003 608 2030 quorum
631 1999 655 2022 et
671 2001 807 2022 successus
823 1994 937 2020 inerrtus

153 2048 191 2070 est
206 2052 214 2070 :
227 2047 255 2069 at
272 2050 335 2069 vero
359 2042 486 2068 adversus
503 2045 690 2075 prwceptoretn
710 2047 798 2066 rerum
822 2038 936 2073 optima-

157 2095 236 2122 rum,
264 2088 308 2123 qni
336 2087 444 2114 morbos
470 2092 496 2114 et
526 2086 692 2113 inﬁrmitates
720 2085 826 2118 abigere
854 2084 937 2110 solcrs

154 2139 209 2166 est,
242 2138 270 2161 et
298 2134 462 2167 voluptatum
494 2132 654 2159 decumauos
687 2131 782 2158 ﬂuctus
811 2138 937 2164 superare

154 2179 319 2212 exercitatus,
343 2178 478 2205 eil'ratnato
503 2178 544 2204 isti
568 2185 614 2204 ore
636 2177 783 2211 insurgunt,
807 2177 895 2209 illotis,
912 2180 938 2202 Ill

154 2225 234 2257 aiunt,
258 2224 370 2259 pedibus
389 2225 477 2251 omnia
500 2224 652 2250 miscentes.
679 2223 733 2250 Etsi
755 2223 824 2250 enim
851 2222 894 2249 ille
909 2230 937 2250 se

155 2271 250 2297 mensis
263 2270 429 2301 devovisset,
444 2276 477 2296 an
497 2273 534 2296 tot
549 2269 743 2307 magistratibus
762 2273 788 2295 et
802 2268 936 2295 honoratis

154 2317 271 2344 sufﬁcere
294 2321 408 2352 poterat,
432 2320 484 2343 tam
506 2323 627 2350 magnam
649 2316 780 2342 civitatem
805 2315 934 2347 habitans,

154 2362 260 2397 singulis
275 2367 320 2389 aut
342 2367 450 2397 propter
464 2362 685 2392 benedictionem.
703 2366 748 2387 aut
773 2366 879 2395 propter
895 2360 936 2386 iu-

152 2409 245 2443 opiam,
258 2413 303 2435 aut
317 2413 426 2443 propter
437 2408 535 2443 gulam,
550 2407 618 2442 apud
634 2408 705 2434 illum
719 2408 786 2434 vesci
799 2407 935 2441 postulati-

153 2453 238 2479 lihus?
260 2452 309 2480 Ubi
335 2457 423 2479 autem
445 2452 531 2480 locum
558 2452 692 2479 habuisset
717 2452 760 2479 Dei
789 2452 934 2483 meditatio,

151 2498 239 2534 populi
255 2499 416 2533 procuratio,
441 2499 548 2526 scietttia
563 2498 769 2533 Scripturarum,
786 2498 936 2525 sollicitudo

151 2545 299 2577 viduarum,
321 2546 452 2580 virginum
477 2545 611 2576 solatium,
641 2545 804 2572 inﬁrmorum
825 2545 935 2577 curatio,

151 2590 307 2618 aiilictorunt
324 2591 462 2624 auxilium,
477 2591 621 2618 errantium
647 2590 796 2622 conversio,
810 2591 924 2617 contrito

151 2644 207 2664 rum
233 2645 311 2668 cura,
342 2644 449 2664 carcere
462 2637 628 2664 detentorum
653 2636 786 2663 visitatio?
805 2635 936 2664 Cmterum

150 2682 282 2718 quomodo
295 2682 431 2717 eﬁ'ugisset
452 2682 679 2718 exprobratorinm
701 2682 771 2708 illam
794 2681 838 2708 Dei
855 2682 937 2708 ntale-

151 2727 305 2760 dictionem,
318 2735 370 2762 qua
385 2727 527 2761 exprobrat
549 2728 618 2761 apud
632 2726 796 2754 Ezechielem
810 2735 816 2753 :
835 2726 878 2754 γαί
890 2736 936 2761 pu-
964 2764 984 2774 ο

150 2773 276 2806 tioribus,
297 2774 342 2808 qui
367 2774 463 2808 seipse:
490 2779 613 2808 pascunt,
636 2779 658 2800 et
681 2782 737 2800 oves
759 2782 809 2800 non
833 2779 936 2809 pascunt

151 2819 256 2852 (Emit.
271 2820 318 2848 51.
331 2819 382 2855 2)?
401 2820 464 2853 Qum
478 2825 612 2848 erraverat
634 2828 686 2848 tton
703 2820 854 2854 reduxistis,
879 2829 937 2855 qua:

151 2866 263 2900 perierat
291 2873 345 2893 non
369 2866 533 2901 reqttisistis,
557 2866 689 2895 inﬁrmant
715 2875 768 2895 tton
795 2867 933 2902 \isitastis,

987 217 1129 244 contritum
1151 223 1202 243 non
1215 214 1366 251 obligaslis,
1381 221 1409 243 ct
1430 224 1489 249 quia
1509 215 1612 251 phiguis
1626 220 1699 244 erat.
1715 225 1771 242 tua-

987 266 1090 289 ctantcs
1104 260 1265 289 comedistis.
1276 260 1313 288 De
1325 260 1421 296 quibus
1433 260 1497 288 dicit
1509 261 1605 288 Paulus
1622 260 1773 290 :Suuim'tt:

984 315 1006 334 et
1018 309 1054 334 im
1063 309 1086 335 si
1093 309 1150 343 quia
1159 318 1203 336 vos
1213 310 1240 336 in
1252 311 1402 338 serritutem
1413 310 1520 346 redigit,
1528 312 1551 338 si
1558 313 1616 346 quis
1624 312 1742 345 devorat,
1752 315 1775 342 si

986 354 1045 389 quis
1057 355 1153 387 accipit
1166 355 1193 390 (2
1221 355 1284 384 Cor.
1298 357 1342 388 11,
1356 356 1429 392 20):
1446 361 1472 383 et
1482 358 1552 386 lanis
1564 357 1672 392 quidem
1686 358 1774 386 induti

987 400 1065 433 estis,
1074 408 1138 429 oves
1147 407 1237 429 autem
1247 409 1300 429 non
1309 403 1431 437 pascitis.
1441 403 1473 429 Et
1482 403 1508 430 in
1515 403 1632 431 Jeremia
1643 404 1677 432 de
1687 404 1773 440 pigris

987 445 1142 479 pastoribus
1154 446 1219 474 dicit
1231 456 1237 474 :
1251 446 1377 474 Pastores
1395 447 1471 474 multi
1483 454 1656 483 corruperunt
1671 451 1773 477 vineam

987 491 1052 518 mihi
1061 491 1127 527 (Jer.
1139 492 1182 523 12,
1194 493 1226 519 10
1236 493 1254 528 ).
1264 492 1308 519 Ait
1318 492 1393 520 Duc.
1405 493 1514 520 Poterat
1523 502 1571 522 eos
1581 503 1690 530 quoque
1701 501 1776 522 certo

987 542 1109 572 tempore
1118 546 1226 571 curare,
1236 539 1518 566 etecclesiastiearunt
1528 547 1617 566 rerum
1627 547 1720 566 curam
1731 541 1776 568 Ita-

989 581 1067 612 bcre,
1080 589 1115 609 ne
1128 582 1155 608 in
1165 590 1197 609 eo
1209 583 1278 609 male
1290 583 1385 610 audire
1401 583 1549 614 videretur,
1564 584 1609 617 qui
1626 584 1652 610 in
1668 585 1774 612 cat-teris

989 633 1103 661 magnus
1113 630 1181 653 erat.
1191 626 1277 655 Εριςε.
1286 626 1342 654 lloe
1351 634 1448 662 nempe
1456 631 1508 660 est,
1515 627 1586 662 quod
1598 628 1624 654 in
1631 627 1775 655 sacerdote

989 672 1146 707 requiritur.
1156 672 1248 700 videre
1259 681 1292 700 ne
1302 674 1371 700 tttale
1381 673 1484 704 audiat,
1495 681 1541 700 seu
1549 673 1639 708 potius
1650 677 1679 699 ut
1689 673 1774 708 largi-

988 721 1029 744 ter
1038 725 1190 745 sermonem
1198 718 1325 753 prabeat,
1335 720 1541 753 cttt'attt,zelutn,
1551 725 1631 754 atque
1639 719 1773 754 reliquum

989 763 1180 792 sacerdotalem
1196 766 1328 794 aﬁ'ectum.
1342 767 1380 794 An
1397 767 1511 802 ignoras,
1528 769 1676 796 venerande
1690 769 1776 797 Theo-

990 808 1064 841 dore,
1083 810 1180 844 injusto
1200 812 1339 839 maledicto
1351 812 1539 840 beatitudinem
1556 821 1569 840 a
1586 814 1697 841 Domino
1709 815 1776 843 deﬂ-

989 853 1083 884 ttitam,
1097 856 1140 890 qtti
1153 863 1212 883 eum
1225 858 1283 884 aliis
1297 858 1523 885 benedictionibus
1531 859 1594 886 dixit
1607 859 1693 886 :Beati
1705 861 1774 894 estis,

991 908 1046 927 cum
1060 902 1128 928 vobis
1140 903 1356 936 erprobraverint,
1369 908 1391 930 et
1406 904 1514 931 direrint
1528 913 1601 932 autne
1615 906 1774 933 maledictum

990 947 1108 974 adrersus
1117 947 1269 982 vosUIatth.
1278 949 1320 976 5.1
1329 950 1336 975 l
1344 950 1363 983 ).
1373 948 1506 976 Vwautem
1514 950 1591 984 vobis,
1600 952 1699 985 quando
1709 953 1776 980 vobis

992 992 1160 1020 benedirerint
1177 1002 1262 1021 omnes
1275 994 1387 1022 homines
1399 1003 1407 1022 :
1421 997 1555 1022 secundum
1575 998 1639 1023 enim
1655 1006 1684 1024 ea
1696 999 1776 1033 [ncia-

992 1039 1050 1065 bant
1064 1039 1192 1073 prophetis
1208 1045 1290 1074 patres
1310 1049 1397 1067 eorum
1419 1040 1493 1075 (Luc.
1510 1041 1534 1069 6.
1554 1041 1610 1077 26).
1632 1042 1773 1075 Quomodo

991 1089 1079 1111 autem
1093 1092 1122 1111 os
1138 1085 1164 1111 in
1177 1085 1273 1112 divinis
1288 1086 1400 1120 eloquiis
1411 1087 1594 1119 exercitatum,
1611 1092 1638 1115 et
1651 1089 1722 1116 auris
1737 1089 1776 1116 di<

991 1129 1051 1156 vina
1066 1130 1172 1157 oracula
1189 1130 1280 1158 audire
1293 1136 1408 1163 assueta,
1422 1139 1521 1159 mensa:
1535 1132 1719 1167 loquacitatem
1735 1139 1776 1162 to-

992 1174 1112 1208 lerasset,
1130 1175 1242 1202 Domino
1256 1175 1359 1203 dicente
1371 1186 1378 1204 :
1397 1176 1478 1203 Nemo
1491 1182 1570 1212 potest
1586 1178 1682 1206 duobus
1694 1179 1776 1207 domi.

991 1220 1030 1247 iis
1050 1221 1158 1253 servire;
1171 1221 1284 1254 deinde,
1308 1223 1367 1249 Non
1382 1224 1482 1257 potestis
1501 1223 1554 1250 Deo
1575 1225 1666 1252 sort-ire
1679 1231 1702 1252 et
1721 1234 1776 1253 mo-

991 1274 1071 1293 mome
1096 1267 1203 1301 (Matth.
1226 1268 1253 1295 6.
1279 1268 1345 1303 ‘24)?
1369 1269 1525 1302 Qumramus
1551 1270 1630 1304 igitur
1653 1271 1714 1306 qttid
1743 1271 1778 1299 sit

991 1319 1129 1344 mamona,
1145 1320 1178 1340 ne
1193 1312 1260 1340 forte
1282 1314 1447 1341 inveniamur
1469 1323 1522 1342 non
1539 1316 1641 1343 duobus
1664 1317 1777 1344 dominis

991 1357 1106 1390 servire,
1135 1357 1180 1385 sed
1203 1359 1250 1385 soli
1275 1367 1413 1386 mamonae.
1441 1359 1588 1388 Mamonam
1616 1363 1686 1389 enim
1709 1371 1778 1390 nunc

993 1411 1046 1431 noti
1061 1404 1194 1431 diabolum
1213 1405 1287 1437 dicit,
1303 1405 1350 1433 scd
1365 1406 1454 1433 mundi
1481 1407 1558 1441 hujus
1580 1408 1684 1435 inanetn
1705 1409 1778 1437 labo-

991 1459 1056 1482 rent,
1073 1459 1087 1477 a
1101 1459 1154 1486 quo
1176 1451 1323 1486 discipulos
1343 1459 1405 1479 suos
1426 1452 1531 1480 ditinus
1552 1461 1640 1481 sermo
1657 1455 1775 1482 abduxit.

990 1497 1065 1525 Duc.
1086 1498 1168 1530 Redi,
1183 1506 1199 1524 ο
1212 1499 1389 1526 sacratissime
1404 1498 1492 1530 Pater.
1507 1500 1539 1526 ad
1561 1500 1707 1528 narrandas
1731 1509 1776 1528 res

990 1548 1109 1576 caeteras,
1123 1544 1185 1570 dum
1200 1551 1348 1571 sermonem
1364 1544 1437 1571 illurn
1451 1544 1483 1571 de
1500 1552 1588 1571 mensa
1604 1545 1709 1573 abunde
1720 1546 1775 1579 jam

990 1589 1201 1618 demonstraris:
1219 1598 1303 1624 neqtte
1326 1589 1395 1617 feras
1420 1591 1551 1624 graviter,
1566 1591 1635 1625 qttod
1656 1599 1685 1618 ea
1701 1591 1775 1626 obje-

990 1635 1089 1667 cerint;
1112 1635 1185 1669 plttra
1206 1634 1277 1662 enint
1302 1635 1371 1661 seire
1393 1635 1514 1668 cupidus,
1531 1635 1701 1669 multiplicem
1729 1635 1778 1663 do-

991 1681 1102 1708 ctrinam
1127 1685 1197 1708 tuam
1212 1681 1360 1708 accuratius
1385 1682 1588 1713 interrogabam.
1612 1681 1698 1708 Ertsc.
1721 1681 1777 1708 lloo

992 1726 1036 1752 tihi
1050 1733 1064 1752 a
1079 1733 1120 1753 nte
1133 1726 1230 1753 clarius
1242 1726 1341 1753 dictum
1361 1726 1412 1759 sit,
1427 1726 1567 1753 Theodore
1581 1726 1775 1753 studiosissime

990 1773 1060 1807 (ipse
1074 1772 1144 1800 enim
1168 1780 1235 1800 unus
1251 1772 1285 1799 fui
1311 1780 1343 1800 ex
1358 1772 1390 1799 iis
1405 1772 1448 1807 qui
1473 1779 1624 1798 mensarum
1649 1776 1776 1806 apparatu

991 1818 1150 1846 multitudini
1165 1818 1270 1852 placere
1282 1818 1416 1853 student),
1432 1818 1491 1851 quia
1505 1817 1656 1852 episcopus,
1673 1825 1775 1853 magnae

991 1864 1136 1899 prmsertim
1151 1864 1233 1896 urbis,
1245 1863 1289 1897 qui
1303 1863 1430 1891 derelicto
1442 1863 1514 1889 verbi
1530 1863 1687 1896 ministerio,
1699 1866 1777 1890 nocte

990 1908 1085 1942 dieque
1099 1908 1163 1942 legis
1178 1907 1280 1934 tabulas
1295 1908 1321 1934 in
1335 1908 1457 1934 manibus
1478 1915 1529 1934 tton
1552 1907 1667 1940 habens,
1685 1915 1775 1934 curam

990 1961 1136 1989 pauperum
1150 1961 1202 1980 tton
1218 1961 1266 1988 per
1284 1961 1322 1985 se,
1337 1953 1383 1980 sed
1404 1961 1451 1988 per
1464 1954 1529 1981 alios
1543 1953 1620 1988 gerit,
1637 1953 1713 1988 longe
1727 1955 1777 1981 erit

990 1999 1022 2026 ab
1035 1999 1067 2026 iis
1080 1999 1125 2034 qui
1145 1998 1270 2026 dixerunt
1284 2008 1290 2025 :
1307 1998 1372 2026 Ecce
1393 1998 1569 2034 dereliquimns
1589 2000 1681 2030 omnia,
1695 2004 1717 2025 ct
1735 2007 1775 2026 se-

990 2046 1156 2081 quntisumus
1164 2049 1202 2071 te:
1215 2045 1276 2080 quid
1286 2053 1343 2080 ergo
1356 2045 1402 2071 erit
1411 2045 1435 2071 in
1449 2045 1519 2071 nobis
1529 2044 1537 2074 (
1549 2044 1638 2071 Matth.
1653 2044 1776 2079 19,27)?

990 2091 1201 2119 annumernndus
1222 2091 1254 2118 iis
1273 2091 1316 2125 qui
1338 2091 1480 2118 dixerunt:
1503 2089 1623 2123 Domine,
1647 2099 1728 2117 nonne
1751 2091 1776 2117 in

990 2137 1089 2164 nomine
1104 2141 1146 2163 tuo
1160 2136 1212 2163 ha'c
1225 2135 1300 2162 etilla
1319 2136 1445 2170 fecimus?
1457 2135 1594 2162 auditurus
1609 2143 1667 2162 eum
1689 2135 1752 2169 ipsis
1767 2143 1776 2161 :

992 2183 1117 2210 Discedite
1143 2191 1158 2208 α
1185 2191 1240 2214 me;
1263 2182 1388 2209 mali-dicti
1403 2190 1412 2208 :
1438 2182 1519 2208 nescio
1545 2190 1605 2212 ros,
1631 2181 1696 2208 unde
1719 2182 1777 2208 eatis

992 2230 1000 2264 (
1016 2229 1076 2255 an.
1094 2229 1135 2256 i3.
1152 2228 1185 2255 27
1201 2226 1232 2263 )?
1247 2227 1303 2254 Non
1325 2227 1394 2255 enim
1410 2227 1501 2253 Oratio
1522 2227 1641 2262 agnoscit
1665 2226 1773 2253 rationis

990 2280 1113 2309 expertes
1127 2275 1262 2309 operarios
1278 2283 1283 2301 :
1302 2281 1382 2308 purus
1403 2273 1473 2300 enini
1498 2273 1545 2307 ipsi
1561 2277 1601 2299 est
1622 2273 1724 2304 oculus,
1741 2280 1774 2299 ne

990 2321 1076 2347 videat
1090 2320 1169 2347 mala.
1184 2319 1256 2346 Multi
1274 2320 1344 2346 enim
1363 2327 1395 2346 ex
1409 2319 1441 2346 iis
1454 2318 1496 2353 qui
1513 2319 1636 2345 diettntur
1647 2318 1774 2352 episcopi,

988 2365 1086 2401 justum
1102 2365 1140 2392 sui
1156 2365 1244 2391 odium
1265 2372 1317 2399 qtto
1340 2368 1446 2398 propter
1458 2363 1578 2398 proprios
1602 2370 1689 2390 mores
1704 2362 1777 2390 Iaho-

990 2415 1060 2444 rattt,
1076 2415 1103 2437 et
1118 2410 1275 2444 Spiritalium
1292 2409 1418 2437 incuriam
1433 2409 1583 2436 rescindere
1596 2408 1658 2436 dum
1673 2408 1775 2442 volunt,

991 2457 1084 2483 vitium
1108 2457 1170 2483 vitio
1192 2460 1353 2491 permutant,
1375 2455 1512 2482 avaritiam
1527 2455 1652 2481 vanitate.
1680 2454 1712 2481 Et
1724 2462 1774 2481 una

991 2504 1095 2538 quidem
1110 2511 1188 2530 inanti
1201 2503 1272 2537 large
1285 2507 1424 2537 peccantes
1435 2501 1466 2528 ad
1478 2506 1553 2535 turpe
1566 2501 1617 2528 luet
1625 2509 1680 2531 nm.
1695 2501 1776 2527 altera

990 2556 1052 2577 vero
1065 2556 1170 2576 mensas
1183 2553 1377 2579 construentes,
1395 2551 1422 2574 et
1436 2547 1588 2574 sublimium
1605 2546 1774 2573 a‘diﬁciorum

990 2595 1126 2623 columnas
1140 2594 1272 2628 erigentes
1282 2614 1289 2626 ,
1304 2598 1330 2620 ut
1344 2601 1375 2620 ex
1399 2593 1439 2620 his
1455 2593 1517 2620 boni
1533 2597 1559 2619 et
1579 2592 1699 2619 industrii
1714 2598 1774 2619 esse

990 2641 1138 2672 videantur,
1154 2640 1322 2675 ignominiam
1349 2647 1396 2674 pro
1412 2639 1513 2666 honore
1524 2639 1660 2672 colligunt,
1683 2636 1775 2664 Eccle-

990 2685 1077 2713 siastm
1100 2685 1280 2716 immemores,
1291 2684 1334 2719 qui
1349 2689 1375 2710 et
1396 2684 1444 2711 ista
1460 2688 1655 2715 construxerat,
1672 2687 1699 2709 ct
1712 2681 1773 2708 odio

991 2731 1093 2763 habuit,
1120 2736 1199 2765 atque
1224 2731 1284 2757 talia
1306 2731 1446 2757 manifeste
1460 2730 1551 2762 vetttil,
1567 2736 1626 2756 cum
1647 2728 1751 2762 scripsit
1768 2737 1774 2753 :

992 2777 1052 2803 Feri
1066 2777 1126 2803 mihi
1143 2777 1229 2803 domos
1242 2781 1263 2803 et
1279 2776 1372 2807 hortos,
1388 2781 1415 2803 et
1438 2780 1534 2803 caetera
1553 2783 1558 2801 :
1578 2779 1601 2801 et
1614 2782 1670 2800 ecce
1692 2773 1776 2799 omnia

990 2822 1101 2854 vanitas,
1117 2827 1140 2848 et
1152 2822 1194 2848 odi
1210 2829 1308 2848 attinent
1327 2821 1436 2848 laborem
1451 2828 1547 2853 meum,
1561 2828 1609 2853 quo
1624 2827 1668 2851 ego
1691 2819 1776 2846 laboro

994 2867 1037 2894 sub
1048 2866 1099 2894 sole
1111 2865 1206 2902 (Et-rte.
1218 2865 1245 2892 2.
1258 2866 1283 2893 5.
1299 2866 1340 2894 11.
1357 2865 1411 2901 17).
1425 2865 1481 2893 Non
1495 2866 1569 2899 dixit,
1583 2866 1669 2900 Super
1680 2864 1774 2895 solem,
