2042 3121
205 137 271 164 ΙΟΥῶ

196 190 268 218 enim
289 193 358 218 hanc
373 198 429 218 rem
444 189 566 217 oratione
578 196 650 223 sape
664 195 754 221 verso,
767 192 794 213 ιιι
806 195 883 215 nemo
896 195 928 214 ex
939 186 993 213 illis

197 238 242 264 nui
258 241 377 271 egestate
388 236 428 263 vel
445 235 544 262 morbis
558 239 584 262 et
598 234 667 261 fame
684 238 849 268 premuntur,
864 240 893 260 sc
905 237 994 260 conte-

192 287 280 314 mnat,
298 288 325 310 et
338 282 455 316 seipsutn
480 282 606 308 mis'eruut
626 281 783 315 arbitretur;
799 280 844 307 sed
865 280 995 315 patienter

202 333 224 356 rt
243 337 305 356 eum
324 328 469 364 gratiarunt
493 328 599 355 actione
621 333 715 354 cuncta
729 327 816 354 ferens
830 348 837 359 ,
856 327 923 354 bona
946 334 994 361 spe

200 374 337 405 fo-catur.
363 380 390 402 ct
414 375 456 402 illa
479 382 539 408 qua:
559 374 638 401 nttllis
652 374 764 408 exprimi
785 373 873 400 verbis
894 378 995 408 queunt

203 421 310 454 pra-mia
324 441 330 452 ,
349 419 522 454 laborumque
544 421 771 447 remunerationes
792 423 938 453 exspectet.
961 419 994 445 Et

200 467 232 494 uti
246 469 299 494 [nec
314 467 406 493 auxilia.
418 466 486 499 Quid
500 471 550 498 est,
564 467 598 492 ad
608 467 662 493 lta’c
672 466 777 492 omnia?
786 465 852 493 Cum
865 466 975 494 dixisset
986 474 992 491 :

174 523 180 529 κ
201 518 226 538 tu
238 513 344 547 quidem
358 514 382 539 itt
399 513 449 540 hac
463 514 515 540 vita
528 517 621 539 cuncta
636 513 770 548 recepisti,
785 520 843 547 quae
855 520 914 539 esse
926 513 994 540 betta

202 567 308 592 censes,
322 565 348 587 et
364 559 406 587 hic
421 567 451 586 ea
468 560 583 594 recepit,
595 567 653 595 quae
667 563 693 586 tu
709 559 778 587 ntala
790 566 850 585 esse
860 558 976 585 ducebas
986 577 994 588 ,

201 605 251 632 hoc
273 606 388 640 adjecit,
406 609 434 633 nt
455 613 517 633 eum
540 605 666 637 doceret,
681 611 894 639 unumquemque
915 604 1004 630 liuent

201 652 251 678 .‘iili
267 653 469 678 convenientem
483 652 622 686 excepisse
637 652 669 677 ad
681 650 743 695 inec
755 650 842 677 omnia
855 657 914 685 quae
925 649 994 676 dicta

200 702 294 729 erant:
310 702 335 724 te
353 697 460 732 quidem
484 704 534 724 una
556 704 617 725 cum
638 694 732 728 bonis,
756 695 852 730 quibus
879 699 904 722 te
918 694 996 730 potiri

201 743 366 770 arbitrabare
376 764 383 774 ,
400 743 509 770 afﬂictio
521 747 548 770 et
563 742 693 778 angustia:
703 762 711 774 ,
727 746 754 769 et
769 741 838 776 ignis
852 741 897 775 qui
917 748 996 767 num-

201 798 280 824 quant
291 790 467 824 exstinguitur
479 798 485 815 :
498 789 568 816 hunc
580 793 668 815 autent
682 792 853 822 posteaquam
868 791 923 814 toto
936 786 997 813 vita:

203 844 257 862 sua:
278 840 396 870 tempore
419 835 586 862 conflictatus
607 839 648 862 est
663 835 711 866 iis,
725 842 784 868 qua:
800 839 827 860 lu
844 825 914 860 mala
937 840 998 859 esse

202 880 339 913 censebas,
354 881 475 915 voluptas
488 885 514 907 et
528 880 657 907 bonortttu
675 879 852 914 partieipatio,
868 883 895 906 et
908 886 996 906 :evum

204 926 273 961 quod
288 934 348 953 cttnt
363 926 463 953 sanctis
479 926 551 953 ducit
561 946 568 957 ,
583 925 701 961 excepit.
714 925 826 959 Quando
839 925 918 959 igitur
931 932 997 951 con-

204 973 354 999 venientem
370 972 552 1007 unusquisque
566 971 647 998 finem
661 971 771 998 sortitus
784 974 840 1001 est,
857 975 885 997 et
902 975 927 997 te
943 970 998 1004 qui.

203 1020 265 1046 dem
288 1024 361 1055 porta
387 1019 438 1046 lata
454 1023 480 1046 et
495 1019 611 1053 spatiosa
626 1018 668 1045 via
691 1019 716 1045 in
738 1017 785 1045 has
803 1017 937 1052 angustias
949 1017 999 1044 de.

204 1065 279 1093 duxit
293 1074 300 1091 :
318 1066 389 1092 hunc
401 1069 489 1093 autem
503 1068 614 1099 angusta
626 1067 652 1090 et
665 1068 737 1091 arcta
750 1063 783 1090 ad
799 1063 867 1090 hanc
878 1063 1000 1096 volupta-

206 1116 257 1137 teut
272 1111 402 1145 provexit.
419 1110 453 1136 Et
469 1111 502 1137 ad
514 1111 567 1137 lucc
584 1110 669 1137 omnia
680 1110 746 1137 inter
759 1118 805 1137 nos
821 1114 845 1136 et
858 1117 902 1136 vos
918 1109 1000 1135 hiatus

206 1165 311 1191 magnus
324 1157 472 1183 constitutus
486 1161 532 1183 est.
548 1156 614 1183 Vide
630 1163 783 1190 pauperem,
800 1154 933 1182 ulceribus
946 1154 1000 1189 pie-

207 1210 280 1235 num,
296 1209 387 1229 rursus
402 1203 472 1228 eniut
488 1201 544 1228 haec
556 1202 626 1234 dico,
639 1209 699 1229 cum
714 1200 863 1236 patriarcha
877 1207 1000 1228 numera.

208 1253 262 1274 tum
273 1268 279 1279 ,
296 1252 322 1274 et
338 1249 363 1274 itt
379 1253 477 1275 emtum
498 1247 630 1282 iustorum
651 1252 832 1281 aggregatnm.
852 1245 920 1272 Nam
936 1246 1001 1272 inter

208 1302 252 1320 nos
263 1299 287 1320 et
299 1302 357 1327 vos,
373 1294 466 1328 ittquit.
481 1293 560 1320 Vides
573 1301 651 1328 quant
665 1293 726 1318 vitae
743 1292 922 1319 conditionem
940 1298 1001 1318 sor-

209 1340 270 1366 titus
292 1340 326 1366 sit
348 1340 386 1372 is,
410 1340 454 1374 qui
477 1348 536 1366 etilli
559 1338 686 1374 patientia
699 1343 726 1365 et
738 1339 881 1372 gratiarum
897 1338 1002 1365 actione

207 1394 315 1420 gravem
338 1386 411 1413 illunt
433 1387 555 1413 morbum
581 1386 666 1412 ftterat
685 1385 835 1419 famemque
850 1391 1000 1420 perpessus.

209 1431 279 1458 Nunt
292 1432 356 1458 inter
371 1440 416 1458 nos
428 1437 450 1458 et
464 1441 516 1464 vos,
530 1432 623 1466 inquit,
637 1432 722 1457 hiatus
733 1439 839 1466 magnus
856 1430 1002 1457 constitutus

208 1481 253 1504 ut.
278 1477 400 1511 Magnum
424 1482 481 1509 est,
505 1478 604 1511 inquit,
628 1477 698 1511 quod
719 1485 766 1503 nos
786 1476 901 1509 dirimit,
917 1483 1002 1510 neque

209 1522 365 1556 simpliciter
377 1523 473 1556 hiatus,
483 1523 531 1549 sed
541 1530 662 1557 magnus.
674 1521 742 1549 Vere
751 1529 866 1556 namque
877 1529 1001 1556 maguum

210 1573 250 1594 est
265 1568 334 1594 inter
348 1570 470 1595 virtutem
486 1572 513 1594 et
528 1569 619 1594 vitium
635 1568 804 1595 intervallum
815 1588 822 1599 ,
837 1568 1002 1602 multumque

210 1613 353 1641 discrimen
366 1623 372 1640 :
385 1614 515 1648 siquidem
531 1614 582 1641 hoc
594 1614 676 1641 latum
690 1618 717 1641 et
731 1614 876 1649 spatiosum
891 1618 941 1646 est,
958 1613 1002 1642 illa

210 1667 274 1686 vero
287 1665 359 1687 arcta
370 1664 397 1686 et
412 1665 522 1694 augusta
535 1668 543 1688 :
555 1660 677 1694 voluptas
690 1659 743 1687 lata
753 1665 780 1687 et
791 1659 906 1694 spatiosa
920 1669 926 1687 :
939 1667 1003 1694 pau-

209 1711 300 1741 pertas
321 1711 410 1733 autent
431 1710 459 1733 et
479 1707 588 1741 penuria
602 1712 674 1733 arcta
690 1711 717 1733 et
736 1711 858 1741 angusta.
875 1706 909 1734 Ut
925 1706 1003 1741 igitur

212 1753 254 1779 hic
266 1753 406 1779 contraria:
419 1757 480 1779 sunt
496 1754 545 1779 vite
555 1774 562 1786 ,
579 1757 606 1780 et
618 1753 662 1780 ltic
676 1753 782 1788 quidem
792 1774 799 1785 ,
814 1754 858 1787 qtti
869 1753 1004 1787 virginita-

211 1803 263 1825 tem
277 1798 367 1832 elegit,
383 1806 430 1832 per
442 1802 580 1832 angustant
597 1803 623 1825 et
636 1803 735 1826 arctam
750 1798 846 1826 incedit
857 1819 863 1828 .
879 1799 941 1825 item
956 1799 1001 1833 qui

210 1847 358 1873 castitatem
373 1846 524 1880 profitetur,
537 1846 580 1880 qtti
597 1851 779 1880 paupertatem
793 1846 932 1879 amplexus
943 1850 1001 1877 est,

211 1895 238 1917 ot
250 1891 293 1925 qui
309 1899 402 1917 vanam
418 1891 528 1925 gloriam
539 1895 698 1925 aspernatur
711 1900 717 1918 :
732 1891 776 1918 illc
791 1899 855 1918 vero
865 1899 911 1926 per
923 1891 1003 1918 latant

211 1941 237 1963 et
257 1936 399 1970 spatiosum
427 1944 538 1970 pergere
558 1936 702 1969 festinans,
724 1936 865 1968 ebrietati,
885 1937 1001 1969 deliciis,

213 1982 384 2016 pecuniarum
409 1982 503 2009 insano
525 1982 625 2014 atnori,
651 1982 782 2014 lasciviat,
800 1989 832 2008 ac
848 1983 1004 2016 perniciosis

212 2027 369 2059 Spectaculis
382 2028 497 2061 seipsutn
511 2027 626 2060 addicit,
640 2032 667 2054 ct
681 2027 792 2054 tnultunt
815 2027 882 2054 ittter
902 2032 1004 2054 utrum-

212 2080 264 2110 que
276 2072 421 2100 discrimen
441 2073 558 2101 occurrit
572 2082 579 2101 :
593 2073 633 2101 sic
647 2072 772 2102 nimirum
790 2078 817 2103 ct
836 2073 864 2103 in
884 2078 1004 2109 tempore

558 134 718 162 ASCETAM
739 134 892 161 ["ClﬁTltN
912 134 969 160 ll'l‘l
989 134 1057 162 NON
1079 134 1222 162 DEBERE.
1239 151 1273 156 ——
1291 134 1448 162 MONITUM

717 2256 1142 2269 me

1766 136 1834 163 4035C

1047 187 1168 223 supplicii
1182 196 1214 216 ac
1227 189 1407 217 retributionis
1425 190 1535 217 multant
1560 190 1630 218 inter
1649 191 1755 225 pra-.mia
1773 199 1837 226 pos-

1047 242 1139 261 sumus
1147 235 1323 262 differentiam
1335 236 1463 262 iuvcnire.
1478 235 1572 263 Iliam;
1582 237 1648 262 enim
1659 245 1766 271 magum
1778 247 1838 264 cum

1046 284 1148 309 stitutus
1171 286 1206 309 est
1224 283 1291 308 inter
1312 291 1374 314 nos,
1399 283 1449 309 hoc
1471 287 1527 314 est,
1544 283 1725 317 interjustos,
1742 284 1839 311 virtute

1048 329 1184 363 przeditos,
1200 330 1244 364 qui
1258 329 1436 356 conditioueut
1456 329 1527 355 illam
1546 329 1606 355 vita:
1620 329 1705 355 sortiti
1721 335 1799 360 sntit,
1817 335 1840 356 ct

1046 383 1100 406 υοι,
1117 375 1167 402 ltoc
1180 381 1231 408 est,
1247 375 1291 410 qui
1305 375 1352 402 toti
1366 375 1430 402 estis
1449 375 1563 409 ncquitia
1577 380 1603 401 et
1617 374 1763 402 sceleribus
1775 383 1840 402 coo-

1048 422 1126 456 perti.
1142 421 1269 456 Adeoque
1284 429 1394 456 magnus
1409 425 1450 448 est
1463 420 1560 452 hiatus,
1573 420 1607 447 Ut
1618 429 1696 454 neque
1708 422 1840 455 quisqumtt

1047 477 1133 496 eorum
1147 469 1190 503 qui
1203 469 1243 495 ltic
1261 469 1414 499 consistunt,
1430 467 1464 494 ad
1478 475 1520 494 tros
1533 468 1641 493 transire
1656 468 1747 501 ponit.
1763 476 1842 502 neque

1047 517 1082 543 ad
1096 524 1141 542 nos
1154 516 1213 542 inde
1233 521 1394 543 transumere.
1410 515 1490 542 Vides
1506 515 1590 541 hiatus
1611 514 1819 547 magnitudinem
1834 534 1842 545 ,

1048 558 1122 590 \‘itltts
1134 570 1292 596 responsum
1306 561 1426 596 gehenna
1440 561 1554 596 gravius.
1567 561 1660 587 Nonne
1679 568 1693 587 a
1712 561 1841 594 principio

1048 615 1107 634 cum
1122 607 1325 642 prosperitatem
1336 606 1424 633 divitis
1434 606 1571 638 audiretis,
1584 610 1611 632 et
1623 606 1778 640 obsequium
1789 613 1841 639 quo

1048 654 1186 681 colebatur
1200 653 1234 680 ab
1249 653 1383 684 omnibus,
1399 652 1525 679 satellitio
1539 653 1652 686 stipatus
1662 672 1668 681 .
1682 656 1710 678 et
1723 651 1841 685 quotidie

1048 699 1152 728 deliciis
1167 698 1500 732 addictus,_ltcatissimum
1523 705 1583 725 esse
1604 698 1676 724 illmtt
1696 697 1842 724 arbitraba-

1049 745 1132 772 mini?
1146 745 1247 772 Rursus
1263 744 1325 771 dum
1341 751 1485 778 pauperem
1507 751 1556 777 pro
1577 743 1677 770 foribus
1689 743 1820 777 abjectum
1832 764 1840 775 ,

1050 796 1077 818 ct
1090 791 1215 826 gravibus
1231 791 1282 817 illis
1297 790 1446 824 expositum
1462 789 1597 818 ulceribus
1606 790 1763 821 cerneretis,
1776 798 1842 816 non-

1050 843 1083 863 ne
1096 836 1219 863 miseram
1231 836 1288 870 ejus
1300 836 1381 862 vitam
1395 835 1545 869 putabatis?
1555 836 1588 862 At
1602 843 1663 861 cccc
1675 835 1730 869 jam
1741 835 1773 862 ab
1786 835 1842 869 ipso

1051 889 1139 909 rerum
1155 883 1206 908 line
1225 882 1251 908 in
1265 881 1428 909 contrarium
1443 881 1578 907 cernimtts
1590 885 1683 907 cuncta
1698 888 1823 907 conversa
1833 901 1841 911 ,

1049 931 1078 954 et
1098 927 1168 954 hunc
1189 927 1297 962 quidem
1321 931 1381 961 post
1406 926 1515 953 delicias
1530 926 1588 953 illas
1600 931 1625 953 ct
1639 926 1793 954 ebrietatem
1816 927 1842 952 in

1051 972 1200 1005 tormentis,
1214 973 1285 999 illum
1300 979 1366 999 vero
1381 976 1440 1005 post
1454 976 1599 1005 egestatem
1612 971 1682 998 illam
1695 976 1842 997 extremam

1051 1024 1078 1047 ct
1093 1018 1188 1045 famem
1201 1019 1226 1045 in
1242 1018 1399 1052 patriarcha:
1411 1018 1471 1045 sinu
1485 1017 1594 1044 versari.
1609 1017 1796 1044 Verumtatttcn
1810 1025 1843 1044 uc

1051 1065 1179 1100 prolixior
1190 1073 1267 1099 atquo
1280 1069 1368 1092 nostra
1381 1065 1416 1091 sit
1428 1064 1524 1096 oratio,
1540 1063 1639 1091 sufllcit
1654 1069 1681 1091 ut
1697 1063 1843 1096 hucusqth

1052 1116 1203 1146 provectam
1217 1110 1365 1138 doctrinam
1380 1111 1517 1141 finiamus,
1534 1114 1560 1136 et
1575 1110 1712 1136 caritatem
1728 1114 1842 1135 vcslntut

1051 1157 1233 1188 cohortentur,
1248 1165 1280 1184 ne
1295 1157 1373 1183 latant
1391 1161 1493 1191 portam
1508 1155 1657 1185 scctctnini,
1675 1162 1761 1189 tteque
1775 1154 1843 1180 viam

1052 1202 1207 1237 spatio-am,
1223 1210 1308 1238 neque
1324 1203 1486 1236 voluptatem
1502 1202 1574 1228 omni
1589 1201 1692 1228 ratione
1704 1199 1843 1237 perquira-

1054 1250 1108 1277 tis:
1122 1250 1168 1276 scd
1190 1250 1327 1284 utriusqtte
1347 1249 1427 1276 ﬁnem
1447 1247 1522 1275 vobis
1543 1247 1578 1274 ob
1598 1247 1691 1274 oculos
1704 1250 1842 1281 ponentes,

1052 1296 1122 1324 hanc
1134 1296 1254 1332 fugiatis.
1267 1296 1413 1331 cogitantes
1428 1303 1486 1330 qua:
1500 1294 1607 1321 divitem
1623 1294 1702 1320 istum
1717 1292 1784 1320 mala
1798 1299 1844 1326 op-

1053 1344 1200 1378 presserint
1214 1351 1221 1369 :
1237 1347 1378 1377 angustam
1397 1347 1485 1369 autent
1501 1346 1529 1370 et
1546 1345 1646 1368 arctam
1663 1340 1731 1366 viam
1752 1346 1844 1374 persc-

1053 1388 1180 1423 quamini,
1205 1392 1234 1414 ut
1257 1388 1290 1414 ad
1312 1388 1399 1415 locum
1423 1387 1577 1415 deliciarum
1603 1389 1663 1420 post
1685 1385 1763 1419 hujus
1785 1385 1847 1411 vilat

1053 1441 1186 1462 zerumnas
1201 1433 1339 1469 pervenire
1351 1433 1494 1469 possimus.
1510 1432 1604 1465 Fugite
1620 1438 1845 1466 ergo,qua-so,sa-

1055 1480 1140 1509 taniea
1156 1480 1199 1507 illa
1211 1481 1371 1515 spectacula,
1383 1488 1415 1507 ac
1427 1479 1591 1514 perniciosos
1605 1478 1664 1505 illos
1676 1477 1744 1504 Circi
1756 1477 1843 1505 italos.

1054 1526 1120 1554 Nam
1134 1530 1244 1561 propter
1259 1533 1306 1554 eos
1319 1525 1363 1560 qui
1379 1525 1489 1552 subdole
1508 1524 1612 1550 attracti
1629 1523 1752 1554 fuerunt,
1767 1527 1848 1557 atquo

1054 1574 1088 1600 ad
1101 1573 1244 1608 spatiosam
1259 1572 1328 1599 viam
1341 1575 1526 1606 perrexerunt,
1541 1570 1597 1596 hzec
1612 1569 1702 1596 dicere
1715 1568 1848 1603 compulsi

1055 1627 1157 1651 sumus,
1174 1623 1203 1646 ut
1214 1619 1302 1647 cdoeti
1315 1626 1375 1646 curn
1387 1618 1455 1646 hanc
1473 1616 1614 1649 deserant,
1629 1620 1683 1642 tum
1700 1622 1747 1649 per
1761 1623 1846 1649 angu-

1054 1672 1122 1694 stam
1145 1665 1316 1696 incedentes,
1343 1664 1449 1691 virtutis
1473 1663 1615 1693 nimiruut,
1640 1662 1666 1688 iu
1687 1660 1847 1696 patriarcha:

1055 1713 1153 1745 sinum,
1171 1711 1393 1747 quemadmodum
1409 1710 1535 1741 Lazarus,
1549 1709 1631 1742 recipi
1646 1713 1808 1738 mereantur,
1820 1712 1847 1734 et

1055 1766 1070 1787 a
1084 1758 1206 1793 gcltenna
1221 1757 1289 1792 ignis
1301 1756 1478 1784 communiter
1488 1763 1580 1782 omnes
1593 1753 1694 1780 liberati
1707 1753 1781 1780 bouis
1795 1753 1846 1779 illis

1055 1806 1169 1837 arcanis,
1186 1812 1245 1839 qua;
1259 1804 1352 1830 oculus
1368 1811 1420 1830 non
1437 1803 1518 1835 vidit,
1533 1806 1561 1829 et
1575 1802 1646 1828 aut-is
1660 1809 1711 1828 non
1725 1800 1842 1830 audivit,

1056 1851 1175 1878 fruamttr
1187 1859 1193 1876 :
1205 1858 1264 1885 qua:
1278 1857 1325 1876 nos
1339 1856 1432 1875 omnes
1447 1849 1545 1874 utinam
1564 1848 1686 1874 obtinere
1700 1845 1844 1879 contingat,

1055 1897 1138 1932 gratia
1152 1900 1178 1923 et
1195 1895 1357 1930 benignitate
1369 1894 1472 1921 Domini
1490 1893 1572 1919 nostri
1586 1892 1649 1920 Jesu
1662 1891 1772 1924 Christi,
1786 1898 1847 1917 cum

1055 1950 1108 1976 qtto
1123 1942 1193 1968 l'atri
1209 1941 1340 1975 simulque
1353 1939 1464 1974 Spiritui
1481 1943 1572 1965 sancto
1582 1937 1676 1973 gloria,
1695 1937 1846 1971 imperium,

1056 1987 1144 2014 honor
1166 1995 1236 2016 ttuttc
1265 1991 1294 2014 et
1319 1993 1435 2020 semper,
1449 1989 1477 2012 et
1501 1985 1527 2012 iu
1554 1984 1650 2011 stecula
1678 1983 1846 2011 Sit-culorum.

1055 2033 1152 2063 Amen.

932 2385 1132 2416 MONITUM.

226 2652 338 2680 operum
356 2644 466 2672 lectioni
486 2643 527 2671 vel
541 2642 676 2670 tantillutn
695 2646 819 2670 assurtus
832 2641 894 2669 erit.
915 2641 1094 2674 Quamobrem
1107 2649 1168 2675 iure
1186 2641 1256 2668 inter
1274 2641 1365 2676 spuria
1382 2640 1503 2676 ablegata
1520 2640 1572 2668 fttit
1585 2641 1618 2667 ab
1639 2640 1682 2672 iis,
1696 2641 1741 2674 qui
1766 2641 1842 2675 prius

227 2694 310 2720 t-ditis
324 2693 515 2728 advigilarunt.
530 2692 577 2719 llic
588 2692 710 2726 quaedam
727 2691 861 2718 habentur
874 2691 907 2718 de
924 2690 1140 2718 subitttroductis
1153 2694 1180 2718 et
1192 2691 1322 2726 agapctis,
1338 2697 1390 2724 qua
1407 2690 1440 2716 de
1464 2697 1493 2716 re
1512 2689 1539 2715 in
1559 2687 1631 2714 notis
1646 2687 1842 2720 posterioribus

228 2745 342 2774 agatur;
360 2739 406 2767 sed
422 2740 503 2766 etiam
521 2739 606 2766 fusius
621 2743 716 2772 agetur
727 2738 759 2764 ad
775 2738 875 2765 calcent
892 2745 1016 2771 operum,
1030 2745 1091 2765 cum
1109 2738 1142 2765 de
1157 2737 1299 2772 disciplina
1312 2745 1371 2764 aevo
1390 2733 1579 2771 Chrysostomi
1592 2739 1698 2768 recepta
1720 2734 1841 2768 disputas

229 2785 312 2813 bitur.
330 2786 518 2822 Interpretatio
535 2786 629 2814 Latina
642 2791 682 2813 est
698 2785 842 2812 Frontonis
860 2783 960 2812 Duraei.
