2042 3121
191 137 198 162 1
205 134 254 162 (ΕΠ

185 189 354 217 humanitatis
366 210 375 222 ,
394 193 545 222 serpentem
566 190 595 213 ut
618 186 671 212 Eva
693 185 738 222 tibi
757 184 973 222 contubernalem

185 227 320 252 asciveris.
331 220 397 252 Cum
412 220 561 257 alligaveris
576 223 661 257 ignem
677 221 702 248 in
716 221 785 257 sinu,
799 224 826 246 et
838 220 971 246 lucernam

185 262 209 287 iii
222 259 294 288 fimo
306 259 436 294 posueris,
448 256 652 295 periculn_m_tibi
665 256 799 295 creabitur
809 263 841 295 ex:
852 261 973 295 uti-iique.

185 297 238 322 Aut
252 290 322 322 enim
342 294 366 321 in
382 290 466 330 ipsum
486 292 602 330 barathri
625 291 820 330 pniiapsionem
836 290 973 330 incidens,

185 330 337 357 amittendae
351 329 480 355 castitatis
495 327 640 361 periculum
654 326 753 358 adibis;
769 330 814 352 aut
826 326 848 352 si
864 326 914 352 hoc
928 326 974 352 tibi

186 373 237 392 non
252 365 364 395 accidat,
381 368 484 397 turpem
498 362 544 389 tibi
559 361 672 389 infamiae
685 366 774 389 notam
790 362 879 397 inures
891 380 898 393 ,
913 368 973 397 cuni

186 401 232 427 tibi
254 399 407 426 mandatum
425 395 480 431 sit,
496 403 524 424 ut
545 405 598 424 non
619 397 705 423 solum
728 404 817 423 coram
832 396 908 431 Deo.
927 395 974 431 sed

185 436 263 461 etiam
280 441 369 461 coram
390 433 540 460 hominibus
562 433 630 459 bona
652 431 791 465 provideas
805 430 852 467 (‘2.
873 430 931 458 Cor.
946 430 973 457 8.

185 470 247 504 21).
262 469 428 503 Quapropter
442 468 491 495 bac
506 467 688 504 Ecclesiastica
702 467 886 504 cohortatione
899 473 974 493 com—

187 502 349 533 monefactus
360 504 503 530 observare
515 503 595 529 debes
608 509 779 536 quacumque
793 502 902 528 honesta
913 505 974 527 sunt

185 545 211 567 et
222 540 314 574 pudica
326 539 454 574 (Philipp.
467 538 493 565 4.
505 538 543 574 8),
554 545 640 574 neque
651 537 676 574 id
688 542 800 569 tanturn,
811 536 857 574 sed
866 541 893 563 et
902 544 975 574 quie-

187 571 300 609 cumque
314 571 390 601 bona:
410 571 496 600 l‘amte.
514 573 604 600 Metire
618 580 650 599 ex
672 572 808 609 hunc-stuic
824 571 973 609 humanita-

187 615 240 638 tem
253 605 415 644 {sapientem
424 609 470 635 tibi
482 608 638 644 monitorem
649 614 762 644 apprime.
773 605 826 644 Cur
835 607 973 644 honestum

186 641 379 672 Cliristianismi
394 651 490 670 nomen
504 643 689 669 contaminas't
703 641 756 668 Cur
770 642 880 668 aliorum
894 641 972 667 etiam

186 681 333 714 illaqueans
347 680 449 706 animas
469 678 686 714 contubernalem
705 677 752 714 tibi
772 676 896 714 asciscis?
916 676 972 714 Non

186 711 255 741 enim
269 716 353 741 solum
366 720 392 741 ut
405 714 519 740 animam
533 718 604 739 tuam
617 711 753 742 defendas,
771 712 899 738 rationem
911 712 972 738 rcd-

185 751 242 782 des,
255 750 302 777 sed
315 750 349 777 ob
364 757 420 782 eos,
430 749 527 786 quibus
539 747 663 786 seandalo
678 747 759 786 fuisti.
772 746 899 786 Projicee
909 747 972 786 sinu

187 790 232 812 luo
244 789 405 819 serpentem,
420 782 539 819 abjieeia
561 788 586 809 te
607 784 664 817 ipso
680 782 838 819 periculum.
854 782 942 819 Si_tibi
958 790 972 809 a

188 816 295 847 feminis
307 816 607 850 ministraridesideras,
618 816 666 844 cur
677 825 728 843 non
741 817 875 851 antiquam
888 816 972 850 legent

186 855 341 888 observans,
358 855 455 888 nuptiis
469 858 493 880 te
516 853 638 888 legitimis
657 853 784 887 copulasti
800 851 973 888 (a)?iNupti:e

185 891 271 925 pinnis
292 898 344 917 non
366 887 427 916 sum
447 889 568 925 obnoxia:
584 897 591 914 :
610 888 767 925 adulterium
787 887 915 925 supplicio
931 892 974 914 est

186 923 328 952 obnoxium
354 924 496 951 incvitabili
520 932 527 950 :
546 928 586 949 est
609 923 678 949 enim
702 923 871 954 adulterium,
894 927 973 955 atque

186 961 252 987 adeo
272 967 394 995 magnum
417 958 576 995 adulterium
599 957 750 986 cohabitare
773 965 840 995 cum
858 958 970 995 feminis.

185 992 381 1022 Couscicniiam
398 1000 468 1021 tuam
484 994 615 1026 examina,
630 1000 692 1020 num
708 993 812 1026 quando
825 992 972 1019 detrimen-

185 1036 240 1057 tum
255 1030 389 1065 acceperis
400 1049 408 1062 ,
423 1036 486 1056 num
499 1029 555 1065 sive
568 1034 647 1055 noctu
659 1049 667 1061 ,
683 1028 738 1055 sive
750 1027 864 1054 interdiu
877 1027 972 1065 vulnus

186 1063 372 1093 inllictum'tibi
392 1065 517 1091 senseris.
533 1064 602 1090 Sane
616 1071 665 1096 ego
679 1070 725 1090 cor
739 1067 812 1089 tuum
826 1063 950 1089 reserabo
962 1082 970 1094 ,

185 1101 290 1128 tametsi
310 1100 374 1127 milii
396 1106 572 1126 succcnsurus
595 1106 633 1125 es.
654 1098 842 1125 Verumtamen
861 1105 912 1124 non
931 1102 972 1124 est

186 1136 248 1162 mihi
262 1143 333 1163 cura:
347 1144 353 1161 :
370 1135 446 1161 valde
459 1134 556 1168 quippe
572 1133 650 1161 doleo
660 1154 668 1165 ,
684 1141 744 1160 eum
759 1132 837 1159 video
855 1137 970 1159 ascetatn

186 1171 413 1198 subintroductam
425 1170 561 1196 mulierem
573 1169 622 1195 sibi
634 1168 773 1195 asciscere.
789 1168 843 1201 Ego
856 1168 901 1194 tibi
912 1168 972 1195 dico

186 1211 211 1233 te
224 1207 251 1233 in
265 1206 380 1240 singulas
394 1205 474 1240 horas
485 1204 617 1231 vulnerari
629 1219 636 1236 ,
650 1207 677 1230 el.
690 1203 799 1240 singulis
815 1203 886 1240 boris
902 1211 971 1240 pra:-

185 1241 245 1268 dam
260 1238 354 1269 bellua:
366 1240 434 1267 ﬁeri.
448 1239 583 1266 Laxantur
597 1240 667 1266 enim
683 1239 728 1265 tibi
750 1239 851 1265 vincula
865 1238 970 1265 castita-

186 1277 236 1310 tis,
250 1276 428 1310 corrumperis
442 1282 473 1301 ac
487 1275 613 1301 remissus
628 1274 718 1301 evadis
733 1273 846 1310 bellator
860 1281 971 1310 genero-

184 1308 238 1343 sus,
258 1319 305 1346 pro
322 1308 422 1338 victore
445 1310 566 1346 captivus
587 1309 710 1336 clticcris.
733 1308 801 1346 Num
823 1309 892 1346 enim
905 1308 970 1346 lapis

185 1347 232 1373 es?
246 1344 330 1373 Homo
340 1354 381 1378 es,
395 1345 581 1373 communibus
592 1349 694 1371 natura:
709 1344 814 1371 casibus
828 1344 969 1371 obnoxius.

185 1381 272 1410 lttncm
288 1382 368 1408 habes
382 1382 407 1407 in
423 1381 482 1407 sinu
493 1402 499 1410 ,
516 1384 542 1407 et
563 1388 616 1406 non
640 1379 743 1406 ureris?
764 1379 812 1406 Cui
827 1379 970 1406 verisimile

640 1402 885 1455 iiii-(gnoitt‘nnque
898 1414 968 1455 vide,

185 1460 246 1478 nttm
259 1452 347 1478 dicere
362 1451 426 1478 mihi
440 1451 524 1484 possis
538 1450 637 1477 tirenum
652 1458 704 1477 non
718 1450 756 1476 uri
768 1450 780 1475 ?
793 1450 866 1482 Quod
885 1450 906 1475 si
920 1455 969 1476 tic-

183 1487 287 1520 gaveris
302 1487 341 1513 uri
357 1486 466 1517 foenum,
482 1494 515 1512 ne
530 1486 594 1512 mihi
607 1485 679 1512 dicas
689 1505 696 1516 ,
710 1485 757 1512 sed
771 1485 794 1511 ei
810 1485 853 1520 qui
867 1485 969 1512 occultat

184 1519 257 1548 novit
267 1542 275 1554 ,
291 1522 336 1556 qui
352 1521 424 1548 venit
443 1526 471 1547 ut
485 1521 657 1555 cogitationes
670 1525 823 1556 congreget.
839 1519 968 1556 Esi‘euim

183 1554 312 1583 tliscretor
323 1556 513 1591 cogitationum
520 1554 533 1588 ί,
548 1560 575 1582 et
594 1555 809 1582 ratiocinationes
822 1554 910 1591 cordis
928 1555 968 1591 in-

183 1592 286 1626 telligit.
307 1592 350 1618 Ait
363 1589 440 1618 enim
455 1599 461 1617 :
479 1592 528 1623 Qui
544 1591 632 1617 viderit
652 1590 781 1616 mulierem
799 1589 832 1616 ad
851 1590 970 1623 concupi-

183 1627 302 1653 scendum
322 1635 395 1659 eam,
408 1627 465 1662 jam
489 1627 681 1662 mmehutusiest
704 1633 759 1662 eain
780 1625 806 1652 in
829 1625 903 1662 corde
916 1633 969 1662 suo

183 1662 193 1695 (
207 1662 298 1688 Mauh.
311 1662 339 1689 5.
353 1662 388 1689 28
399 1660 419 1695 ).
437 1662 500 1689 Vide
521 1669 553 1688 ne
568 1661 640 1688 omni
655 1661 718 1687 hora
733 1660 759 1687 in
773 1665 799 1687 te
811 1660 968 1686 adulterium

184 1696 407 1731 deprehendatur.
423 1697 537 1725 Omnino
551 1696 623 1723 dices
638 1705 644 1722 :
657 1695 765 1730 jejuniis
777 1715 784 1727 ,
799 1696 968 1722 exercitatio-

185 1733 262 1758 nibus
275 1737 301 1758 et
315 1731 390 1758 arido
404 1737 562 1765 austeroqne
577 1731 646 1758 victu
665 1739 708 1757 tne
722 1732 889 1760 communio,
906 1737 939 1757 ne
954 1738 968 1757 a

184 1767 319 1801 proposito
338 1766 470 1794 excidam.
490 1766 571 1800 Igitur
585 1765 619 1792 ob
642 1765 713 1792 aliud
735 1765 800 1791 nihil
824 1766 969 1801 instituitur

184 1800 337 1829 exercitatio
349 1806 402 1834 tua,
416 1801 465 1828 nisi
479 1806 586 1835 propter
596 1801 812 1828 contubernalem
824 1805 904 1827 tuam.
917 1800 970 1826 ita-

183 1845 234 1872 que
249 1845 301 1864 non
320 1837 374 1872 jam
397 1836 442 1863 tibi
462 1836 598 1872 justitiam
612 1835 793 1872 thesaurizas;
811 1840 881 1862 tuam
896 1836 967 1872 enim

184 1870 228 1898 illa
243 1870 457 1898 exercitationem
482 1870 620 1898 subtraxit.
643 1870 734 1904 Ahjice
758 1871 837 1905 igitur
855 1878 869 1896 a
884 1871 969 1905 teipse

184 1908 267 1936 illaut.
283 1915 340 1941 (ιιιλιι
355 1907 495 1933 multorum
510 1906 639 1933 bonorum
656 1906 701 1932 tibi
716 1906 841 1932 damnum
857 1906 966 1938 invexit,

185 1951 219 1968 ne,
235 1948 259 1969 te
272 1940 358 1976 eiiciat
374 1949 388 1968 e
402 1941 533 1976 paradiso,
549 1949 581 1968 ne
596 1944 622 1968 le
635 1941 741 1967 diabolo
752 1940 891 1967 ludibrium
906 1941 968 1967 red—

185 1951 219 1968 ne
235 1951 259 1969 le
272 1951 287 1968 Θ
300 1951 358 1968 ιοιίιι
374 1951 388 1968 (Ξ
402 1951 533 1976 parumst),
549 1951 581 1968 Ile
596 1951 622 1968 te
635 1951 741 1967 ulaDOlU
752 1951 891 1967 ιυυιυΠιιιιι
906 1951 968 1967 reu—

184 1978 238 2004 dat.
252 1951 310 2004 Noli
322 1977 388 2011 apud
403 1981 428 2003 te
439 1977 508 2002 illam
521 1976 662 2008 collocare,
676 1983 708 2002 ne
719 1976 786 2002 forte
796 1982 856 2011 eum
871 1980 896 2002 te
905 1983 969 2010 sup-

186 2009 430 2047 plantaritftt-cum
446 2012 471 2047 in
491 2011 638 2047 gehennam
662 2011 787 2037 mittatur.
805 2009 968 2037 Fortnidabi-

184 2046 236 2074 lem
254 2048 369 2081 judicem
391 2046 555 2081 pertimesce,
579 2046 614 2072 ini
638 2050 723 2072 tecum
745 2050 847 2079 pactum
860 2065 867 2077 ,
888 2051 917 2072 ut
935 2053 969 2073 ne

182 2083 274 2109 oculos
297 2082 401 2117 quidem
423 2081 548 2116 coniicias
569 2081 594 2108 in
618 2081 766 2108 mulierem.
793 2081 968 2108 Praesentibus

185 2118 333 2144 senioribus
347 2118 470 2145 eamdem
485 2123 607 2143 reverere
616 2136 622 2147 ,
635 2121 664 2142 et
677 2121 808 2150 tamquam
823 2121 910 2150 patres
922 2123 968 2143 eos

185 2153 328 2184 reveritus,
344 2159 422 2186 parce
434 2151 587 2179 scurrilibus
601 2151 688 2178 verbis
701 2155 728 2178 et
742 2151 849 2177 ludicris
863 2156 889 2178 et
902 2151 968 2178 ridib-

184 2188 260 2214 culis.
274 2187 312 2215 Ne
325 2187 384 2214 lude
397 2191 455 2214 'cum
468 2187 564 2222 juniori
577 2207 585 2219 ,
600 2192 685 2220 neque
698 2186 766 2212 viam
779 2186 880 2222 inertiae
893 2194 969 2213 moni-

185 2228 263 2254 strcs,
278 2223 362 2249 iniens
372 2230 433 2250 eam
449 2223 521 2255 prior
535 2222 600 2255 ipse.
616 2221 750 2255 multoque
764 2221 890 2255 majorem
903 2229 968 2248 coir-

186 2263 311 2292 tempunn
325 2259 481 2292 iugem-rans
493 2266 500 2283 :
512 2256 648 2283 mulierem
660 2263 723 2283 vero
736 2256 778 2283 vel
791 2256 849 2283 solo
860 2262 968 2290 aspectu

186 2298 262 2320 tenus
275 2298 405 2320 reverere.
422 2292 460 2319 Sit
480 2292 531 2318 illis
544 2292 627 2318 forma
642 2292 762 2326 quaedam
776 2296 802 2318 et
817 2292 967 2326 exemplum

185 2329 237 2360 vita
252 2333 309 2359 tua;
324 2328 402 2354 talem
417 2332 442 2354 te
456 2328 546 2362 praebe
557 2347 563 2358 .
580 2331 606 2353 ut
629 2331 653 2353 te
671 2327 723 2353 illze
738 2331 925 2362 revercantur,
941 2331 970 2354 et

185 2364 267 2389 forma
279 2367 357 2397 atque
367 2361 470 2389 initium
486 2361 650 2389 verecttndiai
663 2362 714 2388 illis
730 2363 787 2394 tias,
803 2361 967 2395 quandoqui-

185 2398 245 2424 dem
258 2398 298 2424 vir
308 2397 429 2432 quiddam
438 2399 479 2424 est
491 2397 602 2424 muliere
613 2397 792 2432 principalius,
807 2403 894 2432 neque
907 2397 969 2423 laci-

186 2434 285 2460 Iitatcm
299 2433 407 2466 adji‘cias
425 2432 534 2459 'fnciliori
548 2436 650 2459 naturae
663 2431 797 2459 muliebl’t.
815 2431 968 2459 Verecunda

184 2471 219 2496 sit
234 2468 361 2502 pra'cipnn
377 2466 490 2502 quadam
510 2469 611 2494 ratione
631 2468 736 2502 mittier,
752 2471 851 2502 quanto
864 2468 969 2501 gratius

184 2498 353 2530 est-dedecus
367 2498 485 2530 mulieris
500 2503 670 2536 impudentia.
688 2498 720 2528 Et
733 2503 754 2529 si
761 2498 878 2529 liberius
890 2503 968 2529 etiam

185 2546 246 2565 cum
260 2539 323 2564 viris
344 2537 413 2572 loqui
434 2538 574 2564 admodum
593 2537 729 2571 indignum
747 2542 790 2564 est
807 2540 835 2564 et
853 2536 969 2564 audacia:

186 2575 307 2608 plenum,
323 2577 383 2600 eum
405 2574 507 2600 mulieri
529 2574 564 2600 sit
583 2572 735 2607 impositum
748 2577 801 2608 ,νιιι
821 2572 913 2599 timeat
932 2573 971 2599 vi-

186 2607 244 2635 rum
258 2615 333 2635 suum
344 2629 351 2641 ,
365 2609 453 2642 potius
465 2629 472 2640 ,
485 2614 565 2642 quam
580 2612 608 2634 ut
628 2607 752 2642 loquendi
766 2607 887 2635 libertate
900 2608 969 2641 apud

185 2644 258 2670 illum
273 2647 362 2670 utatur
374 2653 381 2669 :
397 2643 490 2669 Mulier
502 2644 583 2676 etiiin,
598 2643 691 2676 inquit,
704 2643 786 2669 rirum
799 2649 872 2669 suum
885 2643 970 2669 timeat

186 2681 195 2712 ἰ
209 2678 303 2712 Eplm.
315 2678 342 2706 5.
358 2678 406 2711 '53)
423 2686 430 2703 :
445 2679 468 2704 si
487 2678 565 2712 igitur
578 2678 600 2704 ei
614 2698 621 2708 ,
634 2682 695 2711 ’qllzt:
712 2678 797 2705 virum
820 2678 914 2710 habet,
928 2678 969 2704 lex

185 2713 234 2740 ista
251 2713 384 2747 proposita
397 2718 457 2744 est,
473 2712 534 2747 quid
549 2713 594 2739 tibi
608 2720 678 2739 nth
690 2718 748 2747 quae
758 2714 842 2739 virum
855 2720 908 2740 non
924 2714 971 2739 ha-

186 2749 243 2781 bi-s,
259 2748 389 2782 agendum
401 2748 503 2775 restat?
515 2747 573 2774 Tibi
587 2754 650 2774 vero
662 2754 732 2774 nunc
745 2749 868 2775 convenit
878 2768 885 2781 ,
899 2753 927 2776 ut
938 2755 971 2775 ne

216 2827 252 2858 (ri)
270 2827 311 2851 ttic
322 2826 444 2858 agitur-Vde
455 2826 643 2858 subintroductis
656 2829 685 2858 et
706 2827 824 2857 agapetis,
840 2832 888 2858 qua
899 2825 930 2851 de
942 2832 971 2851 re

186 2856 279 2889 agetur,
293 2858 335 2882 ubi
341 2856 376 2882 de
387 2856 510 2888 disciplina
521 2860 630 2887 tempore
641 2856 808 2888 cbrysostomi.

660 129 817 158 ASCETAM
837 126 992 155 FACETIIS
1011 128 1068 156 UTI
1087 127 1154 156 NON
1175 128 1319 157 DEBERE.

1747 129 1816 158 1058

1030 184 1085 211 ullo
1099 185 1204 219 quidem
1221 189 1298 222 pacto
1311 185 1369 212 viro
1390 187 1584 220 appropinqucs
1595 207 1602 218 ,
1617 193 1741 222 quamam
1758 190 1815 219 fieri

1029 225 1136 258 potest,
1152 228 1238 258 neque
1252 220 1307 247 ullo
1330 221 1408 247 modo
1432 222 1470 258 vir
1486 226 1558 248 tntttn
1574 220 1674 258 vultum
1695 224 1815 258 aspiciat.

1028 254 1125 281 Christi
1152 255 1222 282 enim
1247 263 1342 290 sponsa
1362 264 1414 287 es;
1441 257 1479 283 sic
1501 257 1660 290 progredere
1681 254 1773 286 orn-aia
1789 267 1816 289 ut

1028 298 1124 324 sponsa
1137 310 1144 321 ,
1172 291 1245 328 vuliu
1264 291 1360 328 amictu
1373 292 1524 328 velatoi,ine
1537 293 1606 319 forte
1629 293 1651 319 si
1666 301 1744 328 quem
1771 301 1816 322 tuo

1028 330 1171 359 conspectu
1185 326 1373 361 vulneraveris,
1390 326 1545 361 perditionis
1558 327 1615 361 ejus
1628 326 1733 361 poenam
1747 329 1814 357 luas.

1028 362 1114 395 Atque
1135 361 1192 397 inec
1205 360 1310 395 quidem
1321 369 1380 397 inos
1391 360 1426 388 ex
1446 369 1541 388 arcana
1555 360 1751 397 Scripturarum
1768 365 1814 392 (ὀ.

1026 397 1111 434 ctrina
1131 396 1288 430 deprompta
1311 396 1423 423 dicimus
1440 405 1446 423 :
1463 396 1632 434 multaivero
1652 406 1710 433 qum
1731 408 1816 434 nequo

1029 431 1075 469 _Dei
1086 431 1208 469 timorem
1221 434 1437 469 animoversanl,
1452 440 1536 465 neque
1549 432 1651 459 facilem
1661 431 1738 460 suam
1751 431 1816 469 pro-

1026 465 1173 503 lapsionem
1198 466 1388 503 reformidant,
1413 475 1499 503 neque
1526 469 1685 502 propositam
1710 465 1814 503 pinnam

1027 501 1179 534 provident,
1195 509 1225 528 ea
1249 509 1301 528 non
1324 501 1466 529 admodum
1489 501 1602 533 curaui.
1618 508 1645 530 et
1667 501 1717 530 suo
1729 504 1815 532 ducta-

1027 536 1139 574 consilio
1154 537 1269 574 virorum
1286 537 1468 574 sedulisequiis
1490 538 1647 565 addixerunt
1659 559 1665 570 ,
1682 547 1767 574 neque
1782 549 1814 568 ex

1026 571 1181 605 prmscripto
1194 572 1291 605 regula:
1306 571 1343 598 illi
1356 572 1436 604 datae,
1450 580 1508 606 qua!
1523 574 1620 608 nupsit.
1633 579 1658 600 et
1670 571 1760 608 juncta
1773 583 1813 602 est.

1026 607 1131 643 marito.
1151 607 1185 633 At
1203 611 1231 643 tu
1247 615 1280 633 ne
1302 607 1369 634 hanc
1383 607 1490 642 quidem
1505 608 1590 642 legem
1604 607 1744 643 observas;
1760 619 1813 638 non

1026 642 1097 668 enim
1112 649 1173 668 cum
1190 642 1285 669 timore
1297 643 1473 675 conversaris,
1484 643 1529 669 sed
1543 644 1622 670 multa
1637 651 1695 670 eum
1709 642 1812 672 securi-

1027 680 1079 702 tale
1090 681 1168 713 atque
1178 682 1331 711 contemptu
1344 682 1370 704 et
1380 678 1460 704 simul
1468 679 1596 709 cotncdis,
1610 683 1636 706 et
1647 678 1724 706 simul
1734 680 1812 713 bibis,

1025 715 1053 738 et
1062 712 1231 748 colloqueris,
1244 716 1269 738 et
1281 713 1455 746 incomposite
1466 713 1544 739 simul
1557 714 1636 743 rides,
1647 720 1673 741 et
1687 719 1745 748 post
1755 712 1812 743 haec

1025 747 1113 773 omnia
1130 751 1216 784 tamen
1226 747 1301 784 virgo
1315 748 1494 784 visiappellari
1511 757 1516 773 :
1533 753 1714 776 verumtamen
1726 755 1796 784 cgot

1026 789 1077 819 non
1086 783 1198 815 amplius
1206 782 1334 816 virginem
1344 783 1439 819 dicam,
1451 791 1509 819 qua:
1521 791 1602 817 usque
1613 784 1679 811 adeo
1688 790 1712 811 te
1722 782 1814 819 placci-

1027 816 1106 854 pitem
1115 824 1285 854 agas,incque
1297 818 1441 852 periculum
1457 816 1621 846 reformides.
1634 816 1743 847 Audebo
1755 828 1816 854 pro-

1025 852 1157 890 pheticum
1170 852 1232 879 illud
1246 860 1382 890 usurpare,
1395 853 1557 890 ()bstitiieseitt
1570 855 1658 880 uelum
1669 864 1744 890 super
1754 852 1810 888 hoc,

1026 891 1049 912 et
1063 887 1161 923 horreat
1175 893 1289 914 creatura
1309 888 1380 921 (Jer.
1394 888 1420 914 2.
1436 888 1484 923 12)
1499 897 1505 913 :
1523 889 1548 914 in
1564 895 1688 923 quantam
1700 887 1811 917 deveni—

1025 929 1084 948 mus
1100 922 1290 955 impudentiam
1312 928 1338 950 et
1351 923 1455 956 dignam
1474 922 1605 950 stantibus
1618 925 1643 950 in
1666 926 1811 958 prostibulo

1026 958 1219 984 meretricibus.
1235 958 1267 985 Ut
1279 959 1348 985 enim
1365 959 1415 985 illm
1429 959 1462 985 ab
1475 958 1625 986 hominibus
1640 960 1812 988 histrionibus

1024 996 1189 1026 congregatae
1203 993 1374 1026 procliviores
1393 993 1426 1020 ad
1448 994 1601 1021 inhonestas
1617 996 1735 1023 actiones
1749 996 1801 1023 red.

1024 1026 1145 1063 duntur,
1157 1027 1196 1054 sic
1208 1027 1314 1063 etiistw
1325 1036 1385 1055 cum
1407 1029 1432 1055 in
1452 1029 1568 1055 aninmm
1592 1030 1767 1063 induxerunt,
1783 1037 1808 1057 ut

1024 1068 1084 1100 eum
1099 1061 1163 1100 viris
1176 1062 1336 1100 cohabitifnt.
1354 1063 1505 1098 Indignatur
1522 1065 1598 1100 tiens.
1617 1065 1736 1093 homines
1749 1061 1809 1100 pro-

1024 1096 1072 1123 bro
1084 1096 1258 1134 alliciuntaat
1280 1098 1333 1125 ill-.e
1353 1104 1380 1124 ut
1395 1096 1511 1134 iniquum
1523 1099 1639 1133 judicem
1660 1096 1808 1134 imitentur,

1024 1139 1109 1168 neque
1119 1132 1201 1159 Deum
1215 1133 1317 1165 timent,
1333 1141 1417 1168 neque
1430 1132 1563 1160 hominem
1579 1141 1750 1163 revetenlur:
1763 1132 1809 1163 sed

1023 1167 1056 1194 ad
1076 1167 1133 1194 luce
1151 1169 1239 1204 omnia
1255 1168 1338 1194 multo
1352 1167 1445 1204 majori
1460 1176 1520 1196 cum
1535 1169 1628 1197 liducia
1645 1170 1788 1204 loquuntur
1799 1192 1806 1203 ,

1022 1203 1158 1240 quamvei
1181 1203 1343 1240 ipste,iqute
1361 1203 1473 1231 honesto
1493 1204 1591 1239 juncta:
1613 1203 1735 1240 coniugio
1748 1215 1808 1234 cum

1023 1237 1086 1274 viris
1101 1237 1229 1264 habitant.
1255 1239 1300 1265 lla:
1319 1239 1442 1266 nimirum
1465 1237 1631 1274 arrogantius
1650 1237 1741 1268 eoi-inn
1760 1250 1808 1269 ne-

1022 1272 1103 1307 gotia,
1115 1280 1174 1310 cum
1187 1273 1281 1310 quibus
1291 1273 1398 1308 degunt,
1410 1272 1597 1302 administrant
1609 1281 1634 1302 et
1644 1276 1807 1310 perturbant,

1022 1308 1189 1346 contumeliis
1200 1315 1246 1346 eos
1258 1308 1400 1346 lacessunt,
1411 1310 1583 1346 omniumque
1594 1308 1736 1344 bonorum,
1748 1319 1806 1346 qua:

1022 1343 1055 1369 ad
1070 1344 1129 1380 illos
1143 1345 1286 1380 pertinent,
1302 1344 1394 1371 volunt
1406 1345 1527 1372 obtinere
1541 1343 1715 1373 dominatum.
1729 1343 1804 1380 Quod

1022 1385 1044 1404 su
1060 1378 1121 1405 velit
1145 1378 1189 1406 ille
1211 1387 1408 1413 nonnumquam
1429 1388 1534 1406 manum
1556 1381 1588 1407 ad
1609 1378 1808 1408 benelicenliam

1023 1413 1181 1450 protendere
1193 1435 1200 1446 ,
1216 1414 1407 1450 proliibetipsa
1418 1435 1425 1446 ,
1441 1415 1554 1450 denique.
1568 1415 1664 1442 fanmla
1679 1425 1731 1443 non
1747 1423 1787 1444 est
1801 1439 1806 1447 .

1022 1445 1067 1475 sed
1081 1445 1293 1476 dominare-rasit.
1310 1445 1411 1477 Secede
1432 1445 1557 1484 igitur-ab
1575 1451 1660 1478 aliena
1673 1445 1807 1479 cohabitoé

1016 1483 1103 1514 .tione,
1118 1492 1134 1509 o
1148 1485 1230 1517 virgo,
1244 1492 1330 1518 neque
1342 1492 1356 1510 a
1369 1483 1565 1512 cohabitatione
1585 1490 1683 1512 tantum
1696 1507 1702 1518 ,
1717 1495 1807 1514 vermn

1020 1523 1072 1556 eta
1083 1519 1216 1556 colloquio
1225 1524 1252 1546 ct
1263 1527 1278 1556 ti
1293 1520 1386 1556 risu_te
1401 1524 1491 1556 mutuo
1505 1520 1619 1556 abstine.
1632 1521 1696 1548 Nam
1712 1522 1733 1548 si
1747 1530 1808 1556 pru~

1021 1554 1092 1590 denti
1105 1553 1161 1590 viro
1171 1554 1216 1580 vix
1230 1555 1307 1583 tacite
1316 1554 1454 1590 subridere
1465 1555 1622 1589 permissum
1633 1561 1684 1588 est,
1695 1553 1807 1590 sapienti

1021 1589 1126 1615 mulieri
1140 1592 1168 1615 ut
1181 1589 1223 1615 vix
1238 1589 1316 1616 etiam
1330 1589 1410 1620 istud.
1425 1590 1570 1623 iniunctum
1585 1597 1636 1618 est.
1651 1589 1754 1618 Etenim
1765 1593 1805 1619 vel

1022 1624 1078 1657 ipse
1089 1624 1208 1661 modicus
1217 1625 1286 1651 risus
1298 1625 1401 1661 mulieri
1415 1625 1568 1660 religionem
1583 1625 1708 1660 professa:
1721 1628 1807 1661 gravis

1021 1663 1061 1686 est
1072 1663 1098 1686 et
1113 1659 1284 1699 periculosos.
1299 1660 1462 1699 Multoenim
1478 1661 1572 1687 melior
1585 1659 1636 1699 est,
1650 1670 1709 1699 qua:
1719 1659 1756 1699 ob
1771 1670 1808 1689 re-

1021 1695 1164 1721 verentiam
1177 1698 1311 1727 spectatur
1324 1695 1417 1722 mulier
1427 1716 1433 1723 .
1445 1702 1523 1729 quam
1536 1702 1594 1730 qua:
1603 1697 1639 1723 ob
1649 1695 1807 1724 hilaritatem

1020 1733 1048 1756 et
1062 1729 1395 1767 voluptatein._Eninivero
1415 1730 1477 1767 dum
1488 1731 1531 1767 ad
1545 1729 1710 1765 spiritualem
1725 1740 1808 1767 spon~

1022 1772 1079 1802 sam
1090 1772 1104 1790 a
1115 1765 1226 1802 muliere
1238 1764 1476 1802 laudestransl'ert.
1486 1765 1519 1802 is,
1533 1767 1577 1801 qui
1591 1767 1729 1802 mysticum
1740 1764 1794 1794 seri
1803 1782 1809 1786 -

1020 1800 1072 1834 psit
1083 1800 1294 1837 canticum,»_ejus
1305 1800 1437 1827 silentium
1452 1800 1590 1837 celebrans
1600 1800 1627 1828 ct
1637 1802 1741 1829 habitus
1751 1803 1808 1837 ejus

1020 1835 1176 1872 gravitaicm
1191 1835 1333 1872 collaudat,
1350 1843 1475 1872 pavorem
1487 1836 1556 1872 illam
1570 1837 1705 1871 appellans
1721 1835 1806 1872 (Cum.

1021 1870 1052 1906 ϐε
1064 1869 1109 1904 5).
1121 1870 1175 1906 Hoc
1188 1870 1257 1896 enim
1272 1873 1313 1896 est
1326 1870 1396 1904 quod
1411 1871 1552 1898 admodum
1564 1869 1714 1899 venerabile
1725 1869 1807 1906 atque

1020 1904 1203 1941 admirandum
1219 1906 1401 1939 spectantibus
1413 1911 1531 1941 apparet.
1547 1906 1680 1941 Siquidem
1691 1904 1805 1941 oportet,

1019 1944 1049 1966 ut
1062 1940 1121 1972 ejus
1141 1941 1266 1966 honestas
1280 1945 1308 1967 et
1325 1941 1440 1974 gravitas
1454 1941 1566 1968 curiosis
1581 1940 1664 1968 oculis
1680 1940 1807 1969 terrorem

1020 1974 1139 2012 incutiat,
1151 1979 1177 2001 et
1186 1975 1218 2001 ad
1233 1975 1410 2012 importunam
1427 1976 1616 2010 impudentiam
1628 1977 1806 2012 repellendam

1020 2011 1054 2036 sit
1067 2009 1159 2036 idonea
1172 2018 1178 2036 :
1191 2017 1268 2044 quam
1279 2010 1357 2036 etiam
1368 2011 1403 2037 ob
1411 2009 1517 2038 causam
1528 2012 1614 2038 omnis
1624 2009 1719 2039 aui-eus
1729 2020 1808 2039 orna-

1023 2048 1064 2071 tus
1079 2045 1115 2071 illi
1137 2049 1244 2079 ereptus
1258 2050 1316 2077 est,
1337 2050 1364 2072 et
1386 2050 1514 2072 tortorum
1538 2047 1650 2073 crinium
1662 2067 1669 2079 ,
1686 2052 1712 2073 et
1728 2048 1809 2074 vestis

1020 2081 1154 2117 pretiose,
1169 2088 1202 2117 ne
1213 2081 1379 2117 ornamentis
1392 2081 1488 2115 quibus
1501 2085 1542 2108 est
1553 2082 1648 2112 cincta.
1661 2082 1787 2117 refulgeat
1799 2104 1805 2114 ,

1019 2120 1047 2142 et
1056 2115 1286 2152 oculosexhilaret
1299 2116 1467 2152 intuentium.
1477 2120 1556 2150 atque
1566 2117 1597 2143 ad
1610 2115 1803 2152 prolapsionem

1020 2151 1123 2177 invitet.
1139 2150 1281 2185 Propterea
1295 2151 1394 2184 jejunia
1406 2171 1413 2183 ,
1432 2151 1599 2179 abstinentia:
1611 2150 1618 2184 ζ
1634 2157 1661 2179 et
1675 2150 1807 2179 exercitas

1020 2186 1123 2216 tiones,
1137 2186 1291 2219 voltumque
1310 2186 1436 2220 pallidum
1457 2194 1488 2213 ac
1510 2191 1651 2220 maestum,
1667 2193 1693 2214 et
1708 2193 1808 2215 vestem

1020 2221 1140 2256 viliorem
1165 2220 1263 2247 habere
1279 2221 1352 2254 virgo
1373 2221 1453 2248 debet
1473 2222 1507 2248 ob
1530 2226 1630 2248 natura:
1651 2223 1684 2249 ad
1705 2223 1805 2256 lapsum

1019 2255 1225 2290 proclivitatem.
1242 2255 1343 2282 Idcirco
1362 2257 1442 2283 etiam
1461 2256 1557 2284 Paulus
1575 2257 1694 2284 scribens
1715 2255 1747 2285 ad
1762 2266 1808 2284 ra-

1020 2291 1154 2317 rissimum
1172 2290 1253 2317 lilium
1267 2290 1446 2324 Timotheum,
1461 2291 1519 2325 ejus
1534 2292 1558 2318 in
1575 2292 1735 2319 honorandis
1750 2301 1809 2319 mn-
1848 2303 1855 2312 ε

1021 2325 1130 2352 liet'ibus
1150 2326 1341 2361 humanitatem
1362 2327 1491 2353 castitatis
1509 2327 1627 2354 custodia
1647 2329 1806 2361 prtemunit.

1020 2361 1111 2387 dicens
1127 2369 1133 2386 :
1147 2360 1265 2387 Iuniores
1278 2361 1366 2388 viduas
1378 2361 1473 2387 honora
1486 2366 1513 2388 ut
1526 2370 1632 2393 sorores,
1648 2360 1675 2388 in
1687 2364 1756 2389 omni
1767 2372 1810 2389 co~

1018 2395 1158 2432 stitateil.
1177 2395 1244 2422 Tim.
1267 2396 1294 2423 ὅ.
1319 2397 1362 2430 5).
1385 2396 1460 2429 Quod
1482 2397 1503 2423 si
1526 2404 1541 2423 a
1563 2397 1672 2424 muliere
1687 2403 1809 2424 ornatum

1019 2438 1127 2458 omnem
1137 2432 1258 2465 corporis
1271 2436 1394 2467 amovent
1404 2439 1487 2458 sacrm
1501 2432 1592 2465 litertc,
1614 2438 1712 2467 quanto
1723 2435 1806 2467 magi.

1022 2466 1079 2493 viro
1090 2467 1213 2492 convenit
1232 2467 1303 2493 nullo
1321 2465 1400 2493 modo
1418 2471 1552 2501 comptum
1569 2465 1638 2500 esse,
1657 2465 1810 2502 tantumque

1022 2501 1172 2528 necessario
1180 2501 1277 2528 amictu
1288 2501 1386 2534 vestiri,
1396 2502 1434 2529 sic
1443 2508 1471 2528 ut
1482 2507 1660 2536 tegumentum
1672 2505 1716 2536 sit,
1726 2501 1810 2530 etnon

1022 2541 1206 2563 ornamentum
1219 2557 1225 2568 ,
1240 2536 1463 2571 quemadmodum
1485 2537 1509 2564 id
1532 2538 1674 2571 appellavit
1689 2539 1785 2565 l’aulus
1803 2548 1808 2563 :

1024 2571 1150 2598 Habentes
1169 2571 1287 2598 alimenta
1310 2577 1332 2598 et
1356 2576 1514 2606 tegumenta,
1530 2573 1568 2598 his
1589 2574 1696 2599 contenti
1718 2574 1810 2600 erimus

1022 2607 1032 2638 (
1044 2607 1069 2632 1.
1083 2606 1147 2633 ’l'im.
1160 2607 1184 2634 6.
1199 2607 1245 2640 8).
1259 2607 1322 2633 Nam
1334 2615 1394 2640 qua:
1403 2607 1436 2633 ad
1447 2612 1568 2634 ornatum
1579 2612 1739 2642 comparatae.
1749 2615 1810 2634 sunt

1024 2647 1120 2673 vestes,
1131 2642 1272 2668 muliebres
1286 2643 1373 2676 potius
1386 2649 1464 2676 quam
1476 2643 1564 2669 viriles
1576 2648 1745 2670 censeantur.
1757 2643 1811 2670 Lex

1024 2677 1120 2714 quippe
1137 2677 1201 2714 dicit
1219 2685 1227 2714 ς
1243 2676 1445 2714 Νοηᾏὶιιᾴιιειαι*
1459 2678 1496 2704 rir
1513 2683 1578 2704 reste
1591 2679 1697 2712 [cannea
1713 2678 1810 2714 (Deut.

1023 2712 1067 2738 2‘2.
1083 2712 1099 2738 5
1109 2712 1182 2748 ).”Ne
1196 2713 1274 2746 igitur
1287 2712 1454 2748 eiii-minetur
1467 2713 1506 2739 vir
1516 2734 1522 2743 .
1538 2712 1750 2748 quandoquidem
1766 2723 1813 2740 ne-

1024 2754 1076 2783 que
1084 2747 1242 2783 muliebrem
1256 2755 1348 2774 sexum
1359 2747 1500 2774 admodum
1512 2749 1636 2775 convenit
1646 2747 1714 2783 apud
1728 2749 1810 2776 Deum

1024 2782 1181 2809 cll'cniinari.
1197 2782 1235 2808 Ex
1251 2783 1312 2816 pilis
1331 2783 1494 2810 camelorum
1515 2789 1615 2810 vestem
1636 2782 1771 2818 gestabat,
1787 2789 1814 2810 ut

1025 2825 1119 2843 lunam
1136 2817 1254 2850 pellicain
1270 2818 1339 2845 circa
1362 2819 1464 2847 lumbos
1479 2827 1542 2845 suos
1561 2819 1677 2846 Joannes
1691 2828 1697 2846 ι
1712 2823 1738 2846 et
1752 2828 1814 2846 ante

1026 2852 1099 2879 illum
1115 2852 1185 2880 Elias
1198 2873 1205 2885 ,
1220 2853 1294 2888 cujus
1313 2854 1434 2889 spiriunn
1455 2854 1572 2882 Joannes
1594 2855 1712 2890 gereb..t,
1735 2855 1813 2882 ovilla
