2042 3121
269 91 338 120 1059

260 151 345 177 solum
361 149 431 184 pelle
443 149 499 183 ipse
517 155 622 183 quoque
636 148 819 174 amiciebatur.
842 145 1008 184 Stiipl_di___est
1021 152 1048 184 et

260 185 350 211 inullis
362 182 444 211 animi
460 184 624 218 splendidum
645 184 826 209 indumentum
842 187 867 208 et
881 182 975 218 subtili
984 182 1048 209 arti-

260 220 320 246 licio
328 225 480 246 eunti-iitum
490 219 575 253 magni
588 218 674 245 facrrr
684 225 690 243 :
701 218 806 244 animus
814 222 901 244 autem
910 217 943 243 ad
954 217 1047 245 altiora

261 263 374 289 qumque
385 258 470 285 natus,
482 254 525 288 qui
540 254 594 279 vcri
605 259 714 279 ornatus
724 260 830 279 sensum
841 260 937 289 capere
950 257 1045 289 potest,

262 287 369 316 mollem
389 287 496 316 omnem
506 294 606 315 vestem
622 288 752 323 despicit,
769 292 796 314 ct
808 288 988 323 sublimiorem
1004 287 1046 314 illa

260 325 422 355 desiderans,
437 331 557 350 securam
569 345 575 355 ,
593 322 701 350 minime
714 323 893 357 superﬂuam,
909 322 1046 350 honestio-

260 367 316 386 rem
331 360 400 385 illam
417 359 583 391 maximeque
603 358 780 384 venerandam
795 358 943 385 castitatem
961 358 1047 384 muni-

260 393 310 420 bus
330 395 462 420 existimat
487 394 688 427 praiferruilam.
712 394 834 420 Contenti
860 393 938 427 igitur
961 398 1047 420 estote

260 429 412 459 verborum,
421 437 479 462 qua:
488 429 556 455 dicta
565 435 635 459 sunt,
643 429 769 455 admoniti
788 436 831 455 ne.
841 428 937 454 Cavete
945 433 1045 459 autem,

258 471 292 490 ne
304 464 466 490 honestatem
478 469 556 498 atque
566 464 719 498 gravitatem
734 463 799 489 ultra
810 464 935 490 terminos
946 463 1047 489 medio-

257 499 359 525 critatis
387 503 519 532 tamquam
549 499 686 526 molestam
711 498 851 532 quamdam
874 499 1043 525 severitatem

260 507 359 525 eruatis
387 507 519 532 tamquam
549 507 686 526 mou-siam
710 507 851 559 ﬂuat-uiam
874 507 1043 525 severitatem

260 533 410 560 nrodiicatis
425 543 430 559 :
445 541 503 568 qua:
517 538 541 560 et
555 534 603 567 ipsi
619 534 662 568 qui
675 542 707 560 au
730 535 757 565 it,
773 538 798 559 et
813 534 844 559 iis
858 534 900 565 qui
915 534 971 566 ejus
982 541 1046 559 con-

255 569 341 594 sortio
357 569 480 595 fruuntur
492 590 498 600 ,
515 569 594 595 melle
607 567 638 595 ae
653 569 711 595 favo
731 569 834 595 dulcior
847 567 971 594 efficitur.
986 568 1045 602 Spi-

258 603 361 630 riiualis
381 605 476 638 quippe
497 604 586 630 l;elitia
600 604 710 630 honeste
723 611 754 630 ac
767 604 863 630 decore
877 604 909 629 ad
921 603 1043 629 unionem

258 645 319 664 cum
338 639 390 665 Deo
411 638 547 672 provehit,
564 646 663 673 eosque
684 640 727 673 qui
753 639 778 664 in
801 646 972 670 congressum
988 638 1045 672 ejus

257 674 377 704 veniunt,
390 674 522 707 voluptate
538 673 679 707 prrfuudil.
691 674 784 700 Verum
801 681 833 699 ne
849 674 889 699 his
902 681 959 707 qua:
974 681 987 698 a
1003 681 1045 699 me

258 708 325 734 dicta
340 713 399 734 sunt
411 729 418 740 ,
437 709 576 735 occasione
598 714 700 742 arrepta
712 729 718 739 ,
735 716 766 735 eo
785 708 854 743 quod
876 709 899 734 iii
916 708 1045 734 hilaritate

259 744 344 769 vivere
358 744 394 769 sis
411 743 556 777 prohibitus
569 763 575 773 ,
589 744 670 770 tristis
684 751 715 770 ac
727 751 848 770 morosus
861 750 920 770 esse
936 743 1045 777 incipias

257 785 319 811 erga
335 778 427 804 fratres
442 778 624 809 adventantes,
638 786 723 813 neque
736 778 850 804 difficilis
863 785 922 804 esse
936 778 1001 804 Vt'llS
1014 785 1046 805 ac

257 813 366 839 minime
386 813 496 839 :ilfabilis
515 817 561 840 aut
581 813 739 840 inhumanus
763 821 809 847 pro
833 813 945 848 lirnigno
966 818 1044 846 atquc

257 848 384 879 gratioso,
402 856 487 881 neque
500 848 562 874 dum
577 849 688 876 comiter
701 848 860 881 suscipiendi
876 853 946 877 sunt,
961 849 1004 881 qui
1018 852 1044 875 te

257 882 371 908 iuvisunt
383 904 389 913 ,
406 884 499 909 fratres
511 904 518 914 ,
535 891 655 910 morosus
669 891 700 910 ac
715 883 799 910 tristis
809 904 816 915 ,
831 887 876 909 aut
890 883 916 909 in
932 890 1044 917 respon-

257 917 375 944 sionibiis
385 924 408 944 et
422 918 543 952 alloquiis
558 919 716 945 inaccessns.
734 920 845 952 Semper
857 919 926 944 enim
942 923 966 943 ut
980 926 1044 951 gau-

259 952 367 978 dcauius
378 973 385 984 ,
402 954 552 979 mandatum
566 958 606 980 est
627 954 799 987 apostoliCum
812 974 819 985 ,
835 959 861 978 et
874 953 1045 979 Consolantini

256 987 369 1018 invirem,
381 993 417 1019 et,
432 988 534 1014 inritam
550 988 648 1022 benigni
662 993 746 1015 estote
756 1009 763 1020 ,
778 993 813 1019 et,
831 986 1042 1021 Caritasjuquit,

256 1022 361 1058 benigna
381 1027 415 1048 est
433 1023 474 1058 (l.
496 1023 583 1049 Thess.
601 1021 628 1049 5.
651 1024 700 1054 ll;
719 1022 812 1056 [ip/ms.
835 1023 860 1048 6.
877 1022 928 1054 5i;
944 1023 967 1048 1⁴
983 1021 1041 1048 Cor.

255 1057 298 1083 13.
316 1057 347 1092 4)
365 1066 371 1083 2
387 1062 412 1084 et
427 1058 606 1090 apouolorum
622 1058 791 1084 salutationes
809 1058 939 1084 ineorum
954 1058 1044 1084 insunt

256 1093 374 1126 epistolis
384 1098 515 1126 tamquam
526 1093 593 1119 lilios
601 1093 808 1126 complectentes
817 1100 863 1118 eos
871 1093 913 1126 qui
922 1092 1041 1125 audiunt,

256 1131 387 1160 tamquam
412 1127 505 1153 l'raircs
532 1127 701 1154 cohortantes
715 1136 762 1154 eos
780 1128 823 1162 qui
839 1127 987 1154 attendunt.
1004 1128 1043 1154 Ac

258 1162 338 1187 inulta
352 1170 415 1188 sane
425 1162 459 1188 de
473 1163 520 1188 liae
533 1168 622 1189 sancta
637 1163 805 1196 benignitate.
821 1170 879 1196 qum
889 1170 922 1189 ex
932 1163 1042 1190 caritate

257 1203 404 1228 pronianat,
421 1205 453 1223 ex
468 1198 549 1224 sacris
565 1198 646 1224 literis
659 1198 761 1224 discere
786 1205 936 1231 possumus.
952 1197 1042 1231 Neque

256 1236 360 1264 oportet
376 1237 404 1258 ut
425 1232 457 1258 ad
482 1232 649 1259 immodicam
673 1233 831 1259 hilaritatem
852 1231 1041 1265 traducamur,

257 1273 342 1300 neque
352 1271 382 1293 ut
393 1267 553 1294 seurrilitate
567 1268 757 1303 benignitatem
769 1275 797 1295 se
807 1267 840 1294 ad
854 1267 901 1294 Dei
915 1267 1042 1294 imitatio-

1018 90 1150 122 SPURIA.

1101 154 1162 174 nem
1181 152 1378 181 comparantem
1402 144 1590 172 lalul‘actemus
1602 165 1609 177 ,
1624 144 1672 172 sed
1695 145 1721 172 in
1740 146 1893 176 meditullio

1099 182 1213 216 quodam
1239 182 1362 216 perfertm
1387 181 1527 217 hilaritatis
1547 181 1741 217 consistamus,
1756 185 1784 209 ct
1804 191 1896 217 neque

1099 217 1204 244 molesti
1221 219 1303 244 simus
1325 217 1356 244 iis
1376 217 1471 250 quibus
1493 216 1659 252 familiariter
1672 217 1788 249 utimur,
1804 216 1894 252 neque

1098 253 1240 279 dissolutos
1253 260 1299 279 eos
1309 257 1335 279 et
1352 253 1450 279 inertes
1462 251 1603 278 reddamus
1617 259 1624 277 :
1640 259 1725 286 neque
1738 252 1835 279 acerbe
1849 251 1894 280 re-

1119 287 1305 318 reheuilanius,
1320 295 1406 322 neque
1421 286 1602 313 fraudulenter
1615 286 1764 319 adulemur,
1775 288 1824 322 sed
1841 289 1893 315 uti-

1111 322 1160 349 iter
1172 323 1346 356 corrigamus.
1358 321 1385 350 et
1405 321 1556 348 humaniter
1568 321 1748 348 cohortamur.
1763 321 1812 354 Qui
1826 332 1891 355 par-

1098 358 1141 389 cit,
1155 358 1248 392 inquit,
1263 358 1373 384 emittere
1388 357 1487 383 verbum
1506 357 1607 386 durum.
1622 357 1732 390 prudens
1747 362 1790 383 est.
1806 357 1895 385 Farul

1098 393 1179 419 mellis
1194 401 1317 419 sermones
1330 394 1395 423 boni,
1412 393 1518 418 dulcedo
1532 397 1615 418 autent
1627 400 1712 418 eorum
1726 393 1821 419 sanitas
1831 394 1893 419 ani-

1098 435 1155 454 inw.
1172 427 1238 454 Sunt
1249 429 1292 462 qui
1301 428 1412 454 dicentes
1425 429 1556 454 vulnerant
1567 427 1638 461 quasi
1648 428 1725 462 ensis,
1738 426 1832 462 linguae
1843 437 1893 454 au-

1098 468 1146 488 tem
1159 461 1299 497 sapientum
1318 469 1407 489 sanant
1427 462 1526 496 (Prov.
1544 462 1587 489 10.
1606 462 1652 493 l9;
1678 461 1754 488 Prov.
1773 461 1815 489 l6.
1835 463 1891 494 2‘;

1100 497 1178 533 Prov.
1193 499 1235 525 12.
1250 498 1308 533 l8).
1325 499 1424 525 Bonum
1436 498 1541 532 quidem
1553 501 1594 533 est
1604 497 1700 533 divinis
1711 498 1820 524 canticis
1831 506 1892 525 ino-

1097 532 1188 559 derate
1208 533 1407 567 operamdare.
1425 533 1488 559 Nam
1512 532 1600 567 lii-tilia
1621 532 1751 566 ejusmodi
1773 539 1891 561 tuentem

1097 566 1253 600 sanctiﬁcat,
1263 571 1291 594 ut
1302 566 1340 593 ait
1349 567 1496 602 Apostolus
1506 574 1513 593 :
1524 566 1667 601 Iuipleiuiui
1682 567 1780 602 Spiritu
1791 574 1889 600 sancto,

1098 602 1181 636 inquit
1193 624 1201 635 ,
1215 608 1344 629 canturire:
1363 609 1386 628 et
1407 604 1540 636 psallente:
1555 602 1580 628 in
1601 603 1717 629 cordibus
1731 604 1817 629 vestris
1833 603 1889 630 θοι

1097 638 1164 664 mino
1178 637 1288 673 (Ep/ws.
1310 639 1336 665 5.
1355 638 1466 672 18-19).
1482 638 1583 664 Bonum
1605 638 1683 672 igitur
1697 643 1736 664 cst
1753 659 1759 668 .
1773 638 1806 664 ad
1822 639 1890 665 latti-

1099 673 1160 699 liain
1176 673 1306 707 ejusmodi
1320 674 1532 707 consequendam
1548 672 1665 699 studiose
1681 681 1786 704 vacare,
1801 681 1889 708 neque

1097 708 1132 734 ob
1147 709 1286 742 quamdam
1302 715 1404 735 morum
1427 709 1596 742 asperitatem
1612 715 1643 734 ac
1656 707 1779 735 duritiem
1801 709 1888 743 iii-gli-

1096 748 1189 776 genter
1202 744 1226 770 in
1240 743 1336 770 divinis
1349 743 1469 770 cantibus
1485 743 1594 775 versari,
1611 744 1685 775 quasi
1700 743 1823 770 nimirum
1840 752 1887 770 vo-

1098 785 1156 804 cem
1172 779 1325 812 iinpeiidere
1346 779 1391 805 Dei
1409 779 1529 805 laudibus
1542 786 1593 805 non
1612 778 1760 812 dignemur.
1774 778 1840 805 Nam
1854 779 1888 806 ad

1097 813 1226 844 eiusmodi
1242 821 1297 840 rem
1313 819 1431 840 sanctam
1448 819 1474 841 et
1496 821 1600 840 sacrum
1625 814 1697 840 illiiui
1713 821 1886 847 caugressuin

1097 847 1217 874 hilariter
1230 849 1338 875 allectos
1351 857 1410 875 esse
1426 857 1474 875 nos
1487 852 1601 882 oportet,
1618 856 1669 875 non
1685 848 1709 875 iu
1725 849 1815 875 dulces
1829 858 1887 875 niu-

1096 882 1173 909 dulos
1202 883 1322 914 effundi,
1349 891 1435 917 neque
1458 884 1570 910 delicate
1594 883 1690 910 divinis
1714 885 1887 911 conventibus

1096 917 1215 950 mulceri,
1232 926 1317 952 neque
1329 919 1452 945 mollibus
1467 926 1497 945 ac
1511 920 1599 945 fractis
1612 920 1684 951 spuis
1695 919 1810 953 gaudere
1821 940 1828 951 ,
1845 926 1888 945 at-

1095 960 1146 986 que
1160 953 1210 979 huc
1224 953 1339 988 illucque
1352 954 1445 980 oculos
1459 954 1630 980 circumferre
1642 974 1649 985 ,
1667 959 1695 980 ut
1710 954 1799 980 videas
1812 975 1818 985 ,
1833 963 1887 988 quo

1095 992 1173 1022 pacto
1186 989 1300 1015 lauderis
1317 997 1322 1014 :
1340 989 1386 1015 sed
1407 989 1432 1015 in
1449 989 1503 1015 Deo
1520 989 1661 1015 lietandimi
1678 994 1729 1020 est,
1744 990 1820 1023 eique
1835 990 1886 1016 soli

1097 1022 1199 1056 placere
1219 1024 1395 1055 studendum,
1409 1029 1488 1058 atque
1502 1023 1545 1050 hic
1564 1024 1707 1058 praecipue,
1723 1029 1750 1051 ut
1762 1022 1820 1051 cum
1838 1025 1887 1051 lio-

1095 1061 1198 1084 nestate
1210 1058 1330 1084 hilaritas
1347 1059 1431 1084 mixta
1454 1059 1609 1093 reperiatur,
1627 1066 1686 1085 cum
1700 1067 1714 1084 a
1731 1059 1775 1086 Dei
1791 1060 1888 1087 timore

1094 1093 1208 1126 gravitas
1221 1099 1247 1119 et
1261 1093 1385 1120 honestas
1402 1094 1584 1127 proﬁciscatur
1595 1114 1602 1126 ,
1619 1094 1699 1120 divini
1715 1102 1778 1121 vero
1791 1099 1887 1121 cautus

1094 1127 1127 1153 ad
1142 1127 1258 1154 laetitiam
1272 1135 1320 1155 nos
1341 1129 1485 1161 provehaiit
1497 1149 1505 1161 ,
1521 1134 1546 1155 et
1561 1133 1666 1155 internae
1680 1129 1750 1156 illius
1762 1131 1883 1156 exsulta—

1095 1162 1176 1199 tionis
1190 1163 1364 1190 imitationem
1379 1164 1404 1199 in
1418 1164 1495 1190 nobis
1509 1165 1669 1199 exprimant,
1685 1165 1710 1190 in
1725 1172 1776 1199 qua
1790 1165 1825 1191 illi
1839 1165 1886 1199 qui

1095 1196 1207 1234 honeste
1217 1198 1366 1225 conversati
1379 1198 1485 1234 fuerint
1495 1218 1503 1231 ,
1517 1196 1631 1234 futuram
1644 1196 1789 1234 transigeut
1803 1196 1886 1226 vitam

1093 1232 1164 1267 apud
1179 1233 1330 1264 Dominum,
1342 1233 1384 1261 cui
1396 1233 1479 1268 gloria
1492 1238 1520 1261 et
1531 1233 1672 1268 imperium
1687 1235 1713 1261 in
1727 1232 1824 1262 siecula
1831 1241 1887 1262 sae-

1094 1267 1228 1294 culorum.
1249 1269 1348 1295 Amen.
1399 1267 1408 1268 7
1429 1268 1435 1279 ‘

268 1354 1874 1371 m

526 1429 565 1458 IN
587 1429 787 1459 HOMILIAM
806 1429 858 1459 DE
875 1429 1031 1459 JEJUNIO
1050 1429 1101 1460 ET
1122 1429 1391 1460 ELEEMOSYNA
1411 1429 1608 1460 MONITUM.

297 1590 351 1618 Etsi
365 1599 443 1629 _nonr
456 1591 546 1629 inepta
573 1591 607 1618 sit
632 1591 690 1618 haec
705 1591 825 1629 humilia,
840 1590 900 1629 jure
911 1599 936 1629 _a
958 1591 1093 1629 Frontone
1108 1591 1206 1629 pacato
1220 1591 1290 1629 inter
1302 1592 1404 1629 spuria,
1419 1592 1461 1618 vel
1474 1599 1506 1629 ex
1519 1591 1577 1618 aliis
1588 1593 1775 1620 consurcinata
1789 1592 1879 1629 Chry-

262 1627 371 1653 sostomi
394 1627 501 1661 scriptis
518 1631 685 1653 accensetur.
709 1626 897 1660 lntcrpretatio
911 1625 1005 1652 Latina
1028 1630 1070 1653 est
1091 1627 1213 1662 ejusdem
1231 1625 1374 1654 Frontonis
1394 1627 1491 1654 Ducaii.

251 1677 1879 1689 ____.—___——————-—-————_——-—————————-——c————

675 1735 816 1757 EIUSDEM
828 1719 945 1756 OllATIO
966 1735 1008 1755 DE
1028 1733 1158 1756 JEJUNIO
1180 1734 1221 1755 ΕΤ
1242 1734 1460 1756 ΕιΕΕΜοεγΜ.

966 1795 1149 1823 «W3

285 1863 386 1890 Bonum
401 1867 441 1888 cst
452 1861 590 1894 jejunium,
609 1860 675 1887 bona
692 1864 731 1886 est
747 1865 773 1886 et
791 1859 869 1886 lectio
882 1859 1033 1892 Scriptura-

249 1906 309 1925 rnni
325 1907 331 1924 :
348 1899 414 1924 bona
429 1903 492 1922 vero
507 1900 557 1925 est,
572 1895 677 1929 quando
691 1901 717 1921 ct
736 1895 804 1921 ai-tio
815 1903 845 1920 ex
859 1902 889 1920 ea
905 1895 1034 1927 sequitur,

249 1933 372 1966 quoniam
387 1932 408 1958 si
428 1932 509 1963 legas,
526 1934 553 1956 at
569 1939 620 1956 non
642 1930 731 1961 facias,
746 1930 770 1956 in
785 1929 910 1966 judicium
932 1929 980 1966 tibi
995 1929 1035 1955 le-

249 1963 302 1994 ctio
316 1967 403 1995 vrrlit,
416 1971 442 1993 et
462 1967 487 1992 iu
503 1965 670 1992 ocrasioncm
685 1966 816 1998 supplicii.
833 1963 894 1990 Non
907 1965 973 1990 enim
987 1971 1035 1990 au-

248 2003 340 2028 ditores
353 2003 423 2036 legis,
434 2001 527 2034 inquit,
539 2001 668 2036 justisunt
678 2000 747 2032 apud
760 1999 856 2030 Deum;
875 1999 1036 2036 adfectaret

252 2038 314 2072 legis
324 2034 631 2072 justi/imbuatur(Rom.
644 2035 670 2061 2.
686 2035 728 2067 15)
744 2044 749 2061 :
764 2039 791 2061 et
801 2042 894 2072 rursus
903 2034 1033 2065 Christus,

251 2070 284 2099 Si
297 2070 345 2098 non
356 2072 485 2101 venissem,
499 2075 521 2096 et
537 2071 654 2104 loquutus
669 2071 770 2104 fuissem
784 2070 829 2101 eis,
845 2074 971 2102 peccatum
986 2077 1036 2095 non

250 2107 366 2134 haberent
379 2115 388 2133 :
402 2115 468 2132 nunc
482 2111 564 2131 autem
580 2106 761 2131 excusationem
777 2113 827 2130 non
837 2104 926 2130 haberi!
942 2104 973 2130 de
983 2112 1036 2138 pec-

248 2147 304 2168 cato
318 2150 363 2168 suo
379 2141 466 2175 (Ionii.
490 2139 721 2175 15.722).AVBCM.IIS
743 2143 842 2170 autem,
857 2139 900 2173 qui
923 2139 986 2166 dicit
1009 2140 1035 2166 in

249 2177 356 2204 auribus
380 2173 484 2207 eorum,
498 2174 543 2208 qui
564 2173 688 2206 audiunt,
705 2181 735 2200 ac
751 2179 804 2200 tinu
821 2175 962 2208 pra~cipue.
975 2181 1034 2201 cum

248 2213 336 2239 fumus
355 2211 526 2244 erogaveriiit
542 2218 548 2236 :
569 2210 655 2236 faenus
675 2214 763 2235 autem
781 2214 821 2235 est
839 2209 988 2236 obedienlia
1008 2214 1035 2236 et

250 2247 297 2274 Dei
314 2247 498 2272 mandatorum
514 2244 678 2277 exsequutio,
691 2245 759 2270 sicut
781 2245 908 2270 Dominus
922 2244 959 2271 ait
973 2252 979 2270 :
1003 2244 1035 2270 Et

249 2291 294 2315 rgo
307 2282 404 2307 veniens
415 2280 561 2315 recepissent
574 2279 669 2315 utique,
683 2279 748 2312 quod
761 2287 844 2305 meum
856 2283 959 2315 ealcum
973 2287 1035 2306 usu-

245 2311 276 2342 ra
289 2316 403 2352 (Matt/it
417 2311 689 2352 25.127).Quid'ergo
704 2314 880 2352 congregasti,
895 2313 985 2352 frater,
1001 2321 1033 2342 ex

245 2349 368 2386 jejunio?
387 2349 604 2383 Quandoquidem
618 2355 644 2375 et
658 2350 772 2386 agricola
795 2349 894 2375 idcirco
904 2350 1032 2386 seminat,

249 2384 279 2412 ut
295 2386 374 2412 etiam
390 2389 480 2415 melat,
493 2389 520 2411 et
543 2389 673 2410 mercator
685 2384 783 2410 idcirco
808 2384 1033 2417 peregrinationes

247 2421 314 2453 obit,
327 2425 355 2446 ut
367 2419 491 2454 pecunias
504 2419 621 2453 colligat,
630 2424 656 2445 et
669 2419 830 2453 gubernator
843 2418 940 2445 idcirco
952 2420 1032 2446 multa

247 2456 330 2482 maria
352 2455 485 2486 emetitur,
500 2459 527 2481 ut
549 2454 675 2481 mercium
689 2454 799 2480 sarcinis
820 2454 906 2480 navim
921 2454 1030 2488 repleat.

248 2490 286 2517 Ne
300 2490 363 2516 mihi
385 2489 493 2521 dixeris,
511 2493 549 2516 tot
569 2489 626 2515 dies
636 2489 763 2523 jejunavi,
781 2489 831 2515 hoc
846 2493 872 2515 et
892 2489 954 2515 illud
980 2497 1031 2516 non

245 2525 455 2556 comedi,viuum
470 2532 521 2551 non
537 2524 600 2554 hihi,
611 2524 728 2550 illuviem
743 2524 850 2557 pertuli;
867 2525 912 2551 sed
922 2524 1032 2551 ostende

247 2560 363 2592 rnilii,an
377 2567 436 2586 cum
451 2559 591 2586 iracundus
606 2567 689 2591 esses,
703 2559 769 2586 lenis
784 2559 866 2586 factus
879 2560 925 2589 sis,
936 2564 961 2585 ct
972 2567 1031 2586 etim

246 2603 320 2622 esses
335 2595 460 2625 crudelis,
475 2595 604 2628 benignus
617 2595 733 2621 evaseris
749 2603 754 2619 :
770 2595 894 2626 quoniam
908 2595 929 2620 si
943 2595 1031 2621 ebrius

247 2630 380 2657 iracundia
397 2630 443 2658 sis.
459 2630 521 2664 quid
537 2636 645 2655 carnem
661 2629 771 2663 aflligis?
793 2630 818 2655 Si
834 2630 903 2656 intus
915 2630 949 2656 sit
964 2629 1030 2655 invL

246 2666 288 2691 dia
302 2671 328 2692 et
343 2666 462 2695 avaritia,
477 2664 538 2699 quid
556 2664 663 2698 prodest
675 2672 749 2699 aqua!
763 2666 858 2698 polus?
871 2664 927 2690 Non
941 2672 1031 2698 qna-ro

245 2708 325 2730 nunc,
340 2700 424 2733 qualis
440 2700 473 2726 sit
485 2707 586 2727 mensa.
602 2699 647 2725 sed
660 2707 693 2726 an
710 2700 785 2726 male
800 2700 895 2725 mentis
909 2699 975 2726 facta
996 2700 1032 2726 sit

245 2736 364 2762 mutatio.
382 2735 409 2762 Si
424 2735 542 2766 domina,
557 2734 681 2760 nimirum
697 2735 793 2761 anima.
816 2734 969 2766 fornicatur,
983 2743 1031 2762 cur

244 2771 378 2803 ancillam,
396 2776 514 2797 ventrem
531 2769 646 2804 inquam,
662 2769 796 2804 flagellas?
809 2769 837 2796 Si
852 2769 938 2796 anima
949 2769 1029 2797 sedu-

1090 1859 1167 1891 citur,
1182 1866 1229 1886 cur
1248 1866 1345 1892 corpus
1366 1859 1505 1886 maceras?
1527 1858 1589 1885 llrcc
1615 1864 1664 1892 ego
1688 1857 1759 1889 dico,
1776 1865 1827 1884 non
1851 1863 1877 1886 ut

1089 1901 1137 1920 vos
1152 1901 1286 1925 accusem,
1297 1894 1343 1920 sed
1358 1899 1464 1927 pr-pler
1478 1894 1651 1928 negligentes.
1667 1892 1732 1920 Cum
1747 1894 1816 1919 enim
1831 1901 1877 1919 vos

1089 1929 1195 1955 videam
1209 1929 1339 1958 volantes.
1354 1929 1434 1955 altius
1447 1929 1537 1956 volare
1550 1935 1597 1954 vos
1608 1928 1685 1954 velim
1700 1937 1707 1955 ε
1721 1932 1792 1954 tanta
1808 1929 1876 1954 enim

1089 1968 1131 1990 est
1143 1965 1182 1990 vis
1193 1964 1320 1990 caritatis.
1334 1963 1367 1990 Et
1379 1963 1605 1998 quemadmodum
1620 1963 1692 1989 avari
1706 1969 1805 1997 quanto
1820 1964 1877 1997 plus

1089 1998 1146 2025 auri
1165 1999 1329 2032 collegerint,
1345 2004 1417 2025 tanto
1433 2000 1492 2033 plus
1505 2003 1650 2032 expetunt:
1666 1999 1704 2025 sic
1717 2004 1742 2025 et
1757 2007 1804 2025 nos
1820 2006 1877 2024 ina-

1088 2033 1140 2068 j0ri
1155 2041 1309 2067 progressus
1320 2034 1399 2060 vestri
1410 2034 1542 2060 desiderio
1554 2039 1683 2060 tenemur.
1694 2033 1722 2060 Si
1737 2041 1800 2067 ergo
1811 2034 1878 2060 velis

1089 2069 1174 2102 excipi
1190 2069 1258 2103 apud
1283 2069 1375 2100 Deum,
1391 2069 1480 2103 jejuna
1500 2068 1722 2103 quemadmodum
1746 2068 1877 2100 Ninivitm,

1090 2104 1125 2130 mi
1143 2103 1241 2130 frater:
1257 2104 1292 2130 illi
1308 2105 1391 2138 legem
1413 2112 1464 2130 non
1479 2109 1637 2138 acceperant
1651 2113 1657 2130 :
1674 2103 1708 2130 de
1723 2104 1818 2138 quibus
1840 2104 1878 2130 ait

1090 2139 1186 2166 Paulus
1199 2147 1205 2164 :
1220 2138 1284 2165 Cum
1298 2140 1363 2165 enim
1378 2139 1478 2171 Gentes,
1489 2147 1546 2171 quin
1556 2139 1634 2174 legem
1644 2147 1693 2165 non
1714 2139 1813 2169 habent,
1830 2147 1877 2164 ua-

1089 2174 1204 2200 tiiraliter
1225 2182 1254 2200 ea
1275 2181 1331 2208 qua:
1355 2174 1417 2209 [agis
1439 2179 1507 2206 sunt,
1522 2174 1630 2208 faciunt.
1651 2174 1775 2209 ejusmodi
1796 2174 1879 2208 legem

1089 2217 1139 2235 nim
1153 2208 1386 2244 liabeu1e8,ipsisibi
1397 2215 1455 2236 sunt
1468 2209 1509 2236 lca:
1522 2209 1643 2243 (flanti.
1654 2209 1708 2241 14).
1724 2208 1782 2235 Noli
1798 2209 1879 2242 igitur

1088 2244 1202 2270 otiosum
1214 2243 1342 2278 jejunium
1351 2243 1491 2271 exhibere:
1503 2252 1555 2271 non
1564 2244 1634 2270 enim
1648 2244 1734 2270 solum
1749 2244 1876 2278 jejunium

1089 2279 1115 2306 in
1128 2279 1220 2306 eailum
1232 2279 1362 2311 ascendit,
1371 2279 1421 2306 nisi
1432 2287 1550 2306 sororem
1565 2279 1662 2306 haheat
1672 2287 1749 2306 suam
1761 2280 1878 2306 eleemo-

1089 2321 1192 2348 synam.
1203 2314 1340 2348 Siquidem
1353 2314 1409 2348 biga
1422 2319 1463 2341 est
1474 2314 1541 2348 ejus,
1554 2322 1602 2341 nec
1613 2313 1766 2341 fraternitas
1776 2319 1801 2340 et
1816 2314 1878 2348 biga

1089 2353 1199 2380 tantum,
1217 2350 1262 2376 sed
1277 2349 1355 2376 etiam
1371 2349 1532 2376 vehiculum.
1550 2349 1625 2377 llnde
1640 2349 1664 2375 id
1679 2349 1800 2376 constat?
1821 2350 1878 2376 An-

1088 2384 1163 2417 gelus
1175 2384 1299 2411 Cornelio
1311 2384 1415 2411 dicebat
1431 2393 1437 2409 :
1456 2383 1587 2410 Oratione:
1607 2389 1656 2410 tua:
1675 2389 1698 2410 et
1711 2385 1878 2418 eleentosyniz

1088 2424 1138 2445 (me
1150 2419 1315 2445 ascenderunt
1327 2419 1354 2445 in
1375 2420 1520 2446 memoriam
1541 2419 1568 2445 in
1587 2424 1721 2453 conspectu
1742 2419 1787 2446 ι)τὶ
1809 2421 1875 2453 (Act.

1088 2454 1131 2481 10.
1149 2453 1186 2488 4).
1205 2454 1250 2481 Est
1265 2456 1336 2482 enim
1346 2455 1388 2481 ala
1403 2455 1531 2481 orationis
1543 2454 1712 2489 eleemosyna
1729 2464 1736 2481 :
1752 2455 1801 2481 uisi
1815 2462 1877 2480 ora-

1088 2489 1151 2515 tioni
1173 2494 1223 2516 tua:
1237 2490 1306 2516 atam
1328 2489 1471 2521 addideris,
1488 2489 1597 2516 minime
1619 2489 1709 2517 volat:
1725 2497 1784 2517 cuin
1808 2497 1875 2515 vero

1088 2525 1167 2550 luerit
1178 2524 1227 2550 alis
1240 2525 1349 2558 przedita
1367 2525 1455 2551 anima
1469 2530 1522 2556 tua,
1537 2525 1563 2551 in
1579 2523 1677 2552 cmlum
1689 2524 1786 2552 evolat.
1801 2524 1875 2557 Qun-

1087 2567 1171 2594 usque
1185 2560 1290 2586 tandem
1307 2561 1474 2594 pecuniarum
1497 2567 1572 2586 amor
1591 2565 1618 2586 et
1631 2567 1712 2593 opum
1725 2559 1875 2594 cupiditas?

1086 2593 1149 2621 nec
1166 2595 1266 2625 omnia.
1281 2593 1317 2622 mi
1342 2595 1432 2627 frater,
1447 2602 1497 2621 una
1513 2602 1572 2621 cum
1589 2594 1637 2621 hac
1650 2595 1703 2622 vita
1728 2595 1876 2621 terminau-

1086 2634 1139 2656 tur.
1154 2629 1206 2657 Sed
1221 2630 1296 2662 mihi,
1306 2630 1420 2661 satseio.
1430 2629 1513 2660 dices,
1522 2629 1579 2656 lucc
1593 2630 1639 2656 tibi
1653 2630 1702 2664 ipsi
1716 2637 1876 2656 commenti)-

1086 2672 1125 2691 ra.
1141 2664 1174 2691 Et
1189 2665 1253 2691 mihi
1265 2665 1314 2699 ipsi
1325 2669 1550 2696 commemoro,et
1562 2665 1650 2691 vobis:
1666 2669 1707 2692 est
1719 2665 1789 2691 enim
1802 2672 1877 2691 com-

1086 2707 1166 2727 mune
1185 2700 1333 2727 consilium.
1359 2700 1414 2735 Ego
1427 2699 1490 2726 dum
1513 2699 1570 2726 lia'c
1592 2700 1682 2732 audio,
1701 2705 1728 2726 et
1743 2701 1876 2734 eorrigor,

1085 2735 1242 2762 beneficium
1267 2743 1280 2761 a
1297 2735 1372 2762 vobis
1394 2735 1495 2769 accipio
1511 2743 1517 2761 :
1535 2735 1594 2762 licet
1618 2736 1640 2762 is
1660 2743 1755 2761 servus
1768 2736 1811 2767 sit,
1827 2735 1877 2769 qui

1086 2770 1164 2803 dicit,
1180 2770 1318 2798 consilium
1335 2770 1463 2803 admitto;
1478 2770 1539 2797 licet
1554 2770 1632 2797 liber.
1651 2770 1764 2797 libenter
1776 2769 1876 2797 audio:
