2076 3112
287 164 321 191 υ,
914 157 1069 187 PALLADII
1090 158 1257 187 DlALOGUS
1885 161 1918 190 is

288 227 324 246 ne
337 217 528 245 intcllcetualcs
551 217 656 244 labores
677 214 772 250 injuria
795 214 924 242 afﬁceret.
941 213 1003 242 Haec
1025 221 1075 241 au-

288 268 342 290 tem
356 263 427 296 dico,
439 269 491 290 non
504 260 733 297 comprehendens
743 266 800 293 eos,
813 260 858 295 qui
869 259 938 295 jusla
951 259 984 288 de
995 266 1075 286 causa

287 314 316 338 ct
338 309 499 336 necessitate
520 308 648 336 ecclesias
668 306 786 335 condunt
806 311 851 334 aut
872 306 1010 339 reficiunt;
1027 305 1074 334 sed

289 354 394 382 illorum
417 362 506 386 causa.
523 353 566 388 qui
585 353 654 381 bona
675 360 818 388 pauperum
835 353 861 380 in
886 352 996 387 pensilia
1019 359 1076 379 ain-

288 399 405 432 bulacra,
413 403 441 427 et
452 398 582 426 aeriarum
591 405 717 433 aquarum
730 398 893 433 receptacula
906 398 932 424 in
941 397 1025 425 tertiis
1034 402 1075 423 ta-

288 445 393 476 bulatis,
408 449 434 472 et
449 443 572 472 indecora
585 443 796 472 effeminatorum
818 443 953 471 hominum
969 443 1074 470 lavacra

288 489 315 516 in
339 489 405 517 locis
428 488 540 518 occultis
559 495 730 523 consumunt,
748 494 802 517 tum
828 493 856 517 nt
876 489 933 524 plus
954 487 1074 523 pecunia)

287 533 439 566 corrudant,
455 538 510 561 tum
525 538 554 561 ut
570 539 692 561 amentur
717 542 731 561 a
756 536 855 562 scurris
868 538 896 562 et
916 534 1014 566 mimis,
1029 534 1073 568 qui

286 585 338 613 pro
358 578 446 606 studio
462 579 530 606 hanc
550 587 628 606 unam
650 579 800 607 mercedem
829 579 987 613 rependunt,
1003 578 1073 612 quod

288 625 379 652 omnia
402 625 435 652 ad
458 626 620 660 voluptatem
641 625 777 660 indulgent
792 625 973 660 peccantibus.
997 624 1074 651 Absit

287 674 377 698 autem
392 678 406 698 ι
420 679 473 702 me,
488 672 528 698 vir
542 671 627 706 magni
642 671 756 698 nominis
769 670 917 703 Theodore,
932 674 960 696 ut
974 670 1073 704 impro-

287 716 328 743 bis
339 723 462 751 umquam
475 716 591 750 placeam
602 725 609 742 :
621 725 673 743 non
684 717 754 743 enim
763 716 870 743 aliunde
880 715 944 750 ipsis
952 715 1072 750 placebo,

286 768 365 795 quam
378 769 410 788 ex
425 762 456 788 iis
471 770 529 796 qua:
547 761 653 788 Christo
669 769 722 788 non
738 762 854 796 placent.
872 761 947 789 Duc.
962 761 1000 788 Ad
1017 761 1073 787 lucc

286 807 398 835 miratus
421 807 577 835 Theodorus
599 807 781 842 interrogavit,
797 808 908 835 dicens:
927 808 992 835 Cum
1016 807 1072 834 haec

287 854 322 880 ita
337 860 370 880 ex
392 857 484 880 natum
498 853 568 881 dicta
582 854 653 886 sint,
669 858 695 880 et
719 854 805 880 nullus
819 852 1019 881 contradicendi
1038 852 1073 879 sit

287 897 372 930 locus,
380 898 401 925 si
410 898 471 933 quid
486 899 553 926 nosti
565 899 599 926 de
612 899 643 926 iis
652 907 711 933 quoa
720 899 746 926 in
755 899 816 926 Asia
825 907 838 925 a
847 899 875 926 S.
889 898 990 925 Joanne
998 903 1072 932 gesta

285 946 358 976 sunt,
371 943 405 970 de
417 951 469 978 quo
492 951 561 971 nunc
575 944 652 970 nobis
671 951 759 970 sermo
777 948 827 976 est,
849 943 986 970 nobiscum
1000 950 1073 969 com-

285 986 398 1012 munica.
413 987 499 1014 Ense.
517 987 547 1014 Et
560 988 668 1014 omnino
681 987 798 1022 quidem.
812 988 886 1015 Duc.
900 988 939 1014 An
956 994 1072 1022 pratsens

284 1030 400 1058 novisti?
412 1039 445 1058 an
468 1031 501 1058 ab
516 1033 568 1058 alio
585 1033 728 1067 accepisti?
744 1033 828 1060 Ense.
843 1032 896 1060 Sed
911 1040 945 1059 ne
964 1032 1072 1059 minima

282 1075 389 1109 quidem
404 1080 478 1110 parte
489 1076 531 1103 isti
544 1077 645 1111 judicio
658 1077 739 1104 defui.
755 1078 829 1105 Duc.
849 1077 976 1111 Quaenam
993 1077 1072 1112 igitur

283 1120 443 1155 subscquuta
455 1126 527 1154 sunt,
544 1130 655 1157 quemve
669 1122 749 1150 finem
769 1127 943 1157 acceperunt,
963 1127 990 1150 et
1002 1122 1072 1150 unde

284 1165 439 1200 principium
453 1166 618 1199 habuerunt,
629 1167 782 1202 singillatim
797 1167 861 1194 mihi
877 1167 976 1195 exhibe
989 1175 997 1194 :
1010 1167 1071 1202 quia

283 1210 444 1246 Theophilus
458 1214 632 1240 temeritatem
644 1220 719 1240 suam
733 1214 847 1240 maxime
862 1213 1003 1241 honestare
1015 1213 1071 1246 sive

283 1257 389 1291 operire
409 1257 511 1290 volens,
535 1259 561 1285 in
579 1258 668 1285 libello
690 1265 739 1286 suo
754 1258 800 1291 ait,
815 1258 920 1286 beatum
940 1258 1070 1285 Joannem

283 1302 436 1329 dominandi
458 1302 567 1330 libidine
589 1308 738 1338 permotum
750 1303 792 1330 die
805 1311 855 1330 una
866 1303 1000 1331 sexdecim
1015 1303 1071 1338 epi-

283 1355 378 1382 scopos
397 1348 562 1383 deposuiSse,
577 1353 603 1376 et
623 1356 697 1381 suos,
713 1349 772 1376 loco
789 1349 908 1381 illorum,
922 1349 1070 1377 ordinasse.

283 1393 370 1422 Ertsc.
383 1394 474 1421 Nihilo
487 1395 542 1422 suis
552 1395 670 1422 moribus
683 1395 797 1423 alienum
811 1396 1005 1423 fecitmirilicus
1015 1395 1069 1427 ille,

283 1444 309 1466 et
323 1447 383 1466 cum
397 1444 489 1467 contra
499 1440 628 1468 Joannem
639 1441 754 1475 scripsit,
769 1444 796 1468 et
808 1449 867 1468 cum
878 1440 941 1468 falsa
955 1440 1069 1475 scripsit.

283 1484 322 1512 Ex
348 1485 443 1519 quibus
465 1486 537 1512 enim
559 1486 750 1513 absconsurum
773 1494 801 1513 se
829 1490 902 1521 putat
924 1485 1070 1514 fmditatem

283 1537 370 1561 suam,
385 1538 418 1557 ex
433 1530 525 1557 iisdem
542 1530 611 1557 illam
626 1531 709 1565 magis
723 1530 847 1562 traducit,
863 1531 905 1557 vel
917 1530 1016 1556 invitus
1027 1529 1071 1556 in-

283 1574 432 1601 nocentiam
443 1574 563 1608 Joannis,
578 1582 652 1602 more
667 1575 793 1607 Balaami,
807 1583 947 1602 exornans.
960 1574 986 1602 Si
1000 1575 1069 1602 enim

283 1628 344 1647 cum
359 1620 528 1654 deposuerat,
546 1629 599 1648 non
613 1628 679 1656 opus
694 1625 751 1649 erat
769 1622 877 1655 scripto,
891 1629 944 1648 non
958 1621 1068 1653 exsilio,

281 1673 340 1692 cum
352 1665 482 1699 depositio
495 1666 551 1699 ipsa
562 1666 677 1694 sufficiat
687 1666 720 1694 ad
731 1665 911 1694 confusionem
923 1674 1015 1694 eorum
1026 1665 1070 1700 qui

282 1709 467 1745 depommtur;
481 1711 527 1738 sed
540 1711 664 1745 quoniam
689 1711 784 1746 deponi
801 1719 853 1738 non
876 1715 962 1746 potest
976 1711 1071 1739 virtute

283 1755 418 1789 praeditus,
429 1760 507 1791 atque
519 1757 604 1783 victus
610 1757 746 1784 victoriam
756 1756 851 1789 refert,
860 1762 950 1784 manet
960 1757 1068 1792 invidia,

282 1801 384 1830 cladem
398 1809 429 1829 ex
442 1802 536 1838 injusta
553 1803 662 1830 victoria
673 1807 820 1837 reportans,
836 1803 914 1830 bulla:
927 1803 953 1830 in
968 1811 1069 1831 morem

282 1852 453 1882 turgescens;
469 1853 496 1875 et
509 1849 534 1875 in
548 1849 662 1882 seipsam
673 1848 797 1880 contrita,
809 1849 928 1876 scribens
940 1853 967 1876 et
978 1849 1071 1877 inscri-

283 1894 349 1921 hens
364 1894 426 1921 illud
442 1895 514 1921 lsaizc
529 1895 681 1929 prophetae,
695 1903 735 1921 vae
749 1895 811 1922 illud
827 1895 851 1922 in
873 1902 902 1922 se
916 1895 1069 1927 attrahens,

282 1939 344 1966 dum
361 1938 424 1965 falsa
435 1939 523 1966 omnia
532 1944 560 1966 et
572 1939 641 1971 facit,
657 1939 765 1971 etdicit,
779 1944 805 1967 et
815 1939 916 1967 scribit.
935 1939 979 1967 Va:
988 1941 1068 1973 enim,

281 1984 344 2018 dicit
366 1984 462 2017 Isaias,
482 1986 525 2020 qui
544 1985 673 2012 scribunt:
695 1986 850 2020 iniquitate»:
874 1986 939 2013 enim
959 1987 1070 2013 scribunt

282 2029 357 2064 (Isai.
375 2030 418 2058 10.
434 2030 470 2065 l).
486 2031 522 2058 De
537 2031 579 2058 his
593 2035 680 2059 autem
694 2032 737 2066 qui
754 2032 779 2059 in
793 2032 855 2059 Asia
872 2032 984 2067 depositi
997 2036 1067 2065 sunt,

283 2083 335 2102 non
358 2076 509 2110 sexdecim,
526 2077 571 2104 sed
589 2085 634 2104 sex
651 2082 751 2104 tantum
775 2078 917 2112 episcopis,
940 2082 969 2105 ut
981 2086 1069 2105 coram

285 2121 339 2147 lico
360 2120 450 2155 judice
462 2121 547 2148 dicam
565 2142 572 2155 ,
589 2122 654 2149 nihil
673 2123 706 2150 de
726 2124 829 2150 numeri
843 2124 989 2158 quantitate
1004 2123 1069 2151 sub-

284 2165 398 2198 traham,
414 2166 478 2193 nihil
488 2175 577 2194 rcrum
592 2168 710 2203 qualitati
726 2169 860 2202 adjiciam,
874 2168 920 2196 sed
932 2174 960 2196 ut
971 2169 1069 2196 veritas

283 2219 342 2239 sese
360 2211 449 2245 habet,
472 2213 511 2240 sic
537 2213 584 2240 tibi
608 2221 749 2248 exponam.
764 2214 852 2242 Tertia
873 2215 976 2242 decima
999 2215 1068 2242 indi-

281 2257 370 2284 ctione
380 2258 776 2294 veneruntConstantinopolim
792 2260 880 2287 Asiani
895 2260 1010 2295 episcopi
1023 2269 1070 2288 nc-

280 2302 433 2329 cessitatum
448 2304 621 2338 quarumdam
636 2305 719 2339 gratia
736 2313 742 2331 :
759 2306 775 2331 ii
799 2305 934 2332 nobiscum
949 2313 1067 2333 commo-

281 2347 415 2381 rabanlur,
427 2350 601 2383 prmsentihus
611 2351 690 2376 etiam
701 2350 759 2377 aliis
767 2357 798 2377 ex
807 2350 913 2385 Scythia
925 2351 1067 2386 episcopis,

280 2393 420 2421 Theotimo
440 2395 558 2428 scilicet,
574 2400 653 2430 atque
679 2403 712 2422 ex
730 2395 841 2423 Thracia
855 2396 985 2423 Ammone
999 2397 1068 2433 Egy-

281 2439 346 2472 ptio,
357 2444 383 2466 et
395 2447 428 2467 ex
441 2439 542 2467 Galatia
556 2441 699 2473 Arabiano,
715 2442 891 2476 mctropolitis
901 2443 1023 2471 omnibus
1036 2451 1067 2470 ac

281 2484 399 2518 senibus,
414 2493 498 2520 usque
520 2485 553 2513 ad
571 2486 661 2521 viginti
686 2488 798 2515 duorum
820 2489 1002 2523 episcoporum
1017 2497 1068 2516 nu-

280 2536 394 2556 merum.
411 2530 443 2556 Et
456 2531 580 2558 omnibus
591 2533 765 2566 congregatis,
778 2538 856 2567 atque
870 2534 1069 2562 communican-

281 2575 360 2608 Iibus,
378 2575 507 2603 Eusebius
526 2577 632 2611 quidatn
653 2586 667 2605 c
684 2577 810 2606 Cilbianis
824 2579 905 2614 jngis,
928 2580 1068 2615 episcopus

279 2620 569 2657 Valentinopolitanus,
585 2629 769 2660 congregatam
790 2625 926 2661 Synodum
946 2634 1005 2654 cum
1021 2626 1069 2653 ob-

279 2673 421 2700 servasset,
449 2676 500 2695 uno
524 2670 625 2697 sabbati
650 2671 812 2705 adveniens,
836 2672 938 2700 libellos
962 2672 1069 2700 tradidit

277 2711 395 2748 Synodo,
409 2716 551 2749 pratposito
565 2716 673 2748 scilicet,
690 2722 718 2743 ut
731 2725 896 2752 consequens
908 2722 974 2750 erat,
989 2718 1068 2745 Joan-

280 2761 321 2787 nis
342 2761 462 2793 nomine,
489 2766 578 2789 contra
596 2763 768 2795 Antoninum,
786 2764 937 2798 episcopum
954 2764 1065 2799 Ephesi,

279 2811 380 2840 septem
404 2807 516 2842 Capitula
541 2808 670 2836 inserens.
701 2808 818 2836 Primum
846 2810 969 2844 quidem,
997 2810 1066 2844 quod

278 2852 399 2881 conflatis
412 2861 494 2882 sacris
510 2856 578 2882 vasis
591 2860 728 2890 argentum
745 2854 770 2882 in
787 2863 861 2882 usum
877 2855 922 2882 ﬁlii
938 2856 1042 2883 fecisset
1058 2864 1066 2888 ς

1131 213 1288 247 secundum,
1300 214 1369 250 quod
1383 214 1497 242 ablatum
1512 214 1546 243 de
1556 215 1675 250 ingressu
1689 215 1834 250 baptislct'ii
1848 225 1918 243 nm-

1128 267 1187 287 mor
1202 261 1228 287 in
1250 259 1373 287 balneum
1391 261 1567 288 transtulisset
1581 270 1588 288 :
1604 260 1700 289 deinde
1720 261 1858 289 columnas
1874 272 1918 290 ec-

1127 305 1298 339 clesiastieas,
1319 313 1332 332 a
1357 305 1476 341 pluribus
1493 306 1569 333 annis
1588 305 1719 342 jacentes.
1743 307 1809 334 intra
1839 314 1917 336 suum

1127 350 1264 378 statuisset
1275 351 1415 378 triclinium
1428 359 1435 378 τ
1446 356 1579 387 quartum,
1591 351 1660 390 quod
1675 360 1740 386 puer
1747 352 1804 387 ejus
1815 352 1916 380 crdem

1127 401 1268 431 patrasset,
1282 405 1360 432 quem
1374 397 1459 425 adhuc
1473 397 1584 425 haberet
1595 398 1620 424 in
1636 398 1783 425 ministerio
1798 398 1918 433 irrepre-

1126 442 1259 470 hensum:
1276 445 1407 477 quintum,
1430 442 1501 477 quod
1524 443 1622 477 prmdia
1645 441 1770 470 Ecclesiae
1788 443 1880 471 relicta
1903 451 1918 470 a

1127 488 1252 521 Basilina,
1268 488 1365 515 Juliani
1387 488 1557 524 Imperatoris
1572 494 1672 520 matre,
1689 489 1862 521 vendidisset,
1882 490 1918 516 si-

1126 533 1205 568 bique
1218 533 1378 561 vindicasset
1394 542 1400 561 :
1421 538 1536 566 sextum,
1552 533 1622 568 quod
1637 533 1745 561 dimissa
1759 542 1841 562 uxore
1857 541 1916 566 sua.

1126 585 1187 605 cum
1201 586 1231 605 ea
1245 586 1337 605 rursus
1349 586 1509 614 congressus
1523 583 1605 611 esset,
1621 579 1741 614 filiosque
1762 587 1794 606 ex
1807 587 1838 606 ea
1854 587 1917 614 ιιι-ο·

1125 629 1242 650 creasset
1256 632 1262 649 :
1277 624 1418 658 septimum
1430 645 1437 656 ,
1453 624 1523 658 quod
1537 631 1586 660 pro
1600 625 1657 659 lege
1671 629 1697 651 et
1709 625 1853 652 constituto
1867 625 1916 651 ha-

1125 669 1201 697 beret
1218 669 1398 698 ordinationes
1412 671 1597 704 episcoporum
1614 669 1728 697 vendere
1745 670 1818 704 juvta
1834 671 1916 697 ratio-

1125 721 1185 741 nem
1217 714 1358 742 redituum.
1391 715 1493 742 Adsunt
1523 721 1550 742 et
1582 714 1627 749 qui
1659 714 1789 742 dederunt
1817 715 1916 750 quique

1124 760 1238 787 ordinati
1262 765 1341 792 sunt,
1364 766 1391 788 et
1419 760 1475 795 ipse
1499 760 1544 795 qui
1571 760 1673 796 accepit
1696 769 1703 787 :
1729 768 1760 788 ac
1786 765 1914 796 pris-terea

1126 805 1298 841 probationes
1311 806 1407 833 habeo.

1159 851 1222 877 Cn.
1236 851 1402 879 ium—Duc.
1417 851 1489 879 llanc
1499 858 1610 886 ,quzcso,
1621 848 1840 884 Pater,contrahe
1849 859 1913 878 nar-

1124 897 1266 924 rationem:
1275 897 1407 924 heduntur
1415 898 1484 925 enim
1495 896 1648 932 praesentes,
1657 897 1788 932 episcopis
1798 897 1846 924 ista
1855 905 1915 925 nar-

1124 942 1253 975 rantibus,
1268 943 1351 970 multo
1363 944 1445 977 magis
1459 942 1507 970 ista
1519 943 1691 978 patrantibus.
1714 943 1799 970 Ertsc.
1815 943 1855 971 Me
1864 944 1914 970 mi-

1123 989 1268 1023 serum,qu
1277 988 1370 1016 diebus
1379 988 1418 1015 his
1427 993 1576 1016 reservatus
1583 988 1749 1023 sum,quibus
1757 989 1867 1023 pecunia
1874 996 1914 1015 sa-

1123 1033 1269 1060 cerdotium
1277 1033 1406 1066 venditur,
1415 1034 1436 1060 si
1444 1038 1530 1061 tamen
1539 1033 1715 1060 sacerdotium
1726 1038 1776 1060 est.
1785 1033 1914 1068 lnsipien-

1125 1082 1163 1106 ter
1169 1079 1239 1106 enim
1247 1078 1296 1106 feci
1308 1079 1351 1114 qui
1360 1079 1410 1106 ista
1417 1079 1565 1111 retulerim,
1573 1086 1632 1106 cum
1639 1078 1915 1107 obtrectatorchoanc

1124 1123 1165 1150 nis
1174 1131 1205 1150 eo
1217 1131 1266 1150 nos
1276 1124 1421 1159 adegerint.
1435 1124 1531 1152 Verum
1548 1124 1679 1159 patienter
1692 1123 1761 1150 feras
1773 1131 1825 1156 me,
1838 1124 1914 1152 obse-

1125 1176 1181 1202 cro,
1196 1173 1225 1196 ut
1239 1169 1300 1196 hinc
1310 1169 1530 1204 quoqueJoannis
1541 1169 1748 1196 moderationem
1761 1168 1912 1201 admireris,

1123 1215 1166 1250 qui
1177 1214 1269 1242 sedato
1281 1214 1386 1241 interim
1398 1214 1466 1247 zelo,
1481 1213 1548 1241 dixit
1562 1213 1693 1241 Eusebio:
1706 1214 1802 1241 Eusebi
1820 1212 1912 1246 frater,

1123 1261 1246 1295 quoniam
1261 1267 1332 1295 szrpe
1345 1260 1373 1287 fit
1386 1264 1414 1287 ut
1428 1259 1612 1288 accusationes
1624 1267 1683 1295 qua:
1695 1259 1760 1287 fiunt
1774 1267 1789 1286 a
1807 1264 1914 1294 pertur-

1123 1306 1230 1334 batione
1242 1306 1334 1338 animi,
1347 1305 1437 1334 faciles
1452 1306 1622 1341 probationes
1638 1313 1690 1332 non
1703 1305 1835 1338 habeant,
1852 1305 1912 1332 sine

1124 1356 1149 1379 te
1163 1352 1267 1379 exnrari
1283 1372 1290 1384 ,
1305 1356 1333 1378 ut
1345 1359 1434 1379 cesses
1448 1352 1610 1379 Antoninum
1630 1351 1737 1379 fratrem
1753 1352 1852 1385 scripto
1865 1359 1911 1380 ac-

1122 1403 1225 1429 cusare,
1243 1396 1319 1423 nobis
1331 1403 1425 1423 causas
1435 1397 1565 1424 molestizn
1577 1396 1782 1431 corrigentibus.
1797 1396 1836 1423 Ad
1853 1396 1912 1424 htec

1123 1441 1161 1468 ira
1174 1449 1300 1468 accensus
1314 1462 1320 1474 ,
1346 1441 1499 1469 durioribus
1513 1449 1577 1468 usus
1595 1446 1637 1469 est
1650 1441 1737 1469 verbis
1748 1462 1756 1474 ,
1783 1441 1911 1469 adversus

1123 1487 1285 1514 Antoninum
1305 1492 1375 1514 totus
1395 1494 1425 1514 se
1437 1486 1550 1514 efferens
1566 1507 1573 1519 ,
1586 1492 1613 1514 et
1627 1487 1653 1514 in
1668 1487 1836 1514 accusatione
1849 1494 1911 1521 per-

1122 1533 1230 1560 sistens.
1246 1533 1371 1560 Hortatur
1380 1532 1497 1560 Joannes
1509 1532 1617 1560 Paulum
1629 1553 1636 1565 ,
1661 1533 1814 1568 episcopum
1828 1532 1910 1559 llcra-

1122 1579 1187 1607 ciete
1198 1579 1207 1613 (
1220 1587 1281 1607 nam
1295 1580 1317 1606 is
1333 1579 1466 1607 Antonino
1477 1578 1566 1606 favere
1577 1578 1717 1605 videbatur
1731 1578 1739 1613 )
1755 1599 1762 1612 ,
1783 1583 1809 1604 ut
1821 1585 1868 1605 eos
1883 1578 1909 1605 in

1122 1626 1264 1654 amicitiam
1275 1626 1458 1660 compelleret.
1466 1625 1647 1660 Surgensquc,
1657 1624 1799 1652 ecclesiam
1810 1624 1912 1659 ingres-

1122 1678 1168 1698 sus
1175 1675 1226 1705 est,
1235 1679 1286 1698 una
1298 1678 1357 1698 cum
1367 1671 1510 1705 episcopis;
1521 1669 1654 1697 eratenim
1664 1669 1785 1696 sacriﬁcii
1795 1674 1908 1704 tempus:

1123 1725 1267 1752 pacemque
1282 1717 1381 1752 populo
1391 1724 1423 1745 ex
1439 1724 1514 1744 more
1527 1720 1650 1751 precatus
1662 1736 1669 1747 ,
1693 1715 1761 1742 sedit
1774 1723 1834 1743 cum
1847 1715 1909 1742 reli-

1121 1763 1181 1797 quis
1195 1763 1336 1797 episcopis.
1359 1762 1432 1790 Clam
1457 1767 1545 1788 autem
1565 1760 1751 1796 subingressus
1771 1765 1911 1788 accusator

1123 1807 1264 1840 Eusebius,
1278 1815 1368 1834 coram
1382 1807 1454 1834 omni
1469 1807 1566 1842 populo
1588 1811 1616 1834 et
1640 1806 1773 1841 episcopis
1793 1806 1909 1833 libellum

1122 1853 1201 1880 alium
1217 1852 1295 1880 offert
1307 1853 1400 1880 eadem
1412 1853 1592 1880 continentem
1614 1861 1619 1878 :
1643 1852 1767 1887 adjurans
1780 1852 1909 1880 Joannem

1122 1898 1262 1926 horrendis
1270 1898 1428 1934 juramenlis
1441 1919 1450 1931 ,
1471 1898 1565 1933 quibus
1578 1899 1689 1925 salutem
1704 1906 1807 1933 quoque
1820 1898 1910 1932 Impe-

1122 1949 1239 1972 ratorum
1256 1945 1409 1979 complexus
1424 1950 1466 1972 est
1481 1965 1488 1977 ,
1513 1944 1595 1971 multa
1614 1951 1673 1971 cum
1690 1944 1907 1978 perturbatione:

1122 1993 1152 2017 ut
1162 1990 1379 2024 putarentpopuli
1392 1989 1450 2025 ejus
1464 1989 1640 2025 imprudentia
1655 1989 1797 2023 perterriti,
1822 1997 1882 2016 eum
1894 1996 1910 2015 ει

1121 2034 1223 2063 Joanne
1233 2039 1365 2070 petere,ut
1378 2036 1457 2062 vitam
1469 2035 1517 2062 sibi
1530 2035 1562 2062 ab
1574 2035 1734 2069 lmpcratorc
1746 2035 1908 2068 impetraret.

1121 2081 1238 2109 Joannes
1254 2089 1317 2109 vero
1331 2102 1339 2115 ,
1362 2086 1391 2108 ut
1402 2081 1468 2108 vidit
1480 2081 1632 2108 instantiam
1649 2080 1763 2107 hominis
1777 2101 1784 2112 ,
1799 2079 1910 2107 studens

1122 2126 1342 2161 imperturbatum
1365 2131 1457 2154 tenere
1479 2126 1606 2161 populum
1619 2147 1626 2158 ,
1652 2125 1770 2152 libellum
1785 2125 1885 2159 recepit
1899 2145 1905 2156 ,

1122 2173 1249 2206 lectisque
1262 2172 1358 2199 divinis
1382 2172 1494 2206 eloquiis
1512 2171 1692 2205 Pansophium
1702 2191 1709 2202 ,
1731 2169 1839 2197 I'issid:e
1850 2169 1908 2204 cpi-

1121 2225 1240 2252 scopum,
1252 2222 1310 2245 orat
1323 2222 1350 2244 ut
1360 2217 1447 2244 divina
1460 2217 1527 2244 dona
1540 2216 1634 2244 offerat
1645 2225 1651 2242 ε
1662 2216 1718 2251 ipse
1728 2223 1787 2243 cum
1801 2215 1908 2250 reliquis

1121 2263 1252 2298 episcopis
1267 2271 1390 2298 egressus
1405 2266 1455 2289 est.
1480 2261 1594 2289 Nolebat
1607 2262 1677 2288 enim
1700 2261 1788 2288 animo
1804 2260 1908 2287 turbido

1121 2310 1278 2337 sacrificium
1288 2309 1386 2341 facere,
1394 2309 1435 2336 his
1447 2309 1581 2343 Evangelii
1591 2309 1786 2344 obtemperans:
1801 2307 1908 2340 Quando

1121 2355 1197 2388 offers
1209 2363 1299 2382 munus
1313 2359 1383 2382 tuum
1400 2354 1504 2390 (Matth.
1518 2354 1544 2386 5,
1560 2354 1618 2390 25),
1629 2359 1655 2381 et
1669 2354 1779 2389 reliqua.
1807 2353 1839 2380 Et
1851 2356 1908 2386 post

1121 2400 1302 2427 dimissionem
1316 2400 1403 2434 populi
1414 2400 1587 2427 considerans
1602 2399 1671 2434 apud
1684 2407 1722 2431 se,
1740 2398 1870 2426 ctscdens
1882 2399 1907 2424 in

1121 2445 1273 2480 baptisterio
1284 2453 1342 2472 cum
1354 2446 1462 2480 reliquis
1470 2446 1600 2480 episcopis
1610 2466 1617 2478 ,
1627 2450 1806 2472 accusatorem
1818 2451 1907 2472 corum

1121 2492 1243 2518 omnibus
1256 2491 1378 2523 advel-at,
1391 2492 1482 2519 dicens
1499 2493 1538 2518 ei:
1554 2491 1656 2518 Rursus
1670 2491 1761 2518 eadem
1779 2491 1823 2517 tibi
1835 2490 1905 2522 dico,

1120 2537 1190 2572 quod
1206 2537 1280 2564 mttlti
1295 2544 1410 2565 mmrore
1424 2537 1464 2563 vel
1478 2537 1516 2564 ira
1533 2537 1674 2572 compulsi,
1685 2536 1765 2564 multa
1779 2540 1806 2563 et
1816 2536 1906 2562 dicunt

1120 2587 1146 2609 et
1160 2582 1289 2616 scribunt,
1299 2591 1357 2617 qua:
1371 2582 1484 2617 probare
1497 2590 1549 2609 non
1565 2586 1684 2617 possunt.
1708 2581 1737 2609 Si
1752 2581 1831 2616 igitur
1851 2588 1910 2607 ma-

1121 2627 1215 2656 nifestc
1229 2635 1259 2656 ea
1275 2629 1360 2661 nosti,
1379 2628 1412 2656 de
1423 2629 1518 2664 quibus
1533 2629 1605 2656 illum
1619 2635 1745 2655 accusare
1758 2628 1797 2654 vis
1811 2627 1908 2663 (neque

1121 2673 1191 2700 enim
1207 2673 1228 2700 si
1241 2674 1325 2708 possis
1337 2693 1344 2705 ,
1359 2673 1527 2708 repellimus;
1544 2681 1630 2708 neque
1644 2673 1773 2700 trahimus
1789 2693 1796 2704 ,
1813 2671 1835 2699 si
1855 2678 1906 2698 non

1121 2718 1227 2753 possis),
1239 2724 1378 2754 antequam
1393 2719 1494 2753 legatur
1506 2720 1618 2752 libellus,
1631 2719 1698 2754 elige
1709 2718 1779 2754 quod
1791 2717 1906 2752 expedit:

1120 2770 1258 2798 postquam
1270 2765 1340 2791 cnim
1353 2765 1435 2791 lectus
1451 2764 1548 2797 fuerit,
1565 2765 1628 2791 etin
1643 2772 1721 2791 aures
1736 2763 1854 2790 omnium
1867 2770 1908 2788 vc-

1122 2810 1206 2840 ncrit,
1219 2810 1345 2838 coniectis
1360 2811 1424 2837 actis
1440 2831 1446 2840 .
1467 2817 1519 2836 non
1541 2810 1654 2844 amplius
1670 2809 1759 2837 licebit
1775 2829 1781 2841 ,
1796 2816 1855 2835 eum
1871 2807 1907 2834 bis

1124 2857 1273 2890 cpiscopus,
1289 2856 1458 2884 abolitionem
1474 2863 1572 2890 petere.
1591 2855 1653 2883 Post
1676 2856 1732 2883 haec
1752 2861 1842 2882 rursus
1864 2853 1907 2880 ille

2062 952 2076 1135 ἒ

2062 1166 2072 1235 l

2064 1258 2076 1331 i

2062 1939 2076 2023 γ

2065 2026 2076 2415 l
