2042 3121
173 175 233 202 1061

171 238 222 258 non
239 229 308 256 enim
332 235 508 263 personarum
530 226 696 263 excellentia,
709 225 756 263 sed
780 224 880 263 utilitas
894 231 959 263 con:

172 266 222 292 silii
239 259 373 295 cliieitfut
395 271 425 290 ea
449 270 509 298 quae
531 262 667 298 dicuntur,
685 260 831 298 admittam.
851 259 916 298 [fiam
937 259 960 286 si

173 300 276 335 Moyses
289 299 333 335 ille
347 302 435 335 tantus
451 295 502 335 vir,
516 298 560 332 qui
579 304 638 324 cum
653 296 707 323 Deo
726 296 813 322 fuerat
825 295 961 335 colloquii:
978 328 982 332 γ

173 329 226 367 tus;
249 334 333 360 soceri
349 333 390 360 sui
409 329 548 360 consilium
571 339 623 359 non
638 336 679 359 est
692 335 840 367 aversatus,
857 329 960 356 tametsi

174 365 302 397 barbarus
317 373 383 401 erat,
399 368 444 396 sed
459 375 517 394 cum
532 369 588 402 ipse
602 367 729 401 suscepit,
743 370 798 402 tum
814 365 883 402 Deus
895 372 960 402 eon-

174 403 317 440 iil‘tntlvlli
327 399 410 440 Exod.
431 399 568 440 18.1725)":
589 399 688 440 quanto
710 401 794 440 magis
813 399 882 440 _uos_?
896 399 960 440 ‘Non

174 410 289 432 tirtnavrt
307 410 410 440 (Exod.
431 410 474 430 ιδ.
499 410 568 437 Ζηε
589 410 687 464 quanto
710 410 794 435 magis
815 410 881 426 nos:
903 410 960 440 non

174 441 236 467 dico
260 439 317 471 tibi,
341 443 369 464 ut
390 439 467 472 inops
484 437 541 469 fias,
561 446 589 464 se
631 442 660 464 ut
682 436 752 472 quod
771 435 961 472 redundat,_in

175 482 303 509 pauperes
312 469 416 507 eroges,
424 469 453 500 ut
472 472 630 509 abundantia
645 469 791 509 tua‘salutis
801 470 906 509 occasio
915 469 961 496 tibi

177 505 304 537 iiatINou
317 505 411 535 videtis
431 508 527 534 mullos
544 509 569 534 in
582 508 622 534 via
642 513 770 541 pauperes
778 506 797 541 ?r
807 505 869 541 Quo
886 509 963 541 pacto

176 544 240 578 ηιςιί
260 544 379 580 nudique
395 542 551 570 remanent?
576 539 664 580 Atque
681 541 723 580 hic
737 540 842 580 quidem
855 539 961 580 .junior,

179 574 223 606 ille
239 587 303 606 vero
325 574 414 605 senior
431 582 491 610 est;
514 583 541 604 et
560 574 627 604 alter
641 577 674 602 ab
693 574 777 602 altero
800 574 915 606 fulcitur,
937 578 964 601 et

180 615 262 642 multa
275 618 316 650 est
327 613 432 650 illorum
444 613 559 650 miseria.
572 613 608 638 lia
623 613 700 650 igitur
714 610 964 650 COnSCI‘VO,_lI_i._Do-

181 650 281 677 miuum
306 649 402 675 habeas
416 648 573 679 debitorem,
586 645 642 682 qui
655 646 775 682 lubenter
796 645 962 682 cst_debitor,

177 685 224 718 qui
234 688 333 711 sortem
345 683 390 710 dat
401 691 461 709 cutn
477 690 565 710 usura.
575 679 645 718 Nam
656 681 681 718 in
697 680 775 718 rebus
783 679 888 714 quidem
905 687 965 718 pro-

180 713 247 746 fanis
261 719 361 745 crimen
375 722 415 744 est
430 725 520 749 usura,
539 722 565 744 at
579 717 648 752 apud
666 717 747 743 Deum
760 713 820 752 nos
833 720 883 741 est.
895 713 964 752 _N0n

179 755 226 781 das
250 753 377 790 pauperi?
401 750 604 790 Euurattende,
623 751 668 787 qui
692 759 739 785 per
759 750 833 777 illum
850 750 924 784 petit,
938 753 965 790 et

180 790 238 823 ejus
253 787 417 823 dignitatem,
432 787 476 822 qui
492 788 597 823 accipit,
613 793 735 823 reverere
750 794 757 811 :
773 793 873 823 pauper
893 787 964 823 acci-

181 819 230 858 pit,
246 829 271 851 et
282 819 349 850 ~Deo
372 819 490 850 muluium
512 819 599 849 datur.
621 821 713 858 Cogita
727 828 780 855 quo
799 819 966 858 descenderit

182 855 240 893 ejus
253 866 331 885 causa
349 858 474 884 Dominus
489 863 558 893 tuus,
571 862 598 884 ut
614 862 638 883 Ic
651 855 809 893 inflecterct,
826 863 859 883 ne
871 855 966 893 crude-

181 890 214 920 lis
227 901 300 920 esses
314 898 338 920 et
356 893 524 919 inhumanus.
545 892 701 918 Esttrientem
715 891 781 917 enim
802 898 841 917 me
860 890 966 921 uidistis,

181 934 203 954 et
220 937 268 955 non
281 929 377 955 aluistis
393 936 401 954 :
416 928 546 959 sitientem,
563 932 584 953 ct
600 936 648 953 non
661 926 764 953 dedistis
783 926 844 951 mihi
862 930 965 959 potum:

184 964 315 998 hospitum.
335 969 357 989 et
378 971 426 989 non
440 962 573 997 rollegistis
587 970 596 988 :
610 963 716 993 nudum,
735 966 757 987 et
772 969 821 998 n_0_n
835 961 968 998 operuistis

184 995 289 1033 (Matth.
303 998 347 1025 25.
363 998 406 1024 42.
422 998 485 1032 45);
500 995 527 1023 et
544 1005 603 1031 quae
617 1001 772 1030 sequuntur.
786 995 842 1022 Non
855 995 902 1033 das
918 996 967 1033 igi—

184 1031 227 1060 tur
236 1033 342 1060 Christo
361 1031 506 1060 esurienti?
530 1033 569 1059 Tu
595 1037 621 1059 et
648 1039 747 1066 pauper
769 1031 888 1065 corporis
910 1031 968 1064 ejus

183 1068 360 1096 Conunuuiter
374 1076 406 1095 ex
422 1075 513 1094 mensa
528 1065 669 1102 participes
687 1065 760 1097 estis.
777 1070 803 1093 et
816 1065 891 1093 caliei
911 1066 968 1100 ejus

184 1105 285 1138 pariter
299 1103 500 1130 communicatis
514 1111 520 1128 :
536 1103 561 1129 in
582 1109 671 1130 rerum
693 1109 846 1138 magnarum
867 1108 898 1128 ac
915 1105 968 1138 tre:

184 1136 339 1166 iucudarum
366 1138 579 1165 cotumuniouem
605 1142 691 1164 tecum
717 1136 802 1168 venit,
826 1140 852 1163 et
877 1141 903 1163 tu
931 1136 968 1162 illi

183 1174 290 1208 exiguas
306 1180 357 1199 non
373 1173 508 1207 impcrtis?
524 1172 591 1199 Num
615 1173 685 1199 enim
702 1172 749 1203 illi,
765 1179 824 1205 quae
834 1177 880 1208 tua
895 1175 967 1204 sunt,

184 1207 306 1242 largiris?
319 1208 443 1240 Quamvis
454 1208 524 1234 enim
533 1208 707 1242 aparentihus
719 1207 864 1241 acceperis,
875 1214 969 1242 qnam-

183 1241 252 1270 visa
268 1243 421 1277 majoribus,
439 1243 484 1270 Dei
500 1249 581 1269 sunt:
598 1243 659 1277 quid
673 1242 699 1269 in
716 1247 812 1268 terram
833 1241 967 1277 illardefor-

185 1279 246 1305 dis?
260 1278 297 1304 Da
313 1279 430 1312 pauperi,
445 1282 472 1304 ct
485 1278 567 1304 multa
582 1276 642 1305 cum
659 1278 801 1304 securitate
815 1277 860 1303 tibi
877 1276 968 1312 Domi:

185 1321 235 1340 nus
250 1313 292 1340 illa
312 1310 437 1340 servabit.
454 1313 510 1340 Non
533 1312 617 1346 vides,
634 1312 696 1347 quid
711 1312 808 1339 faciant
828 1310 970 1347 agricola}?

183 1347 374 1382 Smpeunmcro
389 1349 421 1380 is,
437 1349 478 1374 cui
498 1356 550 1381 prm
566 1346 653 1382 inopia
669 1355 758 1374 setneu
775 1355 826 1373 non
842 1346 968 1382 suppetit,

186 1381 288 1410 vestem
314 1391 388 1410 suam
415 1384 514 1417 pignori
530 1381 648 1417 opponit,
664 1387 690 1409 et
701 1382 771 1416 quod
787 1382 843 1408 vttlt
863 1381 968 1415 aceipit,

184 1426 214 1446 ac
238 1423 315 1445 terrae
335 1418 496 1445 committit:
514 1418 617 1445 tametsi
643 1425 771 1452 persxepe,
786 1424 846 1443 cuin
868 1421 969 1450 tempe‘

184 1459 282 1480 statum
306 1454 475 1487 intemperies
497 1453 641 1487 ingruerit,
661 1453 731 1479 nulla
747 1453 856 1479 collecta
883 1459 969 1478 utesse

184 1488 312 1520 discedit,
328 1493 355 1514 et
371 1486 457 1515 tamen
474 1486 582 1522 propter
603 1496 676 1522 spem
694 1493 770 1514 terra:
785 1487 878 1514 credit.
894 1486 969 1519 Quod

185 1523 263 1558 igitur
289 1528 357 1558 terra
386 1527 509 1557 prastat,
534 1523 583 1549 hoc
611 1523 736 1549 Dominus
765 1526 892 1558 pra-stare
917 1529 970 1548 non

185 1558 292 1592 potest?
308 1557 412 1585 Imitare
426 1558 495 1585 illam
517 1558 543 1584 in
560 1557 648 1584 Veteri
661 1557 832 1585 Testamento
851 1557 967 1588 viduam,

185 1601 244 1627 qua:
261 1593 384 1626 pugilhtm
401 1593 490 1620 farinae
506 1593 532 1619 in
556 1593 658 1628 hydria,
672 1597 698 1619 et
714 1600 825 1626 paucuni
840 1592 928 1628 oleum
943 1592 969 1618 in

185 1628 288 1663 Ieeytho
304 1627 393 1654 habuit
407 1637 414 1653 :
430 1628 554 1663 quoniam
576 1627 609 1654 ex
633 1628 697 1662 ipsis
712 1627 827 1662 hospitio
851 1627 968 1663 prophe-

184 1662 236 1689 tam
250 1663 354 1696 excepit
370 1666 378 1698 (
393 1663 419 1698 ὅτ
438 1662 560 1698 Reg.j7.
578 1663 638 1697 12):
653 1668 698 1689 aut
714 1662 791 1689 istam
810 1663 835 1688 in
848 1662 969 1697 Evange-

185 1698 230 1730 lio,
245 1705 304 1732 quae
318 1705 377 1724 cum
390 1697 484 1724 obolos
499 1697 565 1724 duos
578 1698 703 1729 misisset,
717 1705 811 1724 omnes
824 1698 969 1732 superavit,

184 1731 281 1767 quippe
295 1739 438 1768 quassans
457 1739 549 1768 otuues
562 1739 626 1767 opes
649 1732 751 1759 miserit
773 1732 846 1767 (Luc.
868 1731 914 1768 2|.
929 1731 968 1768 5).

183 1768 251 1800 Quid
270 1775 332 1794 vero
351 1767 436 1794 dicis?
461 1767 565 1802 Pauper
578 1775 646 1799 sum,
670 1768 794 1801 pecunias
808 1774 860 1793 non
874 1767 968 1794 habeo.

186 1803 256 1829 ltuos
269 1803 361 1829 obolos
376 1810 428 1828 neti
444 1801 534 1833 habes,
551 1803 706 1836 quinetiam,
721 1802 782 1829 licet
795 1809 846 1828 non
861 1801 968 1833 habeas,

184 1837 261 1864 bona:
286 1838 384 1864 mentis
405 1841 432 1863 et
446 1837 555 1864 affectus
581 1845 644 1871 opes
669 1837 779 1871 requirit
793 1837 883 1864 Deus:
908 1844 970 1871 pro-

185 1877 274 1905 pterea
299 1872 413 1904 dicebat,
431 1872 585 1906 Quicumque
606 1871 702 1898 dederit
723 1872 825 1898 calicem
839 1879 912 1906 aqua:
921 1872 969 1906 fri-

201 1907 259 1938 idw,
276 1915 326 1933 non
351 1907 434 1940 perdet
459 1907 595 1933 mercedem
621 1915 692 1933 sitam
718 1907 824 1942 (Matth.
853 1907 895 1934 10.
912 1906 968 1941 42).

208 1942 260 1973 ide,
275 1942 336 1975 quid
349 1941 419 1968 dicat
433 1951 438 1968 :
453 1949 526 1976 aqua:
545 1942 653 1977 frigidae,
668 1950 720 1977 nou
733 1942 836 1973 calidae,
850 1949 882 1968 uc
906 1949 970 1977 pro-

183 1982 242 2011 pter
255 1976 385 2010 liguorum
400 1982 533 2010 sumptqu
548 1977 669 2004 mercede
680 1976 801 2010 priveris.
816 1977 903 2011 Atque
917 1976 967 2002 Im-

184 2016 289 2045 perator
304 2011 411 2046 quidem
424 2012 445 2038 si
461 2012 585 2038 tributum
606 2019 670 2038 auro
687 2011 733 2038 tibi
747 2011 902 2038 solvendum
928 2011 969 2037 in-

183 2046 264 2079 dicat,
285 2053 440 2080 suspensus,
460 2046 573 2073 fidiculis
593 2051 688 2079 tortus,
703 2051 830 2081 quantum
856 2046 899 2073 ille
921 2054 969 2073 vo-

183 2081 270 2116 iuerit,
287 2081 378 2115 pendis
392 2089 398 2107 :
415 2081 535 2115 quamvis
547 2089 648 2116 pauper
665 2082 712 2112 sis,
728 2089 780 2108 non
796 2081 875 2108 habet
888 2083 968 2108 ratio-

183 2123 243 2142 nem
259 2115 391 2142 facultatis
410 2115 658 2150 personarumpsed
677 2117 775 2150 proprii
795 2117 876 2149 lucri;
900 2116 969 2143 Deus

183 2156 270 2176 autem
293 2158 344 2177 non
369 2151 414 2184 ita,
431 2159 522 2178 verum
537 2159 584 2185 pro
597 2151 724 2186 cujusque
739 2151 863 2179 facultate
878 2152 968 2185 requi-

183 2186 227 2212 rit.
242 2186 294 2212 Cur
316 2186 386 2212 enim
406 2191 466 2212 sunt
481 2187 630 2220 pauperes?
655 2187 696 2213 Au
711 2194 774 2213 vero
789 2194 841 2213 non
865 2190 970 2220 poterat

184 2220 253 2247 Deus
267 2228 375 2247 aureutn
393 2221 505 2247 imbrem
522 2220 682 2249 demittere?
703 2221 755 2249 Sed
769 2226 797 2248 ut
818 2221 888 2248 illius
902 2229 969 2255 pau-

183 2261 272 2292 pertas
285 2256 407 2282 solatium
418 2256 463 2283 tibi
473 2256 518 2282 fiat
526 2262 704 2291 peccatorum.
715 2257 838 2292 Magrtttm
848 2257 968 2292 quiddam

183 2295 218 2327 est
229 2290 314 2327 _/tomo,
326 2296 348 2316 et
370 2292 503 2327 pretiosum
513 2290 597 2327 Vltomo
610 2292 749 2318 misericors
761 2290 857 2327 (Prov.
871 2291 915 2318 '20.
928 2291 965 2325 ϋ).

185 2325 252 2352 Vide
273 2330 370 2362 quanta
387 2333 428 2362 res
441 2326 474 2352 sit
496 2326 664 2362 eleemosyna
681 2335 688 2353 ε
709 2325 799 2353 sccuin
814 2327 882 2352 Deus
895 2334 969 2353 com-

184 2366 259 2396 parat
273 2361 469 2396 tuisericordem
486 2370 492 2387 :
509 2361 595 2388 Estote
616 2361 701 2391 enim,
716 2362 809 2396 inquit,
823 2362 968 2388 misericor-

183 2395 238 2430 des,
253 2395 316 2421 sicut
333 2401 356 2421 et
380 2395 456 2422 Pater
479 2401 557 2422 uester
571 2396 675 2423 celestis
688 2395 827 2424 misericors
841 2401 877 2423 est
890 2396 966 2430 (Luc.

184 2429 210 2456 6.
227 2430 282 2466 36).
304 2430 332 2456 Si
351 2432 453 2458 venerit
467 2439 548 2462 mors.
564 2431 606 2458 hic
628 2437 735 2458 manent
757 2429 967 2466 pecrmimzrquin

184 2470 210 2491 tu
234 2465 313 2499 igitur
324 2473 369 2491 eas
385 2466 446 2492 illuc
460 2467 606 2500 przemittis,
623 2471 651 2493 ut
670 2467 697 2493 in
718 2465 763 2493 illa
774 2466 817 2493 die
837 2466 883 2493 tibi
896 2474 963 2500 pau-

185 2507 261 2533 peres
281 2501 489 2533 patrocinentur,
511 2501 556 2528 ubi
578 2509 629 2528 non
646 2506 687 2528 est
701 2506 800 2531 orator.
817 2509 866 2528 nec
888 2501 968 2529 advo-

183 2535 277 2562 catus?
303 2535 452 2562 Ostendunt
464 2536 533 2562 enim
548 2541 635 2563 vestes
649 2541 676 2563 et
690 2536 807 2570 strophia
826 2543 965 2570 pauperes,

183 2575 210 2596 et
232 2570 265 2596 ab
281 2570 340 2603 igne
355 2575 380 2597 te
400 2571 542 2605 abripiunt.
559 2571 616 2597 Non
640 2572 673 2597 ita
687 2579 748 2598 eum
763 2572 788 2598 in
803 2572 913 2605 glaciem
928 2573 966 2598 sol

184 2605 315 2636 inciderit,
332 2612 389 2642 eam
408 2606 551 2642 liquefacit.
568 2611 647 2640 atque
665 2606 843 2642 cleemosyua,
861 2613 920 2642 eum
941 2607 966 2633 in

184 2644 351 2674 peccatorum
375 2641 494 2667 inciderit
506 2641 711 2673 multitudinem,
727 2649 757 2668 ea
771 2642 850 2668 delet.
869 2641 902 2668 Ut
916 2649 965 2668 au-

183 2680 235 2711 tem
249 2675 436 2711 sublimitatem
456 2676 589 2711 intelligas
603 2677 789 2711 eleemosynzc,
804 2676 865 2710 quid
887 2677 967 2711 virgi—

183 2710 264 2736 nitate
288 2709 464 2736 laboriosius?
486 2709 565 2737 Nihil.
581 2712 666 2738 Multa:
686 2709 747 2738 sunt
773 2712 892 2742 virtutes.
908 2709 966 2738 alia:

183 2751 296 2780 ntagtize,
311 2745 369 2771 alia:
392 2745 516 2779 majores,
531 2746 590 2773 alia:
611 2747 748 2773 minores?
770 2747 803 2772 At
818 2746 967 2780 virginitate

183 2779 339 2806 laboriosius
365 2785 406 2806 est
429 2780 504 2807 nihil.
531 2781 597 2807 Cum
624 2786 716 2808 natura
748 2779 884 2813 luctaturi;
917 2782 967 2809 hoc

184 2813 279 2840 bellum
302 2814 523 2842 intermissionem
546 2824 598 2842 non
622 2816 721 2843 habet:
746 2824 829 2851 pugna
854 2821 966 2850 estquia:

184 2855 273 2885 pacem
288 2858 428 2885 numquam
444 2852 553 2877 sortitur
565 2852 613 2878 nisi
636 2851 704 2878 forte
718 2859 765 2885 per
776 2851 872 2878 Christi
888 2852 967 2878 misc-

183 2883 333 2912 ricordiam.
346 2883 403 2913 Stat
425 2886 498 2921 virgo
510 2885 644 2914 fniruaccm
666 2887 691 2913 in
706 2883 822 2921 scipsam
835 2886 963 2919 conﬂatus,

742 165 786 194 DE
804 164 940 194 JEJUNIO
960 161 1002 190 ΕΤ
1023 159 1260 190 ELEEMOSYNA.

1732 167 1799 194 1013

1017 230 1066 250 nec
1087 227 1175 249 tamen
1195 222 1279 258 uritur
1296 230 1302 249 ε
1319 222 1393 258 virgo
1418 232 1497 258 super
1522 231 1618 258 prunas
1640 223 1799 255 consistens,

1014 266 1067 285 non
1080 263 1168 284 tamen
1183 257 1342 291 incenditur,
1353 257 1413 285 eum
1428 257 1461 286 sit
1474 260 1498 286 iu
1514 257 1632 292 fornace,
1648 265 1701 285 non
1711 258 1800 284 exuri.

1015 298 1066 324 tur,
1078 292 1125 320 sed
1141 297 1168 319 ut
1181 297 1234 320 tres
1248 293 1320 326 pueri
1336 301 1396 320 rore
1414 294 1587 328 perfunditur,
1603 301 1664 321 cum
1680 293 1798 319 invisibi-

1014 329 1083 355 libus
1104 332 1209 355 certans
1222 328 1372 360 virtutibus,
1384 329 1536 357 Michaelcm
1553 330 1680 360 imitatur,
1695 332 1722 355 ct
1745 327 1799 355 Ga-

1014 363 1124 390 hrielem
1145 362 1293 390 tumulatur.
1315 363 1342 390 ln
1367 364 1488 398 paradiso
1501 370 1558 391 erat
1577 364 1722 398 virginitas,
1736 368 1763 389 et
1785 371 1800 390 a

1015 398 1131 425 dracone
1149 403 1273 434 corrupta
1287 404 1327 425 est
1344 407 1349 425 ε
1367 405 1506 434 propterea
1529 399 1623 426 mediis
1639 398 1800 434 temporibus

1015 439 1068 460 non
1083 433 1246 469 apparebat:
1262 441 1321 469 eum
1346 439 1433 461 autem
1449 436 1520 461 venit
1539 435 1572 467 is,
1586 435 1630 469 qui
1644 442 1676 461 cx
1699 433 1800 465 virgine

1016 473 1093 495 natus
1105 472 1155 500 est,
1170 468 1246 495 Jesus
1257 468 1378 496 Christus
1390 469 1436 496 Dei
1447 470 1540 501 Filius,
1551 475 1606 496 tum
1619 475 1710 496 rursus
1718 475 1801 502 appa-

1015 503 1077 540 ruit.
1102 503 1146 529 Vis
1171 503 1439 540 autemgvirginitatis
1464 504 1670 540 magnitudinem
1702 503 1801 540 nosse?

1015 537 1120 573 Moyses
1134 545 1207 565 mare
1219 538 1317 569 divisit,
1328 537 1422 566 acrem
1437 537 1593 572 iuumitavit,
1609 546 1704 566 manna
1714 538 1798 565 demi-

1015 573 1059 605 sit,
1078 578 1104 609 et
1127 573 1163 599 illi
1183 579 1291 609 propter
1304 581 1414 601 uxorem
1428 582 1502 601 suam
1519 575 1706 609 r’Etliiopissam
1725 573 1801 600 oblo-

1016 607 1170 644 quutisuut
1185 607 1287 644 (Nam.
1303 608 1345 635 12.
1360 609 1397 640 ll,
1418 610 1488 644 quod
1504 617 1600 637 uxores
1611 607 1734 636 "haberet
1748 617 1753 634 :
1776 613 1802 635 et

1017 650 1080 669 vero
1089 643 1234 674 Abraham,
1244 642 1327 676 Isaac,
1335 649 1361 671 et
1372 642 1463 671 Jacob.
1478 645 1532 671 hno
1543 650 1569 672 et
1579 644 1686 678 Joseph,
1696 644 1800 670 tametsi

1016 682 1105 704 castus
1119 682 1187 710 erat,
1203 683 1291 712 postea
1307 683 1394 706 tamen
1409 687 1516 707 ttxorcm
1532 680 1632 706 habuit.
1648 679 1691 706 Vis
1705 678 1802 705 intelli-

1016 720 1089 747 gere,
1107 718 1204 747 quanta
1227 720 1270 749 res
1282 713 1318 740 sit
1338 714 1493 749 virginitas?
1508 715 1574 742 Cum
1589 714 1705 741 venisset
1724 713 1801 749 Chri-

1017 752 1085 780 stus,
1099 755 1156 774 eam
1169 748 1328 775 necessitate
1339 756 1390 775 non
1404 750 1539 781 devinxit;
1556 749 1633 777 simul
1653 749 1723 776 enim
1738 748 1802 774 alias

1018 783 1128 809 virtutes
1143 790 1202 810 cum
1226 784 1390 816 intendisset,
1407 784 1474 811 hanc
1489 792 1540 811 non
1564 784 1686 816 intendit,
1702 788 1730 810 nt
1742 791 1802 810 cutn

1018 823 1113 852 spoutc
1135 818 1201 845 bene
1220 819 1316 853 egeris,
1337 820 1482 846 coroneris.
1497 820 1546 853 Qui
1562 820 1587 846 in
1601 819 1762 847 continentia
1777 823 1804 845 et

1019 857 1173 889 paupertate
1188 861 1217 880 se
1237 858 1372 886 eXercent,
1388 855 1499 888 primam
1520 855 1590 882 illam
1606 854 1802 889 aggrediuntur.

1019 887 1085 915 Sunt
1098 888 1164 914 cuitu
1176 888 1292 918 cunne/ti,
1306 890 1347 923 qui
1359 887 1394 916 sie
1407 890 1459 916 nati
1473 895 1530 916 sunt
1544 898 1553 916 :
1571 895 1594 916 et
1612 887 1670 916 sunt
1685 889 1801 920 eunuchi,

1018 923 1060 957 qui
1075 923 1135 958 facti
1157 928 1216 950 sunt
1230 923 1260 950 ab
1285 923 1424 951 Itanduibus
1438 932 1447 951 :
1465 930 1486 951 ct
1507 929 1564 952 sunt
1585 924 1693 951 Ettlmt‘lti
1707 924 1750 954 qui
1763 932 1802 949 se-

1019 958 1086 991 ipsos
1100 963 1268 985 castraverit"!
1281 964 1382 993 propter
1396 968 1500 993 regnum
1512 961 1629 987 ca‘lorum
1640 958 1745 992 (Mattlt.
1759 958 1801 985 i9.

1021 993 1077 1029 η).
1103 1001 1154 1020 ιιοη
1179 1001 1237 1029 cum
1262 994 1311 1021 sibi
1336 995 1454 1021 membra
1467 1000 1657 1029 amputasseut,
1677 994 1722 1020 sed
1744 1001 1804 1020 cum

1020 1028 1141 1055 l-tscivatn
1153 1028 1287 1064 libidinem
1303 1030 1486 1056 resecnisseut.
1505 1028 1553 1063 Qui
1565 1034 1642 1064 potest
1653 1037 1741 1064 mpure
1759 1037 1803 1054 ca-

1021 1064 1083 1098 piat.
1097 1063 1239 1098 Apostolus
1263 1071 1366 1098 quoqtte
1390 1067 1498 1092 virtutes
1513 1063 1606 1092 omnes
1628 1072 1688 1091 cum
1714 1071 1804 1091 recen-

1020 1099 1133 1133 suisset,
1157 1099 1287 1132 hujusque
1309 1099 1512 1126 immensitatem
1537 1100 1618 1133 probe
1638 1103 1738 1130 nosset,
1752 1099 1804 1126 ait:

1021 1132 1059 1159 De
1073 1134 1207 1169 uirginibus
1231 1139 1382 1168 prwceplum
1405 1134 1508 1161 Domini
1530 1132 1579 1161 non
1604 1134 1681 1161 habeo
1692 1134 1729 1169 (Ι.
1746 1134 1804 1160 Cor.

1021 1168 1047 1194 7.
1073 1168 1129 1203 25).
1154 1168 1235 1204 Vides
1261 1174 1290 1196 ut
1314 1177 1408 1203 magna
1433 1170 1467 1197 sit
1490 1169 1642 1204 virginitas,
1667 1168 1701 1196 ct'
1718 1173 1804 1195 tamen

1020 1204 1120 1237 absque
1136 1203 1305 1239 eleemosyna
1328 1212 1379 1231 non
1398 1206 1512 1231 servavit
1525 1203 1721 1239 :ielecmosynai
1742 1211 1805 1231 vero

1021 1238 1079 1266 siue
1093 1239 1240 1273 virginitate
1253 1238 1433 1266 Servat-erunt.
1446 1239 1569 1275 Quinque
1587 1238 1702 1274 virgines
1717 1238 1804 1271 fatum,

1022 1278 1159 1308 propterea
1175 1275 1243 1308 quod
1258 1275 1344 1302 oleum
1369 1282 1421 1302 non
1441 1275 1581 1307 habebant,
1597 1275 1643 1302 scd
1666 1275 1803 1309 virginita—

1023 1315 1074 1335 tem
1090 1309 1183 1342 solam,
1199 1310 1224 1335 in
1248 1310 1337 1343 Sponsi
1355 1310 1497 1337 thalamum
1521 1319 1573 1337 non
1594 1310 1733 1337 intrarunt.
1756 1310 1805 1336 Sa-

1021 1344 1151 1377 pienlibus
1160 1345 1230 1371 enim
1240 1345 1339 1376 dicunt,
1350 1345 1416 1372 Date
1428 1346 1499 1372 nobis
1507 1347 1538 1372 de
1545 1346 1600 1372 oleo
1610 1350 1689 1373 vestra
1698 1344 1804 1379 (Matth.

1021 1379 1065 1416 25.
1080 1379 1119 1413 8).
1131 1380 1168 1416 Ac
1180 1380 1276 1406 merito
1290 1388 1353 1407 sane
1372 1380 1451 1408 fatum
1463 1386 1526 1408 sunt
1538 1385 1648 1413 vocate,
1662 1380 1805 1416 quodcum

1022 1415 1058 1447 id,
1074 1415 1144 1449 quod
1165 1420 1224 1442 erat
1247 1415 1412 1447 laboriosius,
1434 1416 1617 1450 perfecissent,
1637 1415 1708 1451 quod
1734 1415 1807 1442 labo-

1022 1451 1059 1476 ris
1083 1457 1178 1483 expers
1200 1455 1271 1486 ei-.tt,
1292 1458 1343 1477 non
1372 1452 1556 1485 praestitissent
1577 1461 1583 1478 :
1609 1459 1731 1486 magnum
1757 1450 1806 1478 ad-

1022 1486 1166 1512 versarium
1192 1485 1357 1520 dejecerant,
1374 1491 1400 1513 et
1420 1495 1435 1514 a
1450 1488 1544 1514 minori
1565 1486 1639 1514 fuere
1656 1485 1805 1521 superate.

1022 1521 1056 1548 Et
1083 1528 1143 1548 cum
1167 1521 1287 1548 venisset
1308 1529 1432 1556 sponsus,
1458 1523 1590 1556 sapientes
1616 1523 1641 1549 iu
1663 1522 1806 1550 tlnilanuun

1021 1557 1111 1591 sponsi
1133 1561 1278 1593 venerunt;
1303 1562 1382 1593 atque
1396 1557 1447 1584 illa;
1461 1565 1566 1593 quoque
1579 1558 1713 1593 pulsantes
1726 1565 1806 1593 vene-

1023 1596 1083 1628 runt
1098 1600 1105 1628 ς
1125 1592 1213 1626 aitque
1227 1592 1277 1628 illis
1292 1600 1299 1618 :
1325 1591 1417 1619 Nescio
1438 1591 1481 1620 vos
1493 1591 1545 1628 (Ib.
1562 1591 1586 1619 υἱ
1601 1593 1655 1627 12).
1670 1592 1737 1625 Quid
1752 1593 1806 1628 ita?

1023 1627 1162 1664 Quoniam
1176 1627 1335 1664 csut'ietttettt_
1353 1635 1391 1654 me
1418 1629 1530 1664 t'idislis,
1563 1637 1607 1655 nec
1627 1628 1724 1654 aluistis
1749 1627 1805 1664 (Ib.

1021 1670 1045 1689 υ.
1061 1663 1117 1697 62).
1132 1662 1207 1688 Ahsit
1228 1667 1326 1694 autem,
1342 1667 1372 1689 ut
1392 1663 1469 1690 talem
1485 1671 1533 1690 nos
1547 1671 1638 1691 vocem
1659 1662 1796 1690 audiamus

1022 1697 1075 1725 Illis
1088 1704 1151 1724 vero
1165 1705 1223 1733 qua:
1234 1698 1428 1733 clecmosynam
1443 1704 1626 1733 erogaverunt,
1640 1699 1693 1725 ait:
1711 1697 1805 1729 Venite.

1022 1732 1143 1760 benedicti
1165 1732 1250 1759 Patris
1273 1733 1330 1764 mei,
1350 1733 1473 1767 possidete
1486 1732 1601 1768 paratum
1616 1734 1683 1760 vobis
1703 1741 1806 1768 regnum

1022 1776 1037 1794 α
1050 1767 1223 1794 constitutione
1237 1768 1323 1794 ntundi
1340 1767 1390 1803 (Ib.
1406 1776 1428 1795 v.
1447 1767 1503 1803 54).
1515 1769 1581 1801 Quid
1597 1769 1651 1796 ita?
1667 1767 1806 1802 unm’quia

1022 1803 1384 1838 virginitatemservarunt?
1406 1803 1588 1837 Nequaquam,
1611 1803 1657 1830 sed
1682 1804 1806 1838 quoniam

1024 1837 1132 1866 Esurivi.
1148 1841 1171 1862 et
1192 1837 1295 1864 dedistis
1312 1838 1373 1864 milii
1394 1839 1548 1865 manducare
1562 1846 1572 1865 .'
1593 1839 1668 1870 sitivi,
1684 1837 1707 1864 et
1721 1843 1806 1872 patum

1023 1872 1086 1898 milii
1108 1871 1232 1898 dedistis:
1252 1872 1340 1906 hospes
1359 1881 1437 1904 erant,
1457 1879 1480 1900 et
1495 1874 1628 1908 col/egistis
1649 1881 1708 1900 me:
1722 1871 1807 1899 nudus

1022 1916 1100 1939 eram,
1117 1911 1139 1933 et
1155 1908 1317 1940 cooperuislt's
1335 1916 1373 1933 me
1386 1916 1395 1934 :
1410 1909 1525 1941 inﬁrmus
1538 1915 1561 1936 et
1575 1909 1600 1934 in
1613 1917 1721 1940 carcere,
1735 1913 1758 1935 et
1772 1909 1807 1934 ui-

1021 1942 1114 1978 sitastis
1127 1950 1166 1978 me
1177 1941 1228 1976 (Ib.
1244 1949 1268 1967 υ.
1282 1942 1326 1968 42.
1341 1943 1398 1977 45),
1410 1943 1443 1978 Ut
1457 1950 1544 1971 autem
1560 1943 1699 1978 intelligas,
1711 1949 1806 1977 quanta

1023 1985 1065 2004 res
1078 1977 1113 2003 sit
1124 1976 1303 2011 elcemosyna,
1316 1976 1406 2004 rursus
1421 1977 1489 2005 hanc
1502 1979 1564 2006 volo
1578 1976 1655 2005 vobis
1669 1976 1806 2006 historiam

1022 2013 1047 2039 in
1063 2011 1215 2048 memoriam
1231 2019 1364 2039 revocare.
1383 2013 1478 2040 Decem
1498 2018 1574 2040 erant
1593 2013 1718 2048 virgines,
1732 2014 1807 2047 quin-

1021 2055 1072 2082 que
1085 2047 1227 2080 sapientes,
1251 2051 1278 2074 et
1296 2047 1412 2082 quinque
1436 2048 1513 2075 fatum
1529 2057 1535 2075 :
1559 2055 1590 2076 ac
1604 2047 1674 2075 circa
1690 2048 1805 2075 medium

1023 2083 1108 2109 noctis
1122 2090 1170 2108 vox
1184 2087 1225 2108 est
1239 2082 1323 2109 edita:
1338 2083 1447 2117 surgite.
1466 2091 1580 2118 sponsus
1592 2083 1673 2110 venit.
1694 2083 1806 2110 Medium

1022 2117 1107 2144 llflCliS
1120 2121 1160 2144 est
1173 2118 1333 2143 resurrectio
1354 2126 1360 2144 Σ
1384 2125 1436 2151 quo
1451 2123 1570 2152 tempore
1584 2125 1632 2144 nos
1653 2126 1747 2145 omnes
1760 2126 1806 2144 an-

1021 2153 1071 2186 geli
1085 2151 1246 2178 excitabant.
1261 2152 1328 2178 Cum
1349 2160 1412 2179 vero
1431 2151 1545 2187 virgines
1560 2153 1748 2184 surrexissent,
1764 2160 1806 2179 or-

1022 2191 1151 2214 naverunt
1163 2187 1297 2222 lampades
1308 2195 1379 2215 suas.
1392 2187 1474 2214 Porro
1489 2188 1589 2222 lampas
1604 2192 1645 2215 est
1658 2188 1805 2222 virginitas,

1021 2230 1078 2256 qua:
1094 2226 1133 2249 est
1148 2221 1270 2256 quiddam
1293 2230 1398 2256 purum,
1419 2229 1488 2254 acre,
1509 2221 1550 2250 ac’
1563 2223 1689 2250 lucidum.
1702 2221 1806 2250 ’Dicunt

1021 2256 1182 2292 sapientibus
1197 2256 1274 2283 fatua:
1289 2266 1295 2283 :
1313 2257 1377 2284 Date
1390 2257 1459 2284 nobis
1472 2259 1504 2285 de
1521 2258 1575 2285 oleo
1590 2263 1670 2284 vestro
1682 2266 1690 2283 :
1703 2266 1807 2292 respon-

1021 2293 1079 2329 dettt
1090 2292 1140 2319 illis
1152 2292 1277 2329 sapientes
1293 2300 1302 2318 :
1316 2293 1440 2329 timemus,
1455 2302 1485 2329 ne
1500 2295 1564 2329 forte
1577 2302 1626 2319 nou
1645 2293 1748 2329 att/licini
1760 2301 1806 2329 no-

1020 2328 1057 2354 bis
1073 2332 1096 2354 et
1117 2326 1240 2361 vobis(at
1262 2334 1313 2353 non
1329 2327 1398 2360 quod
1413 2326 1568 2359 inviderent,
1594 2326 1703 2354 minime
1724 2327 1806 2354 dede-

1021 2367 1100 2389 runt:
1116 2361 1179 2396 quid
1201 2361 1270 2388 enim
1295 2362 1346 2388 illic
1359 2370 1426 2395 opus
1447 2367 1488 2389 est
1500 2364 1582 2390 auro?
1602 2370 1655 2390 nou
1669 2363 1738 2389 enim
1755 2363 1808 2389 illLe

1020 2398 1094 2424 dives
1107 2402 1133 2424 et
1146 2404 1246 2430 pauper
1259 2396 1327 2431 est),
1341 2397 1386 2422 sed
1402 2397 1519 2424 abeuntes
1536 2398 1617 2425 emite.
1634 2397 1746 2430 Quinam
1758 2405 1806 2424 an-

1021 2439 1073 2460 tem
1088 2436 1150 2459 sunt
1161 2431 1207 2463 illi,
1217 2431 1262 2492 (qui
1277 2431 1409 2458 vendunt?
1425 2432 1565 2466 Paupercs.
1580 2433 1618 2459 Tu
1634 2433 1704 2459 enim
1720 2433 1805 2467 potius

1021 2467 1118 2492 aeciois
1128 2473 1205 2492 uuam
1236 2473 1265 2492 as
1277 2475 1283 2492 :
1299 2471 1325 2492 tu
1338 2466 1385 2492 das
1399 2466 1434 2492 illi
1449 2471 1562 2492 terrena.
1579 2472 1605 2492 et
1618 2467 1715 2492 accipis
1726 2467 1805 2492 ca-le-

1020 2467 1118 2501 accipis
1128 2473 1205 2500 quam
1217 2466 1283 2492 das:
1299 2471 1325 2492 tu
1338 2466 1385 2493 das
1399 2466 1434 2493 illi
1449 2471 1563 2499 terrena,
1579 2472 1605 2494 et
1618 2466 1806 2501 accipis'cazle-

1020 2502 1147 2529 stia.Cuiu
1158 2501 1357 2537 igituretuptum
1367 2501 1807 2537 abiissent,venitsponsus,etqu:n

1020 2543 1119 2571 paratae
1132 2541 1219 2572 erant,
1234 2536 1258 2561 iu
1274 2543 1364 2572 sponsi
1383 2537 1527 2564 thalamum
1547 2541 1608 2564 sunt
1629 2536 1765 2572 ingresst
1780 2543 1807 2565 et

1020 2572 1116 2599 clausa:
1131 2576 1193 2598 sunt
1210 2571 1308 2605 jauuaa.
1332 2571 1383 2598 Illa:
1404 2579 1468 2598 vero
1482 2580 1543 2599 cum
1558 2571 1701 2604 venissent,
1719 2573 1806 2606 pulsa—

1021 2612 1091 2638 runt,
1107 2611 1133 2634 et
1155 2607 1192 2633 ait
1211 2606 1262 2632 illis
1276 2605 1395 2641 :rNescio
1410 2614 1467 2633 vos.
1484 2607 1575 2640 Vides,
1591 2605 1806 2641 quoniam’elee-

1021 2649 1157 2677 mosynatn
1178 2649 1231 2667 non
1251 2640 1391 2677 habebant,
1409 2642 1526 2669 laborem
1547 2640 1625 2669 etiam
1648 2642 1806 2676 virginitatis

1020 2677 1175 2706 amiserunt,
1188 2680 1215 2702 et
1235 2680 1307 2702 extra
1331 2676 1473 2703 thalamum
1500 2678 1589 2711 sponsi
1613 2682 1804 2704 remanserunt.

1022 2712 1111 2746 Itaque
1126 2714 1262 2745 perspecta
1275 2711 1450 2747 eleemosyna:
1465 2712 1587 2744 utilitate,
1609 2712 1712 2742 fratres,
1728 2712 1802 2738 elee-

1020 2755 1157 2782 mesynam
1170 2750 1322 2782 erOgcmus,
1332 2751 1360 2772 ut
1369 2752 1395 2772 et
1405 2747 1493 2780 sponsi
1506 2747 1647 2773 thalamum
1660 2753 1806 2780 consequa-

1021 2781 1090 2814 mur,
1102 2786 1130 2808 et
1139 2781 1244 2807 arternis
1258 2781 1333 2807 bouis
1353 2782 1529 2815 perfruamur,
1545 2783 1626 2814 gratia
1641 2781 1743 2808 Domini
1759 2789 1806 2807 nor

1021 2818 1068 2844 stri
1082 2818 1145 2843 Jesu
1154 2815 1261 2847 Christi,
1272 2823 1330 2851 eum
1341 2823 1394 2850 quo
1405 2816 1475 2843 Patri
1486 2817 1568 2851 gloria
1578 2824 1628 2844 uua
1637 2824 1695 2844 entn
1704 2821 1804 2847 sancto,

1024 2854 1093 2879 liono
1119 2859 1149 2878 ac
1164 2851 1267 2878 vivilico
1279 2850 1376 2885 Spiritu
1389 2860 1458 2879 nunc
1472 2857 1498 2879 et
1513 2860 1617 2887 semper
1630 2857 1656 2879 et
1671 2851 1696 2878 in
1709 2851 1805 2879 sxcula

1024 2887 1190 2915 saeculorum.
1206 2887 1299 2913 Amen.
