2042 3121
237 119 304 146 “ibi

244 217 451 224 __¥‘————-—
462 212 1719 226 _..——-——————_—————v—-—————-—-——‘

982 113 1118 143 SPURlA.

1803 110 1812 137 Ι
1820 110 1873 136 058

1724 210 1864 218 .__——.—

660 308 699 339 ΙΝ
717 308 865 339 LIBRUM
881 306 1085 338 SEPTIMUM
1103 307 1155 336 DE
1169 304 1437 336 SACERDOTIO.

274 412 354 440 Liber
367 411 500 446 septimus
512 410 709 446 Chrysostomo
724 409 878 445 adscriptus
898 411 931 437 de
947 409 1102 438 sacerdotio
1119 413 1208 436 exstat
1225 408 1251 434 in
1273 407 1376 443 quibus
1388 407 1441 434 lam
1472 405 1680 440 manuscriptis,
1711 403 1738 431 in
1768 403 1870 430 Coislr—

240 458 322 485 niano
335 455 448 484 CCXLV
470 457 606 486 undecimi
619 457 721 490 saeculi,
738 462 765 485 et
779 457 806 484 in
822 456 986 483 Taurinensi
1003 455 1135 490 quodam,
1153 453 1232 488 cuius
1244 453 1405 488 ἅπόγραφον
1423 459 1506 479 manu
1519 456 1546 480 et
1561 452 1634 480 dono
1650 450 1700 478 viri
1719 450 1869 478 clarissimi

239 505 447 540 doctissimique
463 503 549 531 Pfalﬁi
563 512 644 539 penes
661 513 705 533 me
721 505 818 533 habeo.
835 505 883 533 Est
901 511 965 532 vero
981 503 1064 539 inepti
1082 502 1226 537 cujusdam
1247 500 1364 530 Graeculi
1380 505 1566 529 commentum
1578 521 1586 534 ,
1603 503 1632 528 ut
1650 507 1732 528 nemo
1749 505 1804 526 nou
1821 499 1867 525 vi-

235 581 1871 600 ___________.________————_—____.—_._.

698 625 968 666 EJUSDEM
993 621 1406 665 CHRYSOSTOMI

769 714 810 735 DE
832 712 1028 736 εΑεΕιιυοτιο
1050 711 1141 732 LIBER
1164 709 1327 731 SEPTIMUS.

950 778 1157 809 ww

271 852 293 880 0
315 850 474 886 stupendum
498 847 679 886 miraculum!
707 854 724 886 o_
751 847 835 886 virtus
856 846 998 886 _lqel‘fa_liilis
1016 847 1022 873 !

232 895 249 916 ο
273 882 426 923 mysterium
449 884 591 923 sacerdotii
609 882 792 923 horrendum!
817 882 963 923 Spirituale
982 887 1024 908 est

233 929 259 950 et
270 917 401 954 sanctum,
411 919 592 948 venerandum
603 923 627 946 et
638 918 811 954 inculpatum,
820 917 890 952 quod
901 918 1024 954 Christus

233 959 353 990 veniens,
369 956 455 991 dignis
471 955 596 991 elargitus
608 958 658 980 est.
684 953 832 991 Procumbo
851 959 879 991 et
891 953 1022 991 deprecor

233 1002 292 1021 cum
304 988 428 1028 lacrytttis
438 995 464 1018 et
479 988 628 1028 gemitibus,
650 993 678 1028 ut
692 988 777 1016 oculis
788 989 944 1028 conspicere
959 988 1024 1014 milti

235 1030 313 1056 lic-cat
327 1023 400 1055 illum
415 1023 554 1053 saecrdotii
571 1032 632 1051 vere
649 1024 802 1051 thesaurum
815 1024 857 1055 iis,
875 1023 920 1058 qui
935 1023 1023 1057 ipsutn

233 1068 324 1091 sancte
334 1063 466 1096 digneque
477 1064 645 1088 conservant.
665 1059 781 1094 Clypeus
793 1059 864 1086 enim
876 1063 919 1086 est
931 1058 1022 1092 splen-

235 1099 314 1126 didus
326 1095 590 1130 etinco’mparabilis,
616 1095 696 1122 torris
720 1096 889 1125 inconcussa,
913 1102 1022 1130 murus,

234 1134 278 1169 qtti
290 1133 404 1168 dirumpi
415 1129 734 1169 nequit._Fundantet_i_tum
744 1130 840 1169 quippe
848 1134 889 1157 est
899 1129 1022 1169 solidum,

234 1164 250 1197 ἐ
273 1173 343 1196 terra
364 1164 447 1202 usque
459 1164 498 1193 'ad
517 1167 602 1201 ipsum
625 1165 692 1202 cadi
707 1165 842 1202 fornicem
860 1164 1022 1202 pertingens.

236 1203 336 1239 Ecquid
363 1199 445 1239 dico,
475 1199 597 1239 fratres?
623 1200 791 1239 Cclsissimos
816 1200 876 1239 illos
907 1199 1023 1239 fornices

233 1235 348 1274 attingit,
363 1238 395 1265 ad
410 1238 481 1274 ipsos
495 1237 575 1263 c:clos
591 1236 715 1274 cgelorum
730 1236 787 1274 sine
800 1236 876 1274 obice
889 1235 1019 1274 pervadit,

234 1275 260 1301 in
272 1271 360 1302 médio
370 1271 524 1308 angelorum
536 1271 769 1308 cuntincorporeis
778 1271 1023 1308 naturissplcndide

235 1310 365 1345 facileque
381 1306 568 1345 pri-grcdiiur;
586 1306 686 1345 Ecquid
700 1306 770 1345 dico,
786 1306 811 1345 ir_t
824 1306 912 1333 tnediu
927 1314 1022 1345 supcr-

235 1341 331 1373 naruni
356 1341 515 1371 virtutum?
549 1342 616 1369 Cum
643 1341 701 1376 ipso
734 1341 846 1368 Domino
870 1341 1022 1375 angelorum

233 1385 354 1408 creatore
368 1383 395 1406 et
410 1379 571 1406 lllustratore
585 1381 768 1408 conversatur,
783 1381 810 1402 et
824 1383 871 1409 pro
887 1376 1022 1403 voluntate

233 1423 279 1442 sua
293 1422 352 1442 cum
368 1414 461 1441 ﬁducia
472 1413 554 1439 multa
571 1412 640 1447 quod
662 1412 725 1446 petit
746 1411 852 1446 actipit.
871 1411 926 1438 Non
943 1412 1021 1438 linem

235 1451 328 1477 faciam
344 1471 351 1481 ,
379 1449 483 1480 fratres,
510 1447 670 1482 prtedicandi
693 1447 897 1480 celebrandique
918 1451 1021 1473 tantum

231 1485 367 1520 dignitatis
380 1484 505 1520 gradum,
518 1490 596 1520 quem
608 1483 680 1510 dedit
693 1482 809 1520 Trinitas
828 1482 923 1508 Adami
938 1482 998 1508 ﬁliis
1010 1502 1018 1514 ,

233 1518 279 1560 per
293 1529 371 1560 quem
383 1518 413 1547 et
428 1519 541 1546 tnundus
550 1518 661 1545 salutem
672 1518 1020 1560 cortseqtiilttr,letcreatitra

232 1553 397 1583 illum—inatur
411 1563 417 1581 :
433 1562 481 1590 per
495 1562 573 1588 quem
587 1558 701 1590 montes,
717 1553 810 1590 colles,
827 1553 921 1590 saltus,
938 1553 1019 1590 valles

233 1592 376 1624 implentur
399 1587 519 1616 instituto
544 1589 612 1616 beati
636 1589 756 1624 generis,
772 1587 963 1624 monachorum
978 1588 1017 1624 vi-

232 1623 326 1654 delicet
353 1634 360 1651 τ
390 1624 613 1660 quemadmodum
640 1623 802 1660 clarissimus
825 1631 912 1657 praeco
940 1623 1020 1660 Isaias

231 1662 294 1688 dicit
310 1671 316 1688 :
334 1660 375 1688 Ex
388 1657 520 1688 verticibus
537 1660 658 1686 utentium
672 1659 765 1684 dabunt
785 1666 854 1685 voce:
866 1666 926 1684 suas
939 1657 1018 1693 (laai.

231 1697 274 1724 42.
291 1697 335 1731 Η)
351 1697 473 1722 homines
491 1694 524 1721 ad
535 1695 643 1728 gloriatur
656 1693 849 1728 pra:dicattdatn
861 1701 867 1719 :
881 1701 928 1727 per
941 1701 1018 1731 quem

232 1730 355 1766 iniquitas
372 1731 406 1758 de
427 1735 496 1757 terra
512 1730 780 1766 tolliturpperqttem
795 1730 969 1766 temperantia
991 1730 1016 1755 in

232 1763 301 1795 terra
315 1772 445 1798 versatur,
460 1773 506 1799 per
520 1773 597 1799 quem
611 1764 731 1791 diabolus
745 1764 835 1797 lapsus
845 1784 851 1796 ,
866 1763 1016 1799 destructus

230 1807 282 1833 est,
309 1802 398 1830 lascivi
414 1801 475 1828 facti
502 1798 564 1827 sunt
587 1807 649 1826 vasa
674 1799 856 1828 sanctiﬁcata.
878 1798 1014 1826 fornicarii

230 1838 295 1865 casti
322 1842 349 1864 et
370 1836 538 1867 intcmerati,
561 1835 718 1868 insipientes
743 1833 802 1860 facti
826 1838 888 1860 sunt
908 1834 1017 1867 justitia:

231 1873 313 1900 tluccs
330 1882 337 1900 τ
353 1879 399 1906 per
415 1878 491 1904 quem
506 1871 599 1896 innrtis
612 1869 752 1903 imperium
762 1869 894 1906 abolitum
910 1874 961 1906 est,
990 1874 1016 1906 et

233 1904 359 1935 infernus
380 1906 462 1933 robur
499 1905 608 1937 amisit,
643 1909 670 1932 et
699 1904 887 1931 condemnatio
922 1904 1015 1930 Adami

230 1944 314 1971 soluta
334 1946 375 1969 est
385 1963 392 1974 ,
408 1941 585 1976 nuptialisquc
603 1940 733 1967 thalamus
747 1939 860 1976 eielestis
875 1939 1016 1976 decoratus

230 1984 272 2006 cst
286 1987 293 2005 :
308 1985 355 2012 per
368 1974 452 2012 quem'
465 1974 611 2012 hominum
624 1979 716 2012 natura
732 1975 757 2002 in
781 1975 915 2012 virtutem
929 1974 1015 2012 ineor-

231 2009 383 2047 porea'rum'
397 2016 522 2038 mutatur.
546 2011 617 2047 Quid
629 2010 714 2047 dicam
728 2031 735 2043 ,
755 2013 787 2047 et
808 2017 886 2047 quam
903 2009 1013 2047 laudem

231 2044 381 2083 proferam‘i
403 2048 502 2074 Donum
518 2047 588 2083 enim
603 2046 671 2083 illius
687 2045 826 2073 sacerdotii
845 2044 942 2083 gradus
956 2052 1013 2071 ser-

233 2079 338 2110 inonem
354 2090 459 2110 omnem
475 2086 502 2109 et
513 2082 699 2116 cogitationem
720 2084 850 2116 supcrat:
869 2079 930 2116 illud
952 2085 1012 2112 est,

230 2124 257 2146 ιιι
272 2118 408 2151 existimo,
423 2117 491 2152 quod
502 2117 597 2143 Paulus
607 2116 768 2151 stupefactus
780 2115 938 2152 subindieat,
949 2122 1012 2152 eum

229 2155 286 2181 ait:
312 2152 334 2180 0
349 2149 456 2179 altitudo
470 2152 613 2179 divitiarum
623 2149 752 2186 sapientiw
770 2155 792 2176 et
813 2150 924 2177 acientiw
945 2149 1014 2177 Dei!

228 2197 303 2221 quam
314 2187 575 2222 incontprehmsibilia
589 2191 646 2213 sunt
653 2187 752 2222 judicia
763 2186 828 2220 ejus,
844 2191 866 2212 et
879 2186 1012 2222 investiga-

228 2225 288 2251 biles
311 2225 356 2250 via:
379 2220 433 2258 ejus
452 2222 604 2258 (RomJl,
618 2220 739 2258 55’)irA
765 2226 835 2248 terra
859 2220 893 2247 ad
918 2221 1012 2258 cautum

230 2259 344 2290 advolat,
369 2255 460 2292 atque'
477 2256 642 2283 velocissime
656 2255 795 2292 petitiones
811 2261 915 2292 nostras
927 2255 1012 2292 offert

230 2295 295 2322 Deo.
323 2290 466 2328 Legatione
486 2292 603 2328 fungitur
619 2299 667 2325 pro
677 2291 760 2328 servis
773 2291 842 2326 apud
852 2290 1009 2328 Dominum.

229 2325 374 2361 Animum;
395 2328 500 2359 fratres,
523 2327 555 2354 ad
577 2327 644 2353 hanc
657 2327 795 2362 mysticam
809 2331 836 2354 et
851 2325 1010 2353 horrendam

229 2364 407 2391 narrationem
438 2363 531 2389 sedulo
558 2362 742 2390 adhibeamus.
780 2362 842 2389 Sine
866 2362 1009 2388 venerabili

228 2399 375 2427 sacerdotio
389 2397 512 2425 remissio
520 2401 687 2432 peccatorum
699 2397 854 2424 mortalibus
863 2404 913 2422 non
923 2397 1008 2424 datur.

228 2435 352 2461 Animum
374 2433 512 2465 adhibete,
529 2433 626 2459 fratres
642 2441 647 2458 :
665 2440 711 2459 vos
729 2433 800 2459 cnim
821 2432 886 2459 estis
906 2432 1010 2466 pietatis

229 2473 381 2500 amatores,
408 2468 468 2495 luce
492 2468 621 2494 doctrina:
644 2467 783 2503 fulgentes.
813 2467 942 2500 Quidnam
967 2472 1010 2503 est

228 2504 302 2536 illud,
318 2503 387 2538 quod
402 2511 486 2538 nuper
500 2503 652 2530 dicebamus
666 2502 698 2529 de
711 2502 850 2529 sacerdotii
866 2502 1009 2538 mysterio?

227 2536 334 2566 Paltncs
354 2539 423 2569 vitis,
439 2536 477 2565 ὀι
501 2541 610 2573 granum
636 2538 759 2564 frumenti
785 2542 812 2564 ct
833 2536 1007 2564 sacerdotium

228 2581 388 2601 consensum
413 2578 503 2600 mutuo
526 2573 626 2599 habent
646 2581 653 2600 :
675 2573 774 2608 paltncs
796 2578 823 2599 et
848 2573 1008 2599 frumentum

225 2609 328 2636 ancilla:
352 2613 431 2639 sunt,
456 2608 633 2635 sacerdotium
647 2616 709 2634 vero
727 2608 838 2634 liberum
862 2613 911 2634 est.
939 2608 1006 2634 Cum

228 2645 315 2679 itaque
328 2644 385 2671 lucc
398 2644 446 2671 tria
454 2647 694 2678 congregantur,ut
707 2650 785 2677 supra
796 2650 888 2679 omnes
899 2642 1008 2669 omnino

228 2678 365 2708 thesauros
378 2679 797 2712 constituantur,unumquodque
808 2678 861 2712 regi
877 2678 1006 2704 fructuum

226 2722 334 2742 suorum
349 2715 471 2742 virtutem
489 2714 564 2741 oll'ert
578 2714 603 2740 in
619 2713 729 2740 odorem
742 2713 887 2740 suavitatis.
905 2713 1007 2740 l‘almes

226 2750 378 2785 sanguinem
394 2749 501 2782 etnittit,
513 2748 745 2785 frumentumvcro
757 2755 868 2785 panem:
884 2747 1007 2785 sacerdo-

229 2783 292 2812 tium
306 2793 370 2813 vero
383 2793 443 2812 cum
455 2784 547 2811 ﬁducia
561 2784 670 2811 evolata
685 2788 753 2811 terra
770 2783 795 2810 iu
809 2783 1005 2815 ca-lum,dooec

232 2817 481 2853 ipsutninvisibilem
496 2819 706 2855 contempletur;
733 2823 759 2846 et
785 2824 922 2855 postquam
945 2823 1006 2845 ante

1077 844 1201 872 thronum
1229 843 1367 872 excelsum
1390 843 1531 876 adoravit,
1559 848 1633 871 stans
1660 845 1792 880 supplicat
1819 854 1869 879 pro

1077 881 1162 907 servis
1182 881 1295 907 Domino
1308 901 1315 913 ,
1344 881 1476 915 lacrymas
1489 881 1655 914 gemitusque
1676 888 1870 908 conservorum

1077 922 1194 950 gestans,
1213 916 1376 950 Dominoque
1395 916 1510 942 offerens
1528 923 1534 941 :
1554 915 1730 951 similiterque
1751 922 1826 950 rogat
1843 923 1871 944 ul

1077 952 1286 978 Consolationcm
1312 955 1339 978 et
1367 951 1550 985 ptenitentiam
1583 950 1680 977 tribuat
1697 972 1705 983 ,
1734 951 1871 986 simulque

1077 988 1182 1013 veniam
1198 991 1225 1013 et
1239 986 1448 1013 miscricordiam
1464 986 1528 1019 petit
1544 994 1558 1012 a
1577 986 1701 1012 clementi
1727 994 1788 1020 rege
1803 1007 1810 1018 ,
1842 992 1870 1013 nt

1077 1021 1191 1055 Spiritus
1204 1021 1353 1055 paracletus
1371 1021 1450 1048 simttl
1464 1021 1551 1048 veniat
1566 1041 1573 1051 ,
1597 1021 1719 1055 donaque
1741 1022 1766 1048 in
1788 1023 1869 1049 terris

1078 1057 1213 1091 proposita
1238 1057 1393 1083 sanctiﬁcct.
1418 1056 1484 1083 Cum
1509 1062 1598 1082 autem
1614 1057 1739 1091 mysteria
1754 1057 1796 1083 illa
1811 1062 1869 1083 tru-

1080 1091 1175 1119 tncnda
1192 1091 1395 1119 immortalitatis
1409 1091 1485 1125 plena
1503 1091 1581 1118 allata
1601 1091 1716 1123 fuerint,
1733 1099 1779 1126 per
1794 1093 1869 1119 llllllll

1078 1128 1253 1162 pra-stitulutn
1265 1126 1444 1159 sacerdotem,
1457 1134 1504 1161 pro
1514 1127 1637 1154 otnnibns
1648 1127 1868 1158 intercedentem,

1078 1167 1139 1190 tunc
1153 1162 1283 1201 accedunt
1294 1162 1471 1201 animmque:
1487 1169 1533 1196 per
1543 1162 1868 1201 tt_i_3'steria_purgationem

1076 1205 1091 1224 a
1107 1198 1232 1225 masculis
1245 1198 1388 1232 accipiunt.
1408 1197 1509 1230 Videte,
1527 1197 1642 1232 religiosi
1654 1198 1714 1228 viri,
1729 1199 1866 1232 quontodo

1077 1233 1135 1260 haec
1148 1233 1201 1260 duo
1216 1233 1280 1260 nihil
1293 1237 1437 1266 operetttur
1459 1240 1539 1266 super
1554 1237 1651 1259 terram
1664 1253 1670 1264 ,
1688 1233 1738 1260 nisi
1752 1234 1867 1260 caelestis

1075 1268 1193 1295 calculus
1206 1268 1326 1301 accadat,
1338 1272 1364 1295 et
1373 1267 1441 1294 dona
1456 1268 1612 1295 sanctiﬁcet.
1626 1267 1730 1300 Vidisti,
1745 1276 1761 1294 o
1771 1268 1864 1302 homo,

1075 1304 1241 1338 splendidum
1269 1302 1445 1330 miraculum?
1461 1303 1574 1330 Videsne
1598 1303 1709 1337 gradum
1733 1303 1805 1330 illunt
1821 1312 1866 1330 sa-

1075 1337 1161 1372 crum,
1174 1339 1308 1373 quomodo
1322 1338 1471 1365 animarum
1495 1337 1588 1365 sordes
1603 1339 1751 1373 expurget?
1776 1339 1863 1366 Bene-

1075 1373 1161 1401 dictus
1184 1375 1219 1400 sit
1246 1373 1387 1405 Salvator,
1411 1374 1454 1408 qui
1480 1380 1561 1407 super
1585 1378 1683 1400 terram
1706 1373 1794 1408 posuit
1813 1375 1866 1401 hoc

1075 1409 1317 1444 splendidissimum
1341 1413 1368 1436 et
1399 1409 1614 1444 cxpurgatorium
1643 1409 1764 1441 denunt,
1800 1409 1863 1436 dmn

1076 1445 1229 1472 sacerdotes
1249 1445 1331 1478 gratia
1346 1444 1470 1477 illustrat,
1480 1444 1590 1479 utquasi
1599 1444 1738 1471 luminaria
1748 1444 1864 1479 fulgeant

1073 1480 1100 1506 in
1116 1480 1225 1507 mundo.
1251 1479 1367 1514 Populus
1379 1479 1423 1514 qui
1440 1487 1488 1506 nos
1503 1479 1639 1513 praecessit
1650 1500 1657 1512 ,
1671 1487 1755 1506 cornu
1774 1481 1863 1507 oleum

1073 1521 1181 1550 gestans
1196 1513 1342 1549 profectum
1356 1513 1458 1548 accepit
1479 1523 1488 1550 7:
1511 1522 1559 1541 nos
1574 1522 1637 1541 vero
1653 1515 1762 1542 inutiles
1777 1515 1863 1542 homi-

1074 1558 1131 1584 nes,
1148 1550 1279 1578 benedicti
1296 1550 1399 1577 Domini
1414 1549 1495 1581 servi,
1521 1557 1573 1576 non
1587 1557 1682 1582 cornu,
1706 1558 1759 1577 non
1773 1551 1861 1578 oleum

1073 1585 1200 1613 sensibile
1228 1586 1380 1619 accepimus
1402 1594 1408 1611 :
1430 1585 1477 1612 sed
1501 1585 1523 1612 is
1549 1585 1605 1619 ipse
1633 1585 1677 1620 qui
1702 1590 1781 1619 caput
1806 1591 1860 1618 ρει,

1072 1621 1194 1649 excelsus
1207 1625 1233 1648 et
1247 1620 1400 1647 tremendus
1420 1620 1559 1647 descendit
1573 1621 1606 1647 de
1628 1621 1694 1647 ca~lo
1709 1641 1717 1654 ,
1740 1626 1767 1648 et
1788 1621 1861 1648 dedit

1074 1656 1151 1683 nobis
1175 1657 1200 1683 in
1227 1662 1351 1682 mamnun
1377 1656 1546 1690 impositione
1560 1655 1685 1690 Spiritum
1707 1663 1798 1686 suum.
1815 1657 1860 1690 qui

1071 1698 1119 1718 ceu
1135 1692 1202 1726 ignis
1215 1691 1285 1718 venit
1300 1691 1326 1717 in
1342 1691 1486 1725 apostolos.
1509 1691 1531 1717 υ
1548 1691 1671 1717 virtutem
1684 1691 1857 1723 ineliabilem,

1074 1734 1132 1760 qua:
1147 1725 1252 1761 dignata
1268 1730 1309 1752 est
1323 1725 1444 1752 habitare
1467 1727 1492 1752 in
1507 1726 1583 1752 nobis
1603 1734 1648 1759 per
1659 1727 1857 1760 impositionem

1072 1769 1198 1788 tnanttmtt
1222 1761 1409 1789 sacerdotum!
1432 1761 1454 1787 Ο
1481 1767 1607 1795 quantum
1631 1761 1734 1788 obtinet
1747 1761 1858 1795 gradum

1071 1797 1236 1823 tremendum
1251 1796 1314 1822 illud
1325 1796 1520 1822 sacerdotium?
1537 1796 1630 1823 licitns
1641 1801 1682 1823 est
1693 1797 1812 1831 quisquis
1830 1798 1854 1823 in

1070 1839 1102 1857 eo
1127 1837 1199 1859 caste
1214 1835 1333 1858 versatur
1353 1837 1379 1858 ct
1394 1831 1535 1864 iuculpatc.
1552 1831 1646 1858 Petrus
1658 1833 1702 1865 qui
1713 1833 1856 1859 vocabatur

1069 1865 1182 1900 Ccpltas,
1199 1867 1242 1900 qtti
1262 1866 1295 1902 ad
1316 1867 1377 1892 litus
1401 1866 1482 1893 maris
1500 1874 1597 1900 sagcna
1622 1871 1716 1901 captus
1728 1872 1787 1898 cst,
1811 1868 1855 1902 qui

1070 1902 1250 1928 testimonium
1277 1901 1327 1928 hoc
1350 1903 1452 1936 accepit
1472 1909 1486 1927 a
1510 1909 1605 1933 Itt:t;.;tto
1629 1906 1751 1935 pastore:
1773 1901 1855 1936 Super

1069 1937 1134 1965 hanc
1159 1942 1254 1971 petram
1279 1936 1408 1969 wdiﬁculw
1436 1936 1575 1962 Ecclesium
1590 1945 1670 1963 meum
1685 1937 1790 1972 (Matt/1.
1809 1939 1850 1965 iis.

1068 1972 1112 2007 18)
1130 1980 1136 2004 ;
1154 1979 1201 2006 per
1216 1971 1391 1999 sacerdotium
1403 1972 1491 1998 claves
1505 1973 1584 1998 etiam
1602 1972 1728 1999 mulorum
1740 1974 1852 2006 accepit.

1067 2007 1247 2042 Similiterque
1263 2006 1361 2042 Paulus
1373 2007 1436 2034 olitn
1453 2014 1627 2042 perscqnntor
1638 2028 1645 2039 ,
1666 2007 1716 2034 hoc
1730 2008 1852 2042 dignatus

1067 2050 1187 2075 munere,
1201 2041 1250 2070 ceu
1261 2042 1310 2068 alis
1321 2041 1465 2069 instructus
1480 2041 1644 2069 discurrebat
1663 2043 1687 2068 in
1701 2041 1770 2069 terra
1784 2048 1810 2069 ct
1825 2044 1851 2070 in

1068 2078 1133 2104 mari
1150 2078 1296 2112 pncdicatts
1308 2078 1534 2105 resurrectionem
1549 2084 1723 2106 mortuorum.
1735 2078 1850 2105 Gradum

1067 2112 1213 2140 referamus
1224 2113 1257 2140 ad
1265 2113 1331 2140 Abel
1343 2114 1455 2148 justum,
1469 2114 1512 2147 qui
1527 2114 1551 2140 in
1567 2113 1696 2148 principio
1709 2113 1852 2141 creationis

1067 2148 1190 2176 sacerdos
1215 2148 1284 2176 fuit:
1304 2153 1331 2175 et
1352 2149 1386 2176 ab
1410 2148 1457 2175 illo
1481 2149 1632 2181 diseamus,
1659 2149 1729 2183 quod
1752 2148 1808 2183 ipse
1824 2150 1850 2176 in

1067 2184 1195 2218 principio
1217 2184 1329 2211 hostiam
1356 2191 1431 2211 suam
1458 2184 1511 2210 Deo
1530 2184 1729 2210 sacriﬁcaverit.
1751 2185 1848 2211 Annon

1066 2218 1132 2252 ignis
1154 2220 1186 2246 de
1206 2220 1271 2246 caelo
1286 2219 1451 2246 descendens
1472 2219 1583 2245 hostiam
1599 2219 1656 2252 rjus
1666 2220 1850 2253 consumpsit?

1065 2254 1176 2289 Quando
1190 2259 1277 2281 autem
1289 2255 1385 2282 obtulit
1395 2255 1449 2282 Deo
1463 2255 1602 2289 primitias,
1617 2259 1645 2281 ιιι
1657 2252 1847 2289 εἱιδιτὶμιυιτι,

1064 2287 1182 2323 Respexit
1208 2289 1279 2316 Deus
1294 2290 1321 2316 in
1346 2287 1552 2321 hostiam—Abel,
1571 2290 1604 2316 ad
1616 2289 1678 2316 Cain
1697 2287 1779 2315 autem
1797 2298 1849 2316 non

1063 2325 1171 2359 respuit
1192 2324 1346 2361 (Gen.4.4.
1438 2325 1552 2352 Rursum
1581 2329 1667 2361 autem
1695 2324 1751 2351 Noe
1766 2345 1774 2357 ,
1802 2325 1846 2360 qui

1063 2365 1183 2387 servatus
1205 2366 1246 2386 est
1269 2360 1294 2387 in
1318 2368 1378 2387 arca
1393 2381 1400 2393 ,
1424 2361 1529 2394 quando
1544 2360 1634 2386 sedata
1658 2365 1698 2386 est
1712 2367 1797 2394 aqua,
1819 2366 1847 2387 et

1063 2395 1183 2422 consedit
1209 2396 1253 2422 illc
1278 2396 1303 2422 in
1328 2395 1464 2422 montibus
1487 2398 1599 2426 Ararat,
1623 2395 1674 2422 hoc
1688 2396 1777 2421 statim
1803 2395 1846 2422 ille

1062 2431 1179 2463 suscepit
1192 2431 1379 2464 sacerdotium,
1396 2436 1422 2457 et
1432 2431 1526 2457 obtulit
1541 2430 1653 2457 hostiam
1668 2436 1734 2464 pure
1746 2430 1800 2457 Deo
1818 2431 1844 2457 in

1063 2465 1172 2492 odorem
1201 2466 1347 2493 suavitatis.
1376 2465 1553 2499 Quamobrem
1578 2467 1708 2500 disposuit
1728 2472 1787 2492 Cum
1812 2475 1846 2492 eo

1064 2501 1132 2527 licus
1145 2506 1341 2532 testamentum,
1357 2501 1427 2535 quod
1448 2509 1501 2527 non
1517 2503 1582 2527 ultia
1598 2502 1754 2527 inductnrns
1773 2507 1843 2527 esset

1062 2535 1188 2562 diluvium
1204 2544 1283 2569 snter
1299 2541 1395 2563 tet-ram
1411 2543 1419 2563 :
1435 2541 1461 2563 et
1473 2536 1546 2563 dedit
1561 2536 1594 2562 illi
1612 2536 1822 2563 benedictionem
1834 2557 1840 2567 ,

1061 2576 1089 2598 ut
1101 2576 1233 2598 cresceret
1246 2576 1273 2598 ct
1285 2572 1511 2605 multiplicarelur.
1530 2571 1648 2598 Vidistin‘
1663 2572 1715 2597 vim
1734 2571 1843 2598 mirabi-

1063 2608 1112 2633 Zcin
1128 2607 1287 2634 sacerdotii?
1310 2607 1400 2634 Vidisti
1424 2608 1535 2641 pritnnm
1551 2609 1715 2633 sacerdotem
1730 2607 1793 2634 Abel
1815 2607 1841 2632 in

1063 2641 1144 2675 prima
1158 2643 1300 2674 creatione,
1317 2643 1448 2676 quomodo
1463 2644 1548 2676 ignem
1571 2642 1709 2669 deduxerit
1723 2642 1755 2669 de.
1778 2642 1843 2668 ca-lo

1061 2677 1086 2703 in
1101 2681 1197 2704 terram
1213 2685 1259 2712 per
1274 2677 1434 2712 inculpatum
1449 2684 1524 2704 suum
1540 2678 1739 2703 holocaustum?
1750 2677 1841 2703 Vidisti

1061 2720 1164 2739 rursum
1189 2713 1244 2739 Nec
1269 2713 1446 2739 venerandum
1475 2714 1640 2739 sacerdotem
1673 2713 1699 2739 in
1726 2712 1841 2739 secunda

1060 2748 1202 2778 creatione,
1217 2748 1350 2781 quomodo
1365 2748 1432 2774 Deus
1452 2748 1612 2782 disposuerit
1631 2754 1692 2774 cum
1705 2747 1749 2774 illo
1764 2753 1842 2774 testa-

1061 2784 1199 2810 mentum?
1216 2783 1269 2810 Hoc
1282 2783 1344 2810 item
1361 2782 1508 2810 sacerdotio
1517 2782 1649 2809 Abraham
1659 2783 1780 2817 dignatus
1790 2787 1841 2813 est,

1059 2822 1086 2845 et
1099 2819 1193 2845 obtulit
1209 2819 1262 2846 Deo
1277 2819 1358 2852 lsaar,
1375 2818 1473 2846 viscera
1486 2817 1591 2856 propria
1605 2818 1770 2846 sacriﬁcavit.
1789 2817 1842 2846 llhc
