2042 3121
173 139 240 169 1069

172 196 289 224 ostendit
318 195 388 223 Deus
413 194 462 229 ipsi
490 201 614 229 magnum
642 193 799 220 miraculum
816 213 824 225 ,
858 192 963 220 Domini

173 231 372 267 generationem
397 228 430 257 ιιι
449 229 566 267 virgulto
588 229 673 267 S_abec
688 249 694 259 ,
720 229 911 267 inc_rer_n_entum_
933 228 964 267 _in

174 263 309 294 momento
318 266 427 296 factum,
439 270 463 291 et
474 263 686 291 benedictionem
696 272 746 298 qua
759 264 807 297 ipsi
817 263 963 290 benedixit:

176 302 206 329 In
220 302 312 329 srmine
325 305 367 327 tua
381 300 555 327 (impedirentur
570 307 654 326 omnes
669 304 753 334 gentes
772 298 897 335 \Gen.92.
910 298 964 332 18).

177 339 231 365 lloe
247 337 308 363 item
319 335 469 363 saeerdotio
482 335 568 362 Moses
581 335 727 361 honoratus
739 340 790 366 est,
800 341 859 360 cum
871 341 967 360 ascen—

178 374 260 399 disset
281 373 306 398 in
334 375 450 398 tnontcm
479 371 541 397 Sina
565 370 597 397 ad
626 370 726 401 Deum.
748 369 823 396 etab
835 377 867 396 eo
882 369 966 403 legem

176 407 323 440 accepisset
335 414 342 432 :
359 406 531 440 quamobrem
551 405 714 440 glorilicatus
735 409 776 431 est
789 405 877 431 vultus
890 404 948 438 ejus
958 424 966 436 ,

178 449 206 470 ut
233 442 293 476 plus
318 449 396 476 quam
426 441 464 468 sul
488 445 640 475 appareret.
671 440 854 476 Similiterque
877 440 967 466 Aaron

177 474 463 511 sat-ernlotio‘diguatus
475 474 535 503 est:
554 476 654 510 legatus
669 474 754 502 factus
765 475 798 502 ad
820 475 902 502 Deum
918 482 967 511 pro

181 513 298 548 prconiis
313 509 416 548 populi.
426 511 493 548 Nam
511 509 611 548 Moyses
622 516 645 537 et
658 511 743 537 Aaron
750 511 779 548 in
788 509 970 548 _s_agerdoti_bus

179 545 233 583 Ejus
247 545 331 583 (Paul.
407 546 446 580 6).
463 545 563 583 Eodem
579 553 684 580 quoque
696 545 775 583 modo
786 545 903 583 Phinees
920 545 970 583 hoc

180 580 410 610 vetici-aliilissimo
426 582 577 608 Sacerdotio
588 584 700 607 mortem
714 580 814 615 depulit
827 588 859 607 ex
874 580 971 614 populo

181 619 237 645 illo.
266 618 353 644 llelias
368 624 432 644 vero
456 624 575 649 rursum,
598 617 647 642 hoc
669 616 802 647 inductus,
829 615 969 642 exauditus

181 659 223 681 est
247 654 271 680 in
296 653 356 687 igne
371 673 377 684 ,
405 657 431 679 et
453 652 606 679 sacerdotes
633 651 803 687 turpitudinis
828 650 971 678 interfecit.

183 686 319 716 Itiscamus
331 688 430 722 itaque,
443 686 549 717 fratres,
569 691 691 720 magnam
706 686 900 720 sublimemque
913 693 972 722 esse

182 723 322 751 sacerdotii
329 721 587 757 dignitatemﬁloria
596 722 776 757 Unigenito,et
784 721 832 748 soli
840 721 919 752 bono,
928 721 972 754 qui

183 767 266 794 Ipsam
279 756 405 793 apostolis
422 758 478 785 suis
494 756 626 794 tradidit,
638 756 688 794 per
699 764 775 794 suum
794 764 890 794 novum
913 764 975 782 sati-

183 792 308 828 r'tuiuquc
323 797 521 824 testamentum,
531 798 555 819 nt
567 792 643 819 nobis
650 792 731 825 etipsi
741 792 874 826 specimen
883 796 973 828 ostcnf

183 830 257 861 dant,
267 826 296 855 in
309 829 478 860 impositione
495 835 620 854 mantnnn
639 835 746 853 suarum
763 834 842 860 super
854 834 911 858 cos,
927 826 972 858 qui

184 865 255 899 digni
267 869 339 890 sunt.
349 863 448 890 ()mncs
458 863 548 899 itaque
562 870 620 899 nos,
630 863 733 899 sincere
747 869 904 899 veneremur
917 869 973 899 eos,

184 897 228 934 qui
242 900 353 934 gradum
371 898 512 934 sacerdotii
524 898 654 934 obtinent,
664 897 789 934 scientes,
803 897 902 932 quodsi
916 897 976 934 quis

189 932 259 969 regis
271 935 371 961 amicos
385 933 487 968 diligat.
504 941 536 960 eo
550 933 802 969 ipsemullo_magis
812 940 827 958 a
840 939 902 969 rege
914 932 976 969 dili_-_

184 967 271 1005 gatur.
293 970 419 1005 Amemus
437 967 504 1002 ergo
524 968 677 1005 sacerdotes
698 967 764 1005 Dei,
786 967 976 1005 quoniam__illi

186 1001 265 1032 amici
282 1004 326 1031 Dei
339 1010 410 1036 sunt,
424 1010 450 1031 et
463 1001 512 1038 pro
523 1003 599 1030 nobis
612 1010 717 1036 semper
731 1001 909 1030 intercedunt.
923 1001 977 1029 llo-

187 1048 252 1067 nora
268 1039 432 1071 sacerdotes,
447 1037 596 1073 adimplens
612 1038 662 1065 hoc
675 1037 772 1065 Christi
792 1041 952 1073 prmccptum
969 1046 975 1064 :

189 1075 239 1109 Qui
260 1075 349 1109 recipit
363 1074 509 1109 prophetam
523 1072 559 1100 'in
574 1074 672 1109 nomine
681 1073 826 1109 propheta,
841 1072 978 1109 mercedem

187 1107 317 1146 prop/reue
335 1107 439 1146 accipiet
456 1108 561 1146 (Manli.
587 1109 629 1136 10,
644 1107 701 1146 il),
726 1108 755 1136 Si
778 1115 844 1146 vero
858 1108 979 1146 quemvis

189 1143 355 1172 sacerdotem
371 1143 477 1179 ignores
490 1152 523 1170 an
534 1144 630 1178 dignus
639 1144 675 1171 sit
686 1143 737 1170 hoc
753 1143 848 1179 gradu,
866 1151 899 1179 an
913 1143 980 1170 indi-

187 1188 265 1214 guns,
289 1185 315 1206 tu
335 1180 369 1206 ob
382 1178 479 1206 Christi
495 1183 654 1213 prasceptum
673 1186 706 1205 ne
719 1178 859 1214 despicias.
879 1178 978 1210 Quem-

187 1214 331 1242 admodum
341 1215 411 1241 cnim
422 1222 514 1240 aurum
524 1221 583 1240 cum
600 1214 654 1240 luto
668 1213 781 1241 mixtum
794 1221 846 1240 non
856 1214 972 1246 l:cditur.,

190 1258 277 1285 neque
291 1249 429 1285 splendida
445 1249 585 1285 margarita
598 1254 722 1285 mutatur,
736 1248 842 1285 quando
857 1255 916 1276 cum
933 1248 980 1275 im-

190 1283 263 1320 puris
273 1284 431 1320 quibusdam
446 1284 585 1320 speciebus
596 1283 782 1318 conjungitur;
794 1284 886 1311 eodem
901 1291 979 1320 pror-

189 1318 236 1347 sus
260 1318 340 1347 modo
367 1319 545 1347 sacerdotium
571 1327 586 1346 a
615 1319 689 1346 nullo
713 1319 806 1346 sordes
831 1318 979 1350 centrahit,

189 1356 311 1390 quamvis
331 1355 455 1389 indiguus
473 1354 554 1381 fuerit
580 1375 587 1386 ,
611 1355 654 1389 qui
677 1354 740 1381 illud
761 1354 865 1390 accipit.
882 1353 981 1390 Siquis

191 1388 271 1425 porro
285 1391 311 1417 in
325 1388 508 1423 hanc’ingrcdi
524 1388 680 1423 dignitatem
696 1389 791 1423 dignus
801 1389 906 1415 habitus
918 1388 980 1425 fue-

190 1424 237 1458 rit,
253 1426 278 1452 in
291 1425 388 1460 illaque
400 1424 479 1459 digne
488 1429 516 1451 et
528 1425 661 1458 iuculpate
675 1424 844 1460 processerit,
856 1431 887 1451 ea
901 1424 980 1460 vitam

191 1462 228 1488 illi
243 1459 402 1488 conciliatet
416 1467 543 1486 coronam
556 1460 747 1493 lm-orruplnm.
757 1459 783 1486 Si
796 1459 855 1493 quis
869 1466 932 1485 vero
943 1459 983 1485 in-

192 1497 272 1531 digne
284 1496 310 1522 in
334 1495 406 1531 illam
421 1503 454 1531 ser
473 1495 594 1531 ingerere
610 1502 701 1531 ausus
713 1494 800 1531 fuerit,
818 1494 984 1531 is‘tenehras

192 1528 241 1558 sibi
256 1530 403 1558 exteriores
412 1534 438 1557 et
446 1528 573 1564 jlldlClllln
583 1529 749 1564 implacabile
757 1528 890 1556 conciliat.
905 1528 982 1555 Aliud

195 1566 241 1593 tibi
256 1565 408 1599 exetnplum
428 1573 583 1599 proponant,
600 1572 616 1591 0
630 1564 719 1596 homo,
740 1569 767 1591 ut
783 1572 816 1591 ne
839 1572 892 1597 pra:
906 1571 983 1590 arro-

192 1601 281 1636 gantia
292 1599 432 1627 sacerdotii
442 1599 558 1636 gradum
565 1600 674 1636 indigne.
682 1607 788 1627 sumere
797 1599 896 1636 audeas
905 1608 911 1626 :
919 1605 984 1636 quo-

194 1634 265 1663 niam
282 1636 337 1662 Deo
359 1643 410 1661 non
428 1635 532 1669 placent
555 1635 582 1667 ii,
598 1635 642 1669 qui
658 1639 813 1669 arroganter
836 1634 983 1660 ordinatio-

195 1679 256 1698 nem
278 1670 421 1704 accipiunt.
441 1669 527 1697 Nosce
551 1670 629 1701 igitur
648 1670 710 1703 quid
733 1670 802 1703 passi
822 1670 874 1695 sint
896 1670 923 1699 ii.
939 1669 984 1703 qui

194 1706 276 1742 Moysi
292 1705 428 1733 ctAaroni
451 1704 680 1737 contradixerunt,
705 1709 731 1732 et
752 1712 812 1732 cum
837 1704 979 1739 petulantia

580 137 714 166 CHRISTI
735 135 939 165 DlSCll‘Ul.U.\l
960 135 1133 164 BENlGNUM
1152 136 1233 164 ESSE
1254 137 1401 165 DEBERE.

1739 140 1750 166 1
1754 138 1808 166 070

1019 193 1186 227 impudenter
1200 198 1227 221 et
1239 200 1394 228 arroganter
1413 194 1467 222 Deo
1487 194 1623 222 incensum
1643 195 1738 224 ofl‘crre
1753 205 1806 225 non

1019 228 1184 255 dubitarunt.
1200 230 1295 256 Annon
1318 229 1384 264 ignis
1397 238 1490 257 omnes
1504 232 1679 264 consumpsit,
1691 239 1724 258 eo
1736 233 1806 264 quod

1020 264 1076 290 ausi
1092 269 1182 291 essent
1199 264 1223 300 in
1236 264 1346 299 gradum
1370 265 1443 292 illum
1464 274 1493 293 se
1506 266 1648 300 ingerere,
1671 274 1723 300 quo
1736 264 1806 300 digni

1022 307 1073 326 non
1087 299 1181 336 erant?
1193 299 1308 336 Rursum
1325 308 1387 336 vero
1399 300 1478 327 Maria
1493 299 1656 335 prophetissa
1671 299 1727 333 Dei,
1737 299 1807 336 quod

1021 334 1238 371 pauculisverbis
1259 334 1341 371 Moysi
1363 336 1431 362 circa
1447 334 1624 363 sacerdotium
1646 334 1806 371 exprobras-

1020 373 1071 400 set.
1090 373 1192 406 tantum
1208 369 1383 406 abAltissimo
1396 372 1503 404 pertulit
1517 369 1699 406 opprobrium,
1722 377 1750 398 ut
1770 373 1807 399 lev

1022 405 1190 442 pracandens
1197 409 1298 442 septem
1310 405 1404 442 diebus
1412 411 1485 433 extra
1496 405 1580 433 castra
1590 413 1725 442 segregata
1734 415 1809 434 mau-

1021 440 1095 466 serit.
1109 440 1185 467 Nunc
1197 441 1296 474 itaque.
1312 440 1416 472 fratres,
1431 448 1504 469 caste
1519 441 1544 468 in
1560 440 1709 470 sacerdotio
1719 450 1811 470 versa-

1023 475 1097 511 mini,
1120 475 1251 503 imitantes
1272 475 1400 511 Moysem,
1424 478 1555 504 Aaronem
1579 481 1606 504 ct
1629 477 1809 505 Eleazarum:

1024 510 1109 548 hosce
1130 511 1185 548 pios
1206 510 1357 548 sacerdotes
1377 512 1574 548 contemplare,
1596 512 1730 546 quomodo
1756 520 1806 548 per

1024 545 1087 572 illud
1103 545 1222 583 hostium
1232 550 1319 573 castra
1333 545 1493 580 depulerintl
1506 547 1561 574 lloc
1576 545 1692 575 munitus
1704 545 1811 583 Moyses

1024 581 1149 618 expandit
1160 581 1194 618 ad
1209 581 1292 608 Deum
1308 589 1412 618 manus,
1422 588 1446 618 et
1460 583 1569 618 Amalec
1582 582 1720 609 insanabili
1737 581 1811 618 plaga

1024 616 1142 653 confodit
1156 624 1162 642 :
1178 616 1227 643 hoc
1241 616 1398 653 prmciuctus
1408 617 1540 653 Abraham
1555 625 1631 652 reges
1646 616 1810 653 proﬂigavit:

1026 650 1077 678 hoc
1091 657 1228 685 assumpto
1247 651 1422 678 Melchisedee
1435 652 1549 679 Abraha:
1570 650 1705 680 benedixit
1720 650 1794 680 excel
1805 669 1812 673 -

1026 686 1089 723 lenti
1105 686 1299 723 benedictione.
1308 687 1412 723 Dignus
1427 687 1532 723 habitus
1542 695 1581 718 es.
1593 687 1685 720 frater,
1698 688 1742 722 qui
1753 696 1815 723 gra-

1027 721 1089 758 dum
1104 721 1245 758 sacerdotii
1258 722 1415 758 acciperes?
1433 722 1500 749 Cura
1514 729 1542 749 ut
1558 723 1662 757 placeas
1675 721 1714 753 ei,
1726 721 1770 758 qui
1787 728 1813 750 te

1027 757 1053 784 in
1067 757 1212 784 exercitum
1233 757 1383 791 adscripsit,
1408 757 1433 784 in
1456 758 1588 791 castitate,
1606 759 1632 786 in
1654 759 1766 792 justitia,
1788 758 1813 785 in

1027 792 1156 825 sapientia
1176 791 1317 828 spirituali,
1337 797 1365 819 et
1384 792 1409 819 in
1423 793 1559 826 splendida
1576 791 1736 828 virginitate.
1750 793 1815 820 Esto

1027 827 1124 854 ardens
1139 827 1196 863 zelo
1211 831 1239 863 ut
1254 827 1353 860 Helias,
1373 828 1501 854 sollicitus
1519 834 1546 854 ut
1559 827 1700 861 Jereinias,
1713 834 1816 863 tettzpe-

1028 870 1092 898 rans
1103 867 1133 898 ut
1145 862 1256 897 Ioseph,
1275 868 1364 890 castus
1378 867 1406 890 ut
1433 862 1510 890 .Iesus
1531 863 1612 896 Nave,
1636 864 1774 898 hospitalis
1788 867 1816 890 ut

1029 897 1174 934 gliraham,
1186 905 1277 934 amore
1290 899 1383 934 plenus
1397 902 1425 925 ut
1436 898 1528 931 David,
1540 904 1567 926 et
1577 900 1649 926 mitis
1659 897 1692 925 ut
1700 899 1815 934 Moyses.

1029 932 1169 969 Errantem
1182 932 1272 963 reduc.
1286 933 1409 969 claudum
1423 933 1510 969 alliga,
1526 934 1627 969 lapsttm
1638 934 1721 968 erige,
1738 932 1814 960 infir-

1030 975 1087 996 mos
1102 968 1218 1004 suscipe,
1233 972 1261 995 et
1274 968 1326 1004 his
1339 968 1434 1004 similia
1458 968 1546 996 facito.
1568 969 1742 1004 Obstupesco,
1762 969 1815 996 fra-

1030 1007 1095 1035 tres,
1117 1003 1180 1030 dutn
1205 1003 1346 1030 considero
1370 1003 1548 1038 insipientium
1569 1003 1744 1038 quorumdam
1768 1011 1814 1030 au-

1030 1038 1143 1068 daciam.
1163 1038 1209 1073 qui
1229 1038 1396 1073 impudenter
1417 1043 1444 1066 et
1465 1039 1613 1073 petulanter
1638 1039 1817 1067 sacerd0tium

1031 1073 1140 1105 adeunt,
1154 1081 1206 1101 non
1219 1075 1304 1100 vocati
1318 1082 1333 1100 a
1345 1074 1429 1108 gratia
1443 1074 1550 1106 Christi,
1564 1075 1715 1109 ignorantes
1727 1082 1757 1102 se
1767 1074 1818 1101 sibi

1031 1109 1118 1143 ignem
1141 1113 1169 1136 et
1188 1114 1301 1136 mortem
1326 1110 1437 1136 miseros
1462 1110 1638 1137 consciscere.
1662 1110 1719 1136 Non
1733 1109 1818 1136 solttm

1031 1144 1092 1171 dico
1105 1143 1163 1176 tibi,
1172 1151 1188 1171 ο
1202 1144 1292 1176 Ιιοιηο,
1307 1153 1339 1171 ne
1349 1144 1526 1172 sacerdotium
1540 1144 1687 1179 petulanter
1695 1151 1818 1176 nsurpes,

1032 1179 1078 1206 sed
1093 1179 1172 1206 etiam
1187 1186 1220 1206 ne
1241 1180 1374 1213 quidpiam
1395 1187 1427 1206 ex
1445 1179 1516 1207 Vasis
1538 1179 1713 1207 sacratissimi
1733 1179 1821 1207 cultus

1032 1214 1180 1248 contingas.
1207 1214 1274 1241 Num
1298 1214 1365 1241 forte
1390 1215 1475 1248 legisti
1497 1215 1560 1249 quid
1585 1223 1677 1249 passus
1697 1215 1731 1241 sit
1749 1215 1818 1246 01a,

1032 1250 1138 1285 quando
1150 1250 1236 1284 tetigit
1255 1257 1344 1277 arcam
1360 1250 1427 1285 Dei?
1448 1249 1531 1284 Hujus
1551 1257 1656 1284 semper
1675 1255 1820 1281 memento,

1034 1283 1115 1312 frater
1138 1283 1248 1317 dilecte,
1271 1285 1343 1311 vocis
1372 1283 1517 1318 Altissimi,
1540 1286 1573 1312 ab
1594 1285 1659 1313 lsnia
1693 1284 1820 1319 propheta

1033 1320 1147 1351 emissae,
1163 1328 1222 1355 qua:
1246 1320 1284 1347 sic
1298 1320 1394 1347 habet:
1410 1320 1495 1355 Super
1506 1328 1579 1354 quem
1598 1319 1822 1355 ηιᾳιιὶεεςαιπηηιεὶ

1034 1364 1110 1389 super
1120 1353 1204 1382 milém
1217 1361 1240 1382 et
1258 1355 1376 1382 humilem
1389 1359 1412 1381 et
1425 1353 1568 1391 trbmeiitem
1583 1353 1656 1382 verba
1670 1363 1724 1382 mea
1745 1353 1820 1391 (Isai.

1034 1391 1078 1418 66.
1091 1390 1109 1417 2
1124 1391 1152 1425 )ἳ
1169 1390 1251 1423 Hujus
1265 1398 1371 1424 semper
1384 1390 1508 1425 przecepti
1521 1391 1702 1421 reminiscere,
1718 1394 1745 1417 et
1759 1397 1821 1424 pos-

1034 1426 1092 1453 side
1109 1426 1185 1459 quasi
1207 1425 1377 1457 thesaurum,
1399 1426 1490 1452 mitem
1511 1426 1715 1461 cogitationem,
1739 1431 1767 1452 ut
1786 1425 1822 1452 ita

1035 1462 1120 1495 possis
1131 1461 1305 1495 spiritualiter
1315 1461 1459 1488 ascendere
1475 1462 1499 1487 in
1508 1469 1650 1495 supernam
1663 1461 1822 1490 JeruSaiem,

1036 1501 1064 1523 et
1079 1495 1178 1522 hostias
1193 1496 1343 1530 spirituales
1357 1495 1454 1523 oll‘erre
1468 1496 1529 1531 Regi
1544 1501 1571 1524 et
1592 1497 1646 1523 Deo
1661 1497 1686 1522 iu
1708 1503 1825 1530 superno

1036 1531 1123 1561 altari.
1136 1531 1179 1558 tibi
1195 1536 1338 1558 nectuntur
1349 1539 1455 1558 cornum
1467 1530 1684 1566 inccrruptionis.
1699 1531 1787 1565 Ihiqne
1798 1531 1823 1556 in

1037 1572 1179 1600 conspectu
1201 1567 1353 1601 angelorum
1382 1570 1407 1593 te
1435 1566 1555 1593 Christus
1583 1566 1704 1593 rcdimiet
1726 1573 1825 1593 corona

1037 1601 1254 1633 immortalitatis,
1270 1606 1370 1628 etcum
1385 1602 1508 1635 supernis
1531 1602 1692 1629 exercitibus
1705 1601 1824 1628 cantabis

1038 1637 1223 1671 triumphalem
1235 1636 1362 1672 hymnum
1376 1642 1475 1664 sancta:
1486 1636 1619 1670 Trinitati,
1630 1638 1655 1663 in
1666 1637 1761 1665 swcula
1775 1644 1825 1663 sa:-

1038 1672 1169 1699 culorum.
1182 1672 1279 1698 Amen.

616 1848 657 1877 IN
686 1843 927 1882 SEQUENTEM
958 1843 1180 1874 SERMONEM
1209 1844 1412 1876 MONITUM.

242 1897 298 1926 Hoc
314 1898 475 1933 opusculum
488 1898 544 1933 jam
560 1897 664 1932 pridem
687 1896 759 1923 inter
784 1894 875 1929 spuria
888 1894 951 1929 jure
966 1893 1119 1927 ablegatum
1142 1892 1225 1920 fuisse
1250 1901 1331 1921 nemo
1360 1895 1479 1929 prudens
1503 1905 1557 1923 non
1587 1899 1708 1926 censebit,
1729 1907 1735 1925 ε
1762 1905 1825 1925 nam

203 1944 273 1980 stylo
295 1944 397 1979 χυδαίῳ
420 1945 562 1979 scriptum,
584 1942 651 1969 nihil
679 1949 734 1976 pra:
757 1948 786 1968 se
802 1940 863 1974 ~fert
889 1939 970 1970 salis,
994 1938 1060 1965 nihil
1091 1945 1236 1982 nervorum
1258 1948 1264 1966 :
1283 1945 1378 1975 estque
1399 1949 1512 1975 prorsus
1533 1943 1728 1979 Chrysostomo
1754 1944 1826 1971 iudi-

225 1999 301 2017 num.

225 1999 301 2017 num.

204 1998 222 2025 8
240 2035 428 2069 Interpretatio
448 2034 543 2061 Latina
555 2037 597 2060 est
609 2031 756 2059 Frontonis
770 2030 870 2058 Dueaei.

794 2160 1034 2197 EJUSDEM
1058 2159 1237 2196 SERMO

285 2244 327 2265 DE
353 2245 412 2267 HOC
436 2246 640 2273 AIIGUMENTO,
657 2246 765 2268 BONUM
786 2245 912 2268 CHRISTI
934 2245 1125 2267 DISCIPULUM
1147 2245 1312 2266 BENIGNUM
1333 2244 1417 2272 ESSE,
1439 2243 1544 2269 NEQUE
1566 2242 1639 2265 Cl'l‘O
1661 2241 1774 2263 ιιιΑεοι.

953 2309 979 2334 ἃ
986 2308 1110 2335 θ>>>>><ᾱξ

242 2375 269 2401 ln
288 2375 436 2411 Evangeliis
458 2377 535 2404 docet
558 2385 605 2404 nos
623 2377 725 2405 Domini
746 2377 834 2404 divina
858 2385 919 2409 νοτ,
932 2385 992 2411 quae

206 2410 289 2444 legem
305 2411 442 2444 adimplet,
461 2421 511 2439 non
527 2412 648 2444 destruit,
670 2417 745 2439 utne
760 2413 904 2439 irascamur
919 2410 992 2439 fratri

206 2444 352 2484 “fuit/1L5.
366 2446 431 2484 2|);
442 2452 469 2484 et
480 2447 529 2484 hac
543 2448 678 2484 additione
697 2448 824 2484 orationis
839 2447 993 2484 adimplcvit

206 2480 280 2513 illud,
300 2480 357 2517 Non
378 2482 486 2514 occides,
502 2483 586 2517 ipsam
611 2483 744 2510 homicidii
760 2483 875 2509 radicetn
899 2480 995 2509 exstir-

207 2522 282 2548 pans,
306 2516 454 2552 etinterius
465 2516 684 2552 cor'expurgans,
702 2526 754 2545 non
770 2525 863 2545 manus
876 2518 994 2545 exterius

207 2553 318 2576 tantum.
335 2551 437 2578 Etenim
457 2551 565 2587 pmnam
578 2551 731 2587 proposuit,
748 2560 799 2579 non
813 2553 918 2587 quidem
934 2558 993 2580 Ian-

207 2590 269 2615 tam,
283 2591 408 2622 quantam
425 2587 478 2620 lex,
494 2595 509 2615 e
521 2588 632 2622 vestigio
645 2593 819 2622 prementem,
835 2587 880 2614 sed
894 2588 994 2622 judicio

205 2621 381 2652 statuendam,
398 2621 489 2649 dicens
507 2632 513 2650 :
532 2623 581 2656 Qui
591 2621 784 2650 enimirascimr
799 2623 873 2657 fratri
883 2631 928 2649 sua
940 2623 995 2649 sine

205 2663 290 2695 raise.
312 2664 370 2682 reus
388 2657 434 2695 erit
447 2658 547 2695 iudicio
561 2658 612 2692 (Ib.
625 2667 647 2685 υ.
657 2658 727 2695 ‘25);
740 2667 792 2695 non
809 2659 879 2685 enim
891 2658 995 2695 celeres

206 2690 390 2731 inilignuinra
404 2690 510 2720 Christo
529 2690 708 2731 ptemnlsicnt
722 2694 747 2720 in
768 2693 835 2728 lege,
852 2693 898 2720 sed
912 2693 994 2720 multa

205 2728 247 2762 est
262 2726 464 2762 rctriliutiottnm
476 2735 508 2754 ex
519 2726 595 2762 a3an
609 2728 700 2755 dilatio
715 2737 721 2755 :
737 2726 863 2756 czetérnm
875 2733 995 2755 tremen-

205 2759 267 2797 dum
281 2761 453 2797 consequitur
462 2759 557 2790 exinde
568 2764 735 2797 supplicium.

243 2794 291 2835 Dei
302 2794 490 2836 longanimitas.
506 2812 541 2817 —
551 2794 778 2836 Quemadmodum
793 2798 891 2834 majora
907 2798 994 2836 impc—

205 2835 255 2860 rat.
271 2833 308 2857 sic
323 2836 350 2858 ct
369 2833 452 2866 major
480 2837 520 2860 est
544 2833 602 2868 ejus
624 2833 808 2869 longanimitas
821 2855 828 2867 ,
852 2834 993 2870 cordisque

1047 2377 1203 2404 munditiam
1225 2376 1345 2411 requirit,
1366 2384 1444 2410 qttam
1459 2383 1511 2403 non
1532 2376 1581 2402 nisi
1597 2383 1656 2402 cum
1677 2374 1832 2411 difﬁcultate

1047 2413 1106 2446 quis
1125 2412 1175 2439 sibi
1198 2409 1319 2446 acquirit.
1335 2409 1512 2444 Quamobrem
1528 2411 1590 2438 licet
1604 2411 1629 2439 in
1645 2411 1710 2438 iram
1727 2409 1835 2437 inducao

1047 2455 1116 2479 mur.
1131 2455 1182 2474 non
1199 2447 1332 2481 evestigio
1341 2447 1417 2481 punit
1431 2446 1469 2473 :si
1482 2447 1552 2474 enim
1561 2447 1648 2473 subito
1664 2446 1779 2481 puniret,
1790 2451 1837 2479 per

1048 2483 1231 2516 paenitentiam
1251 2483 1356 2509 resilire
1375 2490 1427 2508 noti
1448 2481 1558 2513 liceret;
1574 2486 1712 2516 propterea
1731 2487 1837 2516 poenam

1046 2515 1144 2549 dillert.
1164 2522 1194 2544 ut
1213 2517 1290 2544 nobis
1302 2522 1406 2551 tempus
1424 2517 1456 2544 ad
1471 2515 1651 2550 paenitentiam
1667 2515 1836 2546 concedatur,

1047 2556 1076 2579 ut
1087 2552 1131 2587 qui
1147 2552 1204 2579 heri
1219 2552 1292 2579 fratri
1308 2553 1390 2579 iratus
1403 2556 1453 2583 est,
1471 2552 1549 2579 hodie
1568 2551 1751 2587 paenitentiam
1766 2554 1835 2587 agat,

1046 2593 1072 2614 et
1084 2585 1188 2621 pactum
1201 2587 1332 2622 quoddam
1346 2595 1437 2614 secum
1451 2585 1580 2619 ineatruti
1595 2595 1628 2614 ne
1641 2586 1714 2622 fratri
1726 2585 1839 2622 ampiius

1047 2618 1187 2654 irascatur,
1197 2618 1224 2649 et
1237 2622 1429 2657 quadamtemts
1442 2622 1543 2649 similes
1554 2623 1609 2649 Deo
1625 2618 1840 2657 reddamnr_.:_Nos

1047 2658 1117 2685 enim
1133 2658 1232 2684 sensim
1244 2654 1278 2684 ab
1290 2657 1332 2688 iis,
1340 2666 1399 2692 qua:
1410 2658 1489 2684 vitam
1500 2662 1618 2684 nostram
1630 2664 1645 2683 a
1653 2656 1698 2684 Dei
1714 2654 1842 2682 similitu-

1048 2693 1110 2720 dine
1133 2693 1272 2724 alienant,
1296 2697 1470 2724 transmutat,
1501 2698 1528 2719 et
1550 2692 1583 2719 ad
1608 2692 1784 2723 honestatem,
1808 2696 1841 2716 ac

1047 2728 1271 2762 pulchritudinem
1291 2733 1392 2754 natura:
1406 2728 1610 2754 convenientem
1623 2732 1683 2761 post
1701 2727 1771 2752 hunc
1783 2728 1839 2762 sta-

1049 2759 1102 2789 tum
1118 2764 1240 2790 traducit.
1258 2763 1296 2790 Ad
1311 2763 1336 2789 id
1356 2770 1480 2796 namque,
1495 2763 1566 2797 quod
1581 2759 1682 2789 naturae
1704 2759 1838 2792 convenit,

1047 2798 1205 2825 deducimur
1219 2819 1226 2829 ,
1242 2803 1268 2826 et
1282 2798 1315 2835 ad
1331 2797 1412 2835 divini
1427 2798 1541 2835 Spiritus
1554 2797 1769 2835 communionem
1783 2814 1792 2835 _.
1804 2803 1835 2822 ac

1048 2842 1191 2869 perctmem
1211 2842 1269 2861 cum
1288 2834 1342 2861 Deo
1357 2830 1455 2867 vitam,
1469 2833 1530 2860 dum
1547 2832 1580 2860 de
1593 2832 1624 2860 iis
1638 2832 1716 2860 rebus
1726 2830 1836 2857 dimica-
