2042 3121
241 120 305 148 1071

242 187 311 206 ntus.
329 179 504 207 Attendamus
531 179 607 206 nobis
622 179 696 213 ipsis,
718 186 804 213 neque
818 186 850 205 ex
875 183 1029 212 contemptu

243 221 311 248 opus
326 214 404 247 hujus
418 214 514 241 divina:
527 214 707 241 similitudinis
717 214 887 241 destruamus
897 235 904 246 ,
916 221 948 240 eo
962 214 1031 248 quod

245 256 346 276 moram
361 250 439 276 faciat
453 250 543 277 venire
557 250 683 276 Dominus
706 258 712 276 :
728 257 762 276 ne
778 249 849 276 inani
869 256 918 276 nos
938 249 1032 276 fiducia

245 284 376 317 fallamus,
388 289 415 312 ιιι
431 285 533 311 Domini
548 290 679 319 prmcepta
693 284 822 311 violemus
832 304 839 314 ,
855 292 922 311 neve
934 284 1032 318 despe-

246 325 335 347 rantes
350 320 418 346 istud
435 328 483 346 nos
497 320 624 353 coiisequi
639 327 726 354 posse.
750 319 951 346 similitudinem
965 339 972 350 .
989 320 1031 346 iu-

245 363 334 389 quam,
353 355 411 385 Dei,
429 361 562 382 certamen
576 355 731 382 deseramus
749 364 754 380 :
767 363 860 382 verum
874 355 942 381 adsit
957 355 1033 381 nobis

244 397 306 424 spes
325 394 433 424 propter
454 398 526 420 cum.
539 389 585 424 qui
598 390 732 424 praecepit.
754 394 781 417 et
795 390 827 417 ad
841 390 866 416 id
881 390 950 423 quod
967 397 1034 424 pra--

244 429 349 459 ceptum
369 430 410 452 est
428 425 638 460 eitsequendutn,
652 427 744 458 robur,
761 426 884 459 viresque
899 425 1010 459 largitur
1024 433 1031 451 :

244 464 412 494 contemptus
433 465 533 492 autent,
554 465 581 487 et
603 461 703 488 incuria
717 461 797 494 absit,
811 461 882 495 quod
897 461 1033 495 graviores

245 502 336 528 poenas
350 495 385 522 ob
398 495 458 530 ejus
472 496 698 530 longanimitatem
713 501 918 530 exspectemus:
933 500 1032 529 quanto

244 530 314 557 enim
325 535 464 558 cunctatur
476 531 574 558 diutius
584 531 751 563 longanimis,
764 531 976 559 emendationem
991 538 1033 557 re—

243 565 363 599 quirens,
381 571 453 593 tattto
467 567 573 601 gravius
587 566 776 601 indignabitur,
792 567 814 594 si
837 574 889 593 non
905 565 1032 593 emende-

246 609 316 633 mur,
330 605 357 628 et
371 601 396 628 in
411 609 460 628 nos
473 606 502 628 ut
516 602 656 629 violatores
668 602 760 636 gratim
773 609 828 628 sum
841 602 940 629 acriter
951 602 1034 635 impe-

245 641 299 663 tum
321 636 408 664 faciet.
432 637 642 664 Contemnantur
661 643 749 664 autent
768 645 782 664 a
797 637 872 664 vobis
890 638 976 671 potius
989 644 1032 664 res

246 672 324 705 hujus
335 672 424 699 satenli
435 680 538 705 nautes,
550 680 628 707 quam
638 672 754 699 divinum
771 672 938 699 mandatum:
951 673 1032 699 multa

245 707 376 741 siquidem
391 712 461 739 sttnt,
476 715 535 742 qua:
556 708 630 735 facile
640 707 865 735 excandescentes
878 708 910 734 ad
926 708 1031 734 iracun-

245 742 315 769 diam
336 743 484 777 impellunl.
505 743 555 776 Qui
571 751 634 770 vero
652 743 781 770 tremendi
797 744 866 777 regis
879 743 1031 769 mandatum

247 782 362 809 veretur,
378 786 411 805 ne
423 778 531 805 omnino
542 779 688 805 irascamur
700 778 874 812 prolrbentis,
888 785 980 804 omnes
996 779 1033 804 fa-

245 813 297 840 cile
310 818 484 846 contemnet,
501 814 543 848 qui
559 814 643 848 ipsum
665 814 796 840 voluerint
812 814 927 841 irritare.
945 813 1033 840 Facile

246 855 325 882 porro
337 855 384 876 eos
398 849 529 878 tolerabit.
545 857 559 875 a
571 849 666 883 quibus
680 857 803 876 sermone
817 849 974 875 offenditur:
991 856 1034 882 pa-

247 884 440 910 tienterautctn
456 892 547 911 eorunt
562 884 626 911 feret
636 883 755 918 injurias.
771 892 784 910 a
796 884 891 918 quibus
906 884 980 911 factis
995 885 1033 917 ip-

246 919 282 945 sis
297 919 423 950 ia-detur;
442 924 468 946 et
482 919 639 954 percutienti
661 920 792 946 maxillam
808 919 936 953 praebebit
948 924 975 946 et
991 920 1033 946 al-

248 960 342 986 teram,
353 955 516 988 verbnmque
530 959 606 988 turpe
621 955 789 982 contumelia:
801 962 880 981 eausa
891 954 1031 988 jacientem

248 992 377 1050 pen‘erose
389 997 420 1016 ac
433 989 536 1016 fortiter
552 990 629 1021 feret,
643 990 790 1016 admirabili
804 990 926 1016 nimirum
941 997 1033 1016 conso-

258 1024 345 1050 atiotte
359 1030 503 1050 recreatus.
523 1033 555 1050 ex
575 1032 607 1050 eo
620 1025 690 1050 quod
706 1026 796 1050 beatus
813 1025 970 1050 ormdicetur
982 1045 988 1050 .
1002 1033 1033 1050 ac

258 1024 345 1050 atiune
359 1030 503 1056 recreatus,
523 1033 556 1052 ex
575 1032 607 1051 co
620 1025 690 1058 quod
706 1026 796 1052 beatus
813 1025 970 1059 prazdicetur
982 1045 988 1056 ,
1002 1033 1033 1052 ac

249 1060 360 1086 Domino
370 1060 496 1086 obcdicns
511 1060 659 1094 reperiatur
675 1069 682 1086 :
697 1060 827 1093 simulque
843 1060 968 1094 reprimat
980 1061 1032 1087 ira-

248 1094 370 1121 cundiam
384 1095 409 1121 in
426 1095 543 1124 fratrem.
554 1095 767 1122 ctdenuntiatum
781 1095 909 1130 ejusmodi
925 1100 1032 1129 peccato

246 1130 403 1163 supplicium
415 1131 504 1157 evitet.
520 1130 574 1157 llac
592 1131 690 1157 etenim
701 1131 733 1157 de
744 1138 822 1157 causa
837 1138 885 1157 nos
907 1131 1032 1158 Dominus

247 1164 412 1195 cohortatur,
423 1170 450 1191 ut
461 1173 509 1192 nos
520 1166 553 1192 al)
565 1166 635 1192 omni
650 1165 886 1199 perturbationum,
896 1166 991 1200 quibus
999 1166 1032 1193 ad

247 1207 343 1233 corpus
362 1201 502 1232 afficiatur,
530 1202 689 1234 contagione
703 1201 876 1232 vindicemus,
892 1206 920 1228 et
945 1202 1032 1228 avari-

249 1235 310 1262 tiam
324 1235 464 1269 fugiamus,
477 1236 621 1271 gloriazqne
634 1236 803 1270 cupiditatem
814 1244 976 1268 aversemur,
993 1240 1033 1263 at-

247 1277 299 1303 que
309 1271 426 1302 omnino,
443 1277 511 1298 ttttte
525 1272 650 1305 voluptati
663 1272 786 1298 locumin
796 1272 871 1298 nobis
880 1271 983 1301 demus.
999 1280 1032 1299 ne

248 1305 310 1339 quid
324 1313 356 1332 ex
380 1306 437 1332 istis
449 1307 563 1333 animant
577 1312 694 1333 ttostrattt
709 1306 777 1333 male
792 1307 911 1333 all'ectam
925 1307 1028 1341 reddat,

248 1345 274 1367 et
290 1349 323 1367 tte
335 1341 413 1367 alieni
427 1349 441 1367 a
452 1342 550 1376 Spiritu
561 1349 653 1368 sancto
669 1342 820 1369 reddantur.
836 1342 885 1375 Qui
899 1343 969 1369 enim
985 1350 1031 1376 pe-

248 1375 340 1403 etmias
354 1375 525 1412 contemnere
539 1377 648 1404 eductus
663 1382 713 1407 est,
723 1377 856 1410 quornodo
871 1383 978 1411 pr0pter
986 1375 1032 1412 pe-

248 1412 339 1447 cunias
365 1411 511 1439 irritabitur
538 1420 673 1446 umquam,
704 1412 765 1439 licet
786 1413 829 1443 sit,
844 1414 886 1447 qui
904 1419 949 1439 eas
968 1411 1032 1439 velit

247 1446 391 1480 abripere?
403 1447 434 1473 Et
448 1448 492 1481 qui
506 1447 616 1481 gloriam
632 1455 684 1474 non
704 1448 812 1481 appetit,
829 1446 961 1482 quomodo
973 1448 1032 1482 glo-

249 1482 295 1517 ria:
311 1489 389 1508 causa
401 1482 595 1509 excandescet?
617 1482 690 1509 Exue
712 1483 799 1517 itaque
815 1482 974 1510 mundanum
997 1483 1032 1509 in-

247 1515 402 1544 dumentum
414 1537 422 1549 ,
444 1523 470 1544 et
494 1517 630 1552 spirituale
654 1515 833 1545 induc-{eme
846 1523 960 1545 veterem
977 1518 1033 1544 ilu-

249 1552 346 1578 tniuem
357 1573 364 1582 .
380 1557 409 1578 ut
431 1560 526 1580 novum
547 1553 640 1579 induas
657 1563 663 1580 :
679 1559 821 1587 caprouter
835 1553 963 1586 siquidem
987 1562 1030 1580 re-

247 1588 383 1620 generatio
392 1587 498 1619 dicitur,
512 1593 539 1615 et
552 1588 577 1614 in
590 1589 672 1615 sacris
682 1588 778 1615 Liter-is
790 1589 945 1622 appellatur.
965 1588 1030 1615 Nam

250 1622 344 1658 prioris
366 1626 451 1649 status
466 1623 611 1650 ututatione
624 1623 722 1658 indiget
737 1624 809 1650 salus
827 1628 926 1654 nostra,
940 1629 967 1651 ut
987 1624 1029 1651 alii

247 1657 326 1683 abeo
339 1658 409 1692 quod
424 1666 515 1685 sumus
527 1658 631 1690 fiamus,
647 1663 675 1684 ut
685 1657 754 1692 quod
769 1665 870 1690 smnus,
887 1666 946 1686 esse
961 1659 1032 1686 desi-

247 1699 350 1722 namus.
357 1693 528 1719 aliamatttem
535 1694 614 1719 vitam
623 1693 785 1723 iucltoemus.
794 1701 872 1728 quant
879 1697 939 1720 ante
946 1699 1031 1721 trans-

245 1728 408 1760 gressiouem
420 1728 659 1755 sectabantur.l\'on
672 1731 741 1755 enim
757 1729 848 1755 lalises
855 1730 923 1762 apud
936 1729 1028 1762 Deutu,

246 1762 331 1801 qualis
342 1770 355 1788 a
368 1763 478 1801 pueritia
490 1763 559 1790 fuisti
573 1772 579 1790 :
595 1771 679 1801 neque
690 1763 753 1801 tates
763 1771 795 1790 ex
804 1764 937 1791 creatione
952 1772 966 1801 a
976 1765 1029 1792 Deo

245 1796 312 1823 facta
326 1805 414 1825 mores
429 1798 548 1829 haberes,
564 1796 654 1831 quales
669 1807 701 1825 ex
717 1798 830 1825 humana
844 1800 1027 1831 generatione.

246 1833 263 1869 it
269 1832 407 1869 udiitttque
417 1833 550 1867 jurantem
562 1833 710 1865 Dominum,
720 1837 748 1860 et
758 1834 830 1866 time,
838 1832 917 1860 Amen
925 1835 1026 1869 quippe,

244 1867 337 1901 inquit,
354 1867 410 1895 ilico
432 1869 510 1899 vobis,
534 1869 648 1903 nisiquia
667 1874 741 1895 natm
756 1870 830 1903 fuerit
849 1867 1029 1903 desupcrpnou

243 1907 323 1940 potest
345 1903 449 1940 introire
466 1904 492 1940 in
505 1912 608 1938 regnum
622 1905 741 1940 caelorum
758 1903 846 1939 (lacn.
863 1906 888 1931 5.
904 1905 941 1940 5).
958 1907 1028 1938 Quo-

243 1938 312 1964 circa
327 1946 421 1965 novam
438 1939 530 1965 inchoa
547 1939 637 1971 vitam,
652 1939 804 1973 dereliuque
822 1940 847 1966 in
863 1938 976 1974 peccatis
987 1941 1026 1967 itt-

243 1977 388 2000 veteratam
406 1974 484 2000 vitain
498 1983 504 2000 :
519 1975 563 2009 qui
579 1973 636 2001 lteri
651 1974 794 2001 fornicator
807 1973 873 2006 erat,
886 1975 965 2002 hodie
981 1983 1027 2002 ca-

241 2013 297 2045 stus
312 2009 354 2035 liat
371 2018 377 2035 :
390 2009 435 2043 qui
450 2009 504 2036 heri
517 2009 690 2036 immoderate
703 2009 878 2043 helluabatur,
895 2011 972 2037 hodie
983 2011 1022 2045 je-

239 2043 347 2075 junator
361 2044 423 2071 fiat:
439 2045 508 2078 quod
523 2045 592 2071 male
605 2045 769 2080 contraxisti,
785 2046 915 2079 posterius
928 2043 1024 2080 abjice,

242 2079 352 2115 utquod
369 2083 440 2107 recte
454 2087 467 2105 a
480 2080 610 2115 principio
622 2079 711 2106 datum
723 2085 774 2112 est,
787 2088 938 2115 recuperes.
959 2079 1024 2109 Per-

240 2114 362 2142 exiuuum
376 2121 416 2142 est
429 2115 487 2142 sine
499 2115 697 2150 perturbatione
709 2123 740 2142 ac
752 2116 809 2142 sine
822 2114 954 2143 iracundia
966 2125 1027 2152 per-

239 2155 357 2176 tuaacre.

274 2183 399 2211 llortulur
411 2186 444 2211 ad
456 2185 606 2219 injuriurum
628 2185 808 2212 remissionem.
818 2200 854 2205 —
867 2186 916 2218 Qui
931 2193 1023 2214 secun-

238 2219 300 2245 dutu
317 2220 457 2254 imaginem
479 2220 525 2246 Dei
540 2221 627 2247 vivere
640 2221 722 2254 cupit,
739 2221 760 2248 is
772 2221 806 2248 ab
819 2221 942 2248 omnibus
960 2229 1025 2249 con-

240 2255 331 2287 temni,
348 2255 450 2289 despui,
466 2262 498 2281 ac
521 2255 653 2282 lloccifieri
669 2256 757 2288 debet,
780 2263 841 2282 cum
854 2257 951 2289 verbis,
968 2262 1023 2284 tum

238 2290 321 2317 factis.
332 2290 396 2316 Nam
420 2295 446 2316 et
470 2290 568 2316 idcirco
591 2298 677 2325 neque
696 2299 742 2324 par
760 2291 859 2318 referre
873 2292 972 2319 malum
984 2293 1022 2325 ei,

237 2325 280 2361 qui
297 2325 391 2360 injuria
404 2325 538 2361 aﬂ'eccrat,
548 2325 638 2359 jussit,
653 2334 685 2352 tte
698 2326 720 2353 si
736 2326 770 2357 ei,
783 2326 827 2361 qui
844 2327 938 2360 injuria
952 2332 978 2354 te
988 2329 1023 2355 af-

237 2360 308 2393 fecit,
322 2369 368 2394 par
383 2360 515 2391 retuleris,
530 2360 717 2388 humauitatetn
731 2381 737 2391 ,
750 2360 809 2395 qua:
821 2362 966 2389 secundutn
980 2371 1023 2390 na-

237 2400 322 2422 turam
336 2400 388 2427 est,
404 2396 559 2429 perdideris.
569 2396 626 2422 Noli
635 2404 698 2430 ergo
710 2396 777 2430 apttd
793 2400 817 2423 te
827 2397 942 2430 prudens
950 2405 1019 2430 esse,

236 2437 328 2466 utpote
341 2431 385 2465 qui
400 2431 494 2457 merito
502 2438 573 2462 eum,
586 2439 600 2457 a
614 2439 666 2466 quo
680 2431 760 2458 lmsus
773 2431 863 2463 fueris.
873 2433 1019 2460 ulciscaris.

236 2465 386 2494 Recordare
415 2473 551 2492 sacrorum
578 2465 650 2493 l’atiti
674 2466 905 2497 documentorum.
934 2467 1021 2495 Nolite

234 2509 287 2528 esse
315 2501 447 2534 prudentes
467 2502 537 2536 apud
557 2502 733 2536 vesnwtipsos,
755 2510 833 2536 neque
855 2503 949 2528 uratum
976 2511 1021 2537 pro

233 2537 300 2562 malo
311 2536 440 2563 reddente:
451 2536 540 2572 (Rom.
558 2537 599 2564 12.
615 2537 658 2564 16.
675 2537 730 2571 l7).
747 2537 802 2564 Non
817 2537 966 2568 honestum,
981 2538 1019 2563 ul—

233 2575 319 2598 torem
329 2578 398 2604 esse,
412 2577 458 2599 aut
471 2573 509 2598 sui
525 2573 607 2606 ipsius
621 2572 764 2599 vindictam
778 2580 914 2606 quan-ere:
928 2580 1018 2599 verum

233 2606 333 2640 proitce
359 2608 445 2640 potius
468 2612 538 2633 tuam
553 2608 696 2634 vindictam
717 2607 744 2634 itt
767 2607 859 2639 Deum,
875 2608 919 2642 qui
941 2608 1018 2634 ultio-

231 2649 292 2669 netu
310 2642 369 2669 siue
382 2643 516 2669 iracundia
529 2643 554 2670 in
568 2650 624 2674 eos,
641 2650 655 2668 a
669 2643 764 2676 quibus
780 2642 851 2669 fuisti
864 2644 954 2674 laesus,
968 2643 1016 2669 dc~

230 2678 317 2704 mittet
346 2676 402 2704 Non
417 2679 578 2712 vosmetipsos
599 2678 755 2709 ulciscentes,
781 2678 874 2712 inquit,
897 2681 941 2704 sed
962 2679 1018 2704 dole

231 2713 311 2738 locum
327 2713 379 2739 inc.
396 2713 527 2747 Scriptum
548 2718 584 2740 εει
605 2714 680 2744 enim,
697 2713 762 2739 iiIi/Ii
777 2713 905 2745 vindicta;
921 2722 965 2748 ego
979 2722 1017 2739 rc-

231 2748 349 2779 mbtuzm.
361 2748 422 2774 dicit
439 2748 559 2775 Dominus
574 2748 625 2783 (Ib.
639 2756 662 2774 υ.
679 2748 733 2783 19).
743 2748 781 2775 Ne
793 2748 876 2780 dicas,
892 2749 961 2775 Deus
975 2756 1016 2775 rc-

233 2783 344 2815 tribuit,
365 2784 509 2811 retribuam
526 2788 551 2811 et
562 2791 619 2818 ego.
635 2784 780 2812 Considera
798 2783 859 2819 quid
879 2784 925 2812 tibi
939 2783 1016 2811 Chri-

986 120 1117 149 SPURIA.

1811 121 1874 150 107?

1089 183 1146 205 stus
1161 179 1318 211 ostenderit,
1333 187 1394 206 cum
1410 179 1434 206 iu
1451 179 1578 207 mundqu
1594 180 1719 212 venisset,
1732 185 1760 208 ut
1775 181 1871 208 saluta-

1087 222 1143 241 rem
1158 215 1217 241 vitae
1239 214 1351 241 formam
1370 220 1530 242 monstraret
1546 224 1552 242 :
1567 220 1646 249 alqtte
1670 216 1740 243 lnmc
1759 217 1872 247 ὶιιιίιειτιι,

1088 255 1116 276 ιιι
1130 250 1219 277 salvus
1235 250 1292 276 fias.
1307 250 1363 277 Non
1377 250 1446 276 enim
1464 250 1546 282 venit,
1564 251 1680 284 ntjttdex
1691 256 1771 282 esset.
1786 257 1831 278 aut
1847 258 1873 278 ut

1087 292 1143 315 eos,
1155 286 1200 321 qui
1211 285 1259 312 sibi
1275 285 1492 315 adversabantur.
1509 286 1699 313 ulcisceretur:
1713 294 1874 321 qttamqttatn

1088 321 1144 354 ipse
1158 320 1266 355 quidem
1288 328 1341 347 non
1365 321 1390 347 id
1407 321 1523 356 agebat,
1539 326 1567 348 ιιι
1582 321 1687 356 aliquod
1701 320 1732 348 ex
1750 320 1873 356 patientia

1087 356 1188 382 lucrum
1215 356 1339 388 ambiret,
1367 355 1414 382 sed
1441 360 1467 382 ut
1491 357 1602 383 salutem
1630 357 1728 383 mundo
1751 355 1871 385 afferret.

1086 391 1183 417 Christi
1200 399 1315 426 namque
1337 392 1461 425 patientia
1478 391 1575 418 diaboli
1591 392 1669 425 fregit
1683 393 1831 424 audaciam,
1848 399 1875 420 et

1087 426 1235 459 benignitas
1249 427 1352 462 Domini
1363 426 1479 462 ferocem
1495 427 1555 453 mali
1572 427 1687 454 fttrorem
1702 429 1874 462 expugnavit:
1891 438 1896 441 ·

1086 465 1112 497 et
1135 467 1161 488 tu
1177 469 1240 496 ergo
1255 461 1366 489 formam
1383 461 1451 488 hanc
1465 462 1510 489 tibi
1526 462 1558 489 ad
1573 462 1729 489 imitandum
1745 461 1873 497 propone.

1086 496 1143 524 Non
1158 497 1310 524 succensuit
1323 497 1355 524 iis
1366 506 1380 523 a
1397 497 1491 532 quibus
1504 498 1672 524 contumeliis
1686 496 1872 532 proscindeha.

1087 537 1151 559 tur:
1166 533 1212 559 sed
1238 532 1420 560 Samaritanus
1443 537 1470 559 et
1491 533 1623 560 daemonio
1646 539 1783 568 correptus
1812 541 1872 560 cum

1086 568 1276 602 appellaretur,
1291 568 1403 602 benigne
1413 575 1445 594 ac
1457 567 1559 601 placide
1572 568 1604 595 iis
1619 569 1663 602 qui
1675 567 1869 598 hoc'dicebaut.

1086 603 1265 636 respondebat
1278 611 1285 630 :
1311 603 1364 638 Ego
1376 603 1528 630 dtrmonium
1542 612 1592 630 non
1605 604 1683 630 habeo
1697 623 1704 635 ,
1717 604 1760 630 sed
1773 604 1873 630 honori-

1085 639 1134 673 ﬁco
1150 639 1251 665 Patrem
1266 647 1348 665 meum
1363 646 1372 670 ,'
1394 647 1437 666 vos
1455 647 1512 665 vero
1525 638 1682 665 inhonorati:
1695 646 1743 665 mc.
1760 638 1816 674 Ege
1829 648 1873 665 uu-

1086 679 1134 701 trm
1147 682 1197 700 non
1209 682 1294 708 qurere
1305 674 1413 708 gloriam
1425 682 1515 706 meum,
1528 678 1562 700 est
1575 675 1618 709 qui
1632 678 1728 708 quierat
1742 694 1750 707 ,
1762 679 1783 700 ιιι
1797 674 1872 709 judi-

1085 715 1123 736 cet
1138 709 1227 742 (1mm.
1242 709 1268 736 8.
1285 710 1329 736 49.
1345 709 1400 744 50).
1417 709 1506 744 Itaque
1521 713 1548 737 et
1562 714 1588 736 tu
1604 710 1657 736 noli
1677 714 1702 736 te
1726 709 1811 744 ipsum
1835 709 1872 736 ul—

1085 745 1148 771 cisci
1161 765 1168 777 ,
1182 749 1309 779 exspecta
1319 744 1446 779 judicent.
1464 745 1491 771 Si
1507 744 1577 771 cnim
1590 745 1674 778 judex
1687 745 1744 779 ipse
1755 765 1761 776 .
1774 753 1834 772 cum
1847 745 1871 772 iu

1086 780 1200 807 lnunaua
1221 781 1305 806 forma
1318 779 1494 814 apparuisset.
1511 787 1564 806 non
1578 780 1710 813 retribuit,
1730 788 1791 807 cum
1812 788 1872 814 pos-

1085 821 1136 847 set,
1150 816 1195 842 sed
1213 815 1260 842 Dei
1273 815 1402 850 judiciqu
1416 815 1582 849 exspectavit
1596 824 1604 842 :
1618 815 1681 842 Cum
1702 816 1773 843 enim
1795 816 1872 842 ntale-

1085 851 1209 877 dicerctur
1221 872 1227 883 ,
1249 859 1299 877 non
1315 851 1476 877 ntalcdiccbat
1489 858 1498 877 :
1512 859 1567 877 cum
1581 855 1708 885 pateretur
1720 872 1728 884 ,
1743 859 1793 878 non
1806 859 1871 877 rom-

1084 886 1249 922 minabatur;
1264 886 1377 912 trudebat
1401 893 1484 922 autem
1495 886 1622 922 judicauti
1653 888 1720 922 iuste
1755 887 1779 919 (l
1801 886 1870 913 I’etr.

1085 922 1112 948 ‘2.
1128 921 1185 952 23).
1207 922 1240 948 Et
1260 926 1286 948 tu
1300 929 1364 956 ergo
1389 921 1423 948 ira
1440 921 1528 954 facito,
1545 928 1576 948 ac
1601 921 1740 948 Dominum
1757 922 1870 954 imitare,

1085 958 1128 991 qui
1144 957 1176 983 ad
1189 964 1294 983 crucem
1309 964 1391 991 usque
1403 957 1523 990 injuriam
1539 956 1646 990 pertulit
1657 957 1763 991 impiam
1775 978 1783 987 .
1794 962 1872 991 atque

1084 992 1165 1019 exitio
1178 992 1265 1026 dignis
1275 991 1386 1018 salutem
1402 992 1568 1025 procurahat.
1582 992 1626 1019 Sic
1639 992 1709 1018 enim
1724 993 1756 1018 ad
1766 992 1869 1019 Patrem

1084 1028 1182 1058 aiebat,
1208 1027 1312 1053 Dimitte
1324 1027 1376 1054 illis
1397 1027 1444 1054 hoc
1464 1033 1603 1061 peccatum,
1622 1036 1672 1054 non
1694 1027 1760 1053 enim
1778 1028 1870 1060 sciunt,

1084 1063 1145 1097 quid
1158 1063 1254 1098 faciunt
1268 1062 1342 1097 (Luc.
1367 1062 1412 1089 25.
1438 1063 1496 1097 34).
1510 1062 1606 1097 lnjuria
1627 1067 1653 1089 te
1673 1062 1754 1098 frater
1772 1062 1868 1094 aﬂ'ecit,

1084 1097 1163 1124 visus
1177 1102 1218 1125 est.
1241 1097 1363 1132 indignus
1382 1098 1546 1125 fraternitate
1568 1107 1575 1124 :
1594 1102 1622 1124 at
1636 1102 1662 1124 tu
1678 1097 1870 1125 fraternitatcnt

1085 1141 1138 1160 non
1150 1133 1267 1160 destrue.
1280 1133 1373 1160 Frater
1387 1138 1447 1160 tuus
1457 1133 1564 1168 Josephi
1580 1133 1674 1160 fratres
1690 1133 1807 1159 imitatus
1819 1139 1869 1166 est,

1084 1169 1171 1196 fratris
1183 1168 1282 1196 emdem
1298 1169 1462 1196 machinatus
1472 1173 1528 1201 est,
1543 1168 1677 1195 inimicum
1689 1176 1718 1195 se
1729 1176 1776 1201 pro
1791 1168 1870 1196 fratre

1083 1204 1218 1237 ostendit,
1246 1208 1324 1239 teque
1339 1212 1385 1237 per
1398 1211 1530 1230 sumntum
1545 1204 1632 1231 scelus
1649 1204 1761 1237 impeliit
1777 1224 1784 1233 .
1800 1205 1868 1230 nulla

1083 1244 1242 1275 provocatus
1264 1239 1400 1275 injuriaite
1416 1239 1501 1275 lajsit;
1516 1243 1544 1266 at
1558 1239 1641 1275 tuifac
1653 1239 1827 1271 contrarium,
1842 1244 1868 1266 ιιι

1083 1274 1110 1302 et
1126 1279 1152 1301 tu
1167 1282 1227 1301 cum
1242 1280 1349 1302 cantore
1364 1274 1463 1301 Davide
1481 1274 1564 1305 dicas,
1580 1274 1642 1301 Cum
1656 1275 1696 1301 Itis
1710 1275 1753 1309 qui
1765 1275 1869 1301 oderunt

1083 1318 1170 1344 pacem
1186 1331 1193 1342 ,
1207 1318 1275 1336 eram
1287 1310 1408 1344 paciﬁcus
1423 1309 1506 1344 (Part1.
1525 1310 1585 1337 119.
1601 1309 1640 1343 7).
1657 1310 1737 1337 Vince
1760 1311 1785 1336 in
1800 1310 1869 1337 bono

1083 1345 1181 1372 malum
1198 1355 1204 1372 :
1219 1352 1331 1379 provoca
1341 1345 1437 1378 ipsmn,
1452 1350 1478 1372 et
1494 1345 1572 1372 incita
1586 1345 1618 1371 ad
1642 1345 1750 1377 bonum,
1765 1345 1868 1372 iracun-

1083 1380 1153 1406 diam
1169 1381 1257 1414 frange
1268 1380 1430 1415 benignitate
1444 1388 1451 1408 :
1467 1380 1507 1407 fac
1521 1380 1649 1414 intelligat
1659 1389 1688 1408 se
1704 1381 1798 1414 injuria
1813 1389 1868 1414 per-

1083 1417 1156 1450 sequi
1171 1416 1304 1442 Christum
1318 1416 1342 1442 in
1358 1420 1393 1448 te,
1409 1420 1435 1442 et
1449 1415 1556 1450 dignum
1569 1424 1619 1442 non
1631 1423 1690 1442 esse
1705 1421 1740 1448 te,
1756 1416 1799 1450 qui
1812 1423 1868 1450 per-

1083 1451 1267 1484 sequutionem
1285 1450 1401 1484 patiaris,
1417 1451 1546 1478 declares.
1562 1452 1596 1477 At
1607 1451 1676 1478 enim
1690 1452 1807 1485 pertinax
1817 1455 1866 1483 (Μ,

1083 1493 1168 1520 neque
1179 1486 1313 1513 emendari
1328 1490 1424 1520 potest,
1446 1491 1489 1513 aut
1504 1487 1545 1512 illa
1563 1491 1605 1512 tua
1617 1486 1779 1520 benignitate
1792 1493 1866 1512 com-

1083 1522 1184 1548 moveri
1208 1529 1215 1548 :
1230 1529 1261 1548 ac
1276 1521 1369 1548 bellua:
1384 1521 1491 1556 quidem
1504 1521 1537 1548 ad
1551 1521 1687 1548 hominum
1702 1521 1866 1548 familiarita-

1084 1559 1135 1583 tem
1156 1557 1260 1583 cicures
1287 1556 1364 1583 factae
1384 1557 1565 1587 traducuntur,
1581 1557 1625 1583 ille
1646 1564 1709 1584 vero
1729 1557 1868 1582 immanior

1082 1591 1177 1618 belluis
1190 1597 1229 1618 est
1244 1591 1326 1618 factus
1342 1600 1350 1618 :
1364 1600 1397 1619 ne
1411 1592 1510 1619 idcirco
1525 1592 1590 1619 velis
1603 1599 1662 1618 cum
1674 1592 1804 1626 ejusmodi
1821 1591 1867 1618 ho-

1082 1627 1154 1654 mine
1174 1627 1264 1659 rixari,
1290 1635 1359 1654 neve
1382 1627 1544 1654 iracundiam
1568 1634 1628 1654 cum
1644 1627 1777 1654 iracundia
1792 1634 1865 1653 com-

1082 1662 1180 1697 mittas.
1196 1662 1266 1696 Fuge
1278 1662 1375 1696 potius,
1392 1667 1420 1688 ut
1434 1663 1596 1697 periculosas
1605 1667 1696 1688 cautes
1704 1662 1809 1696 sapiens
1818 1669 1866 1696 gu—

1082 1696 1207 1724 bernator
1223 1705 1230 1726 ;
1244 1697 1354 1724 obScrva
1374 1696 1462 1724 autem
1478 1698 1546 1724 sicut
1559 1697 1631 1731 aspis
1643 1697 1733 1728 surda.
1748 1702 1775 1725 ct
1787 1698 1865 1724 obtu-

1081 1740 1143 1759 rans
1157 1740 1235 1759 aures
1249 1739 1321 1764 suas,
1334 1740 1393 1765 qua:
1407 1740 1458 1760 non
1473 1733 1595 1760 exaudiet
1610 1739 1702 1759 vocem
1727 1733 1865 1759 incantan-

1083 1767 1116 1794 tis
1129 1767 1213 1800 (Ρδαι.
1238 1767 1282 1794 57.
1297 1767 1322 1794 5.
1337 1767 1376 1797 6).
1399 1767 1510 1795 Redime
1536 1772 1658 1802 tempus,
1675 1767 1801 1799 Quoniam
1814 1768 1866 1794 dies

1081 1803 1142 1829 ntali
1159 1807 1217 1829 sunt
1241 1802 1321 1838 (Epit.
1341 1803 1367 1830 5.
1385 1803 1440 1837 i6).
1454 1802 1482 1830 ln
1504 1803 1633 1837 sapientia
1645 1803 1763 1835 ambula,
1777 1803 1863 1830 sciens

1082 1838 1247 1872 peregrinum
1262 1842 1288 1865 et
1304 1838 1433 1873 hospitctn
1448 1845 1507 1873 esse
1520 1843 1545 1865 te
1558 1838 1583 1865 in
1595 1842 1676 1873 terra,
1690 1838 1863 1871 quemadmo-

1080 1873 1142 1909 dum
1167 1878 1194 1900 et
1207 1878 1294 1907 patres
1305 1874 1342 1900 tui
1354 1872 1438 1901 fuere
1454 1872 1543 1909 (Leuit.
1559 1873 1603 1900 19.
1618 1872 1674 1909 Si).
1690 1872 1754 1900 Ovis
1767 1873 1793 1900 in
1810 1881 1863 1900 me-

1079 1908 1150 1934 diutn
1166 1909 1286 1942 luporunt
1312 1909 1409 1935 tnissus
1423 1916 1451 1935 es
1467 1913 1493 1935 tu
1508 1916 1613 1942 quoque
1625 1929 1632 1940 ,
1647 1908 1714 1935 sicut
1725 1909 1837 1943 apostoli
1853 1917 1861 1937 ;

1080 1943 1133 1970 noli
1150 1943 1204 1970 fieri
1221 1951 1267 1978 pro
1282 1951 1331 1971 ove
1345 1944 1431 1978 lupus,
1446 1951 1505 1970 cum
1521 1944 1590 1977 lupis
1603 1943 1778 1971 Contendens.
1794 1944 1864 1971 Cave

1079 1983 1204 2011 quantum
1226 1983 1310 2013 pntcs.
1335 1987 1367 2006 ne
1379 1979 1532 2006 thesaurum
1545 1979 1654 2013 justitiaa
1669 1979 1782 2013 perdas;
1799 1986 1864 2005 cave

1079 2014 1125 2040 tibi
1149 2022 1162 2040 a
1182 2014 1360 2048 direptoribus
1375 2024 1381 2045 ;
1397 2015 1511 2048 prudens
1526 2019 1556 2041 ut
1568 2021 1678 2047 serpens
1693 2021 1757 2041 eave
1771 2014 1816 2040 tibi
1831 2014 1864 2040 ab

1081 2049 1194 2077 insidiis.
1209 2049 1236 2077 Si
1248 2057 1311 2076 vero
1325 2049 1403 2076 bedat
1414 2050 1493 2077 etiam
1505 2054 1531 2077 te
1543 2050 1630 2084 lupus,
1642 2050 1664 2075 si
1679 2050 1797 2076 membra
1810 2049 1864 2076 dis-

1081 2090 1219 2119 cerpturus
1230 2085 1273 2116 sit,
1290 2092 1406 2118 pra-para
1422 2090 1457 2117 te,
1472 2089 1501 2111 ut
1514 2085 1598 2117 feras,
1612 2091 1717 2111 memor
1727 2085 1805 2116 illius,
1819 2085 1862 2117 qui

1077 2119 1148 2150 dicit,
1166 2119 1239 2146 Facti
1261 2128 1347 2146 sumus
1365 2121 1428 2146 sicut
1448 2128 1505 2146 oves
1521 2120 1653 2146 occisionis
1668 2119 1728 2154 (Ps.
1744 2120 1789 2147 45.
1803 2119 1860 2154 ’ὥς

1077 2154 1152 2182 Rom.
1177 2156 1203 2182 8.
1220 2155 1265 2189 56)
1284 2155 1448 2188 :respiciens
1467 2155 1492 2182 in
1507 2155 1592 2190 ipsunt
1608 2153 1758 2187 Dominum,
1770 2157 1815 2189 qui
1830 2153 1863 2181 Ut

1076 2190 1127 2216 ouis
1145 2190 1178 2216 ad
1194 2190 1375 2216 immolandum
1389 2191 1479 2216 ductus
1489 2195 1526 2217 est
1538 2211 1544 2220 .
1571 2194 1594 2216 et
1606 2190 1670 2217 sicut
1682 2198 1763 2223 agnus
1775 2198 1860 2216 coram

1074 2225 1195 2253 tondente
1210 2233 1248 2256 se,
1265 2230 1354 2252 mutus
1370 2224 1440 2260 (Im.
1465 2225 1509 2253 55.
1524 2226 1556 2259 ¹Ι;
1574 2226 1635 2252 Act.
1654 2225 1679 2252 8.
1694 2225 1750 2257 59).
1769 2224 1865 2260 Veniet

1073 2265 1099 2288 et
1112 2266 1164 2288 tuae
1173 2265 1280 2294 tempus
1288 2260 1419 2292 victoriae,
1435 2269 1508 2292 cum,
1518 2262 1611 2288 multis
1622 2260 1701 2287 malis
1712 2267 1773 2286 cum
1784 2259 1864 2285 Chri-

1073 2300 1116 2323 sto
1127 2296 1260 2327 toleratis,
1276 2295 1421 2324 deviceris.
1434 2295 1499 2322 Nam
1511 2300 1538 2323 et
1550 2295 1680 2322 Dominus
1692 2302 1747 2321 non
1760 2295 1865 2320 rixatus

1074 2335 1124 2362 est,
1152 2339 1203 2357 non
1230 2331 1388 2357 vociferatus
1413 2335 1463 2361 est.
1484 2337 1570 2365 neque
1591 2330 1691 2356 audivit
1714 2330 1740 2355 in
1765 2331 1862 2365 plateis

1073 2366 1212 2398 quisquam
1232 2373 1323 2392 vocem
1343 2366 1400 2400 ejus
1416 2373 1424 2392 :
1446 2363 1621 2400 utApostolus
1636 2364 1661 2391 itt
1678 2363 1861 2400 prompturha-

1075 2400 1137 2427 bere
1152 2408 1182 2426 se
1197 2400 1233 2427 ait
1245 2422 1252 2433 ,
1267 2408 1374 2428 omnem
1388 2400 1594 2428 inobedientiam
1606 2399 1695 2426 ulcisci
1709 2419 1718 2432 ,
1731 2406 1793 2426 eum
1807 2399 1858 2425 int-

1076 2435 1143 2468 pleta
1161 2435 1240 2462 fuerit
1258 2443 1350 2463 eorum
1374 2435 1523 2463 obedientia
1539 2435 1548 2470 (
1562 2435 1590 2461 Ξ.
1617 2435 1674 2461 Cor.
1697 2434 1739 2461 10.
1756 2435 1772 2461 6
1784 2433 1805 2467 ),
1817 2434 1863 2468 qui

1072 2471 1209 2497 ohediunt.
1226 2471 1290 2497 Dum
1306 2479 1368 2498 vero
1382 2471 1451 2498 Deus
1460 2470 1616 2505 longanimis
1627 2473 1677 2501 est,
1695 2474 1725 2505 et
1745 2474 1771 2496 tu
1787 2470 1849 2503 long

1073 2506 1168 2532 animis
1183 2510 1241 2532 esto
1256 2515 1262 2532 :
1277 2506 1340 2533 dum
1356 2506 1436 2533 hodie
1452 2503 1557 2540 quoque
1571 2505 1669 2539 patitur
1687 2503 1819 2535 Christus,
1837 2510 1862 2530 te

1072 2542 1199 2573 patiente,
1215 2546 1324 2575 propter
1345 2539 1479 2569 Christum
1502 2539 1614 2568 telerare
1629 2544 1656 2567 et
1669 2539 1767 2566 Christi
1783 2539 1862 2565 mini-

1071 2580 1154 2602 strum
1168 2574 1282 2610 oportet.
1299 2577 1388 2603 Clama
1401 2576 1433 2603 ad
1462 2576 1545 2608 illum,
1561 2580 1588 2602 et
1608 2574 1751 2601 vindictam
1771 2575 1860 2610 faciet.

1070 2610 1122 2648 {filo
1136 2609 1330 2648 con:summabit
1345 2612 1508 2646 iniquitatem
1529 2615 1709 2648 peccatorum,
1724 2615 1751 2636 et
1765 2609 1861 2648 diriget

1067 2645 1168 2681 justum
1184 2647 1253 2673 Deus
1273 2647 1354 2681 judex
1375 2649 1463 2681 justus
1485 2651 1512 2673 ct
1536 2651 1628 2680 potens
1653 2650 1679 2672 et
1701 2645 1859 2679 longanitnis

1071 2680 1180 2717 (Psalm.
1195 2682 1220 2709 7.
1238 2680 1294 2714 12);
1310 2680 1468 2717 longanimis
1480 2682 1549 2709 enint
1566 2685 1607 2708 est
1625 2684 1815 2717 etqctmctatur,
1831 2683 1858 2705 ut

1068 2723 1118 2778 ΔἎοε
1141 2716 1174 2744 ad
1196 2717 1282 2752 ipsum
1304 2715 1512 2746 convertamur:
1536 2717 1579 2744 cui
1596 2715 1680 2751 gloria
1696 2716 1722 2743 itt
1748 2716 1857 2742 tta-cuia.

1094 2759 1164 2778 men.

1094 2759 1164 2779 111011.
