  <div class='ocr_page' id='page_1' title='image "/cluster/home/n/w/nwhite01/storage/ocr_20150623/47-48/njp.32101077772612/1042.png"; bbox 0 0 2042 3121; ppageno 0'>
   <div class='ocr_carea' id='block_1_1' title="bbox 729 135 1836 168">
    <p class='ocr_par' dir='ltr' id='par_1_1' title="bbox 729 135 1836 168">
     <span class='ocr_line' id='line_1_1' title="bbox 729 135 1836 168; baseline -0.005 -1"><span class='ocrx_word' id='word_1_1' title='bbox 729 141 771 168; x_wconf 80' lang='lat' dir='ltr'><strong>DE</strong></span> <span class='ocrx_word' id='word_1_2' title='bbox 793 139 964 168; x_wconf 71' lang='lat' dir='ltr'><strong>FUGIENDA</strong></span> <span class='ocrx_word' id='word_1_3' title='bbox 987 139 1160 168; x_wconf 64' lang='lat' dir='ltr'><strong>SIMUIATA</strong></span> <span class='ocrx_word' id='word_1_4' title='bbox 1181 138 1311 166; x_wconf 78' lang='lat' dir='ltr'><strong>SPECIE.</strong></span> <span class='ocrx_word' id='word_1_5' title='bbox 1770 135 1836 164; x_wconf 73' lang='grc'><strong>1074</strong></span> 
     </span>
    </p>
   </div>
   <div class='ocr_carea' id='block_1_2' title="bbox 920 327 1122 358">
    <p class='ocr_par' dir='ltr' id='par_1_2' title="bbox 920 327 1122 358">
     <span class='ocr_line' id='line_1_2' title="bbox 920 327 1122 358; baseline -0.01 0"><span class='ocrx_word' id='word_1_6' title='bbox 920 327 1122 358; x_wconf 85' lang='lat' dir='ltr'><strong>MONITUM.</strong></span> 
     </span>
    </p>
   </div>
   <div class='ocr_carea' id='block_1_3' title="bbox 211 418 995 465">
    <p class='ocr_par' dir='ltr' id='par_1_3' title="bbox 211 424 995 465">
     <span class='ocr_line' id='line_1_3' title="bbox 211 424 995 465; baseline -0.008 -8"><span class='ocrx_word' id='word_1_7' title='bbox 211 437 240 460; x_wconf 86' lang='lat' dir='ltr'><strong>ut</strong></span> <span class='ocrx_word' id='word_1_8' title='bbox 261 435 326 459; x_wconf 89' lang='lat' dir='ltr'><strong>sunt</strong></span> <span class='ocrx_word' id='word_1_9' title='bbox 341 427 547 465; x_wconf 73' lang='grc' dir='ltr'><strong>ὲπιμορφάζειν,</strong></span> <span class='ocrx_word' id='word_1_10' title='bbox 565 424 724 458; x_wconf 81' lang='grc' dir='ltr'><strong>ἀτονιὰζειν,</strong></span> <span class='ocrx_word' id='word_1_11' title='bbox 745 431 773 453; x_wconf 92' lang='lat' dir='ltr'><strong>et</strong></span> <span class='ocrx_word' id='word_1_12' title='bbox 793 424 845 453; x_wconf 85' lang='lat' dir='ltr'><strong>alia</strong></span> <span class='ocrx_word' id='word_1_13' title='bbox 869 432 928 459; x_wconf 64' lang='lat' dir='ltr'><strong>quae</strong></span> <span class='ocrx_word' id='word_1_14' title='bbox 952 428 995 451; x_wconf 86' lang='lat' dir='ltr'><strong>stu</strong></span> 
     </span>
    </p>
   </div>
   <div class='ocr_carea' id='block_1_4' title="bbox 1049 418 1836 465">
    <p class='ocr_par' dir='ltr' id='par_1_4' title="bbox 1049 418 1836 456">
     <span class='ocr_line' id='line_1_4' title="bbox 1049 418 1836 456; baseline -0.008 -7"><span class='ocrx_word' id='word_1_15' title='bbox 1049 431 1091 450; x_wconf 79' lang='lat' dir='ltr'><strong>sus</strong></span> <span class='ocrx_word' id='word_1_16' title='bbox 1114 421 1203 456; x_wconf 83' lang='lat' dir='ltr'><strong>quivis</strong></span> <span class='ocrx_word' id='word_1_17' title='bbox 1215 419 1401 456; x_wconf 78' lang='lat' dir='ltr'><strong>Chrysostonti</strong></span> <span class='ocrx_word' id='word_1_18' title='bbox 1428 420 1512 447; x_wconf 99' lang='lat' dir='ltr'><strong>lector</strong></span> <span class='ocrx_word' id='word_1_19' title='bbox 1526 418 1732 448; x_wconf 72' lang='lat' dir='ltr'><strong>animadvertet.</strong></span> <span class='ocrx_word' id='word_1_20' title='bbox 1756 422 1836 451; x_wconf 81' lang='lat' dir='ltr'><strong>atque</strong></span> 
     </span>
    </p>
   </div>
   <div class='ocr_carea' id='block_1_5' title="bbox 212 467 1174 512">
    <p class='ocr_par' dir='ltr' id='par_1_5' title="bbox 212 467 1174 512">
     <span class='ocr_line' id='line_1_5' title="bbox 212 467 1174 512; baseline -0.01 -7"><span class='ocrx_word' id='word_1_21' title='bbox 212 478 284 505; x_wconf 88' lang='lat' dir='ltr'><strong>inter</strong></span> <span class='ocrx_word' id='word_1_22' title='bbox 309 476 401 512; x_wconf 87' lang='lat' dir='ltr'><strong>spuria</strong></span> <span class='ocrx_word' id='word_1_23' title='bbox 424 474 496 501; x_wconf 84' lang='lat' dir='ltr'><strong>hanc</strong></span> <span class='ocrx_word' id='word_1_24' title='bbox 521 470 661 499; x_wconf 87' lang='lat' dir='ltr'><strong>homiliam</strong></span> <span class='ocrx_word' id='word_1_25' title='bbox 688 471 785 498; x_wconf 88' lang='lat' dir='ltr'><strong>merito</strong></span> <span class='ocrx_word' id='word_1_26' title='bbox 804 471 896 506; x_wconf 79' lang='lat' dir='ltr'><strong>jacere</strong></span> <span class='ocrx_word' id='word_1_27' title='bbox 916 478 971 497; x_wconf 86' lang='lat' dir='ltr'><strong>non</strong></span> <span class='ocrx_word' id='word_1_28' title='bbox 987 468 1094 497; x_wconf 81' lang='lat' dir='ltr'><strong>inficias</strong></span> <span class='ocrx_word' id='word_1_29' title='bbox 1115 467 1174 495; x_wconf 85' lang='lat' dir='ltr'><strong>ibit.</strong></span> 
     </span>
    </p>
   </div>
   <div class='ocr_carea' id='block_1_6' title="bbox 246 518 880 557">
    <p class='ocr_par' dir='ltr' id='par_1_6' title="bbox 246 518 880 557">
     <span class='ocr_line' id='line_1_6' title="bbox 246 518 880 557; baseline -0.008 -7"><span class='ocrx_word' id='word_1_30' title='bbox 246 520 434 557; x_wconf 88' lang='lat' dir='ltr'><strong>lnterpretatio</strong></span> <span class='ocrx_word' id='word_1_31' title='bbox 454 520 547 547; x_wconf 82' lang='lat' dir='ltr'><strong>Latina</strong></span> <span class='ocrx_word' id='word_1_32' title='bbox 560 524 602 547; x_wconf 89' lang='lat' dir='ltr'><strong>est</strong></span> <span class='ocrx_word' id='word_1_33' title='bbox 616 519 761 547; x_wconf 75' lang='lat' dir='ltr'><strong>Frontonis</strong></span> <span class='ocrx_word' id='word_1_34' title='bbox 779 518 880 545; x_wconf 68' lang='lat' dir='ltr'><strong>Ductei.</strong></span> 
     </span>
    </p>
   </div>
   <div class='ocr_carea' id='block_1_7' title="bbox 227 623 421 633">
    <p class='ocr_par' dir='ltr' id='par_1_7' title="bbox 227 623 421 633">
     <span class='ocr_line' id='line_1_7' title="bbox 227 623 421 633; baseline -0.015 0"><span class='ocrx_word' id='word_1_35' title='bbox 227 623 421 633; x_wconf 81' lang='lat'><strong>.———</strong></span> 
     </span>
    </p>
   </div>
   <div class='ocr_carea' id='block_1_8' title="bbox 427 611 1825 629">
    <p class='ocr_par' dir='ltr' id='par_1_8' title="bbox 427 611 1825 629">
     <span class='ocr_line' id='line_1_8' title="bbox 427 611 1825 629; baseline 0 -13"><span class='ocrx_word' id='word_1_36' title='bbox 427 613 1773 629; x_wconf 80' lang='lat'><strong>_______________________________.___</strong></span> <span class='ocrx_word' id='word_1_37' title='bbox 1803 611 1825 616; x_wconf 85' lang='grc'><strong>...</strong></span> 
     </span>
    </p>
   </div>
   <div class='ocr_carea' id='block_1_9' title="bbox 419 729 995 765">
    <p class='ocr_par' dir='ltr' id='par_1_9' title="bbox 419 732 995 765">
     <span class='ocr_line' id='line_1_9' title="bbox 419 732 995 765; baseline -0.01 0"><span class='ocrx_word' id='word_1_38' title='bbox 419 737 466 765; x_wconf 88' lang='lat' dir='ltr'><strong>DE</strong></span> <span class='ocrx_word' id='word_1_39' title='bbox 483 735 673 764; x_wconf 84' lang='lat' dir='ltr'><strong>FUGIENDA</strong></span> <span class='ocrx_word' id='word_1_40' title='bbox 694 734 881 763; x_wconf 66' lang='grc' dir='ltr'><strong>διΜυιιΑΤΑ</strong></span> <span class='ocrx_word' id='word_1_41' title='bbox 904 732 995 760; x_wconf 78' lang='lat' dir='ltr'><strong>SI’EC</strong></span> 
     </span>
    </p>
   </div>
   <div class='ocr_carea' id='block_1_10' title="bbox 1049 729 1621 765">
    <p class='ocr_par' dir='ltr' id='par_1_10' title="bbox 1049 729 1621 764">
     <span class='ocr_line' id='line_1_10' title="bbox 1049 729 1621 764; baseline -0.005 -5"><span class='ocrx_word' id='word_1_42' title='bbox 1049 754 1052 764; x_wconf 86' lang='grc'><em>,</em></span> <span class='ocrx_word' id='word_1_43' title='bbox 1076 730 1118 759; x_wconf 78' lang='lat' dir='ltr'><strong>AC</strong></span> <span class='ocrx_word' id='word_1_44' title='bbox 1141 731 1291 759; x_wconf 77' lang='grc' dir='ltr'><strong>ΜΙΝΙΜΕ</strong></span> <span class='ocrx_word' id='word_1_45' title='bbox 1315 730 1425 764; x_wconf 65' lang='grc' dir='ltr'><em>νκηΑ,</em></span> <span class='ocrx_word' id='word_1_46' title='bbox 1449 729 1621 758; x_wconf 76' lang='grc' dir='ltr'><strong>ΠΟΜΙιΙΛ.</strong></span> 
     </span>
    </p>
   </div>
   <div class='ocr_carea' id='block_1_11' title="bbox 245 935 997 970">
    <p class='ocr_par' dir='ltr' id='par_1_11' title="bbox 245 935 997 970">
     <span class='ocr_line' id='line_1_11' title="bbox 245 935 997 970; baseline 0.001 -9"><span class='ocrx_word' id='word_1_47' title='bbox 245 935 347 962; x_wconf 78' lang='lat' dir='ltr'><strong>Rursus</strong></span> <span class='ocrx_word' id='word_1_48' title='bbox 373 935 525 970; x_wconf 79' lang='lat' dir='ltr'><strong>evangelica</strong></span> <span class='ocrx_word' id='word_1_49' title='bbox 553 935 629 963; x_wconf 91' lang='lat' dir='ltr'><strong>nobis</strong></span> <span class='ocrx_word' id='word_1_50' title='bbox 651 935 678 963; x_wconf 94' lang='lat' dir='ltr'><strong>in</strong></span> <span class='ocrx_word' id='word_1_51' title='bbox 705 942 799 962; x_wconf 87' lang='lat' dir='ltr'><strong>manus</strong></span> <span class='ocrx_word' id='word_1_52' title='bbox 814 935 942 962; x_wconf 90' lang='lat' dir='ltr'><strong>sumenda</strong></span> <span class='ocrx_word' id='word_1_53' title='bbox 956 940 997 962; x_wconf 88' lang='lat' dir='ltr'><strong>est</strong></span> 
     </span>
    </p>
   </div>
   <div class='ocr_carea' id='block_1_12' title="bbox 205 970 998 1003">
    <p class='ocr_par' dir='ltr' id='par_1_12' title="bbox 205 970 998 1003">
     <span class='ocr_line' id='line_1_12' title="bbox 205 970 998 1003; baseline 0 -5"><span class='ocrx_word' id='word_1_54' title='bbox 205 971 280 1003; x_wconf 85' lang='lat' dir='ltr'><strong>tuba,</strong></span> <span class='ocrx_word' id='word_1_55' title='bbox 296 975 322 998; x_wconf 88' lang='lat' dir='ltr'><strong>et</strong></span> <span class='ocrx_word' id='word_1_56' title='bbox 337 971 440 998; x_wconf 89' lang='lat' dir='ltr'><strong>Domini</strong></span> <span class='ocrx_word' id='word_1_57' title='bbox 454 971 529 998; x_wconf 83' lang='lat' dir='ltr'><strong>vobis</strong></span> <span class='ocrx_word' id='word_1_58' title='bbox 542 971 688 998; x_wconf 80' lang='lat' dir='ltr'><strong>admonitio</strong></span> <span class='ocrx_word' id='word_1_59' title='bbox 702 970 859 998; x_wconf 91' lang='lat' dir='ltr'><strong>enarranda.</strong></span> <span class='ocrx_word' id='word_1_60' title='bbox 872 971 998 998; x_wconf 78' lang='lat' dir='ltr'><strong>Attendite</strong></span> 
     </span>
    </p>
   </div>
   <div class='ocr_carea' id='block_1_13' title="bbox 206 1005 997 1041">
    <p class='ocr_par' dir='ltr' id='par_1_13' title="bbox 206 1005 997 1041">
     <span class='ocr_line' id='line_1_13' title="bbox 206 1005 997 1041; baseline 0 -9"><span class='ocrx_word' id='word_1_61' title='bbox 206 1006 288 1038; x_wconf 83' lang='lat' dir='ltr'><strong>cnim,</strong></span> <span class='ocrx_word' id='word_1_62' title='bbox 303 1006 397 1041; x_wconf 89' lang='lat' dir='ltr'><strong>inquit,</strong></span> <span class='ocrx_word' id='word_1_63' title='bbox 412 1015 427 1033; x_wconf 90' lang='lat' dir='ltr'><strong>a</strong></span> <span class='ocrx_word' id='word_1_64' title='bbox 442 1006 515 1040; x_wconf 75' lang='lat' dir='ltr'><strong>falsis</strong></span> <span class='ocrx_word' id='word_1_65' title='bbox 537 1006 676 1041; x_wconf 82' lang='lat' dir='ltr'><strong>prophetis,</strong></span> <span class='ocrx_word' id='word_1_66' title='bbox 692 1006 734 1041; x_wconf 74' lang='lat' dir='ltr'><strong>qui</strong></span> <span class='ocrx_word' id='word_1_67' title='bbox 755 1007 855 1032; x_wconf 82' lang='lat' dir='ltr'><strong>veniunt</strong></span> <span class='ocrx_word' id='word_1_68' title='bbox 869 1005 902 1032; x_wconf 84' lang='lat' dir='ltr'><strong>ad</strong></span> <span class='ocrx_word' id='word_1_69' title='bbox 915 1014 957 1033; x_wconf 77' lang='lat' dir='ltr'><strong>vos</strong></span> <span class='ocrx_word' id='word_1_70' title='bbox 971 1006 997 1032; x_wconf 84' lang='lat' dir='ltr'><strong>in</strong></span> 
     </span>
    </p>
   </div>
   <div class='ocr_carea' id='block_1_14' title="bbox 206 1041 997 1076">
    <p class='ocr_par' dir='ltr' id='par_1_14' title="bbox 206 1041 997 1076">
     <span class='ocr_line' id='line_1_14' title="bbox 206 1041 997 1076; baseline 0 -8"><span class='ocrx_word' id='word_1_71' title='bbox 206 1042 358 1068; x_wconf 71' lang='lat' dir='ltr'><strong>vestimentis</strong></span> <span class='ocrx_word' id='word_1_72' title='bbox 369 1042 464 1074; x_wconf 82' lang='lat' dir='ltr'><strong>ovium‘,</strong></span> <span class='ocrx_word' id='word_1_73' title='bbox 476 1041 625 1069; x_wconf 67' lang='lat' dir='ltr'><strong>intrinsecus</strong></span> <span class='ocrx_word' id='word_1_74' title='bbox 637 1046 722 1068; x_wconf 83' lang='lat' dir='ltr'><strong>autent</strong></span> <span class='ocrx_word' id='word_1_75' title='bbox 731 1047 789 1069; x_wconf 75' lang='lat' dir='ltr'><strong>sunt</strong></span> <span class='ocrx_word' id='word_1_76' title='bbox 806 1041 860 1076; x_wconf 86' lang='lat' dir='ltr'><strong>lupi</strong></span> <span class='ocrx_word' id='word_1_77' title='bbox 873 1049 997 1076; x_wconf 75' lang='lat' dir='ltr'><strong>rapaces:</strong></span> 
     </span>
    </p>
   </div>
   <div class='ocr_carea' id='block_1_15' title="bbox 205 1076 995 1138">
    <p class='ocr_par' dir='ltr' id='par_1_15' title="bbox 205 1076 995 1138">
     <span class='ocr_line' id='line_1_15' title="bbox 205 1076 995 1138; baseline 0 -35"><span class='ocrx_word' id='word_1_78' title='bbox 205 1085 222 1103; x_wconf 80' lang='grc' dir='ltr'><strong><em>α</em></strong></span> <span class='ocrx_word' id='word_1_79' title='bbox 246 1077 368 1111; x_wconf 78' lang='lat' dir='ltr'><strong>fructibus</strong></span> <span class='ocrx_word' id='word_1_80' title='bbox 393 1085 479 1104; x_wconf 87' lang='lat' dir='ltr'><strong>eorum</strong></span> <span class='ocrx_word' id='word_1_81' title='bbox 504 1077 657 1111; x_wconf 82' lang='lat' dir='ltr'><strong>cognosretis</strong></span> <span class='ocrx_word' id='word_1_82' title='bbox 682 1085 723 1104; x_wconf 79' lang='lat' dir='ltr'><strong>eos</strong></span> <span class='ocrx_word' id='word_1_83' title='bbox 748 1076 762 1138; x_wconf 46' lang='grc' dir='ltr'>ς</span> <span class='ocrx_word' id='word_1_84' title='bbox 775 1076 868 1103; x_wconf 84' lang='lat' dir='ltr'><strong>Matth.</strong></span> <span class='ocrx_word' id='word_1_85' title='bbox 885 1077 910 1103; x_wconf 88' lang='grc'><strong>7.</strong></span> <span class='ocrx_word' id='word_1_86' title='bbox 926 1077 959 1104; x_wconf 62' lang='lat' dir='ltr'><strong>lii</strong></span> <span class='ocrx_word' id='word_1_87' title='bbox 975 1077 995 1107; x_wconf 93' lang='lat'><strong>).</strong></span> 
     </span>
     <span class='ocr_line' id='line_1_16' title="bbox 205 1111 995 1138; baseline 0 0"><span class='ocrx_word' id='word_1_88' title='bbox 205 1111 272 1138; x_wconf 78' lang='lat' dir='ltr'><strong>Nam</strong></span> <span class='ocrx_word' id='word_1_89' title='bbox 288 1120 320 1138; x_wconf 87' lang='lat' dir='ltr'><strong>ex</strong></span> <span class='ocrx_word' id='word_1_90' title='bbox 336 1113 378 1138; x_wconf 90' lang='lat' dir='ltr'><strong>iis.</strong></span> <span class='ocrx_word' id='word_1_91' title='bbox 397 1120 456 1138; x_wconf 64' lang='lat' dir='ltr'><strong>uuae</strong></span> <span class='ocrx_word' id='word_1_92' title='bbox 473 1113 499 1138; x_wconf 94' lang='lat' dir='ltr'><strong>in</strong></span> <span class='ocrx_word' id='word_1_93' title='bbox 512 1112 569 1138; x_wconf 89' lang='lat' dir='ltr'><strong>dies</strong></span> <span class='ocrx_word' id='word_1_94' title='bbox 582 1117 721 1138; x_wconf 75' lang='lat' dir='ltr'><strong>eeruntor.</strong></span> <span class='ocrx_word' id='word_1_95' title='bbox 736 1120 752 1138; x_wconf 93' lang='lat' dir='ltr'><strong>u</strong></span> <span class='ocrx_word' id='word_1_96' title='bbox 764 1113 833 1138; x_wconf 77' lang='lat' dir='ltr'><strong>iique</strong></span> <span class='ocrx_word' id='word_1_97' title='bbox 846 1112 950 1138; x_wconf 81' lang='lat' dir='ltr'><strong>species</strong></span> <span class='ocrx_word' id='word_1_98' title='bbox 960 1112 995 1138; x_wconf 86' lang='lat' dir='ltr'><strong>si-</strong></span> 
     </span>
    </p>
   </div>
   <div class='ocr_carea' id='block_1_16' title="bbox 205 1111 997 1147">
    <p class='ocr_par' dir='ltr' id='par_1_16' title="bbox 205 1111 997 1147">
     <span class='ocr_line' id='line_1_17' title="bbox 205 1111 997 1147; baseline 0.001 -9"><span class='ocrx_word' id='word_1_99' title='bbox 205 1111 272 1138; x_wconf 78' lang='lat' dir='ltr'><strong>Nam</strong></span> <span class='ocrx_word' id='word_1_100' title='bbox 288 1120 320 1139; x_wconf 89' lang='lat' dir='ltr'><strong>ex</strong></span> <span class='ocrx_word' id='word_1_101' title='bbox 336 1113 378 1145; x_wconf 84' lang='lat' dir='ltr'><strong>iis,</strong></span> <span class='ocrx_word' id='word_1_102' title='bbox 397 1120 456 1146; x_wconf 64' lang='lat' dir='ltr'><strong>quae</strong></span> <span class='ocrx_word' id='word_1_103' title='bbox 473 1113 499 1138; x_wconf 92' lang='lat' dir='ltr'><strong>in</strong></span> <span class='ocrx_word' id='word_1_104' title='bbox 512 1112 569 1139; x_wconf 89' lang='lat' dir='ltr'><strong>dies</strong></span> <span class='ocrx_word' id='word_1_105' title='bbox 582 1117 721 1147; x_wconf 81' lang='lat' dir='ltr'><strong>geruntur,</strong></span> <span class='ocrx_word' id='word_1_106' title='bbox 736 1111 833 1146; x_wconf 87' lang='lat' dir='ltr'><strong>ubique</strong></span> <span class='ocrx_word' id='word_1_107' title='bbox 846 1112 950 1147; x_wconf 88' lang='lat' dir='ltr'><strong>species</strong></span> <span class='ocrx_word' id='word_1_108' title='bbox 960 1112 997 1139; x_wconf 86' lang='lat' dir='ltr'><strong>si-</strong></span> 
     </span>
    </p>
   </div>
   <div class='ocr_carea' id='block_1_17' title="bbox 206 1147 996 1182">
    <p class='ocr_par' dir='ltr' id='par_1_17' title="bbox 206 1147 996 1182">
     <span class='ocr_line' id='line_1_18' title="bbox 206 1147 996 1182; baseline 0.003 -10"><span class='ocrx_word' id='word_1_109' title='bbox 206 1147 304 1174; x_wconf 86' lang='lat' dir='ltr'><strong>mulata</strong></span> <span class='ocrx_word' id='word_1_110' title='bbox 318 1147 535 1182; x_wconf 80' lang='lat' dir='ltr'><strong>deprehenditur.</strong></span> <span class='ocrx_word' id='word_1_111' title='bbox 562 1147 691 1182; x_wconf 80' lang='lat' dir='ltr'><strong>siquidem</strong></span> <span class='ocrx_word' id='word_1_112' title='bbox 710 1155 725 1174; x_wconf 89' lang='lat' dir='ltr'><strong>a</strong></span> <span class='ocrx_word' id='word_1_113' title='bbox 751 1148 887 1174; x_wconf 91' lang='lat' dir='ltr'><strong>voluntate</strong></span> <span class='ocrx_word' id='word_1_114' title='bbox 909 1147 996 1174; x_wconf 89' lang='lat' dir='ltr'><strong>dima-</strong></span> 
     </span>
    </p>
   </div>
   <div class='ocr_carea' id='block_1_18' title="bbox 206 1182 996 1217">
    <p class='ocr_par' dir='ltr' id='par_1_18' title="bbox 206 1182 996 1217">
     <span class='ocr_line' id='line_1_19' title="bbox 206 1182 996 1217; baseline 0 -9"><span class='ocrx_word' id='word_1_115' title='bbox 206 1187 272 1209; x_wconf 85' lang='lat' dir='ltr'><strong>nant</strong></span> <span class='ocrx_word' id='word_1_116' title='bbox 285 1183 403 1210; x_wconf 92' lang='lat' dir='ltr'><strong>actiones</strong></span> <span class='ocrx_word' id='word_1_117' title='bbox 416 1191 422 1211; x_wconf 85' lang='lat'>:</span> <span class='ocrx_word' id='word_1_118' title='bbox 437 1183 600 1210; x_wconf 88' lang='lat' dir='ltr'><strong>voluntatem</strong></span> <span class='ocrx_word' id='word_1_119' title='bbox 615 1190 694 1217; x_wconf 89' lang='lat' dir='ltr'><strong>porro</strong></span> <span class='ocrx_word' id='word_1_120' title='bbox 709 1183 876 1210; x_wconf 82' lang='lat' dir='ltr'><strong>venerandus</strong></span> <span class='ocrx_word' id='word_1_121' title='bbox 892 1182 996 1209; x_wconf 87' lang='lat' dir='ltr'><strong>habitus</strong></span> 
     </span>
    </p>
   </div>
   <div class='ocr_carea' id='block_1_19' title="bbox 206 1217 998 1253">
    <p class='ocr_par' dir='ltr' id='par_1_19' title="bbox 206 1217 998 1253">
     <span class='ocr_line' id='line_1_20' title="bbox 206 1217 998 1253; baseline 0.003 -10"><span class='ocrx_word' id='word_1_122' title='bbox 206 1224 259 1244; x_wconf 91' lang='lat' dir='ltr'><strong>non</strong></span> <span class='ocrx_word' id='word_1_123' title='bbox 275 1218 406 1245; x_wconf 92' lang='lat' dir='ltr'><strong>immutat.</strong></span> <span class='ocrx_word' id='word_1_124' title='bbox 424 1218 533 1245; x_wconf 81' lang='lat' dir='ltr'><strong>Frustra</strong></span> <span class='ocrx_word' id='word_1_125' title='bbox 547 1217 625 1253; x_wconf 79' lang='lat' dir='ltr'><strong>igitur</strong></span> <span class='ocrx_word' id='word_1_126' title='bbox 638 1218 743 1245; x_wconf 85' lang='lat' dir='ltr'><strong>labores</strong></span> <span class='ocrx_word' id='word_1_127' title='bbox 764 1218 874 1252; x_wconf 79' lang='lat' dir='ltr'><strong>suscipit</strong></span> <span class='ocrx_word' id='word_1_128' title='bbox 897 1218 937 1244; x_wconf 85' lang='lat' dir='ltr'><strong>vir</strong></span> <span class='ocrx_word' id='word_1_129' title='bbox 950 1218 998 1245; x_wconf 88' lang='lat' dir='ltr'><strong>do—</strong></span> 
     </span>
    </p>
   </div>
   <div class='ocr_carea' id='block_1_20' title="bbox 206 1253 997 1288">
    <p class='ocr_par' dir='ltr' id='par_1_20' title="bbox 206 1253 997 1288">
     <span class='ocr_line' id='line_1_21' title="bbox 206 1253 997 1288; baseline 0.001 -9"><span class='ocrx_word' id='word_1_130' title='bbox 206 1253 278 1280; x_wconf 85' lang='lat' dir='ltr'><strong>losas</strong></span> <span class='ocrx_word' id='word_1_131' title='bbox 290 1254 359 1287; x_wconf 90' lang='lat' dir='ltr'><strong>apud</strong></span> <span class='ocrx_word' id='word_1_132' title='bbox 374 1254 516 1288; x_wconf 73' lang='lat' dir='ltr'><strong>sapientes,</strong></span> <span class='ocrx_word' id='word_1_133' title='bbox 531 1254 575 1288; x_wconf 87' lang='lat' dir='ltr'><strong>qui</strong></span> <span class='ocrx_word' id='word_1_134' title='bbox 590 1261 649 1280; x_wconf 90' lang='lat' dir='ltr'><strong>eum</strong></span> <span class='ocrx_word' id='word_1_135' title='bbox 665 1261 697 1280; x_wconf 80' lang='lat' dir='ltr'><strong>ex</strong></span> <span class='ocrx_word' id='word_1_136' title='bbox 721 1253 848 1280; x_wconf 82' lang='lat' dir='ltr'><strong>fructibus</strong></span> <span class='ocrx_word' id='word_1_137' title='bbox 871 1253 997 1287; x_wconf 74' lang='lat' dir='ltr'><strong>indagare</strong></span> 
     </span>
    </p>
   </div>
   <div class='ocr_carea' id='block_1_21' title="bbox 207 1289 998 1324">
    <p class='ocr_par' dir='ltr' id='par_1_21' title="bbox 207 1289 998 1324">
     <span class='ocr_line' id='line_1_22' title="bbox 207 1289 998 1324; baseline 0.001 -10"><span class='ocrx_word' id='word_1_138' title='bbox 207 1294 336 1322; x_wconf 89' lang='lat' dir='ltr'><strong>possunt,</strong></span> <span class='ocrx_word' id='word_1_139' title='bbox 359 1294 386 1315; x_wconf 88' lang='lat' dir='ltr'><strong>et</strong></span> <span class='ocrx_word' id='word_1_140' title='bbox 399 1289 520 1324; x_wconf 50' lang='lat' dir='ltr'><strong>quisnam</strong></span> <span class='ocrx_word' id='word_1_141' title='bbox 536 1289 570 1315; x_wconf 86' lang='lat' dir='ltr'><strong>sit</strong></span> <span class='ocrx_word' id='word_1_142' title='bbox 586 1296 748 1324; x_wconf 78' lang='lat' dir='ltr'><strong>cognoscere</strong></span> <span class='ocrx_word' id='word_1_143' title='bbox 762 1289 900 1323; x_wconf 81' lang='lat' dir='ltr'><strong>qualisque</strong></span> <span class='ocrx_word' id='word_1_144' title='bbox 913 1289 998 1315; x_wconf 81' lang='lat' dir='ltr'><strong>videa-</strong></span> 
     </span>
    </p>
   </div>
   <div class='ocr_carea' id='block_1_22' title="bbox 208 1323 995 1358">
    <p class='ocr_par' dir='ltr' id='par_1_22' title="bbox 208 1323 995 1358">
     <span class='ocr_line' id='line_1_23' title="bbox 208 1323 995 1358; baseline 0 -8"><span class='ocrx_word' id='word_1_145' title='bbox 208 1328 261 1350; x_wconf 88' lang='lat' dir='ltr'><strong>tur.</strong></span> <span class='ocrx_word' id='word_1_146' title='bbox 289 1324 356 1357; x_wconf 86' lang='lat' dir='ltr'><strong>Quid</strong></span> <span class='ocrx_word' id='word_1_147' title='bbox 374 1324 453 1358; x_wconf 84' lang='lat' dir='ltr'><strong>igitur</strong></span> <span class='ocrx_word' id='word_1_148' title='bbox 470 1324 581 1358; x_wconf 89' lang='lat' dir='ltr'><strong>tcipsum</strong></span> <span class='ocrx_word' id='word_1_149' title='bbox 597 1324 623 1350; x_wconf 93' lang='lat' dir='ltr'><strong>in</strong></span> <span class='ocrx_word' id='word_1_150' title='bbox 637 1324 724 1351; x_wconf 86' lang='lat' dir='ltr'><strong>alieno</strong></span> <span class='ocrx_word' id='word_1_151' title='bbox 744 1323 835 1350; x_wconf 88' lang='lat' dir='ltr'><strong>habitu</strong></span> <span class='ocrx_word' id='word_1_152' title='bbox 851 1324 970 1351; x_wconf 90' lang='lat' dir='ltr'><strong>occultas</strong></span> <span class='ocrx_word' id='word_1_153' title='bbox 985 1325 995 1350; x_wconf 72' lang='grc' dir='ltr'><strong>’ἓ</strong></span> 
     </span>
    </p>
   </div>
   <div class='ocr_carea' id='block_1_23' title="bbox 206 1359 995 1394">
    <p class='ocr_par' dir='ltr' id='par_1_23' title="bbox 206 1359 995 1394">
     <span class='ocr_line' id='line_1_24' title="bbox 206 1359 995 1394; baseline 0.001 -9"><span class='ocrx_word' id='word_1_154' title='bbox 206 1359 273 1392; x_wconf 87' lang='lat' dir='ltr'><strong>Quid</strong></span> <span class='ocrx_word' id='word_1_155' title='bbox 288 1360 364 1386; x_wconf 88' lang='lat' dir='ltr'><strong>ovina</strong></span> <span class='ocrx_word' id='word_1_156' title='bbox 383 1360 450 1392; x_wconf 83' lang='lat' dir='ltr'><strong>pelle</strong></span> <span class='ocrx_word' id='word_1_157' title='bbox 465 1360 553 1394; x_wconf 89' lang='lat' dir='ltr'><strong>lupum</strong></span> <span class='ocrx_word' id='word_1_158' title='bbox 568 1359 732 1386; x_wconf 79' lang='lat' dir='ltr'><strong>abscondis?</strong></span> <span class='ocrx_word' id='word_1_159' title='bbox 748 1359 829 1386; x_wconf 82' lang='lat' dir='ltr'><strong>Paulo</strong></span> <span class='ocrx_word' id='word_1_160' title='bbox 844 1365 902 1393; x_wconf 89' lang='lat' dir='ltr'><strong>post</strong></span> <span class='ocrx_word' id='word_1_161' title='bbox 918 1367 995 1386; x_wconf 91' lang='lat' dir='ltr'><strong>nam-</strong></span> 
     </span>
    </p>
   </div>
   <div class='ocr_carea' id='block_1_24' title="bbox 205 1394 996 1429">
    <p class='ocr_par' dir='ltr' id='par_1_24' title="bbox 205 1394 996 1429">
     <span class='ocr_line' id='line_1_25' title="bbox 205 1394 996 1429; baseline 0.001 -9"><span class='ocrx_word' id='word_1_162' title='bbox 205 1402 258 1428; x_wconf 89' lang='lat' dir='ltr'><strong>que</strong></span> <span class='ocrx_word' id='word_1_163' title='bbox 276 1399 301 1422; x_wconf 91' lang='lat' dir='ltr'><strong>te</strong></span> <span class='ocrx_word' id='word_1_164' title='bbox 324 1395 423 1421; x_wconf 86' lang='lat' dir='ltr'><strong>veritas</strong></span> <span class='ocrx_word' id='word_1_165' title='bbox 443 1394 592 1429; x_wconf 82' lang='lat' dir='ltr'><strong>patefaciet,</strong></span> <span class='ocrx_word' id='word_1_166' title='bbox 607 1399 634 1421; x_wconf 89' lang='lat' dir='ltr'><strong>et</strong></span> <span class='ocrx_word' id='word_1_167' title='bbox 652 1394 714 1421; x_wconf 93' lang='lat' dir='ltr'><strong>dmn</strong></span> <span class='ocrx_word' id='word_1_168' title='bbox 739 1395 876 1421; x_wconf 83' lang='lat' dir='ltr'><strong>veritatem</strong></span> <span class='ocrx_word' id='word_1_169' title='bbox 892 1394 969 1429; x_wconf 82' lang='lat' dir='ltr'><strong>fugis,</strong></span> <span class='ocrx_word' id='word_1_170' title='bbox 981 1402 996 1421; x_wconf 89' lang='lat' dir='ltr'><strong>a</strong></span> 
     </span>
    </p>
   </div>
   <div class='ocr_carea' id='block_1_25' title="bbox 205 1429 995 1464">
    <p class='ocr_par' dir='ltr' id='par_1_25' title="bbox 205 1429 995 1464">
     <span class='ocr_line' id='line_1_26' title="bbox 205 1429 995 1464; baseline 0.001 -9"><span class='ocrx_word' id='word_1_171' title='bbox 205 1430 317 1457; x_wconf 83' lang='lat' dir='ltr'><strong>veritate</strong></span> <span class='ocrx_word' id='word_1_172' title='bbox 332 1430 547 1464; x_wconf 84' lang='lat' dir='ltr'><strong>deprehenderis.</strong></span> <span class='ocrx_word' id='word_1_173' title='bbox 559 1429 614 1457; x_wconf 92' lang='lat' dir='ltr'><strong>Cur</strong></span> <span class='ocrx_word' id='word_1_174' title='bbox 626 1437 764 1457; x_wconf 71' lang='lat' dir='ltr'><strong>sermones</strong></span> <span class='ocrx_word' id='word_1_175' title='bbox 779 1437 832 1461; x_wconf 75' lang='lat' dir='ltr'><strong>prze</strong></span> <span class='ocrx_word' id='word_1_176' title='bbox 845 1435 870 1456; x_wconf 90' lang='lat' dir='ltr'><strong>te</strong></span> <span class='ocrx_word' id='word_1_177' title='bbox 879 1429 931 1457; x_wconf 87' lang='lat' dir='ltr'><strong>fers</strong></span> <span class='ocrx_word' id='word_1_178' title='bbox 948 1430 995 1456; x_wconf 80' lang='lat' dir='ltr'><strong>hu-</strong></span> 
     </span>
    </p>
   </div>
   <div class='ocr_carea' id='block_1_26' title="bbox 207 1464 996 1498">
    <p class='ocr_par' dir='ltr' id='par_1_26' title="bbox 207 1464 996 1498">
     <span class='ocr_line' id='line_1_27' title="bbox 207 1464 996 1498; baseline 0.001 -7"><span class='ocrx_word' id='word_1_179' title='bbox 207 1465 353 1497; x_wconf 90' lang='lat' dir='ltr'><strong>manitatis,</strong></span> <span class='ocrx_word' id='word_1_180' title='bbox 369 1473 478 1498; x_wconf 85' lang='lat' dir='ltr'><strong>asperos</strong></span> <span class='ocrx_word' id='word_1_181' title='bbox 490 1473 579 1492; x_wconf 91' lang='lat' dir='ltr'><strong>mores</strong></span> <span class='ocrx_word' id='word_1_182' title='bbox 596 1465 758 1492; x_wconf 86' lang='lat' dir='ltr'><strong>occultans?</strong></span> <span class='ocrx_word' id='word_1_183' title='bbox 771 1464 828 1491; x_wconf 86' lang='lat' dir='ltr'><strong>Non</strong></span> <span class='ocrx_word' id='word_1_184' title='bbox 843 1465 935 1492; x_wconf 88' lang='lat' dir='ltr'><strong>latebit</strong></span> <span class='ocrx_word' id='word_1_185' title='bbox 951 1473 996 1492; x_wconf 87' lang='lat' dir='ltr'><strong>as-</strong></span> 
     </span>
    </p>
   </div>
   <div class='ocr_carea' id='block_1_27' title="bbox 224 1500 997 1532">
    <p class='ocr_par' dir='ltr' id='par_1_27' title="bbox 224 1500 997 1532">
     <span class='ocr_line' id='line_1_28' title="bbox 224 1500 997 1532; baseline 0.003 -6"><span class='ocrx_word' id='word_1_186' title='bbox 224 1500 306 1527; x_wconf 80' lang='lat' dir='ltr'><strong>critas</strong></span> <span class='ocrx_word' id='word_1_187' title='bbox 319 1505 373 1532; x_wconf 82' lang='lat' dir='ltr'><strong>tua,</strong></span> <span class='ocrx_word' id='word_1_188' title='bbox 389 1500 450 1527; x_wconf 88' lang='lat' dir='ltr'><strong>licet</strong></span> <span class='ocrx_word' id='word_1_189' title='bbox 464 1500 607 1527; x_wconf 86' lang='lat' dir='ltr'><strong>admodum</strong></span> <span class='ocrx_word' id='word_1_190' title='bbox 626 1500 716 1527; x_wconf 84' lang='lat' dir='ltr'><strong>suavis</strong></span> <span class='ocrx_word' id='word_1_191' title='bbox 728 1508 790 1528; x_wconf 81' lang='lat' dir='ltr'><strong>esse</strong></span> <span class='ocrx_word' id='word_1_192' title='bbox 809 1500 928 1528; x_wconf 84' lang='lat' dir='ltr'><strong>simules.</strong></span> <span class='ocrx_word' id='word_1_193' title='bbox 944 1500 997 1528; x_wconf 91' lang='lat' dir='ltr'><strong>Cur</strong></span> 
     </span>
    </p>
   </div>
   <div class='ocr_carea' id='block_1_28' title="bbox 217 1535 996 1567">
    <p class='ocr_par' dir='ltr' id='par_1_28' title="bbox 217 1535 996 1567">
     <span class='ocr_line' id='line_1_29' title="bbox 217 1535 996 1567; baseline 0.001 -5"><span class='ocrx_word' id='word_1_194' title='bbox 217 1535 323 1562; x_wconf 85' lang='lat' dir='ltr'><strong>tabitum</strong></span> <span class='ocrx_word' id='word_1_195' title='bbox 336 1535 424 1562; x_wconf 86' lang='lat' dir='ltr'><strong>induis</strong></span> <span class='ocrx_word' id='word_1_196' title='bbox 432 1536 564 1567; x_wconf 64' lang='lat' dir='ltr'><strong>amicitia&#39;,</strong></span> <span class='ocrx_word' id='word_1_197' title='bbox 574 1543 634 1562; x_wconf 91' lang='lat' dir='ltr'><strong>eum</strong></span> <span class='ocrx_word' id='word_1_198' title='bbox 646 1536 682 1562; x_wconf 90' lang='lat' dir='ltr'><strong>sis</strong></span> <span class='ocrx_word' id='word_1_199' title='bbox 693 1535 798 1562; x_wconf 75' lang='lat' dir='ltr'><strong>hUSlls?</strong></span> <span class='ocrx_word' id='word_1_200' title='bbox 813 1535 870 1562; x_wconf 88' lang='lat' dir='ltr'><strong>Non</strong></span> <span class='ocrx_word' id='word_1_201' title='bbox 884 1536 996 1563; x_wconf 85' lang='lat' dir='ltr'><strong>vivimus</strong></span> 
     </span>
    </p>
   </div>
   <div class='ocr_carea' id='block_1_29' title="bbox 206 1570 995 1605">
    <p class='ocr_par' dir='ltr' id='par_1_29' title="bbox 206 1570 995 1605">
     <span class='ocr_line' id='line_1_30' title="bbox 206 1570 995 1605; baseline 0.001 -8"><span class='ocrx_word' id='word_1_202' title='bbox 206 1570 232 1597; x_wconf 91' lang='lat' dir='ltr'><strong>in</strong></span> <span class='ocrx_word' id='word_1_203' title='bbox 248 1571 365 1598; x_wconf 87' lang='lat' dir='ltr'><strong>tenebris</strong></span> <span class='ocrx_word' id='word_1_204' title='bbox 375 1579 382 1597; x_wconf 87' lang='lat'><strong>:</strong></span> <span class='ocrx_word' id='word_1_205' title='bbox 394 1571 520 1605; x_wconf 82' lang='lat' dir='ltr'><strong>patr-linat</strong></span> <span class='ocrx_word' id='word_1_206' title='bbox 530 1571 672 1602; x_wconf 86' lang='lat' dir='ltr'><strong>occulta,et</strong></span> <span class='ocrx_word' id='word_1_207' title='bbox 688 1570 758 1605; x_wconf 90' lang='lat' dir='ltr'><strong>quod</strong></span> <span class='ocrx_word' id='word_1_208' title='bbox 771 1571 953 1598; x_wconf 85' lang='lat' dir='ltr'><strong>abscondebas</strong></span> <span class='ocrx_word' id='word_1_209' title='bbox 965 1579 995 1598; x_wconf 92' lang='lat' dir='ltr'><strong>o-</strong></span> 
     </span>
    </p>
   </div>
   <div class='ocr_carea' id='block_1_30' title="bbox 207 1606 996 1640">
    <p class='ocr_par' dir='ltr' id='par_1_30' title="bbox 207 1606 996 1640">
     <span class='ocr_line' id='line_1_31' title="bbox 207 1606 996 1640; baseline 0 -8"><span class='ocrx_word' id='word_1_210' title='bbox 207 1606 280 1632; x_wconf 84' lang='lat' dir='ltr'><strong>dium</strong></span> <span class='ocrx_word' id='word_1_211' title='bbox 296 1606 469 1640; x_wconf 84' lang='lat' dir='ltr'><strong>comperitur.</strong></span> <span class='ocrx_word' id='word_1_212' title='bbox 487 1607 541 1634; x_wconf 87' lang='lat' dir='ltr'><strong>Cur</strong></span> <span class='ocrx_word' id='word_1_213' title='bbox 559 1606 703 1633; x_wconf 83' lang='lat' dir='ltr'><strong>amicitiam</strong></span> <span class='ocrx_word' id='word_1_214' title='bbox 717 1606 848 1633; x_wconf 84' lang='lat' dir='ltr'><strong>simulas?</strong></span> <span class='ocrx_word' id='word_1_215' title='bbox 863 1606 917 1633; x_wconf 84' lang='lat' dir='ltr'><strong>Cur</strong></span> <span class='ocrx_word' id='word_1_216' title='bbox 929 1607 996 1634; x_wconf 89' lang='lat' dir='ltr'><strong>adu-</strong></span> 
     </span>
    </p>
   </div>
   <div class='ocr_carea' id='block_1_31' title="bbox 209 1641 996 1675">
    <p class='ocr_par' dir='ltr' id='par_1_31' title="bbox 209 1641 996 1675">
     <span class='ocr_line' id='line_1_32' title="bbox 209 1641 996 1675; baseline 0.001 -8"><span class='ocrx_word' id='word_1_217' title='bbox 209 1641 273 1668; x_wconf 89' lang='lat' dir='ltr'><strong>laris</strong></span> <span class='ocrx_word' id='word_1_218' title='bbox 283 1649 344 1668; x_wconf 87' lang='lat' dir='ltr'><strong>cum</strong></span> <span class='ocrx_word' id='word_1_219' title='bbox 359 1649 411 1668; x_wconf 93' lang='lat' dir='ltr'><strong>non</strong></span> <span class='ocrx_word' id='word_1_220' title='bbox 428 1649 502 1668; x_wconf 85' lang='lat' dir='ltr'><strong>ames</strong></span> <span class='ocrx_word' id='word_1_221' title='bbox 515 1641 526 1666; x_wconf 69' lang='grc' dir='ltr'><strong><em>Ῥ</em></strong></span> <span class='ocrx_word' id='word_1_222' title='bbox 541 1641 635 1668; x_wconf 86' lang='lat' dir='ltr'><strong>Odium</strong></span> <span class='ocrx_word' id='word_1_223' title='bbox 658 1641 749 1668; x_wconf 83' lang='lat' dir='ltr'><strong>istIIa-c</strong></span> <span class='ocrx_word' id='word_1_224' title='bbox 771 1641 815 1668; x_wconf 89' lang='lat' dir='ltr'><strong>tibi</strong></span> <span class='ocrx_word' id='word_1_225' title='bbox 831 1642 914 1675; x_wconf 90' lang='lat' dir='ltr'><strong>pariet</strong></span> <span class='ocrx_word' id='word_1_226' title='bbox 929 1642 996 1668; x_wconf 88' lang='lat' dir='ltr'><strong>adu-</strong></span> 
     </span>
    </p>
   </div>
   <div class='ocr_carea' id='block_1_32' title="bbox 206 1676 997 1710">
    <p class='ocr_par' dir='ltr' id='par_1_32' title="bbox 206 1676 997 1710">
     <span class='ocr_line' id='line_1_33' title="bbox 206 1676 997 1710; baseline 0.001 -8"><span class='ocrx_word' id='word_1_227' title='bbox 206 1676 278 1707; x_wconf 76' lang='lat' dir='ltr'><strong>latio.</strong></span> <span class='ocrx_word' id='word_1_228' title='bbox 294 1681 427 1710; x_wconf 80' lang='lat' dir='ltr'><strong>tamquam</strong></span> <span class='ocrx_word' id='word_1_229' title='bbox 441 1677 474 1704; x_wconf 88' lang='lat' dir='ltr'><strong>ab</strong></span> <span class='ocrx_word' id='word_1_230' title='bbox 488 1676 594 1703; x_wconf 90' lang='lat' dir='ltr'><strong>inimico</strong></span> <span class='ocrx_word' id='word_1_231' title='bbox 610 1684 704 1703; x_wconf 73' lang='lat' dir='ltr'><strong>noxam</strong></span> <span class='ocrx_word' id='word_1_232' title='bbox 718 1676 843 1708; x_wconf 81' lang='lat' dir='ltr'><strong>inferens,</strong></span> <span class='ocrx_word' id='word_1_233' title='bbox 860 1685 911 1704; x_wconf 91' lang='lat' dir='ltr'><strong>non</strong></span> <span class='ocrx_word' id='word_1_234' title='bbox 922 1684 997 1704; x_wconf 86' lang='lat' dir='ltr'><strong>eum-</strong></span> 
     </span>
    </p>
   </div>
   <div class='ocr_carea' id='block_1_33' title="bbox 207 1711 996 1745">
    <p class='ocr_par' dir='ltr' id='par_1_33' title="bbox 207 1711 996 1745">
     <span class='ocr_line' id='line_1_34' title="bbox 207 1711 996 1745; baseline 0 -7"><span class='ocrx_word' id='word_1_235' title='bbox 207 1712 315 1738; x_wconf 88' lang='lat' dir='ltr'><strong>Iuodum</strong></span> <span class='ocrx_word' id='word_1_236' title='bbox 337 1717 366 1738; x_wconf 87' lang='grc' dir='ltr'><strong>ιιι</strong></span> <span class='ocrx_word' id='word_1_237' title='bbox 387 1713 420 1738; x_wconf 91' lang='lat' dir='ltr'><strong>ab</strong></span> <span class='ocrx_word' id='word_1_238' title='bbox 434 1712 531 1739; x_wconf 91' lang='lat' dir='ltr'><strong>amico.</strong></span> <span class='ocrx_word' id='word_1_239' title='bbox 556 1711 662 1738; x_wconf 84' lang='lat' dir='ltr'><strong>Laudas</strong></span> <span class='ocrx_word' id='word_1_240' title='bbox 683 1712 780 1738; x_wconf 89' lang='lat' dir='ltr'><strong>etenim</strong></span> <span class='ocrx_word' id='word_1_241' title='bbox 794 1711 873 1738; x_wconf 91' lang='lat' dir='ltr'><strong>etiam</strong></span> <span class='ocrx_word' id='word_1_242' title='bbox 889 1719 920 1740; x_wconf 90' lang='lat' dir='ltr'><strong>ea</strong></span> <span class='ocrx_word' id='word_1_243' title='bbox 937 1720 996 1745; x_wconf 79' lang='lat' dir='ltr'><strong>qua:</strong></span> 
     </span>
    </p>
   </div>
   <div class='ocr_carea' id='block_1_34' title="bbox 208 1747 995 1780">
    <p class='ocr_par' dir='ltr' id='par_1_34' title="bbox 208 1747 995 1780">
     <span class='ocr_line' id='line_1_35' title="bbox 208 1747 995 1780; baseline 0.003 -8"><span class='ocrx_word' id='word_1_244' title='bbox 208 1755 285 1780; x_wconf 84' lang='lat' dir='ltr'><strong>prava</strong></span> <span class='ocrx_word' id='word_1_245' title='bbox 300 1752 360 1774; x_wconf 87' lang='lat' dir='ltr'><strong>sunt</strong></span> <span class='ocrx_word' id='word_1_246' title='bbox 374 1747 562 1774; x_wconf 85' lang='lat' dir='ltr'><strong>assentationis</strong></span> <span class='ocrx_word' id='word_1_247' title='bbox 575 1754 654 1774; x_wconf 83' lang='lat' dir='ltr'><strong>causa</strong></span> <span class='ocrx_word' id='word_1_248' title='bbox 671 1755 678 1773; x_wconf 84' lang='lat'>:</span> <span class='ocrx_word' id='word_1_249' title='bbox 694 1755 747 1773; x_wconf 93' lang='lat' dir='ltr'><strong>non</strong></span> <span class='ocrx_word' id='word_1_250' title='bbox 761 1751 802 1774; x_wconf 89' lang='lat' dir='ltr'><strong>est</strong></span> <span class='ocrx_word' id='word_1_251' title='bbox 822 1753 911 1774; x_wconf 91' lang='lat' dir='ltr'><strong>autem</strong></span> <span class='ocrx_word' id='word_1_252' title='bbox 927 1747 995 1774; x_wconf 89' lang='lat' dir='ltr'><strong>adeo</strong></span> 
     </span>
    </p>
   </div>
   <div class='ocr_carea' id='block_1_35' title="bbox 207 1782 997 1816">
    <p class='ocr_par' dir='ltr' id='par_1_35' title="bbox 207 1782 997 1816">
     <span class='ocr_line' id='line_1_36' title="bbox 207 1782 997 1816; baseline 0.001 -9"><span class='ocrx_word' id='word_1_253' title='bbox 207 1782 328 1816; x_wconf 84' lang='lat' dir='ltr'><strong>stupidus</strong></span> <span class='ocrx_word' id='word_1_254' title='bbox 343 1782 378 1814; x_wconf 84' lang='lat' dir='ltr'><strong>is,</strong></span> <span class='ocrx_word' id='word_1_255' title='bbox 403 1783 445 1809; x_wconf 89' lang='lat' dir='ltr'><strong>cui</strong></span> <span class='ocrx_word' id='word_1_256' title='bbox 471 1782 606 1814; x_wconf 85' lang='lat' dir='ltr'><strong>adularis;</strong></span> <span class='ocrx_word' id='word_1_257' title='bbox 631 1782 694 1816; x_wconf 88' lang='lat' dir='ltr'><strong>quin</strong></span> <span class='ocrx_word' id='word_1_258' title='bbox 710 1782 798 1816; x_wconf 82' lang='lat' dir='ltr'><strong>potius</strong></span> <span class='ocrx_word' id='word_1_259' title='bbox 813 1782 901 1809; x_wconf 81' lang='lat' dir='ltr'><strong>odisse</strong></span> <span class='ocrx_word' id='word_1_260' title='bbox 917 1782 997 1809; x_wconf 85' lang='lat' dir='ltr'><strong>debet</strong></span> 
     </span>
    </p>
   </div>
   <div class='ocr_carea' id='block_1_36' title="bbox 206 1817 996 1852">
    <p class='ocr_par' dir='ltr' id='par_1_36' title="bbox 206 1817 996 1852">
     <span class='ocr_line' id='line_1_37' title="bbox 206 1817 996 1852; baseline 0.001 -9"><span class='ocrx_word' id='word_1_261' title='bbox 206 1825 304 1850; x_wconf 82' lang='lat' dir='ltr'><strong>etun,a</strong></span> <span class='ocrx_word' id='word_1_262' title='bbox 315 1825 367 1852; x_wconf 92' lang='lat' dir='ltr'><strong>quo</strong></span> <span class='ocrx_word' id='word_1_263' title='bbox 383 1822 491 1852; x_wconf 88' lang='lat' dir='ltr'><strong>propter</strong></span> <span class='ocrx_word' id='word_1_264' title='bbox 506 1821 612 1852; x_wconf 83' lang='lat' dir='ltr'><strong>peccata</strong></span> <span class='ocrx_word' id='word_1_265' title='bbox 627 1818 760 1844; x_wconf 84' lang='lat' dir='ltr'><strong>laudetur.</strong></span> <span class='ocrx_word' id='word_1_266' title='bbox 774 1817 901 1851; x_wconf 88' lang='lat' dir='ltr'><strong>Curjnsti</strong></span> <span class='ocrx_word' id='word_1_267' title='bbox 915 1821 996 1852; x_wconf 86' lang='lat' dir='ltr'><strong>atque</strong></span> 
     </span>
    </p>
   </div>
   <div class='ocr_carea' id='block_1_37' title="bbox 209 1852 996 1887">
    <p class='ocr_par' dir='ltr' id='par_1_37' title="bbox 209 1852 996 1887">
     <span class='ocr_line' id='line_1_38' title="bbox 209 1852 996 1887; baseline -0.001 -8"><span class='ocrx_word' id='word_1_268' title='bbox 209 1854 381 1887; x_wconf 84' lang='lat' dir='ltr'><strong>temperantis</strong></span> <span class='ocrx_word' id='word_1_269' title='bbox 395 1853 440 1879; x_wconf 90' lang='lat' dir='ltr'><strong>tibi</strong></span> <span class='ocrx_word' id='word_1_270' title='bbox 466 1853 575 1887; x_wconf 80' lang='lat' dir='ltr'><strong>ligarant</strong></span> <span class='ocrx_word' id='word_1_271' title='bbox 600 1853 714 1887; x_wconf 78' lang='lat' dir='ltr'><strong>al‘lingis,</strong></span> <span class='ocrx_word' id='word_1_272' title='bbox 733 1860 793 1879; x_wconf 92' lang='lat' dir='ltr'><strong>cum</strong></span> <span class='ocrx_word' id='word_1_273' title='bbox 808 1853 833 1879; x_wconf 91' lang='lat' dir='ltr'><strong>in</strong></span> <span class='ocrx_word' id='word_1_274' title='bbox 849 1852 996 1880; x_wconf 82' lang='lat' dir='ltr'><strong>sceleribus</strong></span> 
     </span>
    </p>
   </div>
   <div class='ocr_carea' id='block_1_38' title="bbox 208 1887 996 1922">
    <p class='ocr_par' dir='ltr' id='par_1_38' title="bbox 208 1887 996 1922">
     <span class='ocr_line' id='line_1_39' title="bbox 208 1887 996 1922; baseline 0 -9"><span class='ocrx_word' id='word_1_275' title='bbox 208 1896 239 1914; x_wconf 89' lang='lat' dir='ltr'><strong>ac</strong></span> <span class='ocrx_word' id='word_1_276' title='bbox 263 1889 378 1915; x_wconf 86' lang='lat' dir='ltr'><strong>lasciviis</strong></span> <span class='ocrx_word' id='word_1_277' title='bbox 394 1887 570 1922; x_wconf 82' lang='lat' dir='ltr'><strong>perseveres?</strong></span> <span class='ocrx_word' id='word_1_278' title='bbox 593 1887 648 1915; x_wconf 90' lang='lat' dir='ltr'><strong>Cur</strong></span> <span class='ocrx_word' id='word_1_279' title='bbox 670 1888 848 1922; x_wconf 73' lang='lat' dir='ltr'><strong>arrogantiam</strong></span> <span class='ocrx_word' id='word_1_280' title='bbox 873 1888 943 1915; x_wconf 92' lang='lat' dir='ltr'><strong>cultu</strong></span> <span class='ocrx_word' id='word_1_281' title='bbox 965 1895 996 1914; x_wconf 90' lang='lat' dir='ltr'><strong>ac</strong></span> 
     </span>
    </p>
   </div>
   <div class='ocr_carea' id='block_1_39' title="bbox 209 1923 996 1956">
    <p class='ocr_par' dir='ltr' id='par_1_39' title="bbox 209 1923 996 1956">
     <span class='ocr_line' id='line_1_40' title="bbox 209 1923 996 1956; baseline 0.001 -8"><span class='ocrx_word' id='word_1_282' title='bbox 209 1930 332 1950; x_wconf 82' lang='lat' dir='ltr'><strong>sermone</strong></span> <span class='ocrx_word' id='word_1_283' title='bbox 350 1923 506 1950; x_wconf 83' lang='lat' dir='ltr'><strong>humilitatis</strong></span> <span class='ocrx_word' id='word_1_284' title='bbox 523 1923 640 1956; x_wconf 86' lang='lat' dir='ltr'><strong>obvelas,</strong></span> <span class='ocrx_word' id='word_1_285' title='bbox 654 1927 679 1949; x_wconf 90' lang='lat' dir='ltr'><strong>et</strong></span> <span class='ocrx_word' id='word_1_286' title='bbox 690 1923 859 1950; x_wconf 82' lang='lat' dir='ltr'><strong>observantia</strong></span> <span class='ocrx_word' id='word_1_287' title='bbox 872 1923 996 1950; x_wconf 88' lang='lat' dir='ltr'><strong>invidiam</strong></span> 
     </span>
    </p>
   </div>
   <div class='ocr_carea' id='block_1_40' title="bbox 207 1957 996 1992">
    <p class='ocr_par' dir='ltr' id='par_1_40' title="bbox 207 1957 996 1992">
     <span class='ocr_line' id='line_1_41' title="bbox 207 1957 996 1992; baseline 0 -8"><span class='ocrx_word' id='word_1_288' title='bbox 207 1958 381 1985; x_wconf 82' lang='lat' dir='ltr'><strong>dissimulas?</strong></span> <span class='ocrx_word' id='word_1_289' title='bbox 396 1957 471 1984; x_wconf 81' lang='lat' dir='ltr'><strong>Nihil</strong></span> <span class='ocrx_word' id='word_1_290' title='bbox 490 1958 556 1984; x_wconf 85' lang='lat' dir='ltr'><strong>enim</strong></span> <span class='ocrx_word' id='word_1_291' title='bbox 570 1963 606 1985; x_wconf 71' lang='lat' dir='ltr'><strong>est</strong></span> <span class='ocrx_word' id='word_1_292' title='bbox 624 1963 756 1992; x_wconf 78' lang='lat' dir='ltr'><strong>opertum,</strong></span> <span class='ocrx_word' id='word_1_293' title='bbox 769 1958 835 1992; x_wconf 82' lang='lat' dir='ltr'><strong>quod</strong></span> <span class='ocrx_word' id='word_1_294' title='bbox 857 1967 907 1985; x_wconf 83' lang='lat' dir='ltr'><strong>non</strong></span> <span class='ocrx_word' id='word_1_295' title='bbox 927 1966 996 1984; x_wconf 81' lang='lat' dir='ltr'><strong>reve-</strong></span> 
     </span>
    </p>
   </div>
   <div class='ocr_carea' id='block_1_41' title="bbox 209 1992 994 2028">
    <p class='ocr_par' dir='ltr' id='par_1_41' title="bbox 209 1992 994 2028">
     <span class='ocr_line' id='line_1_42' title="bbox 209 1992 994 2028; baseline 0 -9"><span class='ocrx_word' id='word_1_296' title='bbox 209 1993 301 2019; x_wconf 80' lang='lat' dir='ltr'><strong>labitur</strong></span> <span class='ocrx_word' id='word_1_297' title='bbox 311 2002 320 2020; x_wconf 92' lang='lat'><strong><em>:</em></strong></span> <span class='ocrx_word' id='word_1_298' title='bbox 331 1998 353 2020; x_wconf 89' lang='lat' dir='ltr'><strong>et</strong></span> <span class='ocrx_word' id='word_1_299' title='bbox 368 1993 494 2020; x_wconf 85' lang='lat' dir='ltr'><strong>occultum</strong></span> <span class='ocrx_word' id='word_1_300' title='bbox 505 2014 512 2025; x_wconf 89' lang='lat'><strong>,</strong></span> <span class='ocrx_word' id='word_1_301' title='bbox 523 1993 590 2028; x_wconf 79' lang='lat' dir='ltr'><strong>quod</strong></span> <span class='ocrx_word' id='word_1_302' title='bbox 603 2002 653 2020; x_wconf 84' lang='lat' dir='ltr'><strong>non</strong></span> <span class='ocrx_word' id='word_1_303' title='bbox 665 1993 757 2020; x_wconf 75' lang='lat' dir='ltr'><strong>scietur</strong></span> <span class='ocrx_word' id='word_1_304' title='bbox 765 1992 871 2028; x_wconf 81' lang='lat' dir='ltr'><strong>(Matth.</strong></span> <span class='ocrx_word' id='word_1_305' title='bbox 884 1993 927 2020; x_wconf 86' lang='lat' dir='ltr'><strong>l0.</strong></span> <span class='ocrx_word' id='word_1_306' title='bbox 937 1992 994 2028; x_wconf 67' lang='lat'><strong>26).</strong></span> 
     </span>
    </p>
   </div>
   <div class='ocr_carea' id='block_1_42' title="bbox 244 2027 996 2062">
    <p class='ocr_par' dir='ltr' id='par_1_42' title="bbox 244 2027 996 2062">
     <span class='ocr_line' id='line_1_43' title="bbox 244 2027 996 2062; baseline 0 -8"><span class='ocrx_word' id='word_1_307' title='bbox 244 2029 339 2055; x_wconf 78' lang='lat' dir='ltr'><strong>Malum</strong></span> <span class='ocrx_word' id='word_1_308' title='bbox 351 2033 392 2055; x_wconf 89' lang='lat' dir='ltr'><strong>est</strong></span> <span class='ocrx_word' id='word_1_309' title='bbox 402 2028 517 2054; x_wconf 85' lang='lat' dir='ltr'><strong>hominis</strong></span> <span class='ocrx_word' id='word_1_310' title='bbox 527 2028 653 2062; x_wconf 91' lang='lat' dir='ltr'><strong>probrum</strong></span> <span class='ocrx_word' id='word_1_311' title='bbox 669 2028 851 2055; x_wconf 84' lang='lat' dir='ltr'><strong>mendacium:</strong></span> <span class='ocrx_word' id='word_1_312' title='bbox 865 2027 996 2062; x_wconf 68' lang='lat' dir='ltr'><strong>fugiamus</strong></span> 
     </span>
    </p>
   </div>
   <div class='ocr_carea' id='block_1_43' title="bbox 208 2063 996 2097">
    <p class='ocr_par' dir='ltr' id='par_1_43' title="bbox 208 2063 996 2097">
     <span class='ocr_line' id='line_1_44' title="bbox 208 2063 996 2097; baseline 0.003 -9"><span class='ocrx_word' id='word_1_313' title='bbox 208 2063 243 2089; x_wconf 87' lang='lat' dir='ltr'><strong>ob</strong></span> <span class='ocrx_word' id='word_1_314' title='bbox 265 2063 431 2090; x_wconf 85' lang='lat' dir='ltr'><strong>mendacium</strong></span> <span class='ocrx_word' id='word_1_315' title='bbox 448 2063 579 2097; x_wconf 86' lang='lat' dir='ltr'><strong>objectam</strong></span> <span class='ocrx_word' id='word_1_316' title='bbox 594 2063 819 2095; x_wconf 88' lang='lat' dir='ltr'><strong>criminationem,</strong></span> <span class='ocrx_word' id='word_1_317' title='bbox 836 2071 869 2090; x_wconf 87' lang='lat' dir='ltr'><strong>ne</strong></span> <span class='ocrx_word' id='word_1_318' title='bbox 885 2064 930 2090; x_wconf 86' lang='lat' dir='ltr'><strong>tibi</strong></span> <span class='ocrx_word' id='word_1_319' title='bbox 946 2064 996 2097; x_wconf 72' lang='lat' dir='ltr'><strong>ipsi</strong></span> 
     </span>
    </p>
   </div>
   <div class='ocr_carea' id='block_1_44' title="bbox 208 2098 995 2133">
    <p class='ocr_par' dir='ltr' id='par_1_44' title="bbox 208 2098 995 2133">
     <span class='ocr_line' id='line_1_45' title="bbox 208 2098 995 2133; baseline 0.001 -9"><span class='ocrx_word' id='word_1_320' title='bbox 208 2098 278 2132; x_wconf 89' lang='lat' dir='ltr'><strong>apud</strong></span> <span class='ocrx_word' id='word_1_321' title='bbox 294 2098 408 2125; x_wconf 90' lang='lat' dir='ltr'><strong>amicum</strong></span> <span class='ocrx_word' id='word_1_322' title='bbox 422 2098 500 2125; x_wconf 80' lang='lat' dir='ltr'><strong>fidem</strong></span> <span class='ocrx_word' id='word_1_323' title='bbox 514 2098 642 2133; x_wconf 62' lang='lat' dir='ltr'><strong>deroges,‘</strong></span> <span class='ocrx_word' id='word_1_324' title='bbox 652 2103 681 2125; x_wconf 93' lang='lat' dir='ltr'><strong>ut</strong></span> <span class='ocrx_word' id='word_1_325' title='bbox 699 2106 732 2125; x_wconf 92' lang='lat' dir='ltr'><strong>ne</strong></span> <span class='ocrx_word' id='word_1_326' title='bbox 747 2103 802 2125; x_wconf 93' lang='lat' dir='ltr'><strong>tum</strong></span> <span class='ocrx_word' id='word_1_327' title='bbox 816 2106 921 2133; x_wconf 88' lang='lat' dir='ltr'><strong>quoque</strong></span> <span class='ocrx_word' id='word_1_328' title='bbox 935 2106 995 2126; x_wconf 90' lang='lat' dir='ltr'><strong>cum</strong></span> 
     </span>
    </p>
   </div>
   <div class='ocr_carea' id='block_1_45' title="bbox 211 2133 996 2168">
    <p class='ocr_par' dir='ltr' id='par_1_45' title="bbox 211 2133 996 2168">
     <span class='ocr_line' id='line_1_46' title="bbox 211 2133 996 2168; baseline 0.001 -9"><span class='ocrx_word' id='word_1_329' title='bbox 211 2141 270 2160; x_wconf 87' lang='lat' dir='ltr'><strong>vera</strong></span> <span class='ocrx_word' id='word_1_330' title='bbox 293 2141 395 2166; x_wconf 89' lang='lat' dir='ltr'><strong>narras,</strong></span> <span class='ocrx_word' id='word_1_331' title='bbox 412 2142 464 2160; x_wconf 92' lang='lat' dir='ltr'><strong>nou</strong></span> <span class='ocrx_word' id='word_1_332' title='bbox 482 2134 597 2168; x_wconf 89' lang='lat' dir='ltr'><strong>amplius</strong></span> <span class='ocrx_word' id='word_1_333' title='bbox 622 2133 687 2161; x_wconf 86' lang='lat' dir='ltr'><strong>lich</strong></span> <span class='ocrx_word' id='word_1_334' title='bbox 710 2133 838 2161; x_wconf 86' lang='lat' dir='ltr'><strong>habeatur</strong></span> <span class='ocrx_word' id='word_1_335' title='bbox 853 2143 859 2160; x_wconf 91' lang='lat'>:</span> <span class='ocrx_word' id='word_1_336' title='bbox 879 2142 939 2161; x_wconf 91' lang='lat' dir='ltr'><strong>nam</strong></span> <span class='ocrx_word' id='word_1_337' title='bbox 952 2134 996 2168; x_wconf 89' lang='lat' dir='ltr'><strong>qui</strong></span> 
     </span>
    </p>
   </div>
   <div class='ocr_carea' id='block_1_46' title="bbox 210 2168 995 2204">
    <p class='ocr_par' dir='ltr' id='par_1_46' title="bbox 210 2168 995 2204">
     <span class='ocr_line' id='line_1_47' title="bbox 210 2168 995 2204; baseline 0.001 -10"><span class='ocrx_word' id='word_1_338' title='bbox 210 2168 235 2194; x_wconf 92' lang='lat' dir='ltr'><strong>iu</strong></span> <span class='ocrx_word' id='word_1_339' title='bbox 246 2175 300 2204; x_wconf 86' lang='lat' dir='ltr'><strong>uno</strong></span> <span class='ocrx_word' id='word_1_340' title='bbox 312 2168 426 2195; x_wconf 83' lang='lat' dir='ltr'><strong>mendax</strong></span> <span class='ocrx_word' id='word_1_341' title='bbox 441 2168 623 2204; x_wconf 82' lang='lat' dir='ltr'><strong>deprehensus</strong></span> <span class='ocrx_word' id='word_1_342' title='bbox 639 2174 689 2202; x_wconf 79' lang='lat' dir='ltr'><strong>est,</strong></span> <span class='ocrx_word' id='word_1_343' title='bbox 706 2176 759 2196; x_wconf 92' lang='lat' dir='ltr'><strong>uon</strong></span> <span class='ocrx_word' id='word_1_344' title='bbox 773 2169 887 2204; x_wconf 87' lang='lat' dir='ltr'><strong>amplius</strong></span> <span class='ocrx_word' id='word_1_345' title='bbox 900 2169 995 2204; x_wconf 79' lang='lat' dir='ltr'><strong>dignus</strong></span> 
     </span>
    </p>
   </div>
   <div class='ocr_carea' id='block_1_47' title="bbox 208 2203 997 2240">
    <p class='ocr_par' dir='ltr' id='par_1_47' title="bbox 208 2203 997 2240">
     <span class='ocr_line' id='line_1_48' title="bbox 208 2203 997 2240; baseline 0 -9"><span class='ocrx_word' id='word_1_346' title='bbox 208 2203 314 2240; x_wconf 76' lang='lat' dir='ltr'><strong>estcui,</strong></span> <span class='ocrx_word' id='word_1_347' title='bbox 330 2203 393 2231; x_wconf 90' lang='lat' dir='ltr'><strong>licet</strong></span> <span class='ocrx_word' id='word_1_348' title='bbox 407 2212 468 2231; x_wconf 89' lang='lat' dir='ltr'><strong>vera</strong></span> <span class='ocrx_word' id='word_1_349' title='bbox 482 2204 598 2237; x_wconf 88' lang='lat' dir='ltr'><strong>dicenti,</strong></span> <span class='ocrx_word' id='word_1_350' title='bbox 614 2205 747 2231; x_wconf 86' lang='lat' dir='ltr'><strong>credatur.</strong></span> <span class='ocrx_word' id='word_1_351' title='bbox 758 2203 942 2240; x_wconf 23' lang='lat' dir='ltr'><strong>iLoq’uijusta,</strong></span> <span class='ocrx_word' id='word_1_352' title='bbox 957 2205 997 2231; x_wconf 90' lang='lat' dir='ltr'><strong>in-</strong></span> 
     </span>
    </p>
   </div>
   <div class='ocr_carea' id='block_1_48' title="bbox 209 2239 997 2274">
    <p class='ocr_par' dir='ltr' id='par_1_48' title="bbox 209 2239 997 2274">
     <span class='ocr_line' id='line_1_49' title="bbox 209 2239 997 2274; baseline 0 -9"><span class='ocrx_word' id='word_1_353' title='bbox 209 2239 276 2272; x_wconf 85' lang='lat' dir='ltr'><strong>quit,</strong></span> <span class='ocrx_word' id='word_1_354' title='bbox 290 2243 314 2266; x_wconf 90' lang='lat' dir='ltr'><strong>et</strong></span> <span class='ocrx_word' id='word_1_355' title='bbox 337 2247 449 2266; x_wconf 70' lang='lat' dir='ltr'><strong>ueracem</strong></span> <span class='ocrx_word' id='word_1_356' title='bbox 471 2248 533 2272; x_wconf 82' lang='lat' dir='ltr'><strong>esse,</strong></span> <span class='ocrx_word' id='word_1_357' title='bbox 551 2240 644 2274; x_wconf 85' lang='lat' dir='ltr'><strong>placita</strong></span> <span class='ocrx_word' id='word_1_358' title='bbox 668 2244 726 2266; x_wconf 86' lang='lat' dir='ltr'><strong>sunt</strong></span> <span class='ocrx_word' id='word_1_359' title='bbox 750 2239 804 2267; x_wconf 82' lang='lat' dir='ltr'><strong>Deo</strong></span> <span class='ocrx_word' id='word_1_360' title='bbox 828 2241 908 2274; x_wconf 84' lang='lat' dir='ltr'><strong>magis</strong></span> <span class='ocrx_word' id='word_1_361' title='bbox 921 2248 997 2274; x_wconf 81' lang='lat' dir='ltr'><strong>quam</strong></span> 
     </span>
    </p>
   </div>
   <div class='ocr_carea' id='block_1_49' title="bbox 207 2273 996 2310">
    <p class='ocr_par' dir='ltr' id='par_1_49' title="bbox 207 2273 996 2310">
     <span class='ocr_line' id='line_1_50' title="bbox 207 2273 996 2310; baseline 0.001 -10"><span class='ocrx_word' id='word_1_362' title='bbox 207 2273 483 2310; x_wconf 53' lang='lat' dir='ltr'><strong>haetiammsanguiﬁ</strong></span> <span class='ocrx_word' id='word_1_363' title='bbox 502 2273 578 2301; x_wconf 82' lang='lat' dir='ltr'><strong>Prov.</strong></span> <span class='ocrx_word' id='word_1_364' title='bbox 593 2275 639 2302; x_wconf 68' lang='grc' dir='ltr'><strong>Ἠ.</strong></span> <span class='ocrx_word' id='word_1_365' title='bbox 658 2275 675 2302; x_wconf 78' lang='grc'><strong>5</strong></span> <span class='ocrx_word' id='word_1_366' title='bbox 689 2276 709 2310; x_wconf 91' lang='grc'><strong>).</strong></span> <span class='ocrx_word' id='word_1_367' title='bbox 734 2275 835 2302; x_wconf 91' lang='lat' dir='ltr'><strong>Donum</strong></span> <span class='ocrx_word' id='word_1_368' title='bbox 857 2273 996 2309; x_wconf 77' lang='lat' dir='ltr'><strong>acceptum</strong></span> 
     </span>
    </p>
   </div>
   <div class='ocr_carea' id='block_1_50' title="bbox 209 2309 998 2343">
    <p class='ocr_par' dir='ltr' id='par_1_50' title="bbox 209 2309 998 2343">
     <span class='ocr_line' id='line_1_51' title="bbox 209 2309 998 2343; baseline 0.001 -7"><span class='ocrx_word' id='word_1_369' title='bbox 209 2309 306 2337; x_wconf 73' lang='lat' dir='ltr'><strong>oﬂeres</strong></span> <span class='ocrx_word' id='word_1_370' title='bbox 317 2310 371 2337; x_wconf 88' lang='lat' dir='ltr'><strong>Deo</strong></span> <span class='ocrx_word' id='word_1_371' title='bbox 385 2331 393 2343; x_wconf 89' lang='lat'><strong>,</strong></span> <span class='ocrx_word' id='word_1_372' title='bbox 407 2309 486 2337; x_wconf 80' lang='lat' dir='ltr'><strong>ﬁdem</strong></span> <span class='ocrx_word' id='word_1_373' title='bbox 502 2318 532 2337; x_wconf 88' lang='lat' dir='ltr'><strong>ac</strong></span> <span class='ocrx_word' id='word_1_374' title='bbox 547 2311 696 2338; x_wconf 84' lang='lat' dir='ltr'><strong>veritatem.</strong></span> <span class='ocrx_word' id='word_1_375' title='bbox 708 2310 796 2338; x_wconf 83' lang='lat' dir='ltr'><strong>Facile</strong></span> <span class='ocrx_word' id='word_1_376' title='bbox 812 2310 858 2337; x_wconf 91' lang='lat' dir='ltr'><strong>tibi</strong></span> <span class='ocrx_word' id='word_1_377' title='bbox 872 2315 913 2338; x_wconf 87' lang='lat' dir='ltr'><strong>est</strong></span> <span class='ocrx_word' id='word_1_378' title='bbox 930 2310 998 2337; x_wconf 90' lang='lat' dir='ltr'><strong>alio-</strong></span> 
     </span>
    </p>
   </div>
   <div class='ocr_carea' id='block_1_51' title="bbox 209 2345 997 2380">
    <p class='ocr_par' dir='ltr' id='par_1_51' title="bbox 209 2345 997 2380">
     <span class='ocr_line' id='line_1_52' title="bbox 209 2345 997 2380; baseline 0.001 -9"><span class='ocrx_word' id='word_1_379' title='bbox 209 2345 272 2379; x_wconf 91' lang='lat' dir='ltr'><strong>quin</strong></span> <span class='ocrx_word' id='word_1_380' title='bbox 284 2349 312 2372; x_wconf 91' lang='lat' dir='ltr'><strong>ut</strong></span> <span class='ocrx_word' id='word_1_381' title='bbox 326 2352 380 2378; x_wconf 87' lang='lat' dir='ltr'><strong>res,</strong></span> <span class='ocrx_word' id='word_1_382' title='bbox 397 2345 433 2372; x_wconf 93' lang='lat' dir='ltr'><strong>uti</strong></span> <span class='ocrx_word' id='word_1_383' title='bbox 445 2350 516 2377; x_wconf 90' lang='lat' dir='ltr'><strong>sunt,</strong></span> <span class='ocrx_word' id='word_1_384' title='bbox 530 2345 674 2380; x_wconf 87' lang='lat' dir='ltr'><strong>eloquaris,</strong></span> <span class='ocrx_word' id='word_1_385' title='bbox 685 2353 737 2373; x_wconf 91' lang='lat' dir='ltr'><strong>non</strong></span> <span class='ocrx_word' id='word_1_386' title='bbox 750 2349 779 2373; x_wconf 91' lang='lat' dir='ltr'><strong>ut</strong></span> <span class='ocrx_word' id='word_1_387' title='bbox 793 2353 849 2378; x_wconf 83' lang='lat' dir='ltr'><strong>eas,</strong></span> <span class='ocrx_word' id='word_1_388' title='bbox 862 2353 920 2380; x_wconf 72' lang='lat' dir='ltr'><strong>qua:</strong></span> <span class='ocrx_word' id='word_1_389' title='bbox 933 2353 997 2372; x_wconf 91' lang='lat' dir='ltr'><strong>nus-</strong></span> 
     </span>
    </p>
   </div>
   <div class='ocr_carea' id='block_1_52' title="bbox 209 2380 998 2414">
    <p class='ocr_par' dir='ltr' id='par_1_52' title="bbox 209 2380 998 2414">
     <span class='ocr_line' id='line_1_53' title="bbox 209 2380 998 2414; baseline 0.001 -8"><span class='ocrx_word' id='word_1_390' title='bbox 209 2388 289 2414; x_wconf 85' lang='lat' dir='ltr'><strong>quam</strong></span> <span class='ocrx_word' id='word_1_391' title='bbox 304 2385 376 2414; x_wconf 88' lang='lat' dir='ltr'><strong>sunt,</strong></span> <span class='ocrx_word' id='word_1_392' title='bbox 388 2381 619 2408; x_wconf 89' lang='lat' dir='ltr'><strong>comminiscaris:</strong></span> <span class='ocrx_word' id='word_1_393' title='bbox 636 2389 690 2408; x_wconf 89' lang='lat' dir='ltr'><strong>non</strong></span> <span class='ocrx_word' id='word_1_394' title='bbox 705 2381 777 2408; x_wconf 90' lang='lat' dir='ltr'><strong>enim</strong></span> <span class='ocrx_word' id='word_1_395' title='bbox 792 2380 924 2408; x_wconf 86' lang='lat' dir='ltr'><strong>Iahorabis</strong></span> <span class='ocrx_word' id='word_1_396' title='bbox 933 2388 998 2408; x_wconf 86' lang='lat' dir='ltr'><strong>con—</strong></span> 
     </span>
    </p>
   </div>
   <div class='ocr_carea' id='block_1_53' title="bbox 209 2415 997 2451">
    <p class='ocr_par' dir='ltr' id='par_1_53' title="bbox 209 2415 997 2451">
     <span class='ocr_line' id='line_1_54' title="bbox 209 2415 997 2451; baseline 0.003 -10"><span class='ocrx_word' id='word_1_397' title='bbox 209 2415 319 2442; x_wconf 88' lang='lat' dir='ltr'><strong>uitendo</strong></span> <span class='ocrx_word' id='word_1_398' title='bbox 333 2420 424 2451; x_wconf 86' lang='lat' dir='ltr'><strong>utpro</strong></span> <span class='ocrx_word' id='word_1_399' title='bbox 438 2415 548 2444; x_wconf 88' lang='lat' dir='ltr'><strong>veritate</strong></span> <span class='ocrx_word' id='word_1_400' title='bbox 559 2416 724 2443; x_wconf 84' lang='lat' dir='ltr'><strong>mendacium</strong></span> <span class='ocrx_word' id='word_1_401' title='bbox 738 2416 901 2448; x_wconf 85' lang='lat' dir='ltr'><strong>admittatur,</strong></span> <span class='ocrx_word' id='word_1_402' title='bbox 912 2423 997 2451; x_wconf 86' lang='lat' dir='ltr'><strong>neque</strong></span> 
     </span>
    </p>
   </div>
   <div class='ocr_carea' id='block_1_54' title="bbox 210 2450 995 2486">
    <p class='ocr_par' dir='ltr' id='par_1_54' title="bbox 210 2450 995 2486">
     <span class='ocr_line' id='line_1_55' title="bbox 210 2450 995 2486; baseline 0.003 -10"><span class='ocrx_word' id='word_1_403' title='bbox 210 2450 263 2477; x_wconf 87' lang='lat' dir='ltr'><strong>ulla</strong></span> <span class='ocrx_word' id='word_1_404' title='bbox 278 2451 303 2477; x_wconf 93' lang='lat' dir='ltr'><strong>in</strong></span> <span class='ocrx_word' id='word_1_405' title='bbox 320 2458 348 2478; x_wconf 84' lang='lat' dir='ltr'><strong>re</strong></span> <span class='ocrx_word' id='word_1_406' title='bbox 363 2450 469 2478; x_wconf 83' lang='lat' dir='ltr'><strong>fatisces</strong></span> <span class='ocrx_word' id='word_1_407' title='bbox 481 2452 615 2478; x_wconf 90' lang='lat' dir='ltr'><strong>contraria</strong></span> <span class='ocrx_word' id='word_1_408' title='bbox 631 2451 678 2478; x_wconf 92' lang='lat' dir='ltr'><strong>tibi</strong></span> <span class='ocrx_word' id='word_1_409' title='bbox 692 2451 741 2486; x_wconf 90' lang='lat' dir='ltr'><strong>ipsi</strong></span> <span class='ocrx_word' id='word_1_410' title='bbox 757 2451 890 2486; x_wconf 85' lang='lat' dir='ltr'><strong>loquendo</strong></span> <span class='ocrx_word' id='word_1_411' title='bbox 912 2459 919 2478; x_wconf 90' lang='lat'><strong>:</strong></span> <span class='ocrx_word' id='word_1_412' title='bbox 942 2459 995 2478; x_wconf 89' lang='lat' dir='ltr'><strong>non</strong></span> 
     </span>
    </p>
   </div>
   <div class='ocr_carea' id='block_1_55' title="bbox 210 2486 996 2520">
    <p class='ocr_par' dir='ltr' id='par_1_55' title="bbox 210 2486 996 2520">
     <span class='ocr_line' id='line_1_56' title="bbox 210 2486 996 2520; baseline 0.003 -9"><span class='ocrx_word' id='word_1_413' title='bbox 210 2486 280 2512; x_wconf 83' lang='lat' dir='ltr'><strong>enim</strong></span> <span class='ocrx_word' id='word_1_414' title='bbox 294 2486 342 2513; x_wconf 89' lang='lat' dir='ltr'><strong>sibi</strong></span> <span class='ocrx_word' id='word_1_415' title='bbox 357 2487 405 2520; x_wconf 88' lang='lat' dir='ltr'><strong>ipsi</strong></span> <span class='ocrx_word' id='word_1_416' title='bbox 419 2494 552 2514; x_wconf 88' lang='lat' dir='ltr'><strong>consonus</strong></span> <span class='ocrx_word' id='word_1_417' title='bbox 566 2492 607 2514; x_wconf 87' lang='lat' dir='ltr'><strong>est</strong></span> <span class='ocrx_word' id='word_1_418' title='bbox 620 2494 710 2514; x_wconf 90' lang='lat' dir='ltr'><strong>sermo</strong></span> <span class='ocrx_word' id='word_1_419' title='bbox 721 2486 844 2514; x_wconf 84' lang='lat' dir='ltr'><strong>mendax.</strong></span> <span class='ocrx_word' id='word_1_420' title='bbox 854 2486 910 2512; x_wconf 88' lang='lat' dir='ltr'><strong>Non</strong></span> <span class='ocrx_word' id='word_1_421' title='bbox 925 2486 996 2520; x_wconf 89' lang='lat' dir='ltr'><strong>quod</strong></span> 
     </span>
    </p>
   </div>
   <div class='ocr_carea' id='block_1_56' title="bbox 210 2521 995 2557">
    <p class='ocr_par' dir='ltr' id='par_1_56' title="bbox 210 2521 995 2557">
     <span class='ocr_line' id='line_1_57' title="bbox 210 2521 995 2557; baseline 0.003 -10"><span class='ocrx_word' id='word_1_422' title='bbox 210 2521 438 2557; x_wconf 82' lang='lat' dir='ltr'><strong>aliisimposueris</strong></span> <span class='ocrx_word' id='word_1_423' title='bbox 449 2522 589 2549; x_wconf 84' lang='lat' dir='ltr'><strong>erubesces</strong></span> <span class='ocrx_word' id='word_1_424' title='bbox 603 2526 641 2554; x_wconf 92' lang='lat' dir='ltr'><strong>tu,</strong></span> <span class='ocrx_word' id='word_1_425' title='bbox 655 2522 698 2557; x_wconf 90' lang='lat' dir='ltr'><strong>qui</strong></span> <span class='ocrx_word' id='word_1_426' title='bbox 713 2522 850 2548; x_wconf 82' lang='lat' dir='ltr'><strong>veritatem</strong></span> <span class='ocrx_word' id='word_1_427' title='bbox 863 2521 995 2549; x_wconf 88' lang='lat' dir='ltr'><strong>custodis:</strong></span> 
     </span>
    </p>
   </div>
   <div class='ocr_carea' id='block_1_57' title="bbox 209 2555 996 2592">
    <p class='ocr_par' dir='ltr' id='par_1_57' title="bbox 209 2555 996 2592">
     <span class='ocr_line' id='line_1_58' title="bbox 209 2555 996 2592; baseline 0.001 -10"><span class='ocrx_word' id='word_1_428' title='bbox 209 2555 381 2591; x_wconf 77' lang='lat' dir='ltr'><strong>jurejurando</strong></span> <span class='ocrx_word' id='word_1_429' title='bbox 405 2557 456 2584; x_wconf 80' lang='lat' dir='ltr'><strong>[ide</strong></span> <span class='ocrx_word' id='word_1_430' title='bbox 481 2557 630 2592; x_wconf 76' lang='lat' dir='ltr'><strong>digniorem</strong></span> <span class='ocrx_word' id='word_1_431' title='bbox 654 2555 731 2584; x_wconf 77' lang='lat' dir='ltr'><strong>amici</strong></span> <span class='ocrx_word' id='word_1_432' title='bbox 758 2561 829 2584; x_wconf 89' lang='lat' dir='ltr'><strong>tuam</strong></span> <span class='ocrx_word' id='word_1_433' title='bbox 849 2557 996 2583; x_wconf 85' lang='lat' dir='ltr'><strong>orationem</strong></span> 
     </span>
    </p>
   </div>
   <div class='ocr_carea' id='block_1_58' title="bbox 210 2591 997 2627">
    <p class='ocr_par' dir='ltr' id='par_1_58' title="bbox 210 2591 997 2627">
     <span class='ocr_line' id='line_1_59' title="bbox 210 2591 997 2627; baseline 0.003 -10"><span class='ocrx_word' id='word_1_434' title='bbox 210 2591 366 2623; x_wconf 85' lang='lat' dir='ltr'><strong>censebunt,</strong></span> <span class='ocrx_word' id='word_1_435' title='bbox 382 2600 414 2619; x_wconf 89' lang='lat' dir='ltr'><strong>ac</strong></span> <span class='ocrx_word' id='word_1_436' title='bbox 439 2591 590 2619; x_wconf 84' lang='lat' dir='ltr'><strong>testimonio</strong></span> <span class='ocrx_word' id='word_1_437' title='bbox 604 2592 697 2627; x_wconf 81' lang='lat' dir='ltr'><strong>quovis</strong></span> <span class='ocrx_word' id='word_1_438' title='bbox 708 2592 880 2626; x_wconf 89' lang='lat' dir='ltr'><strong>jurejurando</strong></span> <span class='ocrx_word' id='word_1_439' title='bbox 893 2591 997 2619; x_wconf 85' lang='lat' dir='ltr'><strong>ﬁrmato</strong></span> 
     </span>
    </p>
   </div>
   <div class='ocr_carea' id='block_1_59' title="bbox 209 2627 996 2662">
    <p class='ocr_par' dir='ltr' id='par_1_59' title="bbox 209 2627 996 2662">
     <span class='ocr_line' id='line_1_60' title="bbox 209 2627 996 2662; baseline 0.001 -9"><span class='ocrx_word' id='word_1_440' title='bbox 209 2627 309 2653; x_wconf 85' lang='lat' dir='ltr'><strong>certius</strong></span> <span class='ocrx_word' id='word_1_441' title='bbox 324 2627 386 2653; x_wconf 91' lang='lat' dir='ltr'><strong>illud</strong></span> <span class='ocrx_word' id='word_1_442' title='bbox 401 2627 472 2661; x_wconf 87' lang='lat' dir='ltr'><strong>quod</strong></span> <span class='ocrx_word' id='word_1_443' title='bbox 493 2627 600 2660; x_wconf 84' lang='lat' dir='ltr'><strong>dixeris,</strong></span> <span class='ocrx_word' id='word_1_444' title='bbox 618 2633 750 2662; x_wconf 83' lang='lat' dir='ltr'><strong>tamquam</strong></span> <span class='ocrx_word' id='word_1_445' title='bbox 763 2628 864 2662; x_wconf 90' lang='lat' dir='ltr'><strong>justum</strong></span> <span class='ocrx_word' id='word_1_446' title='bbox 877 2631 903 2654; x_wconf 89' lang='lat' dir='ltr'><strong>et</strong></span> <span class='ocrx_word' id='word_1_447' title='bbox 918 2627 996 2654; x_wconf 87' lang='lat' dir='ltr'><strong>indu-</strong></span> 
     </span>
    </p>
   </div>
   <div class='ocr_carea' id='block_1_60' title="bbox 212 2661 994 2697">
    <p class='ocr_par' dir='ltr' id='par_1_60' title="bbox 212 2661 994 2697">
     <span class='ocr_line' id='line_1_61' title="bbox 212 2661 994 2697; baseline 0.001 -10"><span class='ocrx_word' id='word_1_448' title='bbox 212 2662 323 2688; x_wconf 89' lang='lat' dir='ltr'><strong>bitalttm</strong></span> <span class='ocrx_word' id='word_1_449' title='bbox 344 2661 523 2689; x_wconf 88' lang='lat' dir='ltr'><strong>testimoniutu</strong></span> <span class='ocrx_word' id='word_1_450' title='bbox 547 2667 622 2689; x_wconf 91' lang='lat' dir='ltr'><strong>tuum</strong></span> <span class='ocrx_word' id='word_1_451' title='bbox 637 2661 795 2689; x_wconf 74' lang='lat' dir='ltr'><strong>admittant:</strong></span> <span class='ocrx_word' id='word_1_452' title='bbox 811 2662 994 2697; x_wconf 81' lang='lat' dir='ltr'><strong>quandocum-</strong></span> 
     </span>
    </p>
   </div>
   <div class='ocr_carea' id='block_1_61' title="bbox 210 2697 995 2732">
    <p class='ocr_par' dir='ltr' id='par_1_61' title="bbox 210 2697 995 2732">
     <span class='ocr_line' id='line_1_62' title="bbox 210 2697 995 2732; baseline 0.001 -9"><span class='ocrx_word' id='word_1_453' title='bbox 210 2705 262 2731; x_wconf 88' lang='lat' dir='ltr'><strong>que</strong></span> <span class='ocrx_word' id='word_1_454' title='bbox 275 2697 307 2724; x_wconf 92' lang='lat' dir='ltr'><strong>ad</strong></span> <span class='ocrx_word' id='word_1_455' title='bbox 323 2698 503 2724; x_wconf 77' lang='lat' dir='ltr'><strong>testimonium</strong></span> <span class='ocrx_word' id='word_1_456' title='bbox 521 2697 662 2725; x_wconf 90' lang='lat' dir='ltr'><strong>dicendum</strong></span> <span class='ocrx_word' id='word_1_457' title='bbox 677 2697 807 2731; x_wconf 90' lang='lat' dir='ltr'><strong>prodieris</strong></span> <span class='ocrx_word' id='word_1_458' title='bbox 818 2718 825 2730; x_wconf 93' lang='lat'><strong>,</strong></span> <span class='ocrx_word' id='word_1_459' title='bbox 842 2697 995 2732; x_wconf 65' lang='lat' dir='ltr'><strong>praeclaram</strong></span> 
     </span>
    </p>
   </div>
   <div class='ocr_carea' id='block_1_62' title="bbox 209 2732 997 2767">
    <p class='ocr_par' dir='ltr' id='par_1_62' title="bbox 209 2732 997 2767">
     <span class='ocr_line' id='line_1_63' title="bbox 209 2732 997 2767; baseline 0.003 -9"><span class='ocrx_word' id='word_1_460' title='bbox 209 2732 317 2767; x_wconf 86' lang='lat' dir='ltr'><strong>quidem</strong></span> <span class='ocrx_word' id='word_1_461' title='bbox 332 2733 376 2759; x_wconf 88' lang='lat' dir='ltr'><strong>tibi</strong></span> <span class='ocrx_word' id='word_1_462' title='bbox 390 2733 500 2767; x_wconf 76' lang='lat' dir='ltr'><strong>gloriam</strong></span> <span class='ocrx_word' id='word_1_463' title='bbox 514 2733 548 2760; x_wconf 93' lang='lat' dir='ltr'><strong>ob</strong></span> <span class='ocrx_word' id='word_1_464' title='bbox 563 2734 711 2764; x_wconf 84' lang='lat' dir='ltr'><strong>veritatem,</strong></span> <span class='ocrx_word' id='word_1_465' title='bbox 727 2733 894 2760; x_wconf 79' lang='lat' dir='ltr'><strong>versantibus</strong></span> <span class='ocrx_word' id='word_1_466' title='bbox 909 2739 997 2760; x_wconf 84' lang='lat' dir='ltr'><strong>autem</strong></span> 
     </span>
    </p>
   </div>
   <div class='ocr_carea' id='block_1_63' title="bbox 210 2767 987 2803">
    <p class='ocr_par' dir='ltr' id='par_1_63' title="bbox 210 2767 987 2803">
     <span class='ocr_line' id='line_1_64' title="bbox 210 2767 987 2803; baseline 0 -9"><span class='ocrx_word' id='word_1_467' title='bbox 210 2767 236 2794; x_wconf 91' lang='lat' dir='ltr'><strong>in</strong></span> <span class='ocrx_word' id='word_1_468' title='bbox 256 2768 372 2801; x_wconf 89' lang='lat' dir='ltr'><strong>pericqu</strong></span> <span class='ocrx_word' id='word_1_469' title='bbox 385 2768 438 2795; x_wconf 85' lang='lat' dir='ltr'><strong>reis</strong></span> <span class='ocrx_word' id='word_1_470' title='bbox 451 2768 563 2795; x_wconf 84' lang='lat' dir='ltr'><strong>salutem</strong></span> <span class='ocrx_word' id='word_1_471' title='bbox 577 2786 588 2801; x_wconf 56' lang='grc' dir='ltr'>,ι</span> <span class='ocrx_word' id='word_1_472' title='bbox 598 2773 625 2795; x_wconf 90' lang='lat' dir='ltr'><strong>et</strong></span> <span class='ocrx_word' id='word_1_473' title='bbox 640 2769 735 2803; x_wconf 87' lang='lat' dir='ltr'><strong>injuria</strong></span> <span class='ocrx_word' id='word_1_474' title='bbox 757 2768 891 2803; x_wconf 90' lang='lat' dir='ltr'><strong>oppressis</strong></span> <span class='ocrx_word' id='word_1_475' title='bbox 904 2769 987 2795; x_wconf 88' lang='lat' dir='ltr'><strong>utilita</strong></span> 
     </span>
    </p>
   </div>
   <div class='ocr_carea' id='block_1_64' title="bbox 211 2803 996 2838">
    <p class='ocr_par' dir='ltr' id='par_1_64' title="bbox 211 2803 996 2838">
     <span class='ocr_line' id='line_1_65' title="bbox 211 2803 996 2838; baseline -0.001 -8"><span class='ocrx_word' id='word_1_476' title='bbox 211 2808 264 2830; x_wconf 74' lang='lat' dir='ltr'><strong>tem</strong></span> <span class='ocrx_word' id='word_1_477' title='bbox 279 2804 305 2830; x_wconf 93' lang='lat' dir='ltr'><strong>in</strong></span> <span class='ocrx_word' id='word_1_478' title='bbox 316 2803 415 2838; x_wconf 90' lang='lat' dir='ltr'><strong>judicio</strong></span> <span class='ocrx_word' id='word_1_479' title='bbox 429 2803 594 2831; x_wconf 84' lang='lat' dir='ltr'><strong>conciliabis.</strong></span> <span class='ocrx_word' id='word_1_480' title='bbox 606 2803 686 2830; x_wconf 83' lang='lat' dir='ltr'><strong>Labia</strong></span> <span class='ocrx_word' id='word_1_481' title='bbox 696 2804 804 2836; x_wconf 80' lang='lat' dir='ltr'><strong>veracia,</strong></span> <span class='ocrx_word' id='word_1_482' title='bbox 819 2804 914 2838; x_wconf 87' lang='lat' dir='ltr'><strong>inquit,</strong></span> <span class='ocrx_word' id='word_1_483' title='bbox 930 2803 983 2830; x_wconf 87' lang='lat' dir='ltr'><strong>diri</strong></span> <span class='ocrx_word' id='word_1_484' title='bbox 992 2819 996 2823; x_wconf 92' lang='lat'><strong>-</strong></span> 
     </span>
    </p>
   </div>
   <div class='ocr_carea' id='block_1_65' title="bbox 211 2839 995 2875">
    <p class='ocr_par' dir='ltr' id='par_1_65' title="bbox 211 2839 995 2875">
     <span class='ocr_line' id='line_1_66' title="bbox 211 2839 995 2875; baseline -0.001 -9"><span class='ocrx_word' id='word_1_485' title='bbox 211 2844 272 2873; x_wconf 67' lang='grc' dir='ltr'><strong>θωπί</strong></span> <span class='ocrx_word' id='word_1_486' title='bbox 283 2839 547 2875; x_wconf 65' lang='lat' dir='ltr'><strong>testimoniuntverum</strong></span> <span class='ocrx_word' id='word_1_487' title='bbox 561 2847 571 2866; x_wconf 91' lang='lat'><em>:</em></span> <span class='ocrx_word' id='word_1_488' title='bbox 584 2839 653 2866; x_wconf 76' lang='lat' dir='ltr'><strong>testis</strong></span> <span class='ocrx_word' id='word_1_489' title='bbox 666 2844 749 2866; x_wconf 87' lang='lat' dir='ltr'><strong>autem</strong></span> <span class='ocrx_word' id='word_1_490' title='bbox 759 2839 911 2875; x_wconf 73' lang='lat' dir='ltr'><strong>injustam»:</strong></span> <span class='ocrx_word' id='word_1_491' title='bbox 921 2839 995 2866; x_wconf 80' lang='lat' dir='ltr'><strong>doto-</strong></span> 
     </span>
    </p>
   </div>
   <div class='ocr_carea' id='block_1_66' title="bbox 213 2873 995 2910">
    <p class='ocr_par' dir='ltr' id='par_1_66' title="bbox 213 2873 995 2910">
     <span class='ocr_line' id='line_1_67' title="bbox 213 2873 995 2910; baseline 0.001 -10"><span class='ocrx_word' id='word_1_492' title='bbox 213 2883 255 2901; x_wconf 72' lang='lat' dir='ltr'><strong>stt:</strong></span> <span class='ocrx_word' id='word_1_493' title='bbox 266 2873 357 2908; x_wconf 83' lang='grc' dir='ltr'><strong>(Ρνυυ.</strong></span> <span class='ocrx_word' id='word_1_494' title='bbox 376 2874 419 2901; x_wconf 77' lang='grc'><strong>12.</strong></span> <span class='ocrx_word' id='word_1_495' title='bbox 430 2874 475 2909; x_wconf 82' lang='grc'><strong>19)</strong></span> <span class='ocrx_word' id='word_1_496' title='bbox 491 2883 497 2901; x_wconf 88' lang='lat'>:</span> <span class='ocrx_word' id='word_1_497' title='bbox 514 2875 628 2910; x_wconf 75' lang='lat' dir='ltr'><strong>benigno</strong></span> <span class='ocrx_word' id='word_1_498' title='bbox 641 2876 711 2903; x_wconf 89' lang='lat' dir='ltr'><strong>vultu</strong></span> <span class='ocrx_word' id='word_1_499' title='bbox 735 2880 760 2902; x_wconf 88' lang='lat' dir='ltr'><strong>te</strong></span> <span class='ocrx_word' id='word_1_500' title='bbox 774 2873 942 2903; x_wconf 85' lang='lat' dir='ltr'><strong>contucbitur</strong></span> <span class='ocrx_word' id='word_1_501' title='bbox 951 2874 995 2910; x_wconf 85' lang='lat' dir='ltr'><strong>ju-</strong></span> 
     </span>
    </p>
   </div>
   <div class='ocr_carea' id='block_1_67' title="bbox 1049 934 1842 970">
    <p class='ocr_par' dir='ltr' id='par_1_67' title="bbox 1049 934 1842 970">
     <span class='ocr_line' id='line_1_68' title="bbox 1049 934 1842 970; baseline 0.001 -8"><span class='ocrx_word' id='word_1_502' title='bbox 1049 934 1101 963; x_wconf 84' lang='lat' dir='ltr'><strong>dex</strong></span> <span class='ocrx_word' id='word_1_503' title='bbox 1115 955 1123 968; x_wconf 92' lang='lat'><strong>,</strong></span> <span class='ocrx_word' id='word_1_504' title='bbox 1140 940 1218 970; x_wconf 87' lang='lat' dir='ltr'><strong>teque</strong></span> <span class='ocrx_word' id='word_1_505' title='bbox 1244 934 1316 962; x_wconf 92' lang='lat' dir='ltr'><strong>omni</strong></span> <span class='ocrx_word' id='word_1_506' title='bbox 1335 934 1474 970; x_wconf 89' lang='lat' dir='ltr'><strong>judiciaria</strong></span> <span class='ocrx_word' id='word_1_507' title='bbox 1503 934 1687 969; x_wconf 87' lang='lat' dir='ltr'><strong>disquisitione</strong></span> <span class='ocrx_word' id='word_1_508' title='bbox 1710 935 1842 965; x_wconf 88' lang='lat' dir='ltr'><strong>liberabit.</strong></span> 
     </span>
    </p>
   </div>
   <div class='ocr_carea' id='block_1_68' title="bbox 1051 970 1843 1005">
    <p class='ocr_par' dir='ltr' id='par_1_68' title="bbox 1051 970 1843 1005">
     <span class='ocr_line' id='line_1_69' title="bbox 1051 970 1843 1005; baseline -0.001 -7"><span class='ocrx_word' id='word_1_509' title='bbox 1051 971 1288 998; x_wconf 88' lang='lat' dir='ltr'><strong>Verumenimvero</strong></span> <span class='ocrx_word' id='word_1_510' title='bbox 1304 970 1380 997; x_wconf 88' lang='lat' dir='ltr'><strong>laude</strong></span> <span class='ocrx_word' id='word_1_511' title='bbox 1393 970 1472 1004; x_wconf 76' lang='lat' dir='ltr'><strong>digna</strong></span> <span class='ocrx_word' id='word_1_512' title='bbox 1492 975 1554 997; x_wconf 92' lang='lat' dir='ltr'><strong>sunt</strong></span> <span class='ocrx_word' id='word_1_513' title='bbox 1575 971 1643 1005; x_wconf 91' lang='lat' dir='ltr'><strong>apud</strong></span> <span class='ocrx_word' id='word_1_514' title='bbox 1661 971 1743 998; x_wconf 88' lang='lat' dir='ltr'><strong>Detnn</strong></span> <span class='ocrx_word' id='word_1_515' title='bbox 1756 971 1843 998; x_wconf 86' lang='lat' dir='ltr'><strong>humi-</strong></span> 
     </span>
    </p>
   </div>
   <div class='ocr_carea' id='block_1_69' title="bbox 1050 1005 1839 1040">
    <p class='ocr_par' dir='ltr' id='par_1_69' title="bbox 1050 1005 1839 1040">
     <span class='ocr_line' id='line_1_70' title="bbox 1050 1005 1839 1040; baseline 0.001 -7"><span class='ocrx_word' id='word_1_516' title='bbox 1050 1006 1133 1033; x_wconf 84' lang='lat' dir='ltr'><strong>litatis</strong></span> <span class='ocrx_word' id='word_1_517' title='bbox 1153 1010 1225 1033; x_wconf 91' lang='lat' dir='ltr'><strong>recte</strong></span> <span class='ocrx_word' id='word_1_518' title='bbox 1248 1006 1326 1037; x_wconf 77' lang='lat' dir='ltr'><strong>facta,</strong></span> <span class='ocrx_word' id='word_1_519' title='bbox 1349 1005 1480 1039; x_wconf 77' lang='lat' dir='ltr'><strong>siquidem</strong></span> <span class='ocrx_word' id='word_1_520' title='bbox 1507 1006 1614 1040; x_wconf 78' lang='lat' dir='ltr'><strong>exsequi</strong></span> <span class='ocrx_word' id='word_1_521' title='bbox 1638 1013 1668 1032; x_wconf 91' lang='lat' dir='ltr'><strong>ea</strong></span> <span class='ocrx_word' id='word_1_522' title='bbox 1696 1007 1839 1040; x_wconf 85' lang='lat' dir='ltr'><strong>possimus.</strong></span> 
     </span>
    </p>
   </div>
   <div class='ocr_carea' id='block_1_70' title="bbox 1051 1041 1840 1076">
    <p class='ocr_par' dir='ltr' id='par_1_70' title="bbox 1051 1041 1840 1076">
     <span class='ocr_line' id='line_1_71' title="bbox 1051 1041 1840 1076; baseline -0.001 -7"><span class='ocrx_word' id='word_1_523' title='bbox 1051 1041 1157 1069; x_wconf 87' lang='lat' dir='ltr'><strong>Etenim</strong></span> <span class='ocrx_word' id='word_1_524' title='bbox 1176 1041 1250 1068; x_wconf 91' lang='lat' dir='ltr'><strong>multi</strong></span> <span class='ocrx_word' id='word_1_525' title='bbox 1272 1048 1332 1067; x_wconf 91' lang='lat' dir='ltr'><strong>cum</strong></span> <span class='ocrx_word' id='word_1_526' title='bbox 1357 1041 1456 1075; x_wconf 87' lang='lat' dir='ltr'><strong>aliquid</strong></span> <span class='ocrx_word' id='word_1_527' title='bbox 1483 1041 1544 1067; x_wconf 91' lang='lat' dir='ltr'><strong>boni</strong></span> <span class='ocrx_word' id='word_1_528' title='bbox 1559 1042 1672 1075; x_wconf 82' lang='lat' dir='ltr'><strong>egerint.</strong></span> <span class='ocrx_word' id='word_1_529' title='bbox 1688 1042 1840 1076; x_wconf 84' lang='lat' dir='ltr'><strong>deprimere</strong></span> 
     </span>
    </p>
   </div>
   <div class='ocr_carea' id='block_1_71' title="bbox 1050 1076 1838 1111">
    <p class='ocr_par' dir='ltr' id='par_1_71' title="bbox 1050 1076 1838 1111">
     <span class='ocr_line' id='line_1_72' title="bbox 1050 1076 1838 1111; baseline -0.003 -7"><span class='ocrx_word' id='word_1_530' title='bbox 1050 1077 1209 1111; x_wconf 86' lang='lat' dir='ltr'><strong>semetipsos</strong></span> <span class='ocrx_word' id='word_1_531' title='bbox 1223 1080 1353 1103; x_wconf 89' lang='lat' dir='ltr'><strong>conantur</strong></span> <span class='ocrx_word' id='word_1_532' title='bbox 1366 1076 1551 1111; x_wconf 78' lang='lat' dir='ltr'><strong>pneteripsam</strong></span> <span class='ocrx_word' id='word_1_533' title='bbox 1567 1076 1714 1109; x_wconf 84' lang='lat' dir='ltr'><strong>veritatem,</strong></span> <span class='ocrx_word' id='word_1_534' title='bbox 1725 1081 1751 1104; x_wconf 88' lang='lat' dir='ltr'><strong>et</strong></span> <span class='ocrx_word' id='word_1_535' title='bbox 1763 1084 1838 1103; x_wconf 88' lang='lat' dir='ltr'><strong>men-</strong></span> 
     </span>
    </p>
   </div>
   <div class='ocr_carea' id='block_1_72' title="bbox 1050 1111 1842 1146">
    <p class='ocr_par' dir='ltr' id='par_1_72' title="bbox 1050 1111 1842 1146">
     <span class='ocr_line' id='line_1_73' title="bbox 1050 1111 1842 1146; baseline -0.001 -7"><span class='ocrx_word' id='word_1_536' title='bbox 1050 1113 1092 1139; x_wconf 90' lang='lat' dir='ltr'><strong>tiri</strong></span> <span class='ocrx_word' id='word_1_537' title='bbox 1108 1116 1200 1139; x_wconf 73' lang='lat' dir='ltr'><strong>coiitra</strong></span> <span class='ocrx_word' id='word_1_538' title='bbox 1214 1112 1317 1146; x_wconf 79' lang='lat' dir='ltr'><strong>seipSos</strong></span> <span class='ocrx_word' id='word_1_539' title='bbox 1333 1111 1441 1138; x_wconf 89' lang='lat' dir='ltr'><strong>malunt.</strong></span> <span class='ocrx_word' id='word_1_540' title='bbox 1455 1112 1489 1138; x_wconf 89' lang='lat' dir='ltr'><strong>At</strong></span> <span class='ocrx_word' id='word_1_541' title='bbox 1500 1119 1549 1146; x_wconf 83' lang='lat' dir='ltr'><strong>ego</strong></span> <span class='ocrx_word' id='word_1_542' title='bbox 1565 1111 1609 1138; x_wconf 91' lang='lat' dir='ltr'><strong>tibi</strong></span> <span class='ocrx_word' id='word_1_543' title='bbox 1623 1111 1691 1141; x_wconf 85' lang='lat' dir='ltr'><strong>dico.</strong></span> <span class='ocrx_word' id='word_1_544' title='bbox 1702 1112 1737 1138; x_wconf 93' lang='lat' dir='ltr'><strong>mi</strong></span> <span class='ocrx_word' id='word_1_545' title='bbox 1748 1111 1842 1144; x_wconf 85' lang='lat' dir='ltr'><strong>homo,</strong></span> 
     </span>
    </p>
   </div>
   <div class='ocr_carea' id='block_1_73' title="bbox 1053 1146 1839 1182">
    <p class='ocr_par' dir='ltr' id='par_1_73' title="bbox 1053 1146 1839 1182">
     <span class='ocr_line' id='line_1_74' title="bbox 1053 1146 1839 1182; baseline -0.001 -8"><span class='ocrx_word' id='word_1_546' title='bbox 1053 1152 1079 1174; x_wconf 90' lang='lat' dir='ltr'><strong>tu</strong></span> <span class='ocrx_word' id='word_1_547' title='bbox 1095 1147 1233 1174; x_wconf 87' lang='lat' dir='ltr'><strong>humiliter</strong></span> <span class='ocrx_word' id='word_1_548' title='bbox 1245 1154 1292 1181; x_wconf 92' lang='lat' dir='ltr'><strong>pro</strong></span> <span class='ocrx_word' id='word_1_549' title='bbox 1307 1146 1344 1173; x_wconf 91' lang='lat' dir='ltr'><strong>rei</strong></span> <span class='ocrx_word' id='word_1_550' title='bbox 1358 1147 1470 1173; x_wconf 85' lang='lat' dir='ltr'><strong>veritate</strong></span> <span class='ocrx_word' id='word_1_551' title='bbox 1491 1146 1524 1173; x_wconf 91' lang='lat' dir='ltr'><strong>de</strong></span> <span class='ocrx_word' id='word_1_552' title='bbox 1543 1151 1569 1173; x_wconf 84' lang='lat' dir='ltr'><strong>te</strong></span> <span class='ocrx_word' id='word_1_553' title='bbox 1593 1148 1661 1173; x_wconf 88' lang='lat' dir='ltr'><strong>senti</strong></span> <span class='ocrx_word' id='word_1_554' title='bbox 1684 1155 1698 1182; x_wconf 19' lang='lat'><strong>:7</strong></span> <span class='ocrx_word' id='word_1_555' title='bbox 1709 1147 1782 1182; x_wconf 83' lang='lat' dir='ltr'><strong>apud</strong></span> <span class='ocrx_word' id='word_1_556' title='bbox 1794 1147 1839 1174; x_wconf 84' lang='lat' dir='ltr'><strong>Dei</strong></span> 
     </span>
    </p>
   </div>
   <div class='ocr_carea' id='block_1_74' title="bbox 1049 1181 1840 1216">
    <p class='ocr_par' dir='ltr' id='par_1_74' title="bbox 1049 1181 1840 1216">
     <span class='ocr_line' id='line_1_75' title="bbox 1049 1181 1840 1216; baseline -0.003 -6"><span class='ocrx_word' id='word_1_557' title='bbox 1049 1190 1128 1210; x_wconf 89' lang='lat' dir='ltr'><strong>aures</strong></span> <span class='ocrx_word' id='word_1_558' title='bbox 1139 1182 1247 1209; x_wconf 90' lang='lat' dir='ltr'><strong>humilia</strong></span> <span class='ocrx_word' id='word_1_559' title='bbox 1262 1182 1295 1208; x_wconf 89' lang='lat' dir='ltr'><strong>de</strong></span> <span class='ocrx_word' id='word_1_560' title='bbox 1308 1182 1392 1215; x_wconf 90' lang='lat' dir='ltr'><strong>teipso</strong></span> <span class='ocrx_word' id='word_1_561' title='bbox 1408 1182 1528 1216; x_wconf 87' lang='lat' dir='ltr'><strong>loquere,</strong></span> <span class='ocrx_word' id='word_1_562' title='bbox 1540 1182 1608 1208; x_wconf 88' lang='lat' dir='ltr'><strong>sicut</strong></span> <span class='ocrx_word' id='word_1_563' title='bbox 1622 1181 1754 1208; x_wconf 77' lang='lat' dir='ltr'><strong>Abraham</strong></span> <span class='ocrx_word' id='word_1_564' title='bbox 1767 1181 1840 1209; x_wconf 90' lang='lat' dir='ltr'><strong>dice-</strong></span> 
     </span>
    </p>
   </div>
   <div class='ocr_carea' id='block_1_75' title="bbox 1049 1216 1841 1252">
    <p class='ocr_par' dir='ltr' id='par_1_75' title="bbox 1049 1216 1841 1252">
     <span class='ocr_line' id='line_1_76' title="bbox 1049 1216 1841 1252; baseline -0.001 -8"><span class='ocrx_word' id='word_1_565' title='bbox 1049 1218 1103 1249; x_wconf 87' lang='lat' dir='ltr'><strong>bat,</strong></span> <span class='ocrx_word' id='word_1_566' title='bbox 1120 1218 1175 1252; x_wconf 85' lang='lat' dir='ltr'><strong>Ego</strong></span> <span class='ocrx_word' id='word_1_567' title='bbox 1188 1222 1270 1243; x_wconf 82' lang='lat' dir='ltr'><strong>autent</strong></span> <span class='ocrx_word' id='word_1_568' title='bbox 1284 1225 1340 1252; x_wconf 64' lang='lat' dir='ltr'><strong>sum</strong></span> <span class='ocrx_word' id='word_1_569' title='bbox 1359 1221 1426 1243; x_wconf 83' lang='lat' dir='ltr'><strong>terra</strong></span> <span class='ocrx_word' id='word_1_570' title='bbox 1445 1222 1468 1243; x_wconf 86' lang='lat' dir='ltr'><strong>et</strong></span> <span class='ocrx_word' id='word_1_571' title='bbox 1480 1217 1543 1243; x_wconf 83' lang='lat' dir='ltr'><strong>cinis</strong></span> <span class='ocrx_word' id='word_1_572' title='bbox 1556 1217 1564 1251; x_wconf 88' lang='lat'>(</span> <span class='ocrx_word' id='word_1_573' title='bbox 1577 1216 1640 1243; x_wconf 82' lang='lat' dir='ltr'><strong>Gen.</strong></span> <span class='ocrx_word' id='word_1_574' title='bbox 1657 1217 1700 1244; x_wconf 84' lang='lat' dir='ltr'><strong>l8.</strong></span> <span class='ocrx_word' id='word_1_575' title='bbox 1715 1216 1749 1243; x_wconf 73' lang='lat'><strong>27</strong></span> <span class='ocrx_word' id='word_1_576' title='bbox 1764 1217 1793 1251; x_wconf 90' lang='lat'><strong>):</strong></span> <span class='ocrx_word' id='word_1_577' title='bbox 1811 1222 1841 1243; x_wconf 80' lang='grc' dir='ltr'><strong>ιιι</strong></span> 
     </span>
    </p>
   </div>
   <div class='ocr_carea' id='block_1_76' title="bbox 1050 1251 1838 1286">
    <p class='ocr_par' dir='ltr' id='par_1_76' title="bbox 1050 1251 1838 1286">
     <span class='ocr_line' id='line_1_77' title="bbox 1050 1251 1838 1286; baseline -0.003 -6"><span class='ocrx_word' id='word_1_578' title='bbox 1050 1254 1146 1280; x_wconf 79' lang='lat' dir='ltr'><strong>Paulus</strong></span> <span class='ocrx_word' id='word_1_579' title='bbox 1159 1252 1273 1285; x_wconf 87' lang='lat' dir='ltr'><strong>diccbat,</strong></span> <span class='ocrx_word' id='word_1_580' title='bbox 1289 1251 1345 1286; x_wconf 86' lang='lat' dir='ltr'><strong>Ego</strong></span> <span class='ocrx_word' id='word_1_581' title='bbox 1364 1260 1420 1278; x_wconf 82' lang='lat' dir='ltr'><strong>sum</strong></span> <span class='ocrx_word' id='word_1_582' title='bbox 1445 1252 1564 1278; x_wconf 83' lang='lat' dir='ltr'><strong>minimus</strong></span> <span class='ocrx_word' id='word_1_583' title='bbox 1588 1252 1782 1286; x_wconf 77' lang='lat' dir='ltr'><strong>apostolorum,</strong></span> <span class='ocrx_word' id='word_1_584' title='bbox 1794 1252 1838 1286; x_wconf 86' lang='lat' dir='ltr'><strong>qui</strong></span> 
     </span>
    </p>
   </div>
   <div class='ocr_carea' id='block_1_77' title="bbox 1049 1287 1841 1322">
    <p class='ocr_par' dir='ltr' id='par_1_77' title="bbox 1049 1287 1841 1322">
     <span class='ocr_line' id='line_1_78' title="bbox 1049 1287 1841 1322; baseline -0.004 -7"><span class='ocrx_word' id='word_1_585' title='bbox 1049 1297 1100 1315; x_wconf 87' lang='lat' dir='ltr'><strong>non</strong></span> <span class='ocrx_word' id='word_1_586' title='bbox 1114 1297 1169 1315; x_wconf 83' lang='lat' dir='ltr'><strong>sum</strong></span> <span class='ocrx_word' id='word_1_587' title='bbox 1182 1288 1273 1321; x_wconf 76' lang='lat' dir='ltr'><strong>dignus</strong></span> <span class='ocrx_word' id='word_1_588' title='bbox 1288 1288 1372 1314; x_wconf 77' lang='lat' dir='ltr'><strong>vocari</strong></span> <span class='ocrx_word' id='word_1_589' title='bbox 1387 1287 1527 1322; x_wconf 79' lang='lat' dir='ltr'><strong>apostolus,</strong></span> <span class='ocrx_word' id='word_1_590' title='bbox 1537 1287 1596 1320; x_wconf 87' lang='lat' dir='ltr'><strong>quia</strong></span> <span class='ocrx_word' id='word_1_591' title='bbox 1612 1292 1774 1322; x_wconf 76' lang='lat' dir='ltr'><strong>persequutus</strong></span> <span class='ocrx_word' id='word_1_592' title='bbox 1785 1295 1841 1313; x_wconf 79' lang='lat' dir='ltr'><strong>sum</strong></span> 
     </span>
    </p>
   </div>
   <div class='ocr_carea' id='block_1_78' title="bbox 1052 1322 1826 1358">
    <p class='ocr_par' dir='ltr' id='par_1_78' title="bbox 1052 1322 1826 1358">
     <span class='ocr_line' id='line_1_79' title="bbox 1052 1322 1826 1358; baseline -0.004 -7"><span class='ocrx_word' id='word_1_593' title='bbox 1052 1324 1191 1351; x_wconf 74' lang='lat' dir='ltr'><strong>Ecclesium</strong></span> <span class='ocrx_word' id='word_1_594' title='bbox 1208 1323 1254 1349; x_wconf 77' lang='lat' dir='ltr'><strong>Dei</strong></span> <span class='ocrx_word' id='word_1_595' title='bbox 1270 1323 1315 1358; x_wconf 81' lang='lat' dir='ltr'><strong>(i.</strong></span> <span class='ocrx_word' id='word_1_596' title='bbox 1329 1322 1387 1358; x_wconf 72' lang='lat' dir='ltr'><strong>Cor.</strong></span> <span class='ocrx_word' id='word_1_597' title='bbox 1406 1323 1449 1349; x_wconf 76' lang='grc'><strong>15.</strong></span> <span class='ocrx_word' id='word_1_598' title='bbox 1464 1322 1551 1358; x_wconf 66' lang='grc'><strong>9.]0)</strong></span> <span class='ocrx_word' id='word_1_599' title='bbox 1565 1331 1571 1349; x_wconf 89' lang='lat'><strong>:</strong></span> <span class='ocrx_word' id='word_1_600' title='bbox 1587 1330 1680 1349; x_wconf 88' lang='lat' dir='ltr'><strong>rursus</strong></span> <span class='ocrx_word' id='word_1_601' title='bbox 1691 1328 1779 1358; x_wconf 78' lang='lat' dir='ltr'><strong>autem</strong></span> <span class='ocrx_word' id='word_1_602' title='bbox 1794 1329 1826 1349; x_wconf 85' lang='lat' dir='ltr'><strong>ve</strong></span> 
     </span>
    </p>
   </div>
   <div class='ocr_carea' id='block_1_79' title="bbox 1050 1357 1841 1393">
    <p class='ocr_par' dir='ltr' id='par_1_79' title="bbox 1050 1357 1841 1393">
     <span class='ocr_line' id='line_1_80' title="bbox 1050 1357 1841 1393; baseline -0.004 -7"><span class='ocrx_word' id='word_1_603' title='bbox 1050 1361 1155 1387; x_wconf 77' lang='lat' dir='ltr'><strong>rilatem</strong></span> <span class='ocrx_word' id='word_1_604' title='bbox 1173 1359 1347 1393; x_wconf 86' lang='lat' dir='ltr'><strong>proloquutus</strong></span> <span class='ocrx_word' id='word_1_605' title='bbox 1357 1357 1470 1393; x_wconf 74' lang='lat' dir='ltr'><strong>adjecit,</strong></span> <span class='ocrx_word' id='word_1_606' title='bbox 1488 1357 1579 1384; x_wconf 82' lang='lat' dir='ltr'><strong>Gratia</strong></span> <span class='ocrx_word' id='word_1_607' title='bbox 1591 1362 1675 1384; x_wconf 86' lang='lat' dir='ltr'><strong>autem</strong></span> <span class='ocrx_word' id='word_1_608' title='bbox 1693 1357 1738 1383; x_wconf 79' lang='lat' dir='ltr'><strong>Dei</strong></span> <span class='ocrx_word' id='word_1_609' title='bbox 1747 1365 1803 1384; x_wconf 71' lang='lat' dir='ltr'><strong>cum</strong></span> <span class='ocrx_word' id='word_1_610' title='bbox 1814 1357 1841 1384; x_wconf 81' lang='lat' dir='ltr'><strong>id</strong></span> 
     </span>
    </p>
   </div>
   <div class='ocr_carea' id='block_1_80' title="bbox 1048 1392 1840 1430">
    <p class='ocr_par' dir='ltr' id='par_1_80' title="bbox 1048 1392 1840 1430">
     <span class='ocr_line' id='line_1_81' title="bbox 1048 1392 1840 1430; baseline -0.004 -9"><span class='ocrx_word' id='word_1_611' title='bbox 1048 1395 1115 1430; x_wconf 86' lang='lat' dir='ltr'><strong>quod</strong></span> <span class='ocrx_word' id='word_1_612' title='bbox 1138 1403 1204 1421; x_wconf 69' lang='lat' dir='ltr'><strong>sum.</strong></span> <span class='ocrx_word' id='word_1_613' title='bbox 1219 1393 1265 1430; x_wconf 77' lang='lat' dir='ltr'><strong>llis</strong></span> <span class='ocrx_word' id='word_1_614' title='bbox 1281 1394 1369 1428; x_wconf 87' lang='lat' dir='ltr'><strong>itaque</strong></span> <span class='ocrx_word' id='word_1_615' title='bbox 1383 1393 1423 1430; x_wconf 85' lang='lat' dir='ltr'><strong>sic</strong></span> <span class='ocrx_word' id='word_1_616' title='bbox 1437 1392 1469 1419; x_wconf 89' lang='lat' dir='ltr'><strong>ad</strong></span> <span class='ocrx_word' id='word_1_617' title='bbox 1484 1393 1631 1430; x_wconf 75' lang='lat' dir='ltr'><strong>doctrinam</strong></span> <span class='ocrx_word' id='word_1_618' title='bbox 1644 1397 1759 1430; x_wconf 62' lang='lat' dir='ltr'><strong>nostram</strong></span> <span class='ocrx_word' id='word_1_619' title='bbox 1776 1400 1840 1426; x_wconf 93' lang='lat' dir='ltr'><strong>pro-</strong></span> 
     </span>
    </p>
   </div>
   <div class='ocr_carea' id='block_1_81' title="bbox 1050 1427 1838 1465">
    <p class='ocr_par' dir='ltr' id='par_1_81' title="bbox 1050 1427 1838 1465">
     <span class='ocr_line' id='line_1_82' title="bbox 1050 1427 1838 1465; baseline -0.001 -9"><span class='ocrx_word' id='word_1_620' title='bbox 1050 1427 1153 1465; x_wconf 82' lang='lat' dir='ltr'><strong>positis,</strong></span> <span class='ocrx_word' id='word_1_621' title='bbox 1169 1429 1318 1456; x_wconf 86' lang='lat' dir='ltr'><strong>simulatam</strong></span> <span class='ocrx_word' id='word_1_622' title='bbox 1327 1427 1449 1465; x_wconf 73' lang='lat' dir='ltr'><strong>speciem</strong></span> <span class='ocrx_word' id='word_1_623' title='bbox 1466 1428 1544 1465; x_wconf 77' lang='lat' dir='ltr'><strong>mimi</strong></span> <span class='ocrx_word' id='word_1_624' title='bbox 1563 1436 1595 1455; x_wconf 83' lang='lat' dir='ltr'><strong>ex</strong></span> <span class='ocrx_word' id='word_1_625' title='bbox 1606 1432 1685 1465; x_wconf 84' lang='lat' dir='ltr'><strong>parte</strong></span> <span class='ocrx_word' id='word_1_626' title='bbox 1698 1427 1838 1465; x_wconf 76' lang='lat' dir='ltr'><strong>fugiamus.</strong></span> 
     </span>
    </p>
   </div>
   <div class='ocr_carea' id='block_1_82' title="bbox 1049 1463 1841 1499">
    <p class='ocr_par' dir='ltr' id='par_1_82' title="bbox 1049 1463 1841 1499">
     <span class='ocr_line' id='line_1_83' title="bbox 1049 1463 1841 1499; baseline -0.006 -7"><span class='ocrx_word' id='word_1_627' title='bbox 1049 1463 1102 1493; x_wconf 82' lang='lat' dir='ltr'><strong>Cur</strong></span> <span class='ocrx_word' id='word_1_628' title='bbox 1121 1464 1319 1499; x_wconf 90' lang='lat' dir='ltr'><strong>nobismetipsis</strong></span> <span class='ocrx_word' id='word_1_629' title='bbox 1336 1464 1422 1490; x_wconf 85' lang='lat' dir='ltr'><strong>larvas</strong></span> <span class='ocrx_word' id='word_1_630' title='bbox 1449 1464 1690 1498; x_wconf 81' lang='lat' dir='ltr'><strong>circnmprmituus,</strong></span> <span class='ocrx_word' id='word_1_631' title='bbox 1701 1463 1841 1499; x_wconf 69' lang='lat' dir='ltr'><strong>cumtales</strong></span> 
     </span>
    </p>
   </div>
   <div class='ocr_carea' id='block_1_83' title="bbox 1049 1497 1837 1534">
    <p class='ocr_par' dir='ltr' id='par_1_83' title="bbox 1049 1497 1837 1534">
     <span class='ocr_line' id='line_1_84' title="bbox 1049 1497 1837 1534; baseline -0.004 -7"><span class='ocrx_word' id='word_1_632' title='bbox 1049 1508 1101 1528; x_wconf 88' lang='lat' dir='ltr'><strong>non</strong></span> <span class='ocrx_word' id='word_1_633' title='bbox 1117 1500 1199 1527; x_wconf 87' lang='lat' dir='ltr'><strong>simus</strong></span> <span class='ocrx_word' id='word_1_634' title='bbox 1212 1497 1303 1534; x_wconf 83' lang='lat' dir='ltr'><strong>quales</strong></span> <span class='ocrx_word' id='word_1_635' title='bbox 1315 1507 1364 1525; x_wconf 86' lang='lat' dir='ltr'><strong>nos</strong></span> <span class='ocrx_word' id='word_1_636' title='bbox 1376 1497 1621 1534; x_wconf 73' lang='lat' dir='ltr'><strong>ostentatuus,dntu</strong></span> <span class='ocrx_word' id='word_1_637' title='bbox 1632 1502 1719 1525; x_wconf 85' lang='lat' dir='ltr'><strong>vestes</strong></span> <span class='ocrx_word' id='word_1_638' title='bbox 1732 1497 1837 1534; x_wconf 81' lang='lat' dir='ltr'><strong>quidem</strong></span> 
     </span>
    </p>
   </div>
   <div class='ocr_carea' id='block_1_84' title="bbox 1048 1533 1842 1565">
    <p class='ocr_par' dir='ltr' id='par_1_84' title="bbox 1048 1533 1842 1565">
     <span class='ocr_line' id='line_1_85' title="bbox 1048 1533 1842 1565; baseline -0.005 -2"><span class='ocrx_word' id='word_1_639' title='bbox 1048 1536 1081 1563; x_wconf 89' lang='lat' dir='ltr'><strong>ad</strong></span> <span class='ocrx_word' id='word_1_640' title='bbox 1094 1541 1191 1562; x_wconf 89' lang='lat' dir='ltr'><strong>terram</strong></span> <span class='ocrx_word' id='word_1_641' title='bbox 1212 1533 1341 1561; x_wconf 77' lang='lat' dir='ltr'><strong>trahimus</strong></span> <span class='ocrx_word' id='word_1_642' title='bbox 1368 1534 1394 1560; x_wconf 91' lang='lat' dir='ltr'><strong>iu</strong></span> <span class='ocrx_word' id='word_1_643' title='bbox 1416 1533 1507 1561; x_wconf 85' lang='lat' dir='ltr'><strong>habitu</strong></span> <span class='ocrx_word' id='word_1_644' title='bbox 1528 1538 1679 1560; x_wconf 87' lang='lat' dir='ltr'><strong>sanctorum</strong></span> <span class='ocrx_word' id='word_1_645' title='bbox 1694 1553 1702 1565; x_wconf 93' lang='lat'><strong>,</strong></span> <span class='ocrx_word' id='word_1_646' title='bbox 1723 1533 1842 1559; x_wconf 86' lang='lat' dir='ltr'><strong>moribus</strong></span> 
     </span>
    </p>
   </div>
   <div class='ocr_carea' id='block_1_85' title="bbox 1048 1568 1838 1604">
    <p class='ocr_par' dir='ltr' id='par_1_85' title="bbox 1048 1568 1838 1604">
     <span class='ocr_line' id='line_1_86' title="bbox 1048 1568 1838 1604; baseline -0.005 -6"><span class='ocrx_word' id='word_1_647' title='bbox 1048 1575 1137 1598; x_wconf 85' lang='lat' dir='ltr'><strong>autem</strong></span> <span class='ocrx_word' id='word_1_648' title='bbox 1148 1570 1249 1598; x_wconf 77' lang='lat' dir='ltr'><strong>efferati</strong></span> <span class='ocrx_word' id='word_1_649' title='bbox 1264 1590 1272 1600; x_wconf 84' lang='lat'><em>.</em></span> <span class='ocrx_word' id='word_1_650' title='bbox 1295 1577 1419 1596; x_wconf 86' lang='lat' dir='ltr'><strong>sermone</strong></span> <span class='ocrx_word' id='word_1_651' title='bbox 1442 1569 1548 1604; x_wconf 90' lang='lat' dir='ltr'><strong>quidem</strong></span> <span class='ocrx_word' id='word_1_652' title='bbox 1568 1574 1595 1596; x_wconf 89' lang='lat' dir='ltr'><strong>et</strong></span> <span class='ocrx_word' id='word_1_653' title='bbox 1620 1569 1718 1595; x_wconf 88' lang='lat' dir='ltr'><strong>amictu</strong></span> <span class='ocrx_word' id='word_1_654' title='bbox 1737 1568 1838 1604; x_wconf 86' lang='lat' dir='ltr'><strong>sancti,</strong></span> 
     </span>
    </p>
   </div>
   <div class='ocr_carea' id='block_1_86' title="bbox 1048 1603 1838 1639">
    <p class='ocr_par' dir='ltr' id='par_1_86' title="bbox 1048 1603 1838 1639">
     <span class='ocr_line' id='line_1_87' title="bbox 1048 1603 1838 1639; baseline -0.005 -6"><span class='ocrx_word' id='word_1_655' title='bbox 1048 1607 1138 1633; x_wconf 89' lang='lat' dir='ltr'><strong>animo</strong></span> <span class='ocrx_word' id='word_1_656' title='bbox 1152 1613 1215 1632; x_wconf 87' lang='lat' dir='ltr'><strong>vero</strong></span> <span class='ocrx_word' id='word_1_657' title='bbox 1234 1610 1262 1632; x_wconf 91' lang='lat' dir='ltr'><strong>et</strong></span> <span class='ocrx_word' id='word_1_658' title='bbox 1285 1605 1410 1639; x_wconf 90' lang='lat' dir='ltr'><strong>operibus</strong></span> <span class='ocrx_word' id='word_1_659' title='bbox 1435 1604 1596 1631; x_wconf 84' lang='lat' dir='ltr'><strong>inhumani?</strong></span> <span class='ocrx_word' id='word_1_660' title='bbox 1617 1603 1674 1631; x_wconf 77' lang='lat' dir='ltr'><strong>Non</strong></span> <span class='ocrx_word' id='word_1_661' title='bbox 1688 1603 1838 1639; x_wconf 68' lang='lat' dir='ltr'><strong>vestitusin</strong></span> 
     </span>
    </p>
   </div>
   <div class='ocr_carea' id='block_1_87' title="bbox 1049 1637 1839 1676">
    <p class='ocr_par' dir='ltr' id='par_1_87' title="bbox 1049 1637 1839 1676">
     <span class='ocr_line' id='line_1_88' title="bbox 1049 1637 1839 1676; baseline -0.005 -8"><span class='ocrx_word' id='word_1_662' title='bbox 1049 1649 1160 1676; x_wconf 75' lang='lat' dir='ltr'><strong>regnum</strong></span> <span class='ocrx_word' id='word_1_663' title='bbox 1175 1637 1460 1676; x_wconf 29' lang='lat' dir='ltr'><strong>calorum‘introducit</strong></span> <span class='ocrx_word' id='word_1_664' title='bbox 1472 1660 1479 1671; x_wconf 85' lang='lat'><strong>,</strong></span> <span class='ocrx_word' id='word_1_665' title='bbox 1493 1639 1539 1676; x_wconf 74' lang='lat' dir='ltr'><strong>sed</strong></span> <span class='ocrx_word' id='word_1_666' title='bbox 1561 1646 1641 1676; x_wconf 79' lang='lat' dir='ltr'><strong>opera</strong></span> <span class='ocrx_word' id='word_1_667' title='bbox 1650 1638 1772 1676; x_wconf 56' lang='lat' dir='ltr'><strong>justitiaz,</strong></span> <span class='ocrx_word' id='word_1_668' title='bbox 1781 1637 1839 1676; x_wconf 64' lang='lat' dir='ltr'><strong>Non</strong></span> 
     </span>
    </p>
   </div>
   <div class='ocr_carea' id='block_1_88' title="bbox 1048 1673 1836 1710">
    <p class='ocr_par' dir='ltr' id='par_1_88' title="bbox 1048 1673 1836 1710">
     <span class='ocr_line' id='line_1_89' title="bbox 1048 1673 1836 1710; baseline -0.005 -7"><span class='ocrx_word' id='word_1_669' title='bbox 1048 1673 1209 1710; x_wconf 49' lang='lat' dir='ltr'><strong>ita-aspiciet</strong></span> <span class='ocrx_word' id='word_1_670' title='bbox 1232 1675 1312 1702; x_wconf 90' lang='lat' dir='ltr'><strong>homo</strong></span> <span class='ocrx_word' id='word_1_671' title='bbox 1323 1696 1331 1708; x_wconf 87' lang='lat'><strong>,</strong></span> <span class='ocrx_word' id='word_1_672' title='bbox 1348 1678 1377 1701; x_wconf 95' lang='lat' dir='ltr'><strong>ut</strong></span> <span class='ocrx_word' id='word_1_673' title='bbox 1398 1674 1509 1708; x_wconf 82' lang='lat' dir='ltr'><strong>aspiciet</strong></span> <span class='ocrx_word' id='word_1_674' title='bbox 1524 1673 1595 1701; x_wconf 80' lang='lat' dir='ltr'><strong>Deus</strong></span> <span class='ocrx_word' id='word_1_675' title='bbox 1610 1682 1617 1700; x_wconf 73' lang='grc' dir='ltr'>ε</span> <span class='ocrx_word' id='word_1_676' title='bbox 1633 1673 1715 1710; x_wconf 82' lang='lat' dir='ltr'><strong>homo</strong></span> <span class='ocrx_word' id='word_1_677' title='bbox 1730 1673 1836 1710; x_wconf 70' lang='lat' dir='ltr'><strong>quidem</strong></span> 
     </span>
    </p>
   </div>
   <div class='ocr_carea' id='block_1_89' title="bbox 1049 1708 1839 1745">
    <p class='ocr_par' dir='ltr' id='par_1_89' title="bbox 1049 1708 1839 1745">
     <span class='ocr_line' id='line_1_90' title="bbox 1049 1708 1839 1745; baseline -0.004 -7"><span class='ocrx_word' id='word_1_678' title='bbox 1049 1712 1075 1738; x_wconf 93' lang='lat' dir='ltr'><strong>in</strong></span> <span class='ocrx_word' id='word_1_679' title='bbox 1091 1708 1184 1739; x_wconf 80' lang='lat' dir='ltr'><strong>faciem</strong></span> <span class='ocrx_word' id='word_1_680' title='bbox 1197 1711 1323 1745; x_wconf 88' lang='lat' dir='ltr'><strong>aspiciet:</strong></span> <span class='ocrx_word' id='word_1_681' title='bbox 1339 1710 1408 1737; x_wconf 84' lang='lat' dir='ltr'><strong>Deus</strong></span> <span class='ocrx_word' id='word_1_682' title='bbox 1420 1714 1508 1736; x_wconf 83' lang='lat' dir='ltr'><strong>autent</strong></span> <span class='ocrx_word' id='word_1_683' title='bbox 1521 1709 1631 1745; x_wconf 83' lang='lat' dir='ltr'><strong>aspiciet</strong></span> <span class='ocrx_word' id='word_1_684' title='bbox 1641 1709 1673 1745; x_wconf 71' lang='lat' dir='ltr'><strong>ad</strong></span> <span class='ocrx_word' id='word_1_685' title='bbox 1685 1716 1747 1745; x_wconf 46' lang='lat' dir='ltr'><strong>cor:</strong></span> <span class='ocrx_word' id='word_1_686' title='bbox 1757 1708 1839 1745; x_wconf 75' lang='lat' dir='ltr'><strong>Scru-</strong></span> 
     </span>
    </p>
   </div>
   <div class='ocr_carea' id='block_1_90' title="bbox 1050 1743 1837 1780">
    <p class='ocr_par' dir='ltr' id='par_1_90' title="bbox 1050 1743 1837 1780">
     <span class='ocr_line' id='line_1_91' title="bbox 1050 1743 1837 1780; baseline -0.006 -6"><span class='ocrx_word' id='word_1_687' title='bbox 1050 1752 1108 1774; x_wconf 81' lang='lat' dir='ltr'><strong>lam</strong></span> <span class='ocrx_word' id='word_1_688' title='bbox 1122 1747 1204 1777; x_wconf 88' lang='lat' dir='ltr'><strong>enim,</strong></span> <span class='ocrx_word' id='word_1_689' title='bbox 1220 1743 1313 1780; x_wconf 77' lang='lat' dir='ltr'><strong>inquit,</strong></span> <span class='ocrx_word' id='word_1_690' title='bbox 1330 1746 1407 1771; x_wconf 82' lang='lat' dir='ltr'><strong>corda</strong></span> <span class='ocrx_word' id='word_1_691' title='bbox 1421 1750 1444 1771; x_wconf 86' lang='lat' dir='ltr'><strong>et</strong></span> <span class='ocrx_word' id='word_1_692' title='bbox 1464 1753 1535 1772; x_wconf 59' lang='lat' dir='ltr'><strong>rencs</strong></span> <span class='ocrx_word' id='word_1_693' title='bbox 1549 1744 1619 1771; x_wconf 83' lang='lat' dir='ltr'><strong>Deus</strong></span> <span class='ocrx_word' id='word_1_694' title='bbox 1631 1743 1717 1778; x_wconf 81' lang='lat' dir='ltr'><strong>(Psul.</strong></span> <span class='ocrx_word' id='word_1_695' title='bbox 1733 1743 1758 1770; x_wconf 90' lang='lat'><strong>7.</strong></span> <span class='ocrx_word' id='word_1_696' title='bbox 1773 1743 1837 1780; x_wconf 13' lang='lat'><strong>10);:</strong></span> 
     </span>
    </p>
   </div>
   <div class='ocr_carea' id='block_1_91' title="bbox 1049 1778 1838 1816">
    <p class='ocr_par' dir='ltr' id='par_1_91' title="bbox 1049 1778 1838 1816">
     <span class='ocr_line' id='line_1_92' title="bbox 1049 1778 1838 1816; baseline -0.005 -7"><span class='ocrx_word' id='word_1_697' title='bbox 1049 1786 1078 1809; x_wconf 91' lang='lat' dir='ltr'><strong>et</strong></span> <span class='ocrx_word' id='word_1_698' title='bbox 1091 1786 1200 1816; x_wconf 80' lang='lat' dir='ltr'><strong>propter</strong></span> <span class='ocrx_word' id='word_1_699' title='bbox 1212 1778 1273 1808; x_wconf 85' lang='lat' dir='ltr'><strong>eum</strong></span> <span class='ocrx_word' id='word_1_700' title='bbox 1287 1781 1331 1815; x_wconf 91' lang='lat' dir='ltr'><strong>qui</strong></span> <span class='ocrx_word' id='word_1_701' title='bbox 1346 1781 1428 1811; x_wconf 79' lang='lat' dir='ltr'><strong>venit,</strong></span> <span class='ocrx_word' id='word_1_702' title='bbox 1441 1785 1474 1816; x_wconf 86' lang='lat' dir='ltr'><strong>ut</strong></span> <span class='ocrx_word' id='word_1_703' title='bbox 1485 1780 1591 1813; x_wconf 65' lang='lat' dir='ltr'><strong>colligat</strong></span> <span class='ocrx_word' id='word_1_704' title='bbox 1610 1780 1749 1816; x_wconf 68' lang='lat' dir='ltr'><strong>hominum</strong></span> <span class='ocrx_word' id='word_1_705' title='bbox 1763 1778 1838 1816; x_wconf 72' lang='lat' dir='ltr'><strong>cogi-</strong></span> 
     </span>
    </p>
   </div>
   <div class='ocr_carea' id='block_1_92' title="bbox 1050 1813 1839 1849">
    <p class='ocr_par' dir='ltr' id='par_1_92' title="bbox 1050 1813 1839 1849">
     <span class='ocr_line' id='line_1_93' title="bbox 1050 1813 1839 1849; baseline -0.006 -5"><span class='ocrx_word' id='word_1_706' title='bbox 1050 1813 1163 1844; x_wconf 77' lang='lat' dir='ltr'><strong>tationes</strong></span> <span class='ocrx_word' id='word_1_707' title='bbox 1178 1825 1184 1842; x_wconf 93' lang='lat'>:</span> <span class='ocrx_word' id='word_1_708' title='bbox 1198 1813 1376 1842; x_wconf 37' lang='lat' dir='ltr'><strong>Omnia&#39;euim</strong></span> <span class='ocrx_word' id='word_1_709' title='bbox 1393 1815 1461 1842; x_wconf 82' lang='lat' dir='ltr'><strong>nuda</strong></span> <span class='ocrx_word' id='word_1_710' title='bbox 1474 1820 1532 1841; x_wconf 87' lang='lat' dir='ltr'><strong>sunt</strong></span> <span class='ocrx_word' id='word_1_711' title='bbox 1546 1820 1569 1841; x_wconf 85' lang='lat' dir='ltr'><strong>et</strong></span> <span class='ocrx_word' id='word_1_712' title='bbox 1580 1820 1668 1849; x_wconf 80' lang='lat' dir='ltr'><strong>aperta</strong></span> <span class='ocrx_word' id='word_1_713' title='bbox 1683 1813 1764 1840; x_wconf 78' lang='lat' dir='ltr'><strong>oculis</strong></span> <span class='ocrx_word' id='word_1_714' title='bbox 1773 1814 1839 1848; x_wconf 77' lang='lat' dir='ltr'><strong>eius.</strong></span> 
     </span>
    </p>
   </div>
   <div class='ocr_carea' id='block_1_93' title="bbox 1050 1848 1839 1885">
    <p class='ocr_par' dir='ltr' id='par_1_93' title="bbox 1050 1848 1839 1885">
     <span class='ocr_line' id='line_1_94' title="bbox 1050 1848 1839 1885; baseline -0.005 -7"><span class='ocrx_word' id='word_1_715' title='bbox 1050 1852 1110 1878; x_wconf 89' lang='lat' dir='ltr'><strong>Non</strong></span> <span class='ocrx_word' id='word_1_716' title='bbox 1125 1857 1160 1878; x_wconf 81' lang='lat' dir='ltr'><strong>est</strong></span> <span class='ocrx_word' id='word_1_717' title='bbox 1184 1851 1226 1885; x_wconf 83' lang='lat' dir='ltr'><strong>qui</strong></span> <span class='ocrx_word' id='word_1_718' title='bbox 1253 1859 1278 1878; x_wconf 86' lang='lat' dir='ltr'><strong>se</strong></span> <span class='ocrx_word' id='word_1_719' title='bbox 1293 1850 1430 1877; x_wconf 83' lang='lat' dir='ltr'><strong>abscondat</strong></span> <span class='ocrx_word' id='word_1_720' title='bbox 1442 1858 1458 1876; x_wconf 89' lang='lat' dir='ltr'><strong>a</strong></span> <span class='ocrx_word' id='word_1_721' title='bbox 1472 1851 1556 1877; x_wconf 81' lang='lat' dir='ltr'><strong>calore</strong></span> <span class='ocrx_word' id='word_1_722' title='bbox 1569 1848 1623 1884; x_wconf 75' lang='lat' dir='ltr'><strong>ejus</strong></span> <span class='ocrx_word' id='word_1_723' title='bbox 1638 1848 1729 1882; x_wconf 78' lang='lat' dir='ltr'><strong>(Hebr.</strong></span> <span class='ocrx_word' id='word_1_724' title='bbox 1743 1849 1769 1875; x_wconf 70' lang='grc' dir='ltr'><strong>Δ.</strong></span> <span class='ocrx_word' id='word_1_725' title='bbox 1783 1849 1817 1875; x_wconf 75' lang='grc'><strong>15</strong></span> <span class='ocrx_word' id='word_1_726' title='bbox 1831 1856 1839 1880; x_wconf 82' lang='grc'><strong>;</strong></span> 
     </span>
    </p>
   </div>
   <div class='ocr_carea' id='block_1_94' title="bbox 1051 1885 1840 1921">
    <p class='ocr_par' dir='ltr' id='par_1_94' title="bbox 1051 1885 1840 1921">
     <span class='ocr_line' id='line_1_95' title="bbox 1051 1885 1840 1921; baseline -0.005 -7"><span class='ocrx_word' id='word_1_727' title='bbox 1051 1886 1122 1914; x_wconf 84' lang='lat' dir='ltr'><strong>Psal.</strong></span> <span class='ocrx_word' id='word_1_728' title='bbox 1141 1887 1183 1914; x_wconf 84' lang='lat' dir='ltr'><strong>l8.</strong></span> <span class='ocrx_word' id='word_1_729' title='bbox 1194 1887 1233 1921; x_wconf 88' lang='lat'><strong>7).</strong></span> <span class='ocrx_word' id='word_1_730' title='bbox 1247 1886 1339 1913; x_wconf 81' lang='lat' dir='ltr'><strong>Veniet</strong></span> <span class='ocrx_word' id='word_1_731' title='bbox 1355 1891 1459 1918; x_wconf 88' lang='lat' dir='ltr'><strong>tempus</strong></span> <span class='ocrx_word' id='word_1_732' title='bbox 1472 1893 1537 1921; x_wconf 84' lang='lat' dir='ltr'><strong>eum</strong></span> <span class='ocrx_word' id='word_1_733' title='bbox 1550 1885 1598 1912; x_wconf 87' lang='lat' dir='ltr'><strong>hac</strong></span> <span class='ocrx_word' id='word_1_734' title='bbox 1610 1885 1714 1918; x_wconf 87' lang='lat' dir='ltr'><strong>abjecta</strong></span> <span class='ocrx_word' id='word_1_735' title='bbox 1727 1891 1840 1921; x_wconf 79' lang='lat' dir='ltr'><strong>persona</strong></span> 
     </span>
    </p>
   </div>
   <div class='ocr_carea' id='block_1_95' title="bbox 1050 1920 1838 1956">
    <p class='ocr_par' dir='ltr' id='par_1_95' title="bbox 1050 1920 1838 1956">
     <span class='ocr_line' id='line_1_96' title="bbox 1050 1920 1838 1956; baseline -0.005 -7"><span class='ocrx_word' id='word_1_736' title='bbox 1050 1922 1136 1949; x_wconf 91' lang='lat' dir='ltr'><strong>nudus</strong></span> <span class='ocrx_word' id='word_1_737' title='bbox 1151 1922 1293 1956; x_wconf 86' lang='lat' dir='ltr'><strong>reperieris</strong></span> <span class='ocrx_word' id='word_1_738' title='bbox 1304 1942 1310 1952; x_wconf 94' lang='lat'><strong>,</strong></span> <span class='ocrx_word' id='word_1_739' title='bbox 1325 1926 1433 1955; x_wconf 90' lang='lat' dir='ltr'><strong>tumque</strong></span> <span class='ocrx_word' id='word_1_740' title='bbox 1450 1926 1478 1948; x_wconf 95' lang='lat' dir='ltr'><strong>ut</strong></span> <span class='ocrx_word' id='word_1_741' title='bbox 1500 1920 1585 1956; x_wconf 78' lang='lat' dir='ltr'><strong>Adam</strong></span> <span class='ocrx_word' id='word_1_742' title='bbox 1610 1925 1670 1954; x_wconf 90' lang='lat' dir='ltr'><strong>post</strong></span> <span class='ocrx_word' id='word_1_743' title='bbox 1697 1920 1798 1954; x_wconf 90' lang='lat' dir='ltr'><strong>lapsum</strong></span> <span class='ocrx_word' id='word_1_744' title='bbox 1813 1920 1838 1946; x_wconf 91' lang='lat' dir='ltr'><strong>in</strong></span> 
     </span>
    </p>
   </div>
   <div class='ocr_carea' id='block_1_96' title="bbox 1049 1955 1839 1990">
    <p class='ocr_par' dir='ltr' id='par_1_96' title="bbox 1049 1955 1839 1990">
     <span class='ocr_line' id='line_1_97' title="bbox 1049 1955 1839 1990; baseline -0.004 -6"><span class='ocrx_word' id='word_1_745' title='bbox 1049 1955 1195 1990; x_wconf 87' lang='lat' dir='ltr'><strong>conspectu</strong></span> <span class='ocrx_word' id='word_1_746' title='bbox 1211 1956 1257 1983; x_wconf 89' lang='lat' dir='ltr'><strong>Dei</strong></span> <span class='ocrx_word' id='word_1_747' title='bbox 1272 1963 1400 1990; x_wconf 87' lang='lat' dir='ltr'><strong>apparere</strong></span> <span class='ocrx_word' id='word_1_748' title='bbox 1421 1961 1447 1982; x_wconf 87' lang='lat' dir='ltr'><strong>te</strong></span> <span class='ocrx_word' id='word_1_749' title='bbox 1473 1955 1581 1990; x_wconf 88' lang='lat' dir='ltr'><strong>pudebit</strong></span> <span class='ocrx_word' id='word_1_750' title='bbox 1602 1964 1610 1987; x_wconf 88' lang='lat'><strong>;</strong></span> <span class='ocrx_word' id='word_1_751' title='bbox 1635 1956 1689 1982; x_wconf 90' lang='lat' dir='ltr'><strong>illic</strong></span> <span class='ocrx_word' id='word_1_752' title='bbox 1701 1956 1771 1982; x_wconf 91' lang='lat' dir='ltr'><strong>enim</strong></span> <span class='ocrx_word' id='word_1_753' title='bbox 1787 1963 1839 1981; x_wconf 90' lang='lat' dir='ltr'><strong>non</strong></span> 
     </span>
    </p>
   </div>
   <div class='ocr_carea' id='block_1_97' title="bbox 1046 1965 1838 2027">
    <p class='ocr_par' dir='ltr' id='par_1_97' title="bbox 1046 1965 1838 2027">
     <span class='ocr_line' id='line_1_98' title="bbox 1049 1965 1838 1990; baseline -0.004 -6"><span class='ocrx_word' id='word_1_754' title='bbox 1049 1965 1115 1984; x_wconf 88' lang='lat' dir='ltr'><strong>cons</strong></span> <span class='ocrx_word' id='word_1_755' title='bbox 1136 1965 1195 1984; x_wconf 86' lang='lat' dir='ltr'><strong>ectu</strong></span> <span class='ocrx_word' id='word_1_756' title='bbox 1211 1965 1257 1983; x_wconf 85' lang='lat' dir='ltr'><strong>uel</strong></span> <span class='ocrx_word' id='word_1_757' title='bbox 1272 1965 1400 1990; x_wconf 87' lang='lat' dir='ltr'><strong>apparere</strong></span> <span class='ocrx_word' id='word_1_758' title='bbox 1421 1965 1447 1982; x_wconf 85' lang='lat' dir='ltr'><strong>te</strong></span> <span class='ocrx_word' id='word_1_759' title='bbox 1473 1965 1581 1990; x_wconf 86' lang='lat' dir='ltr'><strong>puuetut</strong></span> <span class='ocrx_word' id='word_1_760' title='bbox 1602 1965 1610 1987; x_wconf 88' lang='lat'><strong>;</strong></span> <span class='ocrx_word' id='word_1_761' title='bbox 1635 1965 1689 1982; x_wconf 82' lang='lat' dir='ltr'><strong>IlllC</strong></span> <span class='ocrx_word' id='word_1_762' title='bbox 1701 1965 1771 1982; x_wconf 92' lang='lat' dir='ltr'><strong>ennn</strong></span> <span class='ocrx_word' id='word_1_763' title='bbox 1787 1965 1838 1981; x_wconf 90' lang='lat' dir='ltr'><strong>non</strong></span> 
     </span>
     <span class='ocr_line' id='line_1_99' title="bbox 1046 1965 1838 2027; baseline -0.004 -8"><span class='ocrx_word' id='word_1_764' title='bbox 1046 1992 1102 2027; x_wconf 88' lang='lat' dir='ltr'><strong>jam</strong></span> <span class='ocrx_word' id='word_1_765' title='bbox 1117 1965 1223 2020; x_wconf 67' lang='lat' dir='ltr'><strong>Rabilus</strong></span> <span class='ocrx_word' id='word_1_766' title='bbox 1236 1992 1364 2024; x_wconf 84' lang='lat' dir='ltr'><strong>quaeritur</strong></span> <span class='ocrx_word' id='word_1_767' title='bbox 1376 2012 1383 2023; x_wconf 89' lang='lat'><strong>,</strong></span> <span class='ocrx_word' id='word_1_768' title='bbox 1404 1991 1451 2018; x_wconf 91' lang='lat' dir='ltr'><strong>sed</strong></span> <span class='ocrx_word' id='word_1_769' title='bbox 1463 1998 1563 2027; x_wconf 74' lang='lat' dir='ltr'><strong>opera.</strong></span> <span class='ocrx_word' id='word_1_770' title='bbox 1583 1990 1648 2017; x_wconf 86' lang='lat' dir='ltr'><strong>Nam</strong></span> <span class='ocrx_word' id='word_1_771' title='bbox 1663 1990 1717 2027; x_wconf 54' lang='grc' dir='ltr'><strong>ΔΙιίίε</strong></span> <span class='ocrx_word' id='word_1_772' title='bbox 1731 1990 1838 2027; x_wconf 87' lang='lat' dir='ltr'><strong>quidem</strong></span> 
     </span>
    </p>
   </div>
   <div class='ocr_carea' id='block_1_98' title="bbox 1049 2025 1837 2062">
    <p class='ocr_par' dir='ltr' id='par_1_98' title="bbox 1049 2025 1837 2062">
     <span class='ocr_line' id='line_1_100' title="bbox 1049 2025 1837 2062; baseline -0.006 -7"><span class='ocrx_word' id='word_1_773' title='bbox 1049 2025 1233 2062; x_wconf 66' lang='lat' dir='ltr'><strong>supenumero</strong></span> <span class='ocrx_word' id='word_1_774' title='bbox 1247 2027 1373 2058; x_wconf 86' lang='lat' dir='ltr'><strong>fallimus,</strong></span> <span class='ocrx_word' id='word_1_775' title='bbox 1385 2031 1409 2053; x_wconf 84' lang='lat' dir='ltr'><strong>el</strong></span> <span class='ocrx_word' id='word_1_776' title='bbox 1426 2026 1550 2053; x_wconf 89' lang='lat' dir='ltr'><strong>iudicium</strong></span> <span class='ocrx_word' id='word_1_777' title='bbox 1565 2025 1684 2062; x_wconf 82' lang='lat' dir='ltr'><strong>criminis</strong></span> <span class='ocrx_word' id='word_1_778' title='bbox 1696 2026 1837 2057; x_wconf 87' lang='lat' dir='ltr'><strong>evitamus,</strong></span> 
     </span>
    </p>
   </div>
   <div class='ocr_carea' id='block_1_99' title="bbox 1049 2061 1838 2096">
    <p class='ocr_par' dir='ltr' id='par_1_99' title="bbox 1049 2061 1838 2096">
     <span class='ocr_line' id='line_1_101' title="bbox 1049 2061 1838 2096; baseline -0.005 -6"><span class='ocrx_word' id='word_1_779' title='bbox 1049 2069 1076 2090; x_wconf 89' lang='lat' dir='ltr'><strong>et</strong></span> <span class='ocrx_word' id='word_1_780' title='bbox 1088 2061 1230 2090; x_wconf 75' lang='lat' dir='ltr'><strong>venerandi</strong></span> <span class='ocrx_word' id='word_1_781' title='bbox 1248 2062 1351 2088; x_wconf 85' lang='lat' dir='ltr'><strong>habitus</strong></span> <span class='ocrx_word' id='word_1_782' title='bbox 1360 2069 1438 2088; x_wconf 87' lang='lat' dir='ltr'><strong>causa</strong></span> <span class='ocrx_word' id='word_1_783' title='bbox 1449 2066 1581 2096; x_wconf 84' lang='lat' dir='ltr'><strong>tamquam</strong></span> <span class='ocrx_word' id='word_1_784' title='bbox 1593 2061 1657 2095; x_wconf 90' lang='lat' dir='ltr'><strong>justi</strong></span> <span class='ocrx_word' id='word_1_785' title='bbox 1668 2068 1838 2095; x_wconf 57' lang='lat' dir='ltr'><strong>apparetuus,</strong></span> 
     </span>
    </p>
   </div>
   <div class='ocr_carea' id='block_1_100' title="bbox 1049 2096 1836 2132">
    <p class='ocr_par' dir='ltr' id='par_1_100' title="bbox 1049 2096 1836 2132">
     <span class='ocr_line' id='line_1_102' title="bbox 1049 2096 1836 2132; baseline -0.005 -7"><span class='ocrx_word' id='word_1_786' title='bbox 1049 2106 1081 2125; x_wconf 91' lang='lat' dir='ltr'><strong>ac</strong></span> <span class='ocrx_word' id='word_1_787' title='bbox 1093 2104 1278 2132; x_wconf 63' lang='lat' dir='ltr'><strong>sarpenumero</strong></span> <span class='ocrx_word' id='word_1_788' title='bbox 1291 2096 1381 2123; x_wconf 70' lang='lat' dir='ltr'><strong>felices</strong></span> <span class='ocrx_word' id='word_1_789' title='bbox 1395 2096 1573 2132; x_wconf 68' lang='lat' dir='ltr'><strong>przedicamur</strong></span> <span class='ocrx_word' id='word_1_790' title='bbox 1587 2104 1594 2122; x_wconf 90' lang='lat'><strong>:</strong></span> <span class='ocrx_word' id='word_1_791' title='bbox 1611 2096 1665 2123; x_wconf 92' lang='lat' dir='ltr'><strong>illic</strong></span> <span class='ocrx_word' id='word_1_792' title='bbox 1679 2101 1768 2122; x_wconf 86' lang='lat' dir='ltr'><strong>autem</strong></span> <span class='ocrx_word' id='word_1_793' title='bbox 1783 2103 1836 2122; x_wconf 90' lang='lat' dir='ltr'><strong>non</strong></span> 
     </span>
    </p>
   </div>
   <div class='ocr_carea' id='block_1_101' title="bbox 1048 2132 1834 2168">
    <p class='ocr_par' dir='ltr' id='par_1_101' title="bbox 1048 2132 1834 2168">
     <span class='ocr_line' id='line_1_103' title="bbox 1048 2132 1834 2168; baseline -0.003 -9"><span class='ocrx_word' id='word_1_794' title='bbox 1048 2134 1101 2168; x_wconf 90' lang='lat' dir='ltr'><strong>jam</strong></span> <span class='ocrx_word' id='word_1_795' title='bbox 1117 2132 1231 2167; x_wconf 88' lang='lat' dir='ltr'><strong>amplius</strong></span> <span class='ocrx_word' id='word_1_796' title='bbox 1247 2132 1308 2159; x_wconf 84' lang='lat' dir='ltr'><strong>licet</strong></span> <span class='ocrx_word' id='word_1_797' title='bbox 1321 2132 1459 2168; x_wconf 82' lang='lat' dir='ltr'><strong>imponere</strong></span> <span class='ocrx_word' id='word_1_798' title='bbox 1474 2141 1480 2158; x_wconf 90' lang='lat'><strong>:</strong></span> <span class='ocrx_word' id='word_1_799' title='bbox 1497 2132 1552 2168; x_wconf 87' lang='lat' dir='ltr'><strong>illic</strong></span> <span class='ocrx_word' id='word_1_800' title='bbox 1565 2139 1646 2165; x_wconf 85' lang='lat' dir='ltr'><strong>opera</strong></span> <span class='ocrx_word' id='word_1_801' title='bbox 1656 2136 1812 2168; x_wconf 54' lang='lat' dir='ltr'><strong>quaeruntur</strong></span> <span class='ocrx_word' id='word_1_802' title='bbox 1826 2150 1834 2163; x_wconf 86' lang='lat'><strong>,</strong></span> 
     </span>
    </p>
   </div>
   <div class='ocr_carea' id='block_1_102' title="bbox 1049 2166 1838 2202">
    <p class='ocr_par' dir='ltr' id='par_1_102' title="bbox 1049 2166 1838 2202">
     <span class='ocr_line' id='line_1_104' title="bbox 1049 2166 1838 2202; baseline -0.006 -6"><span class='ocrx_word' id='word_1_803' title='bbox 1049 2166 1102 2196; x_wconf 79' lang='lat' dir='ltr'><strong>non</strong></span> <span class='ocrx_word' id='word_1_804' title='bbox 1114 2166 1170 2202; x_wconf 79' lang='lat' dir='ltr'><strong>jani</strong></span> <span class='ocrx_word' id='word_1_805' title='bbox 1190 2167 1296 2194; x_wconf 85' lang='lat' dir='ltr'><strong>habitus</strong></span> <span class='ocrx_word' id='word_1_806' title='bbox 1316 2166 1492 2198; x_wconf 83' lang='lat' dir='ltr'><strong>venerabilis;</strong></span> <span class='ocrx_word' id='word_1_807' title='bbox 1508 2167 1561 2193; x_wconf 90' lang='lat' dir='ltr'><strong>imo</strong></span> <span class='ocrx_word' id='word_1_808' title='bbox 1579 2173 1643 2193; x_wconf 86' lang='lat' dir='ltr'><strong>vero</strong></span> <span class='ocrx_word' id='word_1_809' title='bbox 1658 2166 1752 2202; x_wconf 80' lang='lat' dir='ltr'><strong>majori</strong></span> <span class='ocrx_word' id='word_1_810' title='bbox 1774 2173 1838 2202; x_wconf 81' lang='lat' dir='ltr'><strong>sup-</strong></span> 
     </span>
    </p>
   </div>
   <div class='ocr_carea' id='block_1_103' title="bbox 1049 2201 1838 2238">
    <p class='ocr_par' dir='ltr' id='par_1_103' title="bbox 1049 2201 1838 2238">
     <span class='ocr_line' id='line_1_105' title="bbox 1049 2201 1838 2238; baseline -0.005 -7"><span class='ocrx_word' id='word_1_811' title='bbox 1049 2201 1128 2238; x_wconf 79' lang='lat' dir='ltr'><strong>plicio</strong></span> <span class='ocrx_word' id='word_1_812' title='bbox 1138 2211 1172 2230; x_wconf 81' lang='lat' dir='ltr'><strong>ac</strong></span> <span class='ocrx_word' id='word_1_813' title='bbox 1184 2203 1354 2238; x_wconf 80' lang='lat' dir='ltr'><strong>damnatione</strong></span> <span class='ocrx_word' id='word_1_814' title='bbox 1367 2202 1525 2236; x_wconf 90' lang='lat' dir='ltr'><strong>plectemur,</strong></span> <span class='ocrx_word' id='word_1_815' title='bbox 1548 2202 1570 2228; x_wconf 89' lang='lat' dir='ltr'><strong>si</strong></span> <span class='ocrx_word' id='word_1_816' title='bbox 1587 2201 1766 2238; x_wconf 83' lang='lat' dir='ltr'><strong>venerabilem</strong></span> <span class='ocrx_word' id='word_1_817' title='bbox 1778 2201 1838 2235; x_wconf 92' lang='lat' dir='ltr'><strong>qui-</strong></span> 
     </span>
    </p>
   </div>
   <div class='ocr_carea' id='block_1_104' title="bbox 1049 2237 1837 2272">
    <p class='ocr_par' dir='ltr' id='par_1_104' title="bbox 1049 2237 1837 2272">
     <span class='ocr_line' id='line_1_106' title="bbox 1049 2237 1837 2272; baseline -0.005 -6"><span class='ocrx_word' id='word_1_818' title='bbox 1049 2237 1109 2266; x_wconf 80' lang='lat' dir='ltr'><strong>dem</strong></span> <span class='ocrx_word' id='word_1_819' title='bbox 1121 2239 1315 2272; x_wconf 88' lang='lat' dir='ltr'><strong>honestumque</strong></span> <span class='ocrx_word' id='word_1_820' title='bbox 1330 2237 1448 2264; x_wconf 85' lang='lat' dir='ltr'><strong>habitum</strong></span> <span class='ocrx_word' id='word_1_821' title='bbox 1463 2237 1667 2272; x_wconf 75' lang='lat' dir='ltr'><strong>gestaverimus,</strong></span> <span class='ocrx_word' id='word_1_822' title='bbox 1684 2243 1733 2272; x_wconf 82' lang='lat' dir='ltr'><strong>nec</strong></span> <span class='ocrx_word' id='word_1_823' title='bbox 1748 2240 1837 2262; x_wconf 84' lang='lat' dir='ltr'><strong>tamen</strong></span> 
     </span>
    </p>
   </div>
   <div class='ocr_carea' id='block_1_105' title="bbox 1050 2271 1837 2308">
    <p class='ocr_par' dir='ltr' id='par_1_105' title="bbox 1050 2271 1837 2308">
     <span class='ocr_line' id='line_1_107' title="bbox 1050 2271 1837 2308; baseline -0.004 -8"><span class='ocrx_word' id='word_1_824' title='bbox 1050 2274 1154 2301; x_wconf 87' lang='lat' dir='ltr'><strong>habitus</strong></span> <span class='ocrx_word' id='word_1_825' title='bbox 1168 2281 1249 2308; x_wconf 88' lang='lat' dir='ltr'><strong>opera</strong></span> <span class='ocrx_word' id='word_1_826' title='bbox 1266 2271 1547 2307; x_wconf 47' lang='lat' dir='ltr'><strong>perfecerimus.&#39;Audi</strong></span> <span class='ocrx_word' id='word_1_827' title='bbox 1561 2272 1594 2298; x_wconf 90' lang='lat' dir='ltr'><strong>de</strong></span> <span class='ocrx_word' id='word_1_828' title='bbox 1608 2271 1709 2298; x_wconf 63' lang='lat' dir='ltr'><strong>ludatis</strong></span> <span class='ocrx_word' id='word_1_829' title='bbox 1723 2271 1837 2305; x_wconf 86' lang='lat' dir='ltr'><strong>loquen—</strong></span> 
     </span>
    </p>
   </div>
   <div class='ocr_carea' id='block_1_106' title="bbox 1051 2308 1839 2342">
    <p class='ocr_par' dir='ltr' id='par_1_106' title="bbox 1051 2308 1839 2342">
     <span class='ocr_line' id='line_1_108' title="bbox 1051 2308 1839 2342; baseline -0.006 -6"><span class='ocrx_word' id='word_1_830' title='bbox 1051 2314 1104 2337; x_wconf 91' lang='lat' dir='ltr'><strong>tem</strong></span> <span class='ocrx_word' id='word_1_831' title='bbox 1115 2309 1290 2339; x_wconf 84' lang='lat' dir='ltr'><strong>Salvatorem.</strong></span> <span class='ocrx_word' id='word_1_832' title='bbox 1304 2308 1351 2335; x_wconf 92' lang='lat' dir='ltr'><strong>sed</strong></span> <span class='ocrx_word' id='word_1_833' title='bbox 1365 2308 1513 2335; x_wconf 81' lang='lat' dir='ltr'><strong>doctrinam</strong></span> <span class='ocrx_word' id='word_1_834' title='bbox 1528 2315 1588 2342; x_wconf 74' lang='lat' dir='ltr'><strong>qua:</strong></span> <span class='ocrx_word' id='word_1_835' title='bbox 1601 2314 1649 2334; x_wconf 92' lang='lat' dir='ltr'><strong>nos</strong></span> <span class='ocrx_word' id='word_1_836' title='bbox 1660 2310 1763 2342; x_wconf 78' lang='lat' dir='ltr'><strong>spectat</strong></span> <span class='ocrx_word' id='word_1_837' title='bbox 1778 2314 1839 2342; x_wconf 84' lang='lat' dir='ltr'><strong>pro-</strong></span> 
     </span>
    </p>
   </div>
   <div class='ocr_carea' id='block_1_107' title="bbox 1049 2341 1839 2377">
    <p class='ocr_par' dir='ltr' id='par_1_107' title="bbox 1049 2341 1839 2377">
     <span class='ocr_line' id='line_1_109' title="bbox 1049 2341 1839 2377; baseline -0.006 -5"><span class='ocrx_word' id='word_1_838' title='bbox 1049 2344 1179 2372; x_wconf 83' lang='lat' dir='ltr'><strong>ferentem</strong></span> <span class='ocrx_word' id='word_1_839' title='bbox 1196 2353 1203 2370; x_wconf 85' lang='lat'><strong>:</strong></span> <span class='ocrx_word' id='word_1_840' title='bbox 1225 2343 1339 2370; x_wconf 84' lang='lat' dir='ltr'><strong>Dilatant</strong></span> <span class='ocrx_word' id='word_1_841' title='bbox 1350 2343 1420 2370; x_wconf 87' lang='lat' dir='ltr'><strong>enim</strong></span> <span class='ocrx_word' id='word_1_842' title='bbox 1434 2343 1518 2377; x_wconf 89' lang='lat' dir='ltr'><strong>inquit</strong></span> <span class='ocrx_word' id='word_1_843' title='bbox 1532 2341 1545 2375; x_wconf 24' lang='lat'><strong>,7</strong></span> <span class='ocrx_word' id='word_1_844' title='bbox 1555 2341 1690 2377; x_wconf 48' lang='lat' dir='ltr'><strong>ﬁmbrias}</strong></span> <span class='ocrx_word' id='word_1_845' title='bbox 1703 2346 1727 2377; x_wconf 74' lang='lat' dir='ltr'><strong>et</strong></span> <span class='ocrx_word' id='word_1_846' title='bbox 1741 2341 1767 2377; x_wconf 76' lang='lat' dir='ltr'><strong>in</strong></span> <span class='ocrx_word' id='word_1_847' title='bbox 1781 2341 1839 2374; x_wconf 56' lang='grc' dir='ltr'><strong>νίας</strong></span> 
     </span>
    </p>
   </div>
   <div class='ocr_carea' id='block_1_108' title="bbox 1051 2376 1838 2413">
    <p class='ocr_par' dir='ltr' id='par_1_108' title="bbox 1051 2376 1838 2413">
     <span class='ocr_line' id='line_1_110' title="bbox 1051 2376 1838 2413; baseline -0.006 -6"><span class='ocrx_word' id='word_1_848' title='bbox 1051 2380 1096 2407; x_wconf 82' lang='lat' dir='ltr'><strong>teis</strong></span> <span class='ocrx_word' id='word_1_849' title='bbox 1107 2384 1181 2407; x_wconf 86' lang='lat' dir='ltr'><strong>orant</strong></span> <span class='ocrx_word' id='word_1_850' title='bbox 1196 2383 1223 2406; x_wconf 84' lang='lat' dir='ltr'><strong>ut</strong></span> <span class='ocrx_word' id='word_1_851' title='bbox 1238 2378 1380 2406; x_wconf 68' lang='lat' dir='ltr'><strong>hominibus</strong></span> <span class='ocrx_word' id='word_1_852' title='bbox 1389 2378 1454 2413; x_wconf 82' lang='lat' dir='ltr'><strong>justi</strong></span> <span class='ocrx_word' id='word_1_853' title='bbox 1465 2376 1617 2412; x_wconf 67' lang='lat' dir='ltr'><strong>uideantur(</strong></span> <span class='ocrx_word' id='word_1_854' title='bbox 1633 2376 1727 2403; x_wconf 79' lang='lat' dir='ltr'><strong>Matth.</strong></span> <span class='ocrx_word' id='word_1_855' title='bbox 1743 2376 1794 2413; x_wconf 56' lang='grc'><strong>25.</strong></span> <span class='ocrx_word' id='word_1_856' title='bbox 1810 2377 1838 2403; x_wconf 84' lang='grc'><strong>5.</strong></span> 
     </span>
    </p>
   </div>
   <div class='ocr_carea' id='block_1_109' title="bbox 1049 2411 1837 2450">
    <p class='ocr_par' dir='ltr' id='par_1_109' title="bbox 1049 2411 1837 2450">
     <span class='ocr_line' id='line_1_111' title="bbox 1049 2411 1837 2450; baseline -0.006 -8"><span class='ocrx_word' id='word_1_857' title='bbox 1049 2421 1072 2442; x_wconf 81' lang='lat' dir='ltr'><strong>et</strong></span> <span class='ocrx_word' id='word_1_858' title='bbox 1086 2424 1108 2442; x_wconf 77' lang='grc' dir='ltr'><strong>ο.</strong></span> <span class='ocrx_word' id='word_1_859' title='bbox 1123 2416 1150 2442; x_wconf 83' lang='grc'><strong>6.</strong></span> <span class='ocrx_word' id='word_1_860' title='bbox 1165 2414 1199 2450; x_wconf 87' lang='grc'><strong>5)</strong></span> <span class='ocrx_word' id='word_1_861' title='bbox 1216 2423 1223 2441; x_wconf 88' lang='lat'><strong>:</strong></span> <span class='ocrx_word' id='word_1_862' title='bbox 1236 2414 1261 2450; x_wconf 84' lang='lat' dir='ltr'><strong>hi</strong></span> <span class='ocrx_word' id='word_1_863' title='bbox 1275 2421 1338 2441; x_wconf 90' lang='lat' dir='ltr'><strong>vero</strong></span> <span class='ocrx_word' id='word_1_864' title='bbox 1348 2411 1479 2450; x_wconf 81' lang='lat' dir='ltr'><strong>accipient</strong></span> <span class='ocrx_word' id='word_1_865' title='bbox 1489 2411 1686 2450; x_wconf 66' lang='lat' dir='ltr'><strong>damnationem</strong></span> <span class='ocrx_word' id='word_1_866' title='bbox 1698 2411 1837 2450; x_wconf 78' lang='lat' dir='ltr'><strong>majorem.</strong></span> 
     </span>
    </p>
   </div>
   <div class='ocr_carea' id='block_1_110' title="bbox 1050 2446 1839 2481">
    <p class='ocr_par' dir='ltr' id='par_1_110' title="bbox 1050 2446 1839 2481">
     <span class='ocr_line' id='line_1_112' title="bbox 1050 2446 1839 2481; baseline -0.006 -3"><span class='ocrx_word' id='word_1_867' title='bbox 1050 2446 1194 2478; x_wconf 82' lang='lat' dir='ltr'><strong>Desideras</strong></span> <span class='ocrx_word' id='word_1_868' title='bbox 1203 2449 1321 2477; x_wconf 89' lang='lat' dir='ltr'><strong>habitum</strong></span> <span class='ocrx_word' id='word_1_869' title='bbox 1335 2446 1526 2481; x_wconf 83' lang='lat' dir='ltr'><strong>venerandum,</strong></span> <span class='ocrx_word' id='word_1_870' title='bbox 1540 2452 1568 2474; x_wconf 89' lang='lat' dir='ltr'><strong>et</strong></span> <span class='ocrx_word' id='word_1_871' title='bbox 1579 2446 1775 2474; x_wconf 88' lang='lat' dir='ltr'><strong>Christianismi</strong></span> <span class='ocrx_word' id='word_1_872' title='bbox 1791 2455 1839 2473; x_wconf 87' lang='lat' dir='ltr'><strong>no-</strong></span> 
     </span>
    </p>
   </div>
   <div class='ocr_carea' id='block_1_111' title="bbox 1049 2482 1838 2520">
    <p class='ocr_par' dir='ltr' id='par_1_111' title="bbox 1049 2482 1838 2520">
     <span class='ocr_line' id='line_1_113' title="bbox 1049 2482 1838 2520; baseline -0.006 -7"><span class='ocrx_word' id='word_1_873' title='bbox 1049 2494 1110 2513; x_wconf 84' lang='lat' dir='ltr'><strong>men</strong></span> <span class='ocrx_word' id='word_1_874' title='bbox 1124 2485 1258 2520; x_wconf 82' lang='lat' dir='ltr'><strong>expetisti.</strong></span> <span class='ocrx_word' id='word_1_875' title='bbox 1274 2484 1312 2511; x_wconf 84' lang='lat' dir='ltr'><strong>Ne</strong></span> <span class='ocrx_word' id='word_1_876' title='bbox 1328 2484 1370 2511; x_wconf 87' lang='lat' dir='ltr'><strong>hic</strong></span> <span class='ocrx_word' id='word_1_877' title='bbox 1392 2488 1494 2510; x_wconf 91' lang='lat' dir='ltr'><strong>tantum</strong></span> <span class='ocrx_word' id='word_1_878' title='bbox 1508 2483 1650 2520; x_wconf 80' lang='lat' dir='ltr'><strong>consistas,</strong></span> <span class='ocrx_word' id='word_1_879' title='bbox 1664 2482 1711 2509; x_wconf 87' lang='lat' dir='ltr'><strong>sed</strong></span> <span class='ocrx_word' id='word_1_880' title='bbox 1726 2489 1838 2520; x_wconf 81' lang='lat' dir='ltr'><strong>operum</strong></span> 
     </span>
    </p>
   </div>
   <div class='ocr_carea' id='block_1_112' title="bbox 1049 2517 1839 2554">
    <p class='ocr_par' dir='ltr' id='par_1_112' title="bbox 1049 2517 1839 2554">
     <span class='ocr_line' id='line_1_114' title="bbox 1049 2517 1839 2554; baseline -0.006 -6"><span class='ocrx_word' id='word_1_881' title='bbox 1049 2517 1212 2548; x_wconf 78' lang='lat' dir='ltr'><strong>exhibitione</strong></span> <span class='ocrx_word' id='word_1_882' title='bbox 1223 2520 1264 2547; x_wconf 85' lang='lat' dir='ltr'><strong>fac</strong></span> <span class='ocrx_word' id='word_1_883' title='bbox 1277 2525 1422 2554; x_wconf 85' lang='lat' dir='ltr'><strong>appareant</strong></span> <span class='ocrx_word' id='word_1_884' title='bbox 1434 2519 1574 2553; x_wconf 88' lang='lat' dir='ltr'><strong>promissa,</strong></span> <span class='ocrx_word' id='word_1_885' title='bbox 1582 2518 1676 2552; x_wconf 91' lang='lat' dir='ltr'><strong>quibus</strong></span> <span class='ocrx_word' id='word_1_886' title='bbox 1687 2517 1839 2554; x_wconf 71' lang='lat' dir='ltr'><strong>teobstriu-</strong></span> 
     </span>
    </p>
   </div>
   <div class='ocr_carea' id='block_1_113' title="bbox 1049 2552 1838 2590">
    <p class='ocr_par' dir='ltr' id='par_1_113' title="bbox 1049 2552 1838 2590">
     <span class='ocr_line' id='line_1_115' title="bbox 1049 2552 1838 2590; baseline -0.005 -7"><span class='ocrx_word' id='word_1_887' title='bbox 1049 2557 1123 2583; x_wconf 84' lang='lat' dir='ltr'><strong>xisti.</strong></span> <span class='ocrx_word' id='word_1_888' title='bbox 1139 2556 1192 2584; x_wconf 84' lang='lat' dir='ltr'><strong>Cur</strong></span> <span class='ocrx_word' id='word_1_889' title='bbox 1204 2555 1236 2582; x_wconf 91' lang='lat' dir='ltr'><strong>ad</strong></span> <span class='ocrx_word' id='word_1_890' title='bbox 1253 2552 1411 2590; x_wconf 74' lang='lat' dir='ltr'><strong>proiiiissuut</strong></span> <span class='ocrx_word' id='word_1_891' title='bbox 1427 2552 1456 2581; x_wconf 87' lang='lat' dir='ltr'><strong>es</strong></span> <span class='ocrx_word' id='word_1_892' title='bbox 1472 2561 1601 2590; x_wconf 68' lang='lat' dir='ltr'><strong>praaceps.</strong></span> <span class='ocrx_word' id='word_1_893' title='bbox 1612 2560 1674 2580; x_wconf 88' lang='lat' dir='ltr'><strong>cum</strong></span> <span class='ocrx_word' id='word_1_894' title='bbox 1694 2552 1760 2580; x_wconf 88' lang='lat' dir='ltr'><strong>illud</strong></span> <span class='ocrx_word' id='word_1_895' title='bbox 1773 2559 1838 2587; x_wconf 90' lang='lat' dir='ltr'><strong>ope-</strong></span> 
     </span>
    </p>
   </div>
   <div class='ocr_carea' id='block_1_114' title="bbox 1052 2588 1836 2623">
    <p class='ocr_par' dir='ltr' id='par_1_114' title="bbox 1052 2588 1836 2623">
     <span class='ocr_line' id='line_1_116' title="bbox 1052 2588 1836 2623; baseline -0.005 -5"><span class='ocrx_word' id='word_1_896' title='bbox 1052 2591 1126 2618; x_wconf 92' lang='lat' dir='ltr'><strong>ribus</strong></span> <span class='ocrx_word' id='word_1_897' title='bbox 1150 2599 1201 2618; x_wconf 91' lang='lat' dir='ltr'><strong>uon</strong></span> <span class='ocrx_word' id='word_1_898' title='bbox 1221 2588 1387 2618; x_wconf 79' lang='lat' dir='ltr'><strong>conﬁrmes?</strong></span> <span class='ocrx_word' id='word_1_899' title='bbox 1406 2590 1518 2623; x_wconf 81' lang='lat' dir='ltr'><strong>Oportet</strong></span> <span class='ocrx_word' id='word_1_900' title='bbox 1528 2588 1608 2623; x_wconf 77' lang='lat' dir='ltr'><strong>igitur</strong></span> <span class='ocrx_word' id='word_1_901' title='bbox 1629 2592 1656 2615; x_wconf 90' lang='lat' dir='ltr'><strong>et</strong></span> <span class='ocrx_word' id='word_1_902' title='bbox 1680 2592 1757 2614; x_wconf 87' lang='lat' dir='ltr'><strong>caute</strong></span> <span class='ocrx_word' id='word_1_903' title='bbox 1776 2592 1836 2614; x_wconf 85' lang='lat' dir='ltr'><strong>vota</strong></span> 
     </span>
    </p>
   </div>
   <div class='ocr_carea' id='block_1_115' title="bbox 1049 2622 1835 2661">
    <p class='ocr_par' dir='ltr' id='par_1_115' title="bbox 1049 2622 1835 2661">
     <span class='ocr_line' id='line_1_117' title="bbox 1049 2622 1835 2661; baseline -0.006 -7"><span class='ocrx_word' id='word_1_904' title='bbox 1049 2634 1204 2661; x_wconf 90' lang='lat' dir='ltr'><strong>nuncupare</strong></span> <span class='ocrx_word' id='word_1_905' title='bbox 1220 2646 1228 2658; x_wconf 88' lang='lat'><strong>,</strong></span> <span class='ocrx_word' id='word_1_906' title='bbox 1243 2630 1271 2653; x_wconf 89' lang='lat' dir='ltr'><strong>et</strong></span> <span class='ocrx_word' id='word_1_907' title='bbox 1297 2622 1438 2661; x_wconf 63' lang='lat' dir='ltr'><strong>diligenter</strong></span> <span class='ocrx_word' id='word_1_908' title='bbox 1462 2622 1578 2661; x_wconf 67' lang='lat' dir='ltr'><strong>debitum</strong></span> <span class='ocrx_word' id='word_1_909' title='bbox 1601 2623 1655 2649; x_wconf 91' lang='lat' dir='ltr'><strong>voti</strong></span> <span class='ocrx_word' id='word_1_910' title='bbox 1673 2622 1835 2661; x_wconf 61' lang='lat' dir='ltr'><strong>persolvere.</strong></span> 
     </span>
    </p>
   </div>
   <div class='ocr_carea' id='block_1_116' title="bbox 1054 2657 1836 2695">
    <p class='ocr_par' dir='ltr' id='par_1_116' title="bbox 1054 2657 1836 2695">
     <span class='ocr_line' id='line_1_118' title="bbox 1054 2657 1836 2695; baseline -0.006 -7"><span class='ocrx_word' id='word_1_911' title='bbox 1054 2657 1147 2688; x_wconf 75' lang='lat' dir='ltr'><strong>Voveté</strong></span> <span class='ocrx_word' id='word_1_912' title='bbox 1154 2657 1267 2695; x_wconf 87' lang='lat' dir='ltr'><strong>namque</strong></span> <span class='ocrx_word' id='word_1_913' title='bbox 1276 2665 1298 2687; x_wconf 86' lang='lat' dir='ltr'><strong>et</strong></span> <span class='ocrx_word' id='word_1_914' title='bbox 1309 2657 1405 2687; x_wconf 55' lang='lat' dir='ltr'><strong>rcd&#39;dite</strong></span> <span class='ocrx_word' id='word_1_915' title='bbox 1413 2659 1523 2686; x_wconf 86' lang='lat' dir='ltr'><strong>Domino</strong></span> <span class='ocrx_word' id='word_1_916' title='bbox 1537 2658 1591 2695; x_wconf 76' lang='lat' dir='ltr'><strong>Deo</strong></span> <span class='ocrx_word' id='word_1_917' title='bbox 1603 2663 1683 2695; x_wconf 75' lang='lat' dir='ltr'><strong>vestro</strong></span> <span class='ocrx_word' id='word_1_918' title='bbox 1695 2657 1836 2695; x_wconf 35' lang='grc' dir='ltr'><strong>(Μαι-75.</strong></span> 
     </span>
    </p>
   </div>
   <div class='ocr_carea' id='block_1_117' title="bbox 1051 2692 1835 2733">
    <p class='ocr_par' dir='ltr' id='par_1_117' title="bbox 1051 2692 1835 2733">
     <span class='ocr_line' id='line_1_119' title="bbox 1051 2692 1835 2733; baseline -0.005 -9"><span class='ocrx_word' id='word_1_919' title='bbox 1051 2697 1083 2724; x_wconf 75' lang='grc'><strong>12</strong></span> <span class='ocrx_word' id='word_1_920' title='bbox 1098 2698 1106 2733; x_wconf 98' lang='grc'>)</span> <span class='ocrx_word' id='word_1_921' title='bbox 1125 2706 1132 2724; x_wconf 94' lang='lat'><strong>:</strong></span> <span class='ocrx_word' id='word_1_922' title='bbox 1147 2692 1237 2724; x_wconf 81' lang='lat' dir='ltr'><strong>sancta</strong></span> <span class='ocrx_word' id='word_1_923' title='bbox 1250 2696 1453 2733; x_wconf 80' lang='lat' dir='ltr'><strong>conversatione</strong></span> <span class='ocrx_word' id='word_1_924' title='bbox 1466 2702 1526 2733; x_wconf 82' lang='lat' dir='ltr'><strong>cum</strong></span> <span class='ocrx_word' id='word_1_925' title='bbox 1542 2693 1587 2721; x_wconf 88' lang='lat' dir='ltr'><strong>illo</strong></span> <span class='ocrx_word' id='word_1_926' title='bbox 1598 2692 1770 2733; x_wconf 70' lang='lat' dir='ltr'><strong>eopjuugere,</strong></span> <span class='ocrx_word' id='word_1_927' title='bbox 1784 2692 1835 2733; x_wconf 76' lang='lat' dir='ltr'><strong>hoc</strong></span> 
     </span>
    </p>
   </div>
   <div class='ocr_carea' id='block_1_118' title="bbox 1048 2728 1834 2766">
    <p class='ocr_par' dir='ltr' id='par_1_118' title="bbox 1048 2728 1834 2766">
     <span class='ocr_line' id='line_1_120' title="bbox 1048 2728 1834 2766; baseline -0.009 -6"><span class='ocrx_word' id='word_1_928' title='bbox 1048 2728 1216 2766; x_wconf 66' lang='lat' dir='ltr'><strong>est&#39;eorpore</strong></span> <span class='ocrx_word' id='word_1_929' title='bbox 1243 2737 1270 2759; x_wconf 92' lang='lat' dir='ltr'><strong>et</strong></span> <span class='ocrx_word' id='word_1_930' title='bbox 1283 2731 1387 2765; x_wconf 89' lang='lat' dir='ltr'><strong>spiritu,</strong></span> <span class='ocrx_word' id='word_1_931' title='bbox 1404 2735 1431 2757; x_wconf 92' lang='lat' dir='ltr'><strong>et</strong></span> <span class='ocrx_word' id='word_1_932' title='bbox 1456 2730 1543 2766; x_wconf 84' lang='lat' dir='ltr'><strong>anima</strong></span> <span class='ocrx_word' id='word_1_933' title='bbox 1568 2729 1665 2766; x_wconf 73' lang='lat' dir='ltr'><strong>:_nihil</strong></span> <span class='ocrx_word' id='word_1_934' title='bbox 1693 2728 1834 2766; x_wconf 76' lang='lat' dir='ltr'><strong>subtrahas</strong></span> 
     </span>
    </p>
   </div>
   <div class='ocr_carea' id='block_1_119' title="bbox 1048 2763 1833 2802">
    <p class='ocr_par' dir='ltr' id='par_1_119' title="bbox 1048 2763 1833 2802">
     <span class='ocr_line' id='line_1_121' title="bbox 1048 2763 1833 2802; baseline -0.006 -8"><span class='ocrx_word' id='word_1_935' title='bbox 1048 2769 1082 2795; x_wconf 93' lang='lat' dir='ltr'><strong>de</strong></span> <span class='ocrx_word' id='word_1_936' title='bbox 1098 2763 1341 2802; x_wconf 53' lang='lat' dir='ltr'><strong>promissione,&#39;ne</strong></span> <span class='ocrx_word' id='word_1_937' title='bbox 1355 2766 1447 2802; x_wconf 88' lang='lat' dir='ltr'><strong>eadem</strong></span> <span class='ocrx_word' id='word_1_938' title='bbox 1467 2765 1512 2792; x_wconf 85' lang='lat' dir='ltr'><strong>tibi</strong></span> <span class='ocrx_word' id='word_1_939' title='bbox 1532 2764 1668 2802; x_wconf 55' lang='lat' dir='ltr'><strong>accidant,</strong></span> <span class='ocrx_word' id='word_1_940' title='bbox 1683 2763 1833 2802; x_wconf 38' lang='lat' dir='ltr'><strong>qum‘Ana-</strong></span> 
     </span>
    </p>
   </div>
   <div class='ocr_carea' id='block_1_120' title="bbox 1049 2798 1831 2837">
    <p class='ocr_par' dir='ltr' id='par_1_120' title="bbox 1049 2798 1831 2837">
     <span class='ocr_line' id='line_1_122' title="bbox 1049 2798 1831 2837; baseline -0.009 -6"><span class='ocrx_word' id='word_1_941' title='bbox 1049 2798 1106 2831; x_wconf 68' lang='lat' dir='ltr'><strong>nite</strong></span> <span class='ocrx_word' id='word_1_942' title='bbox 1117 2807 1144 2830; x_wconf 87' lang='lat' dir='ltr'><strong>et</strong></span> <span class='ocrx_word' id='word_1_943' title='bbox 1167 2802 1316 2837; x_wconf 76' lang='lat' dir='ltr'><strong>Sappbirzc.</strong></span> <span class='ocrx_word' id='word_1_944' title='bbox 1341 2801 1379 2829; x_wconf 92' lang='lat' dir='ltr'><strong>Illi</strong></span> <span class='ocrx_word' id='word_1_945' title='bbox 1393 2801 1463 2828; x_wconf 87' lang='lat' dir='ltr'><strong>enim</strong></span> <span class='ocrx_word' id='word_1_946' title='bbox 1479 2808 1539 2837; x_wconf 85' lang='lat' dir='ltr'><strong>cum</strong></span> <span class='ocrx_word' id='word_1_947' title='bbox 1552 2800 1586 2827; x_wconf 93' lang='lat' dir='ltr'><strong>de</strong></span> <span class='ocrx_word' id='word_1_948' title='bbox 1602 2798 1757 2834; x_wconf 47' lang='lat' dir='ltr'><strong>pretio&#39;agri</strong></span> <span class='ocrx_word' id='word_1_949' title='bbox 1770 2806 1831 2832; x_wconf 92' lang='lat' dir='ltr'><strong>pro-</strong></span> 
     </span>
    </p>
   </div>
   <div class='ocr_carea' id='block_1_121' title="bbox 1049 2836 1834 2870">
    <p class='ocr_par' dir='ltr' id='par_1_121' title="bbox 1049 2836 1834 2870">
     <span class='ocr_line' id='line_1_123' title="bbox 1049 2836 1834 2870; baseline -0.006 -5"><span class='ocrx_word' id='word_1_950' title='bbox 1049 2839 1123 2866; x_wconf 90' lang='lat' dir='ltr'><strong>missi</strong></span> <span class='ocrx_word' id='word_1_951' title='bbox 1144 2836 1329 2869; x_wconf 79' lang='lat' dir='ltr'><strong>fraudassent,</strong></span> <span class='ocrx_word' id='word_1_952' title='bbox 1345 2841 1431 2864; x_wconf 85' lang='lat' dir='ltr'><strong>morte</strong></span> <span class='ocrx_word' id='word_1_953' title='bbox 1446 2836 1528 2870; x_wconf 90' lang='lat' dir='ltr'><strong>puniti</strong></span> <span class='ocrx_word' id='word_1_954' title='bbox 1544 2839 1617 2867; x_wconf 83' lang='lat' dir='ltr'><strong>sunt,</strong></span> <span class='ocrx_word' id='word_1_955' title='bbox 1630 2839 1658 2861; x_wconf 89' lang='lat' dir='ltr'><strong>et</strong></span> <span class='ocrx_word' id='word_1_956' title='bbox 1669 2841 1718 2861; x_wconf 90' lang='lat' dir='ltr'><strong>nos</strong></span> <span class='ocrx_word' id='word_1_957' title='bbox 1731 2838 1834 2870; x_wconf 82' lang='lat' dir='ltr'><strong>oportet</strong></span> 
     </span>
    </p>
   </div>
   <div class='ocr_carea' id='block_1_122' title="bbox 1049 2868 1834 2906">
    <p class='ocr_par' dir='ltr' id='par_1_122' title="bbox 1049 2868 1834 2906">
     <span class='ocr_line' id='line_1_124' title="bbox 1049 2868 1834 2906; baseline -0.009 -4"><span class='ocrx_word' id='word_1_958' title='bbox 1049 2874 1098 2901; x_wconf 81' lang='lat' dir='ltr'><strong>ista</strong></span> <span class='ocrx_word' id='word_1_959' title='bbox 1107 2872 1291 2902; x_wconf 86' lang='lat' dir='ltr'><strong>reformidare.</strong></span> <span class='ocrx_word' id='word_1_960' title='bbox 1300 2868 1527 2900; x_wconf 58' lang='lat' dir='ltr'><strong>SCicnduntenim</strong></span> <span class='ocrx_word' id='word_1_961' title='bbox 1541 2875 1582 2898; x_wconf 91' lang='lat' dir='ltr'><strong>est</strong></span> <span class='ocrx_word' id='word_1_962' title='bbox 1595 2877 1644 2898; x_wconf 83' lang='lat' dir='ltr'><strong>nec</strong></span> <span class='ocrx_word' id='word_1_963' title='bbox 1661 2868 1834 2906; x_wconf 73' lang='lat' dir='ltr'><strong>ignorandmu</strong></span> 
     </span>
    </p>
   </div>
  </div>
