2042 3121
155 135 221 162 1077

152 192 292 220 dixitJesu
317 201 324 218 :
347 191 408 218 Non
427 199 483 227 sunt
506 191 596 225 dignus
614 194 650 227 (ut
677 189 756 217 intres
779 189 940 227 sub_t_t_'ctuin

152 237 253 260 meum;
266 228 310 254 sed
323 227 364 254 dic
378 223 520 255 verbum.“
530 223 660 252 Suimbitur
675 233 738 259 puer
751 232 820 251 meus
833 223 940 259 (Matth.

152 265 179 291 8.
194 264 243 298 8)?
257 263 291 290 Et
305 262 451 290 admiratus
470 262 548 298 Jesus
567 261 632 298 dicit
647 261 860 298 :_Ame_n_,_unten
886 259 942 298 dico

152 293 232 332 vobis,
245 307 295 325 non
309 299 390 325 inueni
401 302 496 324 tantam
509 297 585 330 [idem
604 296 630 323 in
647 296 730 332 Israel
749 294 870 332 (lbid._u.

153 337 193 361 Au
209 330 301 361 nocuit
313 334 350 360 illi
366 333 479 360 militia?
494 332 544 359 Sed
559 332 619 366 quis
633 339 663 359 es
677 330 767 358 lu?an
788 330 896 364 opifex?
910 330 943 357 Et

155 369 252 396 Paulus
265 374 331 399 erat.
358 368 402 403 qui
419 372 556 402 postquam
576 367 710 403 Ecclesias
736 367 940 403 devastavcrat,

153 406 200 431 luit
214 400 374 438 prmdicator
386 400 569 437 etapostolus.
595 402 648 438 Sed
663 402 722 436 quis
734 401 782 429 es?
797 408 830 427 an
843 401 918 438 dives
931 400 942 427 ?

154 435 288 466 Abraham
313 446 418 474 quoque
437 435 511 466 dives
523 458 530 470 ,
544 438 588 473 qui
604 435 695 474 habuit
709 444 818 464 uxorem
835 441 862 462 et
876 435 943 463 libc-

153 482 208 502 ros.
227 474 261 501 Et
276 472 393 506 credidit,
415 474 511 508 inquit,
528 472 655 500 Abraham
669 472 738 504 Deo,
757 477 780 508 et
799 475 943 508 reputulum

153 515 189 537 est
209 510 247 536 illi
268 510 301 536 ud
316 507 469 544 juxtiliantr(
480 508 544 537 Gen.
561 510 605 536 15.
619 509 659 542 ὕ),
680 512 707 535 et
719 507 819 534 amicus
832 507 877 544 Dei
897 514 944 544 vo:

153 550 229 572 catus
242 549 292 572 est.
308 541 348 572 Ᾰη
372 541 515 572 obfuerunt
529 544 565 571 illi
583 544 692 574 divitiae,
707 551 774 569 uxor
786 547 831 568 aut
847 541 944 568 liberi?

152 580 222 607 Nutu
248 581 391 607 exensandi
418 580 504 607 locum
529 579 633 606 habes?
648 579 717 606 Ecce
741 578 789 605 tria
817 577 860 604 illa
884 585 943 610 qua:

154 615 298 651 prietendis
314 615 357 642 ille
369 615 461 642 habuit
475 624 482 648 ;
497 622 606 642 uxorem
616 621 717 651 (nempe
732 633 739 646 ,
756 613 823 651 ﬁlios
836 616 864 639 et
878 612 944 639 divi-

155 649 214 678 tias.
230 653 264 678 At
283 651 342 685 quis
356 658 385 678 es
400 652 445 678 tu?
460 659 492 676 an
512 650 625 677 servus?
639 649 671 676 Et
696 649 837 685 Onesimus
851 654 945 685 servus

156 692 216 713 erat
237 682 433 720 :srriliensque
456 686 553 712 Paulus
572 684 722 712 Philemoni
741 684 807 710 dicit
820 692 834 720 Δτ
847 682 942 720 Quasi-1

154 731 234 751 muni,
249 723 291 756 qui
307 722 367 748 olim
381 717 477 748 inutilia
492 726 561 752 erat,
576 729 642 747 nunc
653 725 736 756 autem
754 724 777 745 et
791 718 852 756 mihi
864 722 888 756 _et
901 717 945 756 tibi

154 757 225 783 milia
236 751 358 785 lI’liilem.
375 757 431 791 11).
447 757 512 790 Quis
526 751 631 790 inquam
646 755 692 782 es?
706 762 775 791 nunt
783 751 849 791 rex?
863 752 945 780 David

154 793 235 820 etiam
251 800 296 819 rex
321 797 379 819 erat
394 789 445 818 τ’οι
467 789 602 826 ingressus
623 790 655 817 ad
675 789 945 826 eum_Nuthan__pro-

155 828 246 862 pheta,
267 827 354 862 arguit
376 835 436 854 cum
461 823 619 861 de'peecato
638 825 709 860 quod
734 824 845 862 fecerat.
862 823 947 862 Num:

155 858 218 897 quid
247 858 413 898 tyrannidem
436 863 461 889 lu
478 858 552 889 illum
577 869 623 888 rex
647 858 791 898 exercuit?
813 858 946 898 Numquid

155 895 248 924 contra
258 895 419 932 prophetam
436 898 593 925 sententiain
607 896 735 932 protulit?
751 896 845 932 Annon
861 895 903 932 vel
920 895 945 932 in

156 941 239 967 regno
259 929 364 960 servum
380 940 408 960 se
423 932 555 960 fatebatur
567 929 670 964 dicens,
698 931 802 967 Peccavi
814 929 947 967 Domino?

157 964 332 1003 Etupropbeta
348 968 441 996 videtis
456 968 637 1002 paenitentiam
660 967 726 1003 ejus,
741 966 808 1003 dixit
820 966 876 1003 illi:
889 964 945 1003 llo-

155 1000 238 1030 miu'us
253 1000 379 1030 transtulit
392 1000 520 1038 peccatum
541 1007 611 1029 tuum
625 1003 660 1036 (2.
675 1000 739 1035 Reg.
761 1002 804 1028 1‘2.
897 1000 948 1028 Ve-

156 1038 200 1065 lox
223 1040 376 1073 pmniteutia
387 1036 396 1070 ζ
409 1039 524 1065 velocior
531 1038 700 1065 condonatio.
716 1036 847 1071 Numquid
856 1043 947 1063 secum

157 1075 288 1107 reputavit
299 1082 328 1101 se
343 1081 433 1108 regem
444 1081 515 1106 esse,
530 1081 561 1100 ac
575 1073 642 1100 dixit
658 1081 666 1100 ε
682 1073 738 1100 Rex
749 1080 818 1105 sum,
831 1078 946 1106 purpura

157 1109 266 1136 indutus
280 1130 287 1142 ,
310 1117 342 1137 ac
365 1109 517 1136 diademate
544 1109 705 1136 redimitus:
721 1115 802 1142 penes
821 1115 864 1134 me
885 1111 948 1133 sunt

157 1152 246 1176 arcus,
274 1145 386 1179 sagittae,
408 1149 493 1176 scuta,
519 1144 612 1179 galeae,
625 1144 732 1176 milites,
759 1143 948 1179 satellites;et

156 1180 228 1206 hunc
242 1178 383 1214 pauperem
400 1180 506 1211 timebo,
520 1178 568 1206 nec
578 1179 696 1206 occidam
706 1186 778 1211 eum,
794 1179 848 1204 imo
860 1178 946 1212 ipsum

157 1213 261 1241 feram"!
280 1215 348 1242 Nihil
373 1215 467 1242 horum
482 1215 570 1241 dixit:
585 1215 632 1241 sed
659 1214 762 1241 etiamsi
790 1221 836 1240 rex
857 1217 944 1242 esset,

156 1250 260 1277 Sciebat
283 1258 313 1277 se
326 1258 461 1284 peccasse,
476 1250 588 1284 ideoque
602 1249 785 1284 paenitentiam
798 1249 862 1283 egit,
877 1247 947 1284 quod

154 1292 237 1318 grave
251 1282 386 1320 peccatum
395 1286 468 1312 novit
479 1293 508 1312 se
519 1282 623 1312 fecisse.
638 1284 770 1318 Numquid
780 1284 807 1320 rei
821 1282 891 1317 regia
906 1282 947 1320 di:

155 1318 447 1355 guitas‘impedimento
468 1320 535 1347 fuit?
559 1320 611 1348 Sed
626 1320 684 1355 quis
696 1325 722 1346 tu
741 1319 789 1347 cs?
811 1327 842 1345 an
863 1318 947 1355 puer?

156 1353 221 1382 Erat
232 1353 337 1390 quoque
352 1363 419 1390 puer
432 1356 534 1389 Daniel,
550 1356 594 1390 qui
608 1353 716 1382 leonum
731 1362 777 1382 ora
793 1353 926 1390 olituravit
938 1372 946 1384 ,

155 1388 301 1418 draconem
328 1388 463 1426 ὧέηῳὶι,
486 1395 513 1418 et
538 1388 583 1418 Bel
609 1390 748 1422 subvertit,
764 1390 808 1424 qui
828 1388 948 1426 seniores

155 1426 359 1458 roudemnavit,
373 1425 565 1454 et'Susanuam
585 1426 724 1453 liberavit:
742 1430 875 1459 tanta:un
892 1425 946 1452 vir-

156 1462 206 1488 tuti
220 1462 373 1496 imperfecta
389 1467 453 1488 :ctas
476 1470 529 1488 non
551 1462 644 1488 obfuit.
660 1463 693 1488 At
708 1461 769 1496 quid
785 1461 835 1488 cs?
849 1468 881 1486 an
894 1459 946 1496 ira-

156 1503 227 1523 trum
242 1495 344 1524 ainator
354 1497 366 1523 ?
378 1497 451 1524 Talis
466 1501 492 1524 et
505 1496 605 1531 Joseph
619 1496 676 1528 fuit,
690 1495 734 1531 qui
749 1500 876 1530 quantam
890 1495 949 1531 phif

155 1532 305 1565 losophiam
321 1532 457 1564 exhibuit,
475 1538 501 1559 et
524 1530 648 1566 quautam
664 1532 853 1558 continentiam
877 1530 948 1565 apud

154 1567 330 1602 1Egyptiam?
348 1567 453 1595 Vestem
478 1575 552 1594 suam
567 1567 656 1599 scidit,
671 1567 716 1594 sed
732 1567 810 1593 iidem
826 1574 877 1593 non
891 1566 946 1593 vio-

155 1601 233 1634 lavit,
256 1602 445 1637 impudentiam
464 1603 585 1630 mulieris
603 1602 675 1634 vicit,
702 1601 946 1635 concupiscentiam

156 1645 210 1665 non
224 1638 338 1664 satiavit.
353 1638 394 1664 An
407 1638 484 1665 vidua
495 1637 541 1665 es?
556 1638 618 1665 Erat
628 1642 655 1664 et
669 1637 777 1664 Sidonia
787 1637 875 1668 vidua,
888 1644 947 1671 qua:

156 1674 258 1700 lleliam
272 1673 427 1708 prophetam
439 1674 565 1706 suscepit,
580 1678 607 1700 et
619 1674 689 1707 pavit
704 1680 770 1706 pane
791 1677 817 1699 et
827 1679 906 1706 aqua,
921 1676 948 1708 et

155 1713 292 1736 auctorem
308 1707 386 1736 famis
401 1716 453 1736 non
468 1708 592 1736 labefecit
603 1708 695 1734 fames.
711 1710 750 1734 An
763 1708 887 1734 meretrix
902 1707 947 1734 es?

157 1744 220 1770 Erat
235 1749 262 1770 et
275 1744 377 1777 llahab,
397 1751 456 1779 qua".
476 1744 657 1778 exploratores
671 1743 822 1775 occultavit,
838 1747 865 1769 et
886 1749 946 1769 cum

158 1780 204 1805 lilii
226 1778 305 1806 Israel
322 1778 420 1806 terrain
443 1779 627 1814 promissionis
650 1778 824 1814 accepissent,
841 1782 946 1804 servata

155 1820 199 1842 t-st
220 1814 276 1849 ipsa
299 1823 359 1841 cuin
375 1813 454 1841 domo
475 1819 502 1841 ct
516 1822 612 1848 genere
627 1821 685 1840 suo.
701 1813 753 1840 Sed
766 1814 830 1848 quid
845 1814 894 1840 es?
913 1821 945 1849 an

155 1850 276 1884 pauper?
301 1851 403 1885 Pauper
424 1858 529 1884 quoque
555 1849 682 1885 Lazarus.
710 1848 744 1875 Et
762 1854 888 1883 quantam
903 1848 947 1875 ille

155 1884 363 1919 philosophiam,
373 1889 400 1911 ct
414 1885 565 1919 patientiam
580 1884 709 1914 exhibuit,
727 1892 775 1910 uec
789 1889 886 1910 tantam
901 1891 947 1910 ne-

154 1921 306 1946 cchi-atcnt
335 1919 441 1955 indigne
474 1920 552 1947 tulit?
574 1919 625 1946 Sed
641 1919 780 1955 quid?7An
806 1919 946 1946 mulierum

152 1963 248 1981 amans
267 1955 316 1982 es?
336 1956 407 1982 ’l‘alis
420 1959 477 1982 crat
494 1960 520 1982 et
548 1955 689 1988 Sampson.
716 1954 766 1988 Qui
782 1954 868 1980 liceta
886 1962 945 1981 uiu-

154 1991 222 2017 liere
238 1991 357 2024 proditus
380 1991 424 2021 sit,
439 1990 485 2018 sed
501 1991 551 2017 hoc
566 1991 602 2016 illi
620 1989 690 2016 Dctts
702 1989 846 2022 Concessit,
861 1994 890 2015 ut
912 1997 942 2017 se

153 2025 190 2052 de
211 2026 366 2060 alienigenis
379 2025 561 2052 ulcisceretur.
588 2025 640 2060 Sed
663 2025 725 2059 quid
739 2026 830 2052 es‘tan
853 2032 946 2051 antans

154 2061 270 2087 liliorutn
280 2059 377 2087 ?"l‘alis
387 2066 445 2088 erat
457 2066 483 2087 et
497 2059 668 2096 Jacob.’[Sed
686 2060 805 2092 tentaris,
819 2061 940 2086 tentaba-

154 2100 199 2132 tttr
211 2101 237 2123 et
249 2097 299 2123 Job
318 2095 380 2132 (0).]
396 2096 472 2122 Vides
486 2100 551 2132 quot
563 2095 674 2123 salutem
690 2096 845 2132 consequuti
865 2095 945 2122 sunt?

154 2131 247 2158 llabcs
273 2130 378 2158 ﬁdem?
397 2132 485 2158 oumia
512 2131 592 2158 habes
610 2136 684 2158 :‘non
707 2131 789 2157 babes
813 2130 891 2157 iidem
918 2136 945 2157 et

152 2174 264 2201 regnum
288 2167 410 2193 obtines?
437 2166 505 2193 Nihil
542 2171 568 2193 te
596 2166 671 2201 juvat
695 2173 815 2200 regnum.
849 2166 944 2193 Verum

152 2200 208 2237 nm.
235 2210 293 2228 smn
325 2201 446 2237 promissi
487 2202 636 2228 immemor.
671 2200 778 2229 Vocatus
804 2205 840 2227 est
865 2202 945 2235 igitur

151 2236 230 2263 Iesus
246 2238 279 2264 ad
294 2236 404 2271 nuptias.
420 2238 484 2264 Cum
505 2237 655 2264 advenisset
667 2241 755 2264 autem
766 2257 773 2267 ,
788 2237 876 2262 vinum
891 2244 944 2263 non

155 2272 302 2299 habebant.
331 2273 398 2299 Dicit
424 2273 446 2299 ei
464 2273 545 2299 Mater
567 2273 624 2305 ejus
638 2293 645 2305 ,
675 2271 767 2298 Vinum
781 2280 830 2297 non
843 2272 942 2298 habent.

152 2307 222 2334 Dicit
247 2309 269 2334 ei
290 2307 365 2335 Iesus
381 2315 389 2333 .‘
408 2307 496 2339 Vnde,
524 2308 623 2338 ntulitr,
650 2307 760 2333 nondum
789 2307 853 2333 venit
881 2308 944 2334 liora

150 2351 218 2369 mea.
249 2343 283 2370 Et
311 2351 371 2370 cmn
393 2342 444 2369 hoc
462 2343 573 2369 dixisset
586 2342 663 2369 Jesus
677 2344 715 2369 ait
738 2351 744 2367 :
763 2341 870 2375 Implete
897 2343 945 2377 Ity-

151 2378 224 2404 drias
234 2387 299 2412 aqua
314 2377 413 2414 (Joan.
430 2378 458 2404 ἢ.
475 2379 501 2405 5.
514 2386 567 2412 sqq.
583 2376 593 2413 )
606 2386 618 2414 ;r
633 2382 660 2404 et
693 2376 870 2414 impleverunt
894 2376 944 2414 hy-

151 2413 227 2440 drias
253 2421 318 2448 aqua
329 2434 336 2444 ,
362 2418 389 2440 et
403 2413 462 2440 fecit
487 2420 581 2447 aquam
596 2413 697 2440 viuum.
720 2413 772 2439 Cur
784 2413 850 2439 dixit
866 2422 872 2439 :
890 2413 944 2439 Ini-

151 2448 219 2482 plete
245 2449 348 2483 hydria:
364 2449 450 2482 aqua?
471 2451 510 2474 An
533 2449 554 2475 is
586 2448 630 2482 qui
651 2448 732 2475 verbo
746 2449 839 2474 etclum
863 2448 942 2479 fecit,

149 2489 179 2510 et
194 2489 291 2510 terram
306 2484 440 2514 fundavit.
455 2489 481 2511 et
495 2484 582 2510 omnia
598 2491 658 2518 quae
677 2484 701 2510 in
717 2483 756 2510 eis
775 2488 852 2512 sunt:
869 2484 944 2517 cujus

148 2524 276 2553 aspectus
289 2519 398 2546 arci‘acit
410 2519 520 2555 abyssos
530 2539 537 2551 ,
553 2526 632 2553 quem
643 2520 722 2555 timet
734 2526 767 2555 ac
781 2518 869 2555 tremit
884 2526 943 2545 out-

149 2555 195 2582 liis
209 2560 329 2582 creatura
348 2553 493 2582 e‘clesti’um
506 2575 514 2586 ,
531 2554 694 2581 terrestrium
717 2559 744 2581 et
763 2553 941 2586 inferuerunt,

149 2597 205 2617 nou
222 2594 327 2624 poterat
346 2590 452 2624 liydrias
468 2590 548 2616 verbo
567 2590 693 2623 implere“!
705 2588 756 2616 Sed
770 2589 834 2615 dicit
852 2597 858 2614 :
875 2589 944 2615 Halt-

148 2626 202 2653 rilc
222 2633 327 2659 aquam.
348 2626 455 2658 Quare?
477 2625 533 2660 Ego
553 2624 638 2651 dicam
662 2633 668 2651 :
691 2629 718 2651 ut
739 2624 762 2651 si
786 2630 941 2658 negassent,

149 2662 270 2695 ipsorum
282 2668 384 2691 manus,
397 2668 455 2694 quae
466 2660 618 2690 hauserant,
631 2664 657 2686 et
666 2660 780 2695 humeri.
792 2660 836 2694 qui
847 2667 942 2694 aquam

147 2694 319 2731 gestaverant
331 2716 338 2727 ,
361 2696 432 2729 ipsos
452 2696 650 2730 redarguerem.
666 2694 732 2721 Nam
750 2695 865 2731 idipsum
881 2695 942 2722 fecit

149 2733 178 2759 iii
194 2731 294 2758 Lazaro
309 2740 314 2755 :
327 2737 467 2765 antequam
489 2731 514 2756 in
536 2733 620 2757 ioctim
641 2730 807 2763 advenisset,
821 2730 887 2757 dixit
901 2731 942 2757 di-

147 2767 260 2801 scipulis
273 2775 278 2792 :
292 2765 403 2792 Lazarus
416 2766 511 2792 amicus
526 2771 608 2792 noster
621 2766 711 2792 dormit
725 2765 810 2800 (Joan.
828 2766 870 2792 Η.
884 2767 938 2800 Η).

150 2804 293 2836 Postquam
307 2807 395 2828 autem
409 2805 538 2836 venerunt
551 2808 656 2827 sorores
668 2801 769 2830 Lazari.
781 2806 807 2828 ct
819 2801 941 2828 dixerunt

147 2839 186 2867 ci.
204 2837 315 2864 Lazarus
329 2842 442 2863 mortuus
457 2841 492 2863 est
507 2835 558 2871 (Ib.
575 2844 597 2862 ιι.
613 2837 658 2862 2i.
672 2836 728 2870 5:2),
743 2836 808 2863 dixit
820 2837 857 2863 ris
871 2847 876 2862 :
893 2837 940 2864 lbi

184 2883 221 2914 (ri)
236 2887 291 2912 Qum
304 2884 397 2909 uncinis
409 2883 551 2908 clauduntur
563 2882 651 2907 desunt
663 2884 686 2906 in
695 2886 783 2907 Graeco.

578 131 715 160 CONTRA
736 130 888 162 JUDIEOS.
910 131 1080 159 GENTlLES
1101 130 1144 158 ET
1166 130 1381 159 ΙΙᾸΞΒΕΤΙΕΟΞ.

1723 124 1793 158 {078

997 189 1115 224 posuistis
1126 189 1201 216 eum?
1211 189 1304 216 Dicunt
1312 189 1334 215 ci
1347 198 1352 214 :
1364 187 1432 224 (Veni
1443 194 1464 216 at
1475 188 1528 216 vide
1544 187 1633 223 (Joan.
1645 188 1689 224 ll.
1702 188 1757 222 54).
1770 185 1792 216 ῡ

996 223 1067 251 nova
1080 229 1108 252 et
1122 225 1255 259 inopinata
1272 223 1370 258 operai
1386 223 1468 251 Paulo
1481 228 1541 259 ante
1555 223 1660 259 dixeras
1673 223 1790 256 discipu-

995 260 1028 287 lis
1042 269 1048 286 :
1064 257 1178 287 Lazarus
1194 257 1313 286 mortuus
1327 265 1378 291 cst,
1394 264 1421 286 et
1433 267 1504 286 nunc
1517 258 1593 292 dicis,
1611 257 1658 285 Ubi
1674 260 1792 294 posuistis

994 296 1070 322 eum?
1083 295 1193 322 Mortem
1205 295 1366 329 pra-nuntias
1377 294 1512 329 discipulis
1522 294 1585 329 tuis,
1599 299 1624 321 et
1636 293 1724 321 locqu
1738 302 1790 320 non

996 331 1085 358 nosti?
1097 327 1317 365 Sciebat—utique,
1333 330 1378 357 scd
1393 327 1501 365 propter
1512 327 1629 362 Indicos,
1645 334 1737 364 utpote
1751 329 1791 356 iii-

997 367 1067 393 scios
1077 369 1104 393 et
1119 366 1245 400 ingratos,
1259 364 1297 392 sic
1309 364 1476 400 loquebatur.
1491 365 1709 399 Quandoquidem
1725 369 1750 391 ct
1764 364 1791 400 in

995 401 1119 436 paradiso
1134 399 1238 428 dicebat
1248 421 1254 432 ,
1271 399 1370 432 Adoni,
1387 400 1469 436 Adam
1481 421 1488 434 ,
1503 400 1545 427 ubi
1563 409 1589 427 es
1605 399 1724 436 (Hense.
1739 399 1791 433 9)?

996 434 1036 464 Άιι
1059 437 1197 471 ignorabat
1218 436 1261 463 ubi
1285 437 1375 464 esset?
1392 434 1488 463 Verum
1507 436 1567 470 quia
1589 436 1652 470 ipsis
1669 435 1792 462 diabolus

995 470 1114 505 dixerat,
1133 471 1167 498 In
1182 479 1338 507 quacumque
1356 470 1398 498 die
1419 471 1575 499 comederit!)
1590 471 1621 498 de
1640 471 1708 507 ligno
1728 471 1791 504 Ιιοε,

995 508 1064 534 eritis
1076 509 1141 534 sicut
1154 507 1190 534 dii
1205 507 1258 540 (Ib.
1274 506 1299 533 v.
1315 507 1353 541 5),
1375 507 1578 540 suspicabantur
1593 507 1631 533 illi
1645 514 1675 534 se
1689 506 1792 533 futuros

995 550 1056 570 esse
1070 543 1154 570 deos:
1170 543 1230 570 ideo
1245 542 1350 570 dicebat
1369 542 1405 569 illi
1423 543 1505 575 Deus,
1521 540 1618 574 Adam,
1633 542 1675 568 ubi
1694 541 1742 568 es?
1757 547 1789 568 cx

995 585 1048 613 quo
1072 578 1230 609 comedisti,
1252 578 1371 605 mansisti
1396 583 1482 605 tamen
1507 578 1586 604 homo
1601 586 1607 604 :
1623 584 1654 613 ea
1676 584 1741 613 vero
1758 576 1792 603 de

995 612 1074 641 causa
1086 613 1152 640 dixit
1167 614 1205 640 illi
1220 614 1298 645 Deus,
1315 613 1407 646 Adam,
1421 614 1463 640 ubi
1476 613 1522 639 es?
1533 613 1576 640 Sic
1587 617 1614 640 et
1627 612 1696 639 circa
1710 612 1792 639 Laza‘

996 656 1055 676 rum
1070 648 1141 676 fecit.
1156 648 1311 676 Utaccessit
1324 649 1356 675 ad
1371 653 1582 679 monumentum,
1598 647 1771 675 dixitJudasis
1784 657 1791 674 ε

997 683 1089 711 Tollite
1102 685 1213 718 lapidem
1227 685 1258 710 de
1272 689 1432 710 monumento
1447 683 1552 718 (Joann.
1570 684 1614 710 Η.
1629 684 1672 714 39)
1685 691 1692 715 ;
1708 687 1734 709 et
1749 688 1792 710 tti—

997 719 1094 746 lerunt.
1112 719 1179 746 Dicit
1193 720 1217 746 ei
1232 727 1309 746 soror
1324 719 1425 751 Lazari,
1441 719 1558 750 Domine.
1569 719 1626 753 jam
1641 720 1719 754 finiet,
1735 721 1794 754 erat

997 755 1067 781 enim
1080 754 1280 790 quatriduanus.
1297 754 1328 781 Et
1344 755 1456 781 clamans
1469 763 1526 781 voce
1541 763 1632 789 magna
1642 753 1730 790 dixit:
1742 753 1794 779 La-

997 798 1066 830 tiare,
1080 791 1136 830 ueni
1150 791 1219 830 [οι-(1³
1232 790 1284 825 (Ib.
1299 798 1322 816 υ.
1336 789 1392 830 135)2
1407 791 1439 817 Et
1449 790 1512 816 exiit
1525 790 1620 830 ligatus
1631 789 1738 830 institis.
1752 790 1792 830 An

980 823 1037 857 'is,
1053 826 1096 859 qui
1117 823 1244 852 transfert
1263 823 1412 852 iuonles'in
1434 833 1481 852 cor
1500 823 1581 852 maris
1593 844 1600 857 ,
1619 833 1671 851 non
1690 826 1794 859 poterat

998 868 1123 888 amovere
1139 861 1274 896 lapidem?
1287 862 1335 894 Qui
1351 861 1472 888 stimulos
1487 861 1579 887 mortis
1593 860 1732 894 confregit,
1747 861 1792 896 qui

1000 901 1089 930 portas
1103 896 1196 923 inferni
1210 897 1344 929 contrivit,
1357 903 1409 923 non
1422 900 1523 929 poterat
1539 896 1642 922 institas
1652 895 1793 930 rumpere?

1000 928 1071 958 Dixit
1086 932 1138 958 illis
1151 952 1158 964 ,
1181 932 1277 958 Solvite
1298 932 1369 958 illum
1390 928 1447 966 (Ib.
1470 939 1494 957 υ.
1515 931 1579 966 44).
1594 931 1701 966 Quare?
1717 928 1751 957 Ut
1771 931 1793 957 si

999 971 1144 1001 negarent,
1157 972 1183 994 et
1199 975 1293 994 manus
1312 971 1338 994 et
1357 967 1427 993 oculi
1448 966 1564 1001 ipsorum
1583 973 1629 993 eos
1648 965 1794 1000 redargue-

1000 1007 1069 1029 rent.
1085 1002 1147 1030 Ideo
1160 1002 1235 1034 dixit,
1252 1002 1347 1029 Solvite
1361 1002 1442 1028 illum.
1458 1002 1497 1036 (In
1510 1002 1602 1036 primis
1614 1006 1702 1028 autetn
1716 1008 1794 1036 soror

1000 1036 1092 1065 Lazari
1116 1038 1296 1065 testimonium
1319 1037 1411 1069 dedit,
1433 1034 1525 1064 dicens
1541 1046 1547 1064 :
1563 1037 1623 1064 .Iam
1645 1039 1712 1072 fmtct
1731 1034 1794 1072 ((1).)

1002 1072 1115 1107 ldipsam
1131 1074 1157 1100 in
1174 1073 1272 1107 nuptiis
1292 1072 1355 1100 fecit
1372 1073 1463 1100 dicens
1479 1072 1531 1099 illis
1546 1081 1552 1099 :
1568 1071 1675 1107 Implete
1689 1071 1794 1106 hydrias

999 1116 1074 1142 aqua.
1092 1109 1125 1136 Et
1139 1109 1315 1143 impleverunt
1331 1108 1448 1143 liydrias,
1462 1112 1489 1135 et
1504 1107 1567 1135 fecit
1580 1115 1674 1142 aquam
1689 1107 1793 1143 vinum.

1000 1143 1143 1178 Propterea
1160 1142 1226 1171 nihil
1248 1152 1299 1170 non
1317 1142 1410 1176 agebat
1426 1147 1454 1170 ut
1468 1143 1539 1177 ipsos
1551 1143 1680 1170 certiores
1696 1142 1792 1178 redde-

1000 1177 1176 1213 ret.'Scmper
1195 1181 1266 1207 enim
1288 1178 1372 1206 Judaei
1393 1178 1520 1206 increduli
1544 1178 1650 1205 fuerunt
1664 1182 1689 1205 cl
1705 1177 1793 1212 impu-

999 1213 1103 1241 dentes.
1123 1214 1208 1242 Vultis
1226 1215 1328 1242 discere
1348 1218 1444 1249 quanta
1465 1214 1518 1240 illis
1536 1213 1688 1249 praestiterit
1704 1213 1772 1240 Deus
1785 1231 1793 1244 ,

999 1257 1112 1284 quorum
1135 1250 1242 1277 luerunt
1261 1249 1452 1277 immemores?
1471 1248 1583 1282 Discite,
1603 1248 1649 1276 sed
1661 1269 1668 1282 ,
1684 1255 1791 1284 qttayso,

999 1283 1117 1312 animum
1140 1285 1278 1318 adhibete,
1300 1289 1326 1312 et
1349 1285 1396 1318 iis,
1412 1292 1472 1319 qua:
1493 1285 1633 1316 dicuntur,
1654 1283 1791 1311 attendite.

1002 1318 1068 1347 Volo
1079 1321 1177 1356 quippe
1189 1321 1373 1348 demonstrare
1388 1318 1472 1353 vobis,
1487 1319 1594 1347 Judaios
1608 1319 1642 1346 ab
1655 1319 1738 1356 initio
1752 1320 1795 1356 in<

1000 1354 1095 1390 gratos
1105 1354 1197 1383 fuisse.
1215 1356 1386 1390 Septuaginta
1402 1356 1519 1390 quinque
1537 1356 1633 1382 animat
1647 1354 1793 1382 descende-

1000 1396 1061 1418 runt
1076 1392 1102 1418 in
1115 1391 1271 1427 Egyptum,
1286 1396 1314 1418 cl:
1327 1391 1500 1427 adrsexccnla
1514 1398 1597 1427 usque
1605 1391 1692 1427 (millia
1707 1394 1792 1427 aucta;

1000 1431 1072 1455 sunt.
1088 1425 1207 1454 Mortuus
1222 1433 1262 1454 est
1281 1426 1380 1460 Ioseph
1393 1446 1400 1459 ,
1417 1431 1444 1453 et
1457 1426 1572 1454 surrexit
1587 1426 1654 1452 alius
1666 1433 1712 1452 rex
1725 1446 1733 1458 ,
1747 1425 1792 1460 qui

1000 1469 1104 1489 memor
1117 1463 1175 1494 ejus
1190 1471 1242 1489 non
1256 1462 1314 1489 fuit.
1330 1461 1354 1488 Is
1374 1461 1442 1488 ﬁlios
1463 1462 1542 1488 Israel
1559 1461 1730 1488 vehementer
1742 1468 1793 1494 op-

1000 1498 1106 1531 pressit.
1117 1496 1272 1525 Clamarunt
1285 1498 1363 1532 igitur
1376 1497 1412 1524 illi
1425 1497 1458 1524 ad
1475 1497 1634 1529 Dominum,
1649 1496 1768 1524 dicentes
1783 1504 1790 1523 :

1002 1533 1122 1565 Domine,
1138 1537 1165 1560 tu
1183 1533 1277 1567 jurasti
1294 1532 1411 1567 patribus
1424 1532 1534 1564 nostris,
1551 1532 1623 1559 Dabo
1635 1532 1729 1559 semini
1745 1539 1792 1558 ve<

1000 1572 1056 1595 atro
1070 1574 1166 1596 terram
1182 1570 1307 1596 liuentem
1329 1568 1370 1594 lae
1384 1572 1410 1594 et
1429 1569 1490 1595 mel.
1508 1567 1541 1595 Et
1557 1574 1644 1599 nunc,
1662 1567 1791 1598 Domine,

1001 1608 1134 1630 memento
1148 1603 1298 1631 testamenti
1315 1603 1350 1630 tui
1361 1624 1368 1634 ,
1383 1603 1452 1637 quod
1472 1603 1581 1638 posuisti
1603 1603 1721 1637 patribus
1742 1610 1793 1629 no-

999 1639 1062 1666 stris
1077 1648 1083 1666 :
1099 1643 1126 1666 et
1137 1647 1201 1666 erue
1221 1647 1269 1666 nos
1284 1639 1318 1666 de
1332 1646 1411 1665 manu
1427 1639 1574 1665 Pharaonis
1589 1638 1658 1672 regis
1673 1638 1791 1673 Egypti,

999 1680 1025 1701 et
1048 1675 1082 1702 de
1101 1675 1229 1702 servitute
1247 1674 1465 1710 [Egyptiorumm
1489 1674 1596 1710 Alldh‘l!
1621 1674 1700 1710 igitur
1722 1675 1791 1710 Deus

1000 1717 1091 1736 vocem
1112 1718 1222 1742 eorum,
1238 1715 1266 1738 et
1284 1709 1355 1736 misit
1372 1709 1405 1736 ad
1424 1716 1472 1736 eos
1491 1709 1621 1744 Moysem.
1642 1709 1691 1736 llic
1710 1709 1791 1739 mihi,

999 1753 1090 1778 qureso
1102 1766 1109 1778 ,
1126 1749 1243 1773 mentem
1257 1745 1390 1772 adhibete.
1407 1745 1474 1772 Dicit
1494 1744 1576 1780 Moysi
1596 1744 1666 1771 Deus
1679 1753 1685 1770 :
1700 1745 1793 1777 Accipe

998 1788 1092 1815 agnum
1105 1781 1304 1813 immaculatum,
1319 1780 1476 1812 anniculam,
1491 1780 1691 1814 primogenitum,
1706 1784 1728 1806 et
1741 1780 1791 1806 im—

999 1815 1107 1848 mola,et
1117 1817 1240 1851 sanguine
1251 1817 1305 1850 ejus
1315 1816 1483 1848 unusquisque
1495 1815 1564 1842 liniet
1572 1815 1691 1849 jmiuam,
1701 1820 1727 1840 ut
1736 1823 1793 1851 cunt

999 1853 1091 1877 venerit
1105 1850 1209 1886 angelus
1229 1852 1321 1878 habens
1343 1850 1455 1885 gladium
1474 1851 1632 1885 evaginatum
1644 1871 1651 1882 ,
1667 1855 1689 1876 et
1704 1850 1793 1876 viderit

998 1887 1065 1920 quod
1076 1885 1199 1922 sanguine
1213 1887 1286 1913 [inita
1299 1887 1331 1912 sit
1346 1886 1444 1917 domus,
1458 1886 1557 1912 recedat
1568 1893 1578 1917 ;
1590 1885 1628 1912 sin
1641 1886 1791 1922 uiderit_iioit

998 1919 1086 1948 adeste
1099 1919 1256 1957 sanguinem,
1271 1922 1388 1949 inlroeut.
1404 1929 1537 1956 erroresque
1550 1921 1704 1947 cxterminet.
1721 1919 1793 1957 Ferit

998 1956 1074 1997 igitur
1090 1955 1190 1997 Moyses
1204 1957 1255 1997 sic,
1265 1963 1288 1983 et
1303 1956 1406 1982 tradidit
1422 1957 1526 1997 populo,
1539 1956 1726 1997 et‘acgpientcs
1739 1955 1790 1997 illi,

981 2015 984 2019 ,
998 1992 1115 2028 (inierunt
1134 1991 1226 2028 singuli
1241 1993 1337 2027 januas
1351 2000 1410 2028 suas
1424 1991 1519 2028 (Exod.
1537 1991 1591 2028 12).
1609 1991 1640 2018 Et
1657 1991 1791 2028 ingredie-

998 2027 1076 2054 batur
1089 2026 1197 2062 angelus
1207 2048 1215 2061 ,
1231 2026 1352 2055 strictum
1373 2027 1472 2054 habens
1487 2027 1601 2061 gladium
1611 2047 1618 2058 ,
1642 2031 1669 2053 et
1684 2026 1790 2054 videbat

998 2063 1154 2097 sanguinem
1174 2063 1200 2090 in
1221 2062 1309 2097 januis
1321 2083 1329 2095 ,
1351 2067 1378 2089 et
1398 2062 1558 2092 recedebat:
1574 2062 1615 2088 ubi
1634 2066 1721 2087 autem
1736 2070 1790 2088 noti

998 2098 1114 2129 videbat,
1130 2098 1337 2133 ingrediebalur,
1349 2103 1375 2125 ct
1387 2105 1481 2124 outnes
1494 2097 1639 2124 occidebat.
1655 2097 1788 2133 lla-cApor-

997 2141 1028 2160 ro
1043 2135 1131 2160 omnia
1150 2131 1202 2160 non
1218 2137 1318 2160 temere
1338 2133 1404 2160 facta
1420 2137 1481 2159 sunt
1494 2141 1500 2160 :
1515 2132 1561 2159 sed
1576 2133 1701 2166 quoniam
1716 2131 1790 2158 futu-

998 2176 1056 2195 rum
1068 2172 1127 2196 erat
1139 2173 1168 2196 ut
1182 2176 1229 2203 per
1243 2168 1398 2203 sanguinem
1412 2173 1438 2195 et
1454 2169 1551 2202 lignum
1566 2169 1676 2194 salutem
1692 2175 1789 2194 consci-

996 2212 1156 2238 queremur,
1177 2205 1237 2231 ideo
1257 2203 1324 2230 dixit
1346 2203 1436 2230 Deus:
1455 2203 1640 2238 Unusquisque
1660 2204 1788 2237 sanguine

997 2239 1071 2266 hniet
1082 2239 1187 2274 januas.
1204 2240 1258 2266 Cur
1273 2246 1323 2266 non
1339 2238 1415 2271 dixit,
1433 2239 1478 2266 lini
1495 2238 1624 2272 sanguine
1641 2239 1788 2273 parietem?

996 2275 1061 2308 Quia
1078 2275 1181 2301 nonnisi
1196 2282 1242 2309 per
1255 2275 1354 2309 lignum
1369 2275 1481 2301 salutem
1495 2274 1685 2308 consequuturi
1699 2279 1786 2301 erant.

996 2309 1095 2336 Eduxit
1116 2308 1203 2345 igitur
1213 2317 1260 2336 eos
1280 2308 1386 2345 Moysos
1405 2316 1437 2336 ex
1460 2309 1590 2345 Egypto,
1606 2313 1633 2335 et
1654 2308 1741 2345 intulit
1761 2309 1787 2336 iit

996 2343 1152 2372 desertuut':
1168 2343 1343 2379 dixeruntque
1365 2345 1401 2371 illi
1420 2344 1505 2379 Moysi
1521 2353 1527 2371 :
1546 2343 1583 2370 Eo
1595 2344 1662 2377 quod
1682 2352 1731 2370 non
1746 2352 1786 2370 es-

995 2385 1049 2406 sent
1067 2381 1183 2415 sepulcra
1203 2381 1228 2406 in
1250 2379 1365 2415 Egypto
1377 2401 1384 2412 ,
1402 2380 1486 2415 intulit
1507 2388 1552 2406 nos
1571 2379 1596 2406 in
1618 2379 1740 2405 desertum
1760 2384 1788 2406 ut

995 2416 1116 2442 occideret
1140 2416 1242 2450 (Exod.
1266 2414 1311 2442 HQ
1332 2415 1394 2449 Η).
1414 2414 1508 2441 Nonne
1527 2414 1597 2440 nobis
1616 2415 1676 2441 bene
1694 2420 1746 2440 erat
1761 2415 1787 2442 in

995 2450 1121 2486 zEgypla,
1137 2459 1194 2478 cum
1209 2451 1391 2477 comederemits
1405 2458 1557 2482 cut-mitem,
1574 2457 1692 2484 pepones,
1708 2454 1734 2477 et,
1744 2451 1785 2486 [ιιτ

995 2486 1038 2521 lin,
1053 2492 1075 2513 et
1088 2495 1155 2521 carpe
1169 2485 1262 2518 (Nunt.
1280 2487 1322 2513 ll.
1337 2485 1386 2518 5)?
1403 2486 1491 2512 Vidett‘
1505 2486 1633 2519 ingratum
1649 2485 1788 2521 animum?

995 2520 1034 2547 Illi
1057 2520 1137 2548 Deum
1160 2521 1375 2556 alloquebantur,
1398 2521 1479 2547 Deum
1502 2521 1691 2555 precabantur,
1713 2520 1787 2547 Educ

995 2564 1044 2592 nos
1055 2557 1087 2583 de
1098 2562 1166 2584 terra
1179 2556 1296 2592 Egypti,
1309 2561 1334 2582 rt
1344 2564 1402 2582 cum
1417 2556 1442 2582 in
1456 2556 1590 2582 desertum
1605 2556 1784 2592 advenissent,

995 2591 1097 2626 ingrate
1115 2590 1238 2626 agebant.
1251 2590 1374 2618 'Vidistin‘
1393 2592 1522 2626 ingratum
1543 2598 1634 2617 eorum
1648 2590 1786 2617 animum?

995 2626 1047 2653 Sed
1059 2627 1153 2654 discite
1164 2635 1219 2653 rem
1232 2627 1358 2660 majorem
1373 2627 1595 2661 singularemque.
1609 2626 1785 2659 Quadraginta

994 2662 1071 2689 annis
1087 2662 1192 2689 fuerunt
1206 2663 1231 2688 in
1247 2661 1353 2689 deserto
1368 2671 1373 2688 :
1389 2662 1498 2696 capillus
1513 2669 1605 2688 eorum
1621 2667 1675 2688 non
1688 2662 1782 2693 crevit,

994 2705 1046 2724 non
1067 2699 1161 2732 unguis
1181 2698 1259 2729 item,
1281 2697 1361 2724 vestis
1380 2703 1431 2724 non
1454 2696 1586 2723 sordidata
1604 2701 1661 2727 est,
1683 2697 1784 2732 calcea-

994 2731 1113 2760 mentuni
1133 2740 1186 2759 non
1207 2733 1332 2759 detritutu
1350 2741 1356 2758 :
1374 2739 1426 2759 non
1449 2732 1615 2762 laborarunt,
1636 2739 1686 2758 non
1710 2731 1784 2757 fode-

993 2773 1069 2800 runt,
1086 2768 1166 2794 boves
1184 2776 1236 2794 non
1253 2769 1414 2801 junxerunt,
1430 2772 1545 2794 aratrum
1561 2774 1613 2793 non
1630 2771 1763 2793 traxerunt
1774 2784 1783 2797 ,

993 2805 1081 2831 sulcos
1092 2811 1144 2830 ttou
1157 2809 1328 2839 aperuerunt,
1344 2804 1434 2838 spinas
1447 2810 1499 2830 non
1514 2802 1675 2834 avulserunt,
1691 2809 1782 2828 St'nlt‘tt

1030 2883 1068 2915 (η)
1079 2886 1131 2907 ἤειδε
1143 2882 1232 2907 desunt
1245 2883 1268 2906 in
1279 2885 1366 2907 Srzrto.
