2042 3121
202 115 271 146 1083

179 192 183 196 .
203 178 298 201 nomen
314 169 399 203 fugis?
414 169 460 197 Die
473 169 590 203 periuro,
601 168 705 202 perjnre
716 177 722 194 :
732 172 758 195 et
772 175 819 201 pro
834 166 992 194 contumelia

205 206 311 233 habebit
323 213 431 231 suorum
440 212 548 238 opermn
556 204 770 237 appellationem.
779 204 822 229 Sit:
836 207 927 229 natura
938 204 994 236 ipsa

203 241 300 270 clamat
309 240 378 274 quod
392 239 488 266 malum
501 239 657 265 sitaiienum
673 238 706 264 ab
717 246 796 272 opere
809 238 866 265 Dei.
881 238 913 265 Et
925 238 994 272 quod

204 276 265 306 fecit
279 276 357 305 Deus,
373 275 471 301 bontnn
485 278 534 304 est,
549 279 575 300 et
590 274 686 300 bonttm
701 274 787 304 valde,
802 277 882 308 atque
897 273 930 300 ita
947 274 995 299 bo-

204 318 279 342 num,
289 314 318 337 ut
331 315 357 336 et
365 310 440 336 malis
451 309 640 340 immisceatur,
653 313 679 335 et
692 308 725 334 de
736 308 833 334 tnalitia
843 309 993 335 erubescat.

206 345 253 371 Dic
264 350 346 375 casto.
360 351 448 372 caste:
461 349 486 369 et
497 343 539 377 qui
553 344 587 370 de
601 351 681 378 opere
693 343 849 374 delectatur,
861 343 893 370 de
905 346 997 378 appul-

206 379 304 408 Iatione
317 387 369 407 non
383 379 526 406 erubescit.
542 378 612 405 \‘ora
623 379 734 412 justum,
748 378 846 412 justum
860 387 865 404 :
877 383 901 404 et
915 386 995 410 optato

206 419 356 446 coronatur,
367 419 393 440 et
405 413 581 448 appellatione
592 414 748 440 honestatur
760 422 767 440 :
779 413 839 440 licet
852 414 922 441 enitn
937 421 995 440 mo-

205 450 297 477 destia:
316 448 398 483 gratia
415 456 509 475 nomen
525 449 621 482 fugiat,
638 449 743 476 lamlem
759 453 845 475 tamen
867 449 893 475 in
909 449 978 474 anim
993 458 999 477 ι
1016 451 1026 456 ‘

205 493 252 512 sua
275 484 380 518 accipit.
401 484 492 517 Cogita
520 489 646 517 quantum
669 484 799 510 malorum
824 489 944 511 versetur
970 484 995 510 in

206 519 304 546 mundo
317 527 324 548 :
340 523 366 546 et
381 526 520 553 por-ouant
536 527 588 545 non
602 519 680 546 habet
694 519 792 546 ntalum
807 524 853 545 :et
864 519 997 553 quomodo

206 562 345 589 personant
359 562 411 580 noti
428 553 564 580 habet?Si
579 554 884 586 tninutatimexatnines,
898 554 995 580 nullam

207 589 324 616 invenies
339 589 466 615 malitiam
493 590 518 615 in
541 597 586 616 sua
609 594 780 623 apparentem
797 597 926 624 persona;
944 597 996 616 non

205 624 357 656 cnim,nisi
381 631 520 658 personam
545 629 662 651 assumu
685 624 808 656 virtutis,
824 629 940 658 apparet.
965 624 998 651 Et

207 660 351 693 quomodo,
366 659 427 686 audi
438 668 443 685 :
454 659 496 691 qui
512 660 646 691 mentitur,
658 667 708 686 non
725 659 819 686 fatetur
834 666 862 686 se
874 659 995 690 mentiri,

207 694 254 722 sed
267 694 404 721 veritatem
417 694 545 721 simulans
559 694 665 728 decipit.
681 694 730 728 Qui
745 694 841 727 iniuSIe
855 695 908 728 ath
921 713 929 727 ,
944 702 995 720 non

209 729 335 764 praedicat
347 729 415 763 quod
430 734 480 762 e5t,
497 729 542 755 seti
556 729 626 764 quod
641 737 693 756 non
708 734 748 756 est
760 729 882 761 simulat,
897 735 922 755 et
936 735 997 755 tunc

208 764 364 797 iniustitiam
385 769 519 799 operatur.
536 764 662 792 Similiter
680 764 787 792 dolosus
807 773 859 792 non
880 765 998 791 ostendit

207 800 296 826 dolum
309 819 315 831 ,
333 799 380 826 sed
403 800 515 826 assumit
532 801 654 826 amicitia:
677 807 814 833 personam
826 820 833 831 ,
849 804 874 826 et
889 799 926 826 sic
941 807 995 826 rem

209 834 271 861 facit
285 834 392 861 malam.
402 834 512 862 Adulter
521 842 572 861 non
588 835 752 868 illegitimntn
764 835 920 861 adulterium
933 842 998 861 con-

208 870 303 902 fessus,
318 869 344 896 in
358 869 429 896 uides
445 870 571 903 impetum
588 871 648 896 facit
663 879 668 895 :
683 869 728 897 sed
742 871 894 903 figmentum
910 870 997 896 conti-

209 905 306 931 nentiae
317 911 364 931 ore
376 909 535 939 prartexens,
549 905 636 931 divina
651 905 707 937 jura
726 905 814 931 violat.
834 905 912 931 Vides
926 904 997 940 quod

209 939 341 974 propriam
360 947 500 974 personam
525 947 575 966 non
591 941 685 966 habt-at
700 940 818 966 malitia?
832 940 957 967 Similiter
971 944 998 967 et

209 974 395 1005 calumniator,
409 975 514 1008 quando
529 975 674 1002 ingreditur
686 976 711 1001 in
723 975 861 1008 judicium,
878 983 929 1001 non
947 975 996 1002 hoc

209 1009 351 1036 conﬁtetur
375 1009 444 1044 quod
467 1015 522 1040 est,
539 1010 585 1036 sed
609 1010 707 1038 larvam
731 1011 841 1037 assumit
861 1010 995 1041 veritatis,

211 1044 291 1080 quasi,
301 1045 326 1071 ei
347 1045 506 1080 patrocinari
520 1045 598 1078 velit,
611 1053 723 1080 eamque
738 1053 769 1072 ev
786 1046 897 1072 nn-nlac
907 1052 923 1072 o
937 1044 999 1072 facit

209 1079 318 1110 malitia;
329 1083 432 1107 testem.
445 1080 488 1107 Sic
498 1080 595 1107 malitia
611 1088 723 1115 persona
737 1081 840 1114 propria
852 1086 934 1107 caret.
948 1080 997 1108 nisi

230 1115 467 1151 ersonamrvirtutis
481 1120 606 1151 assumat.
623 1115 724 1142 Idcirco
738 1115 858 1143 Salvator
873 1115 977 1143 dicebat
989 1124 996 1141 :

237 1150 318 1176 enim
329 1150 364 1176 ad
377 1157 419 1176 vos
432 1150 457 1176 in
470 1151 618 1177 uestimentis
633 1151 714 1177 ouium
729 1171 736 1181 ,
751 1151 901 1177 intrinsecus
915 1155 997 1178 autem

209 1189 269 1221 aunt
289 1185 343 1219 lupi
362 1193 466 1219 rapaces
485 1185 590 1220 (Manli.
607 1186 633 1212 7.
650 1186 704 1221 t5).
718 1185 770 1213 Sed
793 1186 826 1213 ad
851 1186 998 1214 institutum

210 1219 360 1249 redeamus.

247 1255 274 1282 2.
296 1255 341 1282 Vis
357 1255 447 1282 videre
459 1275 466 1288 ,
482 1255 573 1288 frater,
585 1260 712 1290 quantum
727 1256 812 1283 valeat
831 1256 920 1283 innata
935 1256 998 1284 lex?

211 1290 304 1319 Anima
326 1298 431 1324 qttoque
451 1296 538 1317 nostra
552 1311 560 1322 ,
576 1291 693 1324 quamvis
716 1295 768 1318 tota
792 1292 866 1318 tttalis
881 1291 998 1319 fermen-

212 1330 265 1352 tata
279 1325 332 1355 sit.
345 1333 440 1352 nomen
458 1330 545 1352 tamen
562 1327 659 1353 bonum
681 1327 855 1361 amplexatur.
869 1327 998 1361 Smpenn-

213 1368 287 1388 luero
302 1365 422 1394 potentes
435 1361 478 1395 qui
492 1362 628 1388 avaritiam
641 1362 752 1396 spirant,
768 1368 794 1388 ct
810 1361 874 1389 nihil
888 1367 998 1396 pr:cter~

212 1403 292 1431 quam
317 1397 489 1431 rapinamrct
514 1396 668 1430 iniustitiam
696 1397 831 1431 cogitant,
857 1397 999 1424 vincuntur

211 1430 509 1467 aliquorumprecibus,
522 1436 552 1467 ut
565 1430 744 1459 imminentem
760 1433 864 1467 pauperi
881 1433 999 1459 necessio

212 1470 293 1502 tatem
315 1466 470 1497 sublevcnt,
487 1466 529 1493 vel
542 1474 574 1493 ex
589 1467 679 1494 debito
691 1466 825 1502 quidpiam
849 1468 997 1499 dimittant,

211 1501 254 1528 vel
269 1508 321 1527 non
335 1501 496 1528 ulciscantur
510 1509 556 1528 eos
566 1522 573 1533 ,
587 1501 631 1536 qui
647 1509 676 1529 se
691 1503 825 1535 laasernnt,
842 1503 886 1530 vel
900 1503 999 1530 laesisse

211 1541 361 1563 censentur.
375 1536 409 1563 Et
428 1537 472 1571 qui
491 1537 574 1571 probe
585 1537 723 1572 legatione
742 1538 858 1571 fruuntur
875 1538 944 1572 apud
959 1539 999 1564 vi-

212 1579 269 1598 rum
285 1576 416 1605 potentem
429 1592 436 1602 ,
449 1577 476 1598 et
491 1572 640 1606 improbum
653 1593 660 1605 ,
677 1580 729 1599 nou
751 1574 839 1600 statim
853 1581 867 1600 a
888 1574 1000 1600 veritate

212 1607 433 1635 cxorditur:non
455 1607 518 1634 dicit
538 1607 562 1633 ei
587 1607 612 1634 id
636 1608 706 1641 quod
724 1613 781 1639 est,
798 1609 844 1635 sed
864 1616 961 1635 nomen
975 1609 999 1636 ei

213 1642 317 1668 virtutis
342 1642 471 1668 attribuit.
495 1643 534 1668 An
559 1643 646 1669 nescis
667 1643 788 1677 qualibus
810 1651 915 1677 semper
934 1644 999 1671 insi-

211 1684 276 1713 gues
284 1677 361 1710 legati
371 1677 504 1713 coloribus
513 1678 635 1703 utantur?
648 1677 693 1704 Vir
702 1685 742 1710 es,
754 1679 884 1713 inquiunt,
899 1679 997 1707 bonus:

211 1712 360 1739 celebratur
387 1712 481 1745 ubique
506 1719 601 1738 nomen
624 1717 697 1739 tuttm
717 1722 723 1739 :
744 1712 836 1741 omnes
865 1719 906 1741 tua
931 1715 1000 1743 bona

212 1755 291 1780 opera
315 1747 455 1773 decantant
473 1747 626 1781 :multaque
648 1748 709 1774 talia
734 1748 907 1776 exhortationi
931 1750 1000 1778 inse-

213 1789 285 1819 runt,
298 1786 325 1809 ut
335 1781 454 1819 flectatur
467 1782 596 1819 laudibus,
610 1783 704 1819 etipse
718 1791 731 1819 a
747 1784 862 1819 nequitia
877 1784 998 1819 refugiat.

214 1816 281 1842 Vide
297 1816 429 1850 quomodo
440 1817 538 1843 malitia
551 1817 655 1844 virtutis
670 1817 748 1844 laude
760 1816 887 1846 vincatur.
906 1816 1000 1848 Nullus

214 1852 316 1888 malus,
338 1851 494 1888 malusrdici
509 1852 578 1888 vult;
595 1857 687 1888 natura
702 1853 772 1880 enim
787 1854 857 1888 quod
871 1861 945 1881 suum
960 1860 1002 1883 est

212 1886 389 1923 amplexatur,
403 1887 511 1923 etiamsi
520 1887 642 1923 voluptas
657 1886 898 1923 adversum‘cligat.
912 1890 1006 1917 Simus.

213 1929 288 1953 ergo,
302 1921 401 1952 dilecti,
415 1921 483 1948 oliva
501 1921 644 1954 fructifera,
654 1928 678 1949 et
688 1923 822 1956 operibus,
835 1921 961 1952 fructibus
973 1930 1001 1953 et

217 1957 286 1984 foliis
298 1956 403 1988 ornati;
427 1957 487 1983 folia
502 1957 676 1993 enituAnostra
691 1963 752 1984 sunt
766 1966 919 1993 sermones,
945 1961 1001 1988 fru~

214 1997 271 2018 ctus.
284 1996 371 2018 autem
386 1992 561 2028 conversatio.
575 1991 614 2019 Sit
629 1993 707 2026 igitur
721 1998 747 2020 et
760 1993 886 2021 honestus
900 1991 997 2028 sermo,

214 2032 241 2065 et
254 2026 577 2065 conversatio_frt_t_ctuosa.
598 2028 675 2065 Apud
692 2028 766 2065 pium
783 2030 852 2055 enim
867 2038 950 2065 neque
964 2026 1002 2057 fo-

213 2061 278 2088 lium
289 2061 402 2098 decidit;
420 2061 520 2088 Folium
533 2062 603 2089 enim
616 2063 680 2097 ejus,
691 2061 773 2098 inquit
786 2065 865 2090 David
876 2086 883 2097 ,
895 2061 943 2092 non
955 2066 1001 2092 de-

212 2097 283 2133 ﬂuef,
299 2100 322 2133 et
335 2097 418 2133 omnia
429 2105 594 2133 unwcumque
606 2098 679 2133 faciet
693 2097 904 2132 prbsprrubunlur
916 2100 999 2133 (Ρδιιι.

213 2133 239 2158 1.
256 2132 294 2161 5).
306 2131 357 2167 Sed
369 2131 574 2167 orntiraculunil
594 2131 834 2167 Cogita'qnontodo
850 2131 933 2162 Adam
953 2145 1002 2162 nu-

212 2167 262 2193 dus
274 2166 368 2194 exierit
381 2166 415 2194 de
430 2167 567 2198 Paradiso,
583 2172 610 2194 et
624 2166 757 2201 quomodo
772 2169 853 2196 David
869 2170 962 2198 floreat
974 2172 998 2199 in

214 2201 295 2229 domo
307 2201 363 2228 Dei.
378 2201 424 2239 ille
437 2202 543 2239 quidem
556 2202 636 2239 exivit
649 2203 734 2239 nudus
752 2210 860 2238 propter
875 2207 1000 2239 praevari-

214 2238 344 2266 cationem
357 2245 364 2263 :
379 2236 521 2275 hicnnutem
534 2236 807 2275 indutusvirtutilius,
818 2236 913 2266 clamat
926 2250 932 2267 :
945 2240 1000 2275 Ego

212 2277 294 2309 autem
307 2280 377 2309 quasi
399 2271 464 2309 aliud
480 2272 608 2306 fructifera
616 2272 632 2309 _(
642 2271 712 2309 Ps‘al.
727 2273 771 2300 51.
789 2275 820 2300 i0
830 2276 849 2309 >.
870 2275 938 2302 Niitil
952 2271 1000 2304 nos

213 2306 248 2343 ita
266 2307 374 2341 spoliat,
389 2310 418 2333 ut
436 2306 567 2343 fructuum
585 2307 695 2343 privatio
713 2316 719 2334 :
737 2309 802 2335 niltil
817 2306 850 2336 ita
866 2311 953 2343 vestit,
971 2317 999 2338 ut

212 2341 342 2380 bonorum
357 2349 466 2380 operum
474 2341 609 2380 fertilitas.
624 2342 762 2370 Formatus
773 2349 813 2370 est
823 2345 905 2372 Adam
918 2353 925 2372 :
937 2341 1001 2380 ope-

211 2385 248 2414 ra:
262 2377 372 2410 pretium
387 2376 457 2414 enim
473 2376 550 2414 fuerit
566 2382 685 2414 repetere
700 2386 758 2414 qua:
771 2384 831 2406 ante
847 2385 907 2406 sunt
917 2376 997 2414 dicta;

213 2412 342 2444 bonorum
357 2411 428 2437 enim
441 2412 572 2445 repetitio,
584 2412 729 2439 doctrinam
743 2413 769 2440 in
782 2415 919 2442 animabus
933 2411 999 2443 con-'-

214 2448 310 2472 lirmat.
325 2446 399 2472 Sicut
411 2446 480 2472 enim
500 2447 567 2473 lana:
578 2447 691 2474 subinde
706 2448 732 2474 in
748 2449 875 2476 tincturas
890 2451 999 2479 itnmer-

210 2486 318 2514 guntur,
328 2480 483 2520 ultinctura:
491 2481 531 2509 vis
539 2483 692 2520 profundius
701 2483 877 2520 imprimatur;
890 2486 924 2512 ita
933 2494 1000 2520 optts

210 2521 260 2558 est,
270 2521 297 2542 ut
305 2516 539 2558 etanituaalnlostrxe
552 2517 702 2558 frequenter
712 2516 850 2558 in'divinos
863 2516 1000 2558 sermones

210 2551 412 2589 intingunturmt
420 2551 557 2589 abluantur
563 2551 670 2589 quidem
680 2561 694 2579 a
703 2555 784 2580 veteri
795 2555 947 2589 opprobrio,
958 2557 998 2582 in~

210 2587 324 2626 ditamur
331 2591 418 2626 autem
427 2594 492 2613 nova
502 2587 705 2622 pulchritudine.
717 2587 859 2626 Enimvero
873 2591 938 2617 lana:
949 2591 1000 2618 illic

209 2629 269 2651 CLIII]
279 2625 422 2655 tinguntur,
430 2626 529 2649 natura:
537 2630 592 2649 sua:
601 2630 696 2650 nomen
703 2625 835 2657 amittunt,
843 2630 869 2652 et
880 2626 999 2654 liliClUl‘tI}

209 2663 307 2689 nomen
314 2657 445 2694 accipiunt
454 2665 460 2683 :
469 2661 495 2683 et
503 2665 554 2684 non
564 2658 718 2694 ultravocas
727 2659 823 2692 lanam,
834 2660 879 2687 sed
891 2662 930 2690 vel
939 2669 1001 2694 pur—

167 2704 173 2711 -
211 2699 315 2731 puram,
323 2691 365 2718 vel
374 2692 569 2731 coccinum,vel
579 2693 774 2731 prasinumzrvel
788 2695 849 2729 quid
858 2691 945 2723 simile
952 2704 1000 2731 pro

210 2726 331 2759 tinctura:
345 2727 447 2754 ratione
459 2735 490 2765 ac
502 2726 705 2765 pulchritudine.
717 2729 742 2756 Si
755 2726 832 2765 igitur
848 2731 938 2757 tinctio
952 2726 1000 2758 na-

209 2766 275 2793 tura:
283 2769 378 2788 nomen
389 2761 629 2791 transforuiatmur
640 2763 685 2790 Dei
701 2761 791 2791 natura
808 2773 860 2792 non
875 2767 1000 2793 transfor-

211 2801 265 2835 ptet
280 2796 428 2836 hominem,
444 2799 478 2836 ita
498 2802 526 2824 ut
545 2798 566 2825 is
588 2799 631 2836 qui
651 2804 713 2836 ante
734 2805 865 2827 terrenam
892 2802 1000 2835 gerebat

215 2834 365 2870 imaginem,
383 2837 443 2869 post
454 2834 594 2869 tintxuram
610 2834 749 2871 imaginem
763 2841 835 2871 gerat
851 2836 975 2873 fulgidam
989 2857 998 2871 ,

951 110 1085 138 Sl'UlilA.

1761 107 1832 137 ιθει

1047 173 1124 201 atque
1137 167 1289 195 crelestcm?
1301 167 1440 194 Formatus
1449 171 1490 194 est
1503 166 1582 201 igitur
1593 167 1675 194 Adam
1688 175 1787 202 panper
1798 166 1833 194 do

1047 208 1116 230 terra
1131 211 1138 228 ε
1154 203 1261 237 pulvere
1273 203 1343 229 enim
1355 208 1474 235 accepto,
1486 203 1553 228 Deus
1562 210 1623 229 eum
1635 202 1729 230 fortem
1738 201 1765 228 it.
1777 201 1832 229 Sed

1047 239 1156 265 nescivit
1173 237 1256 264 Atiam
1271 238 1402 271 quomodo
1425 237 1552 264 formatus
1566 238 1617 268 sit,
1640 242 1666 264 ut
1680 243 1740 263 ante
1759 238 1831 266 dixi;

1047 281 1098 300 non
1118 274 1189 300 enim
1211 273 1349 307 oportebat
1371 280 1430 299 eum
1448 277 1541 299 testem
1559 272 1652 299 adesse
1667 281 1759 299 corum
1773 280 1833 305 qua:

1026 314 1035 319 ‘
1047 309 1153 339 fiebant,
1167 314 1193 334 ιιι
1205 316 1238 335 ne
1247 312 1338 335 contra
1354 307 1437 334 Deum
1446 307 1630 334 extollerctur.
1641 307 1668 335 Si
1678 308 1748 334 enim
1761 313 1804 334 tau
1817 315 1833 334 a

1046 343 1224 370 circumdatus
1240 343 1337 370 vilitate
1349 343 1520 377 ignorateum
1535 343 1577 376 qui
1591 350 1620 369 se
1632 344 1732 369 creavit
1747 364 1754 374 ,
1770 343 1831 375 opi—

1047 379 1176 413 firemque
1189 377 1335 405 contemnit
1352 383 1359 404 :
1374 378 1395 404 si
1409 377 1471 411 quid
1484 385 1563 411 supra
1581 382 1700 404 naturam
1714 378 1832 411 accepis-

1046 418 1097 445 set,
1113 412 1171 448 quis
1185 414 1317 448 ingentem
1326 413 1384 447 ejus
1397 413 1548 447 superbiam
1562 412 1680 440 tulisset?
1692 413 1833 446 Propterea

1049 449 1116 476 Deus
1129 456 1187 476 cum
1204 448 1279 476 ﬁnxit
1294 448 1426 475 hominem
1437 469 1444 479 ,
1462 448 1585 482 figmento
1598 456 1705 481 magnas
1724 449 1833 475 virtutes

1047 489 1073 510 et
1087 492 1137 511 una
1152 484 1248 512 multas
1261 483 1448 510 humiliationis
1458 490 1551 509 causas
1563 483 1665 515 indidit,
1681 489 1769 517 ut‘pcr
1780 483 1835 509 vir-

1049 524 1129 546 tutem
1146 519 1249 545 insitam
1274 519 1357 552 gratia
1377 518 1480 552 opificis
1503 518 1528 544 itt
1549 518 1723 545 admiratione
1741 523 1812 545 esset
1827 526 1835 542 :

1049 559 1155 588 propter
1170 554 1379 581 Innniliationem
1395 558 1483 580 autem
1499 553 1628 580 humattus
1646 554 1728 580 fastus
1745 552 1839 587 depri-

1048 594 1173 615 meretur.
1197 589 1273 616 Dedit
1294 590 1317 615 ei
1340 588 1471 623 linguam,
1492 596 1550 622 qua-
1565 589 1726 622 loqucretur,
1752 589 1834 615 Deum

1049 624 1185 655 laudaret,
1203 624 1290 650 divina
1305 628 1428 656 caneret,
1443 623 1662 658 pulchritudinetn
1677 629 1776 650 naturzr.
1792 623 1833 650 in-

1049 664 1247 694 terpretaretur.
1266 659 1376 686 Disserit
1400 659 1433 694 de
1458 659 1524 685 caelo
1546 663 1573 685 et
1594 659 1627 686 de
1645 664 1713 686 terra
1726 679 1734 691 ,
1749 658 1838 694 carnis

1050 693 1176 727 [articnla
1189 695 1286 730 lingua,
1301 701 1386 728 neque
1399 693 1510 720 dttorutn
1526 693 1665 728 digitorum
1682 694 1781 720 habt-ns
1795 693 1836 730 la-

1050 730 1197 757 titudinem.
1212 736 1238 756 et
1250 729 1312 763 quid
1326 730 1431 763 inquam
1443 729 1601 762 digitorum“!
1613 737 1698 764 neque
1709 729 1837 755 extremi-

1051 765 1112 791 tatis
1126 765 1230 799 tmguis.
1246 765 1298 791 Sed
1315 764 1377 790 illttd
1390 764 1424 790 ita
1441 771 1560 798 parvum,
1576 769 1603 790 et
1614 765 1675 796 vile,
1689 764 1721 791 de
1734 764 1799 790 cazlo
1811 768 1840 791 et

1049 805 1120 827 terra
1139 800 1264 834 loquitur.
1290 800 1323 826 lit
1338 803 1366 826 ιιι
1388 807 1421 826 ne
1441 804 1514 833 ptttct
1536 807 1564 826 se
1580 807 1700 833 magnam
1723 800 1838 832 aliquam

1049 843 1105 862 rem
1121 843 1196 867 esse,
1218 842 1283 862 neve
1300 834 1409 861 extollat
1421 842 1450 861 se
1462 841 1542 868 super
1555 839 1674 861 naturam
1686 856 1693 865 ,
1710 842 1780 868 srepe
1796 839 1842 860 tu-

1050 878 1138 897 mores
1151 875 1177 898 et
1190 870 1277 897 ulcera
1298 870 1323 896 in
1337 877 1367 896 ea
1384 869 1463 901 fiunt,
1482 873 1510 895 ιιι
1524 869 1609 896 discat
1628 870 1698 904 quod
1718 869 1839 896 mortalis

1049 906 1197 936 exsislens,
1221 905 1253 932 de
1267 905 1374 931 a-ternis
1396 911 1421 930 et
1444 905 1636 931 immortalibus
1660 905 1792 938 loquaturl
1811 909 1840 930 et

1049 941 1116 969 sciat
1132 948 1191 975 qua‘
1204 941 1285 967 virtus
1299 940 1373 973 ejus,
1387 940 1456 974 quod
1475 939 1641 973 prmdicatur,
1658 945 1684 966 et
1700 939 1840 975 infirmitas

1050 977 1107 1007 eius
1125 974 1169 1009 qui
1185 975 1320 1009 prtcdicat.
1339 975 1413 1001 Dedit
1427 975 1451 1001 ei
1467 975 1571 1001 oculum
1591 983 1698 1008 parvum
1715 975 1776 1001 illud
1789 974 1842 1000 mi-

1050 1012 1125 1038 lium.
1138 1011 1202 1037 Natn
1219 1011 1243 1037 id
1257 1010 1327 1044 quod
1343 1010 1414 1036 videt
1429 1010 1454 1036 in
1469 1009 1572 1043 pupilla:
1586 1010 1672 1036 tncdio
1685 1010 1763 1036 situtn
1780 1014 1839 1036 est:

1049 1052 1074 1074 ct
1103 1051 1189 1075 tamen
1214 1053 1261 1080 per
1285 1053 1394 1080 parvum
1418 1045 1481 1072 illud
1506 1045 1617 1077 milium,
1631 1045 1703 1072 videt
1725 1052 1832 1071 onmem

1050 1086 1208 1108 creaturam.
1225 1081 1263 1108 Nc
1277 1088 1341 1108 vero
1352 1081 1410 1107 ideo
1421 1080 1572 1111 extollatur,
1588 1081 1658 1114 quod
1675 1081 1763 1107 videat
1779 1088 1839 1106 otn-

1051 1125 1110 1143 nctn
1119 1120 1278 1148 creaturam;
1289 1123 1359 1150 smpe
1369 1115 1547 1150 lippitudines,
1558 1115 1691 1146 humores,
1705 1115 1841 1149 lacrymm,

1050 1158 1074 1179 et
1090 1151 1185 1179 similia
1200 1152 1285 1178 visum
1300 1151 1457 1179 obscurant.
1472 1154 1500 1177 ut
1511 1150 1545 1177 ab
1557 1150 1707 1177 infirmitate
1720 1151 1837 1184 scipsum

1051 1191 1190 1221 agnoscat;
1207 1194 1222 1213 a
1238 1186 1394 1213 formatione
1409 1189 1495 1212 autem
1510 1185 1641 1221 opificem.
1663 1185 1739 1212 Dedit
1753 1185 1776 1212 ei
1793 1193 1842 1212 cor

1051 1220 1221 1254 ratiocinans,
1237 1221 1351 1248 radicem
1367 1221 1573 1253 ratiociniorutu,
1589 1220 1687 1247 fontem
1700 1220 1840 1253 cogitatio-

1051 1265 1112 1284 ntnn
1127 1265 1135 1285 :
1151 1257 1197 1284 sed
1211 1257 1237 1283 in
1253 1256 1345 1283 iisdem
1361 1256 1426 1283 locis
1441 1256 1499 1282 fecit
1515 1256 1629 1289 viscera.
1640 1264 1698 1291 qua:
1713 1256 1839 1284 stercori-

1052 1293 1100 1320 bus
1122 1293 1232 1326 aliisque
1251 1291 1373 1319 sordibus
1395 1291 1546 1325 opplentur,
1569 1298 1616 1325 per
1638 1299 1697 1326 que
1722 1291 1800 1317 homo
1813 1295 1842 1318 ct

1051 1327 1176 1362 eotuedit,
1192 1332 1219 1354 ut
1232 1327 1254 1354 si
1268 1326 1373 1362 quando
1386 1334 1433 1354 cor
1447 1326 1601 1356 extollatur.
1619 1326 1738 1353 lunnilict
1752 1326 1840 1362 ipsum

1051 1360 1152 1390 venter.
1172 1363 1258 1397 Atque
1272 1360 1307 1388 ita
1322 1366 1414 1389 venter
1429 1367 1454 1389 et
1467 1367 1570 1388 stercus
1584 1365 1682 1388 nostra;
1695 1361 1840 1388 eruditioni

1050 1399 1178 1425 serviunt.
1193 1398 1258 1424 Nam
1275 1397 1354 1424 homo
1367 1402 1468 1424 stercus
1479 1397 1676 1428 circumferens,
1689 1397 1784 1424 audeat
1799 1401 1841 1423 te-

1051 1434 1198 1459 Incritatem
1213 1437 1358 1464 ostentare,
1371 1437 1398 1458 et
1413 1441 1465 1458 non
1478 1433 1564 1458 solum
1579 1436 1715 1458 ostentare
1731 1432 1841 1458 temeri~

1052 1473 1142 1497 tatem.
1167 1468 1212 1494 sed
1237 1471 1264 1495 et
1278 1472 1369 1494 contra
1385 1468 1476 1499 Deum,
1491 1467 1559 1493 sicut
1584 1467 1710 1493 barbarus
1733 1467 1842 1501 qttidatn

1051 1511 1096 1530 rex
1112 1511 1191 1530 ausus
1206 1503 1251 1529 fttit
1267 1503 1355 1529 dicere
1374 1511 1380 1528 :
1404 1502 1490 1537 Supra
1510 1501 1594 1528 stellas
1609 1510 1702 1537 ponam
1722 1502 1842 1528 thronum

1052 1547 1142 1569 meant.
1155 1543 1177 1565 et
1187 1538 1276 1564 similis
1285 1546 1326 1564 ero
1333 1537 1461 1564 Allissimo
1474 1537 1550 1571 (1εαί.
1562 1537 1605 1564 14.
1619 1537 1673 1572 Η).
1685 1537 1712 1564 Si
1727 1541 1840 1569 tantum,

1053 1574 1170 1608 inquam,
1187 1574 1310 1601 stercoris
1325 1577 1351 1599 et
1366 1573 1530 1600 insuavitatis
1544 1573 1735 1599 circumferens
1747 1573 1785 1599 sic
1802 1573 1842 1598 lo-

1051 1614 1157 1642 quatur,
1170 1609 1191 1634 si
1209 1608 1285 1643 hujus
1297 1608 1484 1635 imbecillitatis
1499 1615 1593 1642 expers
1606 1613 1686 1640 esset,
1704 1608 1763 1642 quis
1777 1615 1840 1636 cum

1052 1644 1133 1671 ferret
1147 1643 1309 1670 exaltatum?
1325 1643 1377 1669 llac
1402 1643 1435 1669 de
1459 1651 1537 1670 cattsa
1561 1650 1672 1678 magnus
1695 1643 1775 1669 Isaias
1796 1651 1842 1669 su-

1051 1680 1141 1713 perhis
1153 1679 1217 1705 dicit
1233 1687 1240 1705 :
1258 1678 1324 1710 Quid
1344 1678 1454 1712 superbit
1477 1683 1542 1704 terra
1562 1683 1584 1704 el
1607 1678 1670 1704 cinis
1685 1678 1778 1713 (Eccli.
1798 1678 1840 1705 l0.

1052 1714 1102 1748 9)?
1130 1714 1225 1740 Verum
1253 1714 1347 1740 iterum
1372 1713 1404 1739 ad
1431 1714 1575 1740 institutum
1603 1713 1754 1740 redeamus.
1774 1714 1842 1741 Deus

1051 1750 1151 1776 creavit
1165 1749 1298 1776 hominem
1312 1748 1345 1775 de
1355 1748 1470 1782 pulvere,
1480 1748 1525 1775 Sed
1541 1756 1592 1774 non
1607 1749 1670 1774 \idit
1684 1749 1763 1774 homo
1773 1756 1842 1782 qun-

1053 1785 1132 1811 mndo
1147 1784 1232 1816 ﬁeret,
1252 1788 1279 1810 et
1299 1783 1358 1810 ideo
1376 1783 1505 1817 ignoravit
1525 1791 1598 1809 suam
1613 1784 1751 1810 vilitatcut.
1770 1783 1842 1810 Deus

1051 1820 1136 1851 enim,
1154 1823 1182 1846 ul
1195 1819 1313 1846 dicebam
1327 1839 1333 1848 .
1347 1819 1461 1845 animam
1480 1819 1563 1845 noluit
1576 1825 1634 1845 θεςο
1649 1819 1763 1852 priorctn
1778 1826 1838 1845 cor-

1053 1863 1127 1888 pore,
1140 1859 1167 1881 ιιι
1182 1861 1215 1881 ne
1230 1854 1329 1881 videret
1344 1854 1544 1885 formationem;
1562 1859 1759 1884 verumtamen,
1775 1862 1842 1887 quo-

1053 1890 1124 1916 niam
1145 1889 1252 1916 omnino
1266 1889 1391 1920 nescivit,
1407 1897 1437 1915 ex
1452 1896 1501 1924 qua
1518 1888 1663 1915 humilitate
1678 1889 1840 1920 surrexerit,

1052 1929 1080 1953 et
1098 1925 1166 1960 quod
1181 1932 1241 1952 eum
1255 1923 1341 1958 opifex
1357 1924 1391 1951 de
1409 1923 1478 1951 terra
1494 1924 1609 1954 tinxerit,
1625 1924 1726 1950 reducit
1739 1932 1799 1951 cum
1813 1924 1841 1951 in

1054 1965 1163 1992 terram,
1179 1967 1194 1985 a
1209 1967 1259 1994 qua
1274 1963 1394 1992 sumptus
1408 1964 1458 1989 cst,
1474 1964 1502 1985 ut
1517 1960 1612 1986 iterum
1626 1966 1701 1985 suam
1714 1963 1841 1993 expertus

1054 1995 1245 2025 infirmitatem,
1257 1998 1381 2028 agnoscat
1394 1999 1419 2020 ct
1430 1994 1583 2028 primzevam
1597 1994 1796 2021 beneficentiam
1810 1999 1839 2023 et

1053 2030 1167 2057 futuram
1189 2030 1415 2059 misericordiam;
1431 2029 1535 2063 quando
1549 2030 1617 2056 enitn
1634 2029 1761 2056 formatus
1780 2033 1839 2061 est,

1054 2066 1164 2093 nescivit
1183 2065 1252 2099 quod
1265 2065 1298 2091 de
1318 2070 1387 2091 terra
1403 2065 1486 2091 fartus
1499 2069 1580 2091 esset.
1601 2064 1715 2091 Attende
1729 2064 1842 2097 diligen-

1055 2106 1103 2132 ter,
1121 2109 1153 2127 ne
1164 2105 1189 2126 te
1202 2101 1282 2134 fugiat
1296 2100 1379 2126 latens
1387 2106 1490 2126 sensus.
1502 2099 1585 2126 Adam
1596 2099 1657 2126 dum
1669 2099 1838 2131 formarctur,

1054 2136 1190 2170 ignorabat
1204 2135 1273 2170 quod
1294 2135 1327 2162 de
1340 2135 1447 2169 pulvere
1461 2140 1604 2169 surgeret:
1620 2134 1725 2169 quando
1747 2134 1772 2161 in
1795 2142 1841 2170 re-

1053 2169 1219 2198 surrectione
1229 2175 1326 2204 surget.
1343 2170 1408 2196 sciet
1425 2169 1494 2204 quod
1510 2169 1672 2204 resurgendo
1685 2173 1764 2196 extmt
1780 2169 1842 2204 pul-

1054 2214 1152 2233 verem.
1164 2205 1229 2232 Nam
1241 2206 1289 2232 etsi
1304 2210 1422 2231 mortttus
1437 2206 1611 2239 semetipsum
1626 2212 1677 2231 non
1691 2204 1790 2236 videat,
1802 2205 1843 2231 vi-

1053 2241 1097 2268 det
1108 2247 1194 2267 tantcu
1207 2249 1266 2267 eum
1278 2241 1320 2274 qui
1335 2244 1396 2266 ante
1409 2247 1437 2266 se
1449 2244 1498 2266 est.
1514 2240 1637 2267 Videmus
1648 2247 1697 2266 nos
1706 2244 1839 2273 mortuos,

1052 2283 1078 2303 et
1092 2278 1117 2302 in
1134 2276 1269 2310 pulverem
1290 2275 1438 2303 resolutos:
1455 2279 1480 2301 ct
1495 2282 1541 2309 per
1552 2283 1611 2309 qttze
1632 2275 1761 2307 videmus,
1778 2281 1841 2300 eru-

1052 2311 1149 2338 dimur.
1165 2311 1221 2337 Non
1240 2310 1326 2336 vidisti
1345 2318 1416 2344 smpe
1429 2310 1542 2337 audaces
1562 2310 1634 2337 vires
1654 2316 1681 2337 et
1693 2309 1841 2342 superbos.

1053 2346 1185 2379 quomodo
1207 2345 1368 2372 constetuati
1389 2349 1415 2371 ct
1429 2345 1557 2372 lnuniliati
1574 2350 1635 2372 sunt
1649 2346 1673 2371 in
1690 2344 1842 2371 mortibus?

1052 2382 1192 2409 Nuntiatur
1206 2388 1277 2407 mors
1287 2401 1293 2412 ,
1308 2385 1335 2407 et
1347 2380 1427 2407 corde
1449 2385 1563 2407 tremunt
1576 2388 1669 2407 omm-s
1685 2380 1842 2413 animosmte

1052 2417 1188 2451 dt-jiciunt.
1206 2416 1242 2442 lta
1257 2420 1284 2442 et
1295 2415 1363 2451 circa
1376 2416 1494 2449 sepulcra
1507 2415 1733 2450 philosophantur,
1747 2415 1842 2441 viden-

1053 2450 1092 2478 tes
1107 2459 1167 2477 ossa
1188 2451 1256 2477 tnnla
1269 2471 1276 2481 ,
1297 2455 1324 2477 et
1347 2450 1487 2476 lnnuanam
1504 2455 1624 2477 naturam
1645 2458 1792 2479 cor-rosam,
1814 2455 1842 2477 et

1052 2487 1218 2518 di~solmam,
1229 2485 1317 2512 statim
1332 2485 1399 2511 inter
1411 2493 1458 2511 nos
1469 2485 1694 2519 philosophantur,
1707 2485 1838 2512 dicentes:

1053 2522 1131 2552 Erro,
1143 2521 1204 2555 quid
1220 2521 1324 2548 tandem
1338 2528 1369 2548 ex
1384 2521 1459 2547 nobis
1474 2521 1518 2547 fit?
1533 2525 1559 2548 et
1569 2529 1619 2555 quo
1633 2520 1754 2547 abimus?
1765 2522 1840 2547 (Jon-

1054 2557 1211 2585 lhbulamur.
1235 2555 1385 2590 egredimur
1408 2555 1441 2582 de
1464 2556 1592 2590 sepulcris
1610 2562 1617 2582 :
1637 2560 1663 2582 et
1685 2555 1842 2583 humilitatis

1052 2597 1150 2619 nostra:
1170 2591 1359 2618 obliviscimur.
1375 2591 1450 2625 Apud
1465 2591 1583 2626 sepulcra
1603 2591 1637 2617 ita
1660 2590 1841 2624 unusquisque

1052 2627 1176 2662 proximo
1196 2626 1312 2662 loquitur
1327 2634 1333 2651 ε
1350 2633 1366 2652 ο
1378 2626 1528 2662 iniseriam,
1544 2633 1560 2651 o
1583 2627 1706 2652 miseram
1722 2630 1841 2662 nostram

1052 2663 1133 2689 vitam
1146 2662 1152 2688 !
1170 2662 1231 2688 vide
1248 2661 1309 2696 quid
1324 2661 1428 2687 tandem
1442 2662 1475 2688 ω
1492 2661 1566 2687 nobis
1582 2661 1637 2687 fiat.
1652 2661 1778 2694 Quamvis
1793 2668 1842 2687 au-

1053 2702 1105 2724 tetn
1120 2697 1157 2723 sic
1175 2696 1325 2730 loquamur,
1344 2697 1460 2730 rapitnus
1475 2701 1559 2722 tamen
1576 2696 1624 2730 ipsi
1638 2702 1664 2722 ct
1678 2697 1841 2727 clamamus,

1053 2737 1080 2760 et
1091 2732 1244 2765 iniuriarum
1255 2731 1435 2758 recordamur.
1449 2731 1565 2765 Quisque
1576 2733 1610 2758 ita
1625 2731 1841 2766 philosophatur,

1053 2768 1126 2802 quasi
1145 2767 1251 2793 malitiae
1267 2767 1464 2793 renuntiaturus
1480 2775 1486 2792 :
1503 2773 1528 2793 et
1541 2767 1611 2793 intus
1628 2767 1733 2801 quidem
1755 2765 1842 2800 philo-

1054 2801 1190 2837 sophatur,
1201 2803 1366 2829 extrinsecus
1374 2807 1460 2828 autem
1472 2802 1596 2836 operibus
1608 2802 1670 2835 ipsis
1685 2801 1842 2837 licoadvcr-

1055 2843 1136 2868 satur.
1151 2837 1297 2874 Eapropter
1311 2837 1380 2865 Deus
1393 2838 1488 2872 ubique
1501 2837 1622 2872 sepulcra
1636 2837 1692 2865 fieri
1703 2836 1796 2869 voluit,
1813 2840 1843 2869 ut
