2042 3121
172 162 239 190 ιο35

168 217 220 247 illis
238 223 336 246 nostra:
356 218 473 252 ipsorum
491 214 958 252 ittfit'tnitatis_ntcmoresfieremus.

171 255 230 282 ideo
251 254 338 280 omnis
358 250 467 285 civitas,
486 259 564 278 ontne
577 250 714 277 castellum
728 255 789 276 ante
812 250 959 283 ingressum

168 290 288 321 sepulcra
304 289 399 320 habet,
417 294 443 314 ut
458 284 517 321 quis
532 286 696 313 contendens
712 285 809 312 intrare
824 285 848 321 in
865 284 958 321 civita-

169 320 223 352 tein
237 319 422 357 imperantem,
436 319 544 353 divitiis,
559 321 686 355 potentia,
703 321 814 354 aliisque
828 319 962 357 dignitati-

169 361 218 387 bus
231 355 382 389 florentem.
395 358 548 392 priusquam
563 356 598 387 itl,
613 357 683 390 quod
695 357 720 382 iu
733 360 820 382 locate
834 355 959 392 concipit,

170 399 278 424 cernat,
293 393 382 421 Videat
396 390 462 427 'quis
478 390 540 427 ipse
556 392 658 418 futurus
682 392 724 418 sit.
741 391 808 427 Ante
823 390 959 422 civitates,

170 435 230 456 ante
245 436 322 463 agros
334 433 395 455 sunt
408 426 528 462 sepulcra
541 436 547 459 ;
565 427 661 463 ubique
674 430 734 463 ante
746 426 838 463 oculos
852 430 893 463 e‘st
905 433 958 463 tto-

171 469 235 492 :tra:
249 460 402 491 bimtilitatis
417 460 508 490 schola
525 471 530 488 :
546 467 572 489 et
585 460 712 489 docemur
726 461 751 487 in
773 460 835 495 quid
855 460 961 487 desina-

171 508 229 528 mus
245 500 362 530 taudem.
380 503 407 526 et
421 503 483 525 tunc
496 498 617 524 videmus
630 505 688 531 tltlu:
701 497 770 523 intus
783 499 845 522 sunt
859 501 960 528 specta-

171 536 229 562 cula
244 545 251 563 :
267 542 352 569 neque
366 534 408 560 ltic
421 533 519 566 solum,
535 533 580 569 sud
601 537 627 558 et
640 532 782 566 ingressuri
796 531 829 557 ad
843 538 962 557 contmn-

172 572 278 598 ttionem
304 568 375 602 vita),
391 569 518 595 docemur
540 568 668 594 vilitatcut
694 574 824 592 summam
850 570 960 602 naturte.

170 607 248 640 βλυμε
261 606 301 632 vir
312 604 539 640 quandouxorcm
551 603 648 640 dueere
662 602 727 631 vult,
740 601 833 628 scriba-
845 601 963 640 suggerit

170 636 268 668 dotalia
282 636 401 666 munera.
417 638 540 665 Nondum
555 638 666 671 copula,
680 641 707 664 et
722 643 794 662 mors
809 637 897 663 statim
914 636 961 662 de-

170 676 294 704 scribitur
315 683 321 700 :
344 674 462 702 nomium
477 673 615 701 consortio
627 678 653 698 et
676 671 774 706 nuptiis
790 678 853 698 usus
865 676 921 703 est,
936 674 963 698 et

170 715 283 738 mortem
294 710 382 736 statim
393 709 494 735 definit.
506 708 628 734 Nunduut
640 712 748 741 nuptam
761 706 835 738 vidit,
849 711 876 732 et
891 714 961 732 tuor-

171 748 203 773 tis
215 746 342 772 adversus
355 745 483 778 seipsum,
496 748 523 770 et
537 743 665 770 adversus
679 742 750 778 illam
765 741 960 778 calculosApror-

172 781 245 815 ponit
256 802 264 813 ,
280 788 311 807 ac
324 775 416 806 scribit
430 779 455 805 in
471 778 540 815 hunc
553 777 669 815 ‘mudum
686 786 692 804 :
707 777 731 815 si
751 781 872 815 mortuus
884 775 965 815 fuerit

171 811 211 842 iir
223 811 284 842 ante
298 815 447 845 mulierem,
462 814 484 840 si
506 813 600 840 mulier
613 817 675 840 ante
691 813 787 844 virum,
806 811 856 838 hoc
871 815 898 838 ct
913 811 962 838 huc

172 852 338 885 diSponatur.
361 850 405 877 Sic
420 849 538 875 formata:
557 853 617 875 sunt
633 848 726 882 patria:
749 847 820 881 leges
839 855 852 885 :_
868 847 964 881 ubique

171 882 293 913 omnibus
312 890 412 911 naturae
430 888 491 910 :uut
502 888 672 911 monumenta
689 891 695 908 :
713 888 740 910 et
752 891 802 909 uou
814 882 900 909 solum
915 890 963 908 eo-

172 930 230 949 runt
246 921 290 956 qui
304 926 366 947 sunt
379 919 531 956 etrviruut,
552 918 785 956 tnortisﬂfermttur
797 917 939 956 sententia:
955 926 961 956 ς

171 957 219 983 sed
230 952 261 983 ρι’
270 964 361 983 eorum
376 955 419 989 qui
432 954 547 981 uunduut
562 954 627 981 uati.
642 953 709 986 Quid
724 952 794 989 enim
809 953 877 989 ultra
889 952 967 979 dict?

171 993 247 1024 Quod
263 992 284 1018 si
300 987 471 1017 Italus—fuerit
487 989 572 1021 filius,
585 994 613 1016 et
635 993 761 1024 mortuus
770 987 848 1024 fuerit
866 995 874 1024 ς
897 995 964 1013 nuu—

171 1022 234 1054 dum
260 1026 376 1058 fructus,
398 1029 425 1052 ct
438 1025 569 1051 sententia
586 1024 638 1051 lata
656 1028 706 1051 est.
726 1023 810 1057 Igitur
823 1023 849 1050 itt
866 1022 963 1058 instru—

171 1062 270 1089 mentis
283 1061 390 1096 quidem
405 1060 524 1094 agnoscit
536 1059 724 1096 naturam,_sic
737 1065 835 1096 cavens
849 1066 855 1084 :
914 1065 960 1084 att-

173 1103 226 1124 Icm
246 1094 309 1131 quid
335 1096 479 1123 humatutm
495 1096 622 1131 patiatur,
643 1094 685 1122 vel
707 1094 803 1131 mulier
826 1094 963 1131 moriatur,

170 1129 337 1160 obtiviScitur
351 1138 442 1158 eorum
458 1129 518 1165 quae
532 1130 646 1164 scripsit,
661 1134 687 1156 et
702 1129 811 1156 alterius
828 1129 964 1165 tragoediae

170 1168 254 1194 verba
279 1167 394 1201 profert,
417 1171 444 1192 et
467 1164 525 1192 hate
539 1165 622 1192 dicit:
638 1165 721 1201 Mene
741 1164 882 1198 oportebat
908 1164 965 1201 lucc

169 1203 246 1239 pati?
263 1199 337 1239 llunc
350 1205 453 1239 tantum
467 1201 540 1239 potui
556 1208 664 1239 sperare
678 1199 810 1239 dolorem,
827 1203 855 1225 ut
867 1199 962 1234 conju-

171 1234 218 1273 ivio
243 1237 382 1273 privarer?
404 1236 474 1269 Quid
498 1236 593 1271 igitur?
607 1234 777 1273 Oblivisceris
797 1241 890 1261 eorum
906 1242 966 1273 qua:

169 1270 320 1307 scripsisti?
343 1277 369 1299 et
388 1279 448 1298 cum
465 1276 543 1307 extra
559 1271 694 1307 negotium
708 1277 785 1300 eras,
802 1270 966 1307 agnoscebas

171 1304 277 1335 naturte
299 1307 417 1334 limites:
439 1305 546 1341 quando
566 1304 654 1332 autem
676 1305 702 1341 in
717 1312 815 1341 casum,
831 1304 964 1341 incidisti,

171 1343 343 1370 oblivisceris
359 1340 579 1376 legum'nalurat?
595 1341 657 1368 Haec
672 1340 795 1376 dicuntur
810 1340 836 1366 in
851 1340 966 1376 castiga-

170 1380 274 1407 tionem
287 1375 416 1410 omnium,
430 1380 459 1402 ut
469 1384 563 1403 onmes
576 1377 675 1409 omnia,
690 1383 749 1410 qua:
763 1375 812 1402 sibi
825 1375 963 1408 eveniunt,

172 1413 279 1441 fortiter
293 1413 387 1444 ferant,
402 1417 428 1438 et
443 1420 475 1439 ne
491 1412 549 1443 quis
562 1411 690 1441 damnosa
704 1414 778 1445 putet
793 1410 840 1438 Dei
853 1410 962 1444 judicia.

175 1449 257 1476 Extra
271 1454 403 1475 :erumnas
417 1454 449 1474 ne
463 1446 674 1480 philosopheris;
690 1445 737 1473 sed
751 1453 810 1472 cum
827 1446 879 1472 illa:
894 1445 968 1472 inva-

176 1485 253 1516 dunt,
267 1482 509 1516 magnanimitatem
530 1482 650 1509 ostende.
667 1481 778 1515 Quando
796 1488 910 1513 utteres,
926 1488 968 1508 re-

176 1519 289 1546 cordare
305 1518 456 1549 verborum,
471 1517 567 1552 quibus
587 1522 712 1552 mtestum
731 1516 892 1552 consolaris,
905 1516 969 1549 Qui-

177 1556 227 1582 bus
236 1559 325 1580 autem
341 1553 510 1580 sermonibus
525 1552 623 1579 utimur
637 1551 705 1586 apud
718 1552 856 1586 lugentes?
872 1551 965 1578 Nonne

177 1590 212 1617 ita
227 1589 297 1624 apud
310 1595 358 1615 eos
373 1588 611 1624 philosopltamur't
626 1587 753 1614 llumanze
766 1591 828 1613 sunt
842 1586 882 1613 tne
896 1586 968 1624 cala-

177 1621 284 1651 mitates
300 1633 307 1650 :
321 1621 379 1650 non?
396 1622 449 1650 fers
466 1623 539 1649 solus
553 1622 621 1649 ltattc
635 1629 782 1649 aerumnam
798 1631 804 1646 :
821 1629 874 1648 non
895 1621 969 1648 solus

176 1660 270 1687 mortis
284 1659 337 1685 vim
350 1658 496 1685 sustinuisti
513 1667 518 1683 :
533 1663 560 1685 et
580 1665 657 1692 reges
669 1657 764 1684 similia
781 1657 869 1683 ferunt
890 1665 897 1683 :
922 1656 969 1682 da-

178 1702 271 1724 mnum
287 1694 337 1720 ltoc
348 1700 420 1727 savpc
429 1698 456 1720 et
472 1693 605 1728 principes
616 1693 765 1728 patiuntur,
776 1696 855 1726 atque
867 1692 909 1718 alii
923 1700 968 1725 po-

177 1734 265 1757 tentes
279 1738 285 1756 :
300 1736 414 1763 agnosco
426 1733 496 1755 tuam
509 1728 591 1762 ipsius
605 1734 725 1754 naturam
739 1736 744 1754 :
760 1727 840 1754 houto
854 1735 893 1759 es,
909 1734 969 1754 cum

178 1764 302 1792 omnibus
314 1771 470 1791 communes
485 1764 555 1798 leges
571 1763 662 1790 ltabes.

214 1801 240 1827 '5.
257 1799 319 1826 ιιιυο
333 1804 358 1826 et
378 1799 419 1825 his
441 1797 521 1832 plura
534 1798 667 1832 loqueris,
683 1805 742 1824 cum
766 1797 845 1824 alittm
865 1797 970 1824 solaris.

179 1835 247 1862 Num
261 1835 372 1861 aliorum
387 1834 542 1868 magnificus
555 1842 584 1860 es
597 1833 700 1865 doctor,
716 1833 760 1859 tibi
775 1838 863 1859 autent
886 1841 971 1867 neque

180 1871 261 1896 miser
275 1878 304 1896 cs
322 1869 485 1903 discipulus?
501 1868 600 1903 Magna:
615 1873 641 1894 et
653 1875 789 1903 generosa:
804 1869 900 1894 anima:
915 1869 971 1893 fue-

181 1906 226 1936 rit,
243 1905 267 1931 itt
281 1904 474 1931 calamitatibus
489 1903 672 1938 philosophum
684 1910 772 1937 agere.
786 1903 813 1929 Si
830 1903 912 1936 possit
926 1903 973 1928 ali-

180 1941 240 1974 quis
255 1940 279 1966 itt
294 1939 385 1973 quavis
398 1939 549 1974 calamitate
559 1959 566 1971 ,
581 1939 623 1964 vel
638 1938 805 1974 tristitiarvel
818 1945 915 1974 uauuto
928 1937 969 1974 dt-

181 1972 244 2002 rerc
259 1983 265 2001 :
281 1972 371 2000 Justus
384 1973 545 2006 es,Domine,
568 1978 590 1999 et
612 1978 680 2000 recta
696 1973 796 2007 judicia
817 1977 861 1998 tua
871 1980 881 1999 :
894 1973 916 1999 is
928 1972 974 1999 da-

182 2017 273 2036 mnum
301 2010 351 2036 fert
376 2014 404 2035 ut
432 2008 532 2041 homo,
557 2014 699 2034 coronatur
714 2011 801 2034 autem
828 2008 865 2034 uti
891 2007 973 2035 Deuttt

181 2052 284 2071 amans.
301 2044 359 2071 Vita
369 2064 376 2077 ,
393 2043 488 2070 fratres
501 2064 508 2076 ,
523 2044 604 2070 multa
618 2043 771 2070 difficultate
785 2042 861 2076 plena
882 2047 932 2075 est,
948 2047 975 2070 et

182 2084 285 2114 oportet
303 2079 412 2114 omnino
428 2078 528 2112 justum
549 2083 575 2106 et
594 2078 731 2114 injustum,
748 2078 861 2114 etpium
875 2082 903 2104 et
923 2078 972 2104 int-

183 2112 254 2151 pium
272 2114 363 2151 af‘lligi.
380 2113 431 2141 Sed
447 2122 542 2151 magna
561 2117 602 2151 est
614 2113 736 2151 varietas.
751 2112 829 2151 Aliud
843 2114 914 2151 enim
935 2116 976 2139 est

182 2148 282 2184 corripi
303 2148 337 2176 ut
349 2149 523 2176 domesticum
540 2158 546 2175 :
561 2148 631 2175 aliud
647 2148 777 2184 flagellari
795 2153 824 2175 ut
842 2148 972 2184 alienum.

187 2183 347 2212 \icrbcratur
370 2184 453 2215 lilius,
479 2184 632 2211 verberatur
654 2188 681 2210 et
700 2183 812 2210 famulus
833 2191 839 2208 :
860 2183 907 2210 sed
934 2183 976 2210 hic

184 2221 291 2256 qttidem
304 2225 332 2247 ιιι
344 2227 436 2256 servus
446 2221 490 2256 qui
505 2219 632 2256 peccavit,
649 2219 693 2256 ille
704 2226 767 2246 vero
778 2223 806 2256 ut
819 2218 897 2256 liber,
910 2223 938 2246 et
949 2224 976 2245 ut

185 2254 256 2283 filius
264 2255 401 2290 disciplina
413 2254 542 2289 indigens.
557 2254 643 2289 Μίδεω
653 2254 704 2280 illa:
713 2261 764 2280 non
776 2254 875 2290 faciunt
886 2262 975 2288 aequa-

186 2291 239 2318 lem
254 2289 393 2330 houorem.
417 2290 657 2330 Siupatiatur'pius
676 2297 735 2329 qua:
749 2289 958 2330 patitur'intpius
970 2309 976 2319 ,
989 2292 993 2312 ί

186 2335 240 2354 non
256 2326 375 2360 ejusdem
390 2323 549 2352 conditionis
562 2325 612 2352 erit
623 2332 682 2351 cum
694 2325 775 2358 itttpio
788 2333 794 2350 :
810 2323 857 2351 sed
874 2329 977 2358 reputa-

189 2366 232 2388 tor
244 2359 376 2395 correptio
388 2361 449 2388 huic
460 2361 487 2387 in
501 2360 669 2386 al‘llictionem
681 2364 708 2386 et
721 2359 914 2395 probationem.
927 2359 977 2395 ἰηιτ

186 2397 231 2430 pio
253 2394 340 2423 autem
366 2396 392 2423 in
417 2395 519 2430 ﬂagella
547 2399 574 2423 ct
603 2402 703 2430 poenas.
732 2394 875 2428 Propterea
898 2394 978 2421 Davd

186 2432 274 2458 sciens
286 2431 332 2458 has
347 2432 526 2464 dtltieullates,
538 2430 571 2457 de
583 2431 662 2464 justis
672 2430 779 2464 quidem
792 2430 874 2458 dicit:
891 2430 979 2456 Multa:

189 2466 362 2493 tribulatione:
380 2468 518 2502 justorum.
542 2466 594 2493 Sed
605 2465 878 2502 fideiquids‘ubditi
897 2464 979 2502 Etet

188 2501 303 2528 omnibus
327 2499 387 2528 illis
400 2499 512 2528 liberabit
534 2509 576 2527 eos
599 2501 723 2527 Dominus
738 2500 747 2536 (
759 2499 832 2526 Psal.
845 2500 890 2527 55.
909 2500 942 2527 10
957 2502 977 2535 ).

190 2536 311 2563 Nondum
327 2537 392 2564 dixit
404 2536 584 2565 alﬂietionvm.
593 2541 620 2563 et
635 2536 790 2562 monstravit
802 2536 977 2562 curationem.

191 2572 229 2597 De
245 2572 403 2598 adversariis
424 2577 510 2598 autent
526 2571 590 2598 dicit
605 2580 611 2597 :
628 2571 711 2597 Multa
726 2571 828 2605 ﬂagella
842 2571 979 2603 peccatoris

190 2606 277 2639 (l'sal.
291 2607 335 2634 5L
352 2606 395 2642 10)
416 2615 422 2633 :
437 2612 463 2633 et
479 2607 543 2633 nihil
561 2607 611 2633 tale
632 2607 737 2638 subdit.
762 2606 832 2640 quod
856 2605 888 2633 de
901 2606 979 2640 justis

190 2642 296 2668 dicebat
311 2650 319 2669 :
333 2642 422 2668 multa:
441 2642 598 2669 alflictioncs
613 2642 757 2677 justorum;
773 2641 805 2667 de
831 2643 871 2668 Itis
891 2646 978 2668 autem

190 2677 315 2704 omnibus
331 2676 452 2704 liberabit
465 2685 511 2704 eos
524 2677 660 2705 Dominus.
679 2677 739 2703 ibet:
761 2676 782 2703 si
796 2677 855 2710 quis
873 2676 978 2707 audiat,

192 2719 225 2737 ne
237 2712 270 2739 de
283 2713 371 2746 seipso
383 2712 522 2745 desperet,
539 2720 624 2746 ncqtte
638 2713 706 2739 dicat
722 2720 729 2738 :
743 2711 770 2738 Si
784 2712 862 2746 igitur
875 2716 902 2738 ut
918 2719 980 2745 pee-

191 2752 265 2774 cator
277 2748 383 2781 vapulo,
398 2753 421 2774 et
435 2755 509 2781 spent
521 2756 573 2774 ttott
588 2748 683 2780 habeo,
698 2747 858 2774 infructuosa
872 2753 980 2774 estcor-

193 2783 288 2817 rcplio.
304 2783 472 2810 l’eecalureut
488 2783 557 2809 enim
573 2790 643 2810 nunc
657 2783 791 2816 Scriptura
803 2782 915 2813 vocavit,
929 2790 980 2808 ttott

192 2819 300 2845 Olnnittu
313 2826 327 2844 a
344 2819 441 2852 pietate
455 2818 569 2844 alienum
581 2837 587 2848 ,
604 2817 650 2844 sed
664 2826 724 2844 etttn
737 2838 743 2851 ,
757 2818 800 2852 qui
814 2818 939 2852 affligitur
954 2821 981 2844 cl

193 2854 359 2887 aliquatenus
373 2854 429 2887 pius
444 2857 494 2885 est,
509 2853 604 2879 labitur
616 2859 703 2880 latttett
715 2853 739 2879 in
755 2853 832 2879 rebus
847 2853 979 2879 humanis.

194 2889 268 2927 Quod
284 2890 353 2917 enim
374 2888 555 2924 peccatoribus
572 2889 638 2916 Deus
654 2889 818 2922 misereatur,
833 2889 910 2924 plena
923 2896 980 2916 om~

733 157 778 184 DE
792 155 870 184 FIDE
891 156 934 183 ΕΤ
955 155 1046 184 LEGE
1065 155 1232 184 NATURA‘I.’

1739 158 1807 186 1086

1019 215 1060 241 nis
1071 214 1206 250 Scriptura
1224 213 1377 250 pignoribus
1389 213 1486 241 divinm
1498 213 1686 242 ntiscricordnn
1702 223 1708 241 :
1724 215 1806 250 inqut:

1016 250 1086 276 cnim
1102 257 1109 275 :
1132 248 1192 276 Vivo
1201 248 1258 284 ego,
1273 250 1333 276 dicit
1347 248 1472 276 Dominus
1485 259 1494 275 .-
1504 249 1564 284 nolo
1576 255 1679 276 mortem
1693 248 1793 283 percara

1015 285 1060 320 ris,
1073 285 1117 310 sed
1128 290 1152 310 ut
1163 283 1243 320 magis
1253 289 1411 320 convertatur
1423 288 1446 310 et
1457 285 1519 311 vivat
1531 283 1635 318 (Ezech.
1651 284 1692 312 i8.
1707 285 1734 312 5.
1748 286 1808 315 25),

1016 319 1093 346 .Iurat
1109 320 1187 352 Deus,
1201 319 1253 346 non
1266 320 1340 355 quasi
1353 319 1403 346 sibi
1422 320 1470 353 ipsi
1486 326 1537 346 nun
1551 319 1664 346 credens
1675 341 1682 352 ,
1698 320 1744 347 sed
1760 327 1796 346 no

1016 359 1097 382 stram
1112 355 1296 390 infidelitatem
1307 355 1340 382 ad
1352 355 1429 382 fiderit
1445 362 1549 390 urgens.
1564 355 1637 382 Dicat
1647 355 1725 389 igitur
1737 356 1808 390 quisv

1015 390 1074 424 quis
1088 389 1276 417 afflictionibus
1298 390 1474 421 examinator,
1489 389 1578 417 Justus
1591 398 1627 421 es,
1648 389 1764 422 Domine,
1785 396 1809 418 et

1016 426 1198 466 rectarjudicia
1220 431 1262 452 tua
1279 435 1288 452 :
1304 430 1330 466 et
1343 425 1421 466 simpl
1445 424 1540 466 [erlem
1551 425 1658 466 cultibet
1672 427 1809 466 animum,

1016 461 1195 495 pietatemque
1216 469 1268 488 nou
1284 461 1371 487 solvit.
1390 460 1482 493 Qualis
1501 465 1557 488 erat
1570 461 1662 488 beatus
1675 461 1743 492 Jul),
1763 460 1808 496 qui

1016 496 1143 522 adversus
1162 504 1254 523 ontues
1274 497 1432 523 al‘flictiones
1449 496 1532 522 aciem
1546 496 1679 527 instruxit,
1695 497 1738 530 qui
1750 497 1809 524 dia-

1015 530 1068 557 boli
1084 531 1297 558 terriculamenta
1312 532 1384 563 vicit,
1398 531 1443 565 qui
1459 536 1539 557 totam
1553 532 1611 565 ejus
1629 531 1729 558 rabiem
1743 532 1806 559 irri-

1019 570 1072 592 tam
1087 566 1158 598 fecit,
1173 567 1218 601 qui
1231 568 1378 593 constantia
1397 566 1493 593 ntetttis
1507 565 1601 593 fluctus
1615 566 1712 593 diaboli
1727 567 1808 594 dissi:

1016 601 1098 634 pavit,
1112 602 1156 636 qui
1173 602 1296 628 omnibus
1316 601 1394 628 simul
1414 602 1538 635 privatus,
1555 607 1671 628 attamen
1691 602 1809 630 omnium

1016 636 1153 662 dontiuum
1169 643 1221 663 nou
1234 637 1353 672 negavit.
1363 636 1458 663 Verum
1474 637 1543 663 illius
1555 641 1742 672 stratagemata
1761 646 1809 672 pe-

1015 671 1109 698 culiari
1123 679 1248 698 sermone
1259 671 1442 699 describeutur
1455 679 1462 698 :
1478 679 1538 698 naut
1550 679 1611 699 vere
1627 671 1693 706 opus
1708 671 1807 700 habent

1016 706 1147 733 destinato
1165 712 1284 741 tempore
1302 712 1330 734 ut
1347 707 1520 741 exquirantur
1544 714 1551 733 τ
1576 714 1610 733 ne
1629 707 1808 741 perfunctorie

1016 741 1149 776 loquendo
1164 741 1221 776 ejus
1239 742 1384 769 certamina
1401 742 1560 769 contumelia
1579 742 1736 769 afficiamus.
1752 743 1809 770 Prae

1016 777 1101 804 oculis
1116 782 1203 804 tamen
1218 777 1362 805 habeamus
1381 785 1440 811 quae
1457 777 1524 804 dixit
1544 776 1619 804 fortis
1643 778 1687 804 ille
1708 783 1735 804 et
1753 786 1810 805 nta-

1015 820 1083 846 gnus
1096 813 1174 847 pugil.
1190 812 1319 845 Quoniam
1334 812 1411 839 enim
1427 813 1542 846 sigillum
1560 813 1637 839 dictis
1651 813 1741 845 infert,
1758 821 1809 840 nu-

1017 848 1092 874 datus
1114 847 1250 880 omnibus,
1276 848 1392 882 seipsum
1420 848 1516 882 pietate
1541 847 1595 874 nou’
1617 848 1736 880 nudavit,
1762 849 1809 876 sed

1017 882 1083 909 dixit
1099 891 1105 909 :
1121 883 1248 910 Dominus
1261 883 1329 910 dedit
1339 903 1345 913 ,
1362 883 1485 909 Dominus
1497 883 1611 914 abstulit;
1623 886 1686 910 sicut
1701 883 1809 910 Domino

1016 918 1096 944 visum
1109 924 1161 951 est,
1184 920 1218 945 ita
1236 923 1259 945 et
1277 920 1373 951 factum
1387 923 1422 945 est
1440 917 1500 951 (Job
1526 919 1550 944 ι.
1566 917 1624 951 ει).
1639 919 1710 947 Bene
1732 919 1808 951 dicit,

1017 953 1096 979 visunt
1109 958 1143 980 cst
1157 963 1165 980 :
1181 953 1304 980 comedit
1314 953 1473 986 auctoritati,
1491 961 1542 980 non
1554 954 1658 981 curiose
1670 953 1810 988 dispensa-

1017 988 1115 1015 tioncut
1126 989 1249 1023 explorat.
1265 996 1271 1015 τ
1285 994 1336 1015 nun
1350 988 1417 1015 dixit
1429 987 1497 1015 sicut
1510 995 1557 1015 nos
1574 997 1581 1015 ι
1595 989 1683 1021 Quare
1696 987 1808 1023 juvenes

1016 1024 1175 1056 moriuntur,
1197 1029 1224 1051 et
1242 1031 1319 1051 senes
1335 1024 1459 1050 manent?
1474 1024 1564 1057 Qualis
1577 1028 1617 1050 est
1632 1024 1681 1051 ista
1696 1024 1806 1058 dispen-

1017 1059 1105 1086 satio?
1126 1059 1262 1086 Desiderat
1286 1067 1368 1086 senex
1392 1063 1523 1091 tnortem,
1548 1060 1651 1086 solutus
1673 1060 1808 1093 cantibus,

1018 1101 1097 1128 upunt
1125 1094 1246 1129 indigus,
1273 1099 1300 1122 et
1326 1094 1385 1122 aliis
1405 1095 1630 1121 consolationibus
1653 1094 1807 1128 destitutus,

1017 1128 1210 1164 frustraturqtie
1236 1134 1314 1162 voto;
1337 1135 1364 1156 et
1389 1137 1454 1163 puer
1475 1129 1596 1156 amabilis
1618 1129 1728 1162 furtum,
1748 1138 1809 1165 gra-

1020 1168 1062 1191 tus
1088 1165 1259 1199 parentibus,
1282 1165 1440 1192 humaturus
1462 1165 1572 1198 rapitur.
1596 1165 1672 1192 Disce
1694 1173 1747 1192 non
1774 1171 1808 1192 ta-

1018 1199 1052 1226 lia
1076 1207 1216 1235 quaerere;
1243 1199 1290 1226 sed
1313 1199 1393 1226 dicito
1410 1199 1535 1226 :Judicia
1558 1205 1601 1226 tua
1621 1200 1725 1235 abyssus
1740 1202 1806 1227 mttl-

1018 1239 1044 1261 tu
1063 1235 1072 1267 <
1088 1234 1161 1263 Psal.
1187 1236 1231 1263 55.
1247 1236 1286 1268 Ἰ).
1314 1235 1390 1262 Disce
1419 1240 1444 1261 ut
1469 1235 1543 1262 dicas
1563 1234 1674 1262 :Justus
1698 1244 1733 1265 es,
1757 1236 1812 1263 Do-

1018 1271 1098 1302 mine,
1120 1276 1144 1298 et
1170 1277 1239 1298 recta
1254 1270 1358 1305 judicia
1373 1277 1417 1296 tua
1435 1269 1521 1304 (I'sul.
1544 1269 1604 1295 H8.
1629 1269 1700 1305 li’ﬂ).
1718 1269 1806 1300 Disce,

1020 1310 1048 1332 ut
1060 1305 1155 1333 dicas:
1176 1304 1378 1333 Sicut'Dumino
1392 1305 1476 1332 uisum
1487 1312 1534 1333 est.
1552 1305 1591 1330 ita
1604 1308 1627 1330 et
1644 1304 1741 1331 fartum
1758 1309 1806 1329 est.

1018 1340 1140 1375 Agnutce
1153 1340 1345 1372 auctoritatem,
1360 1344 1388 1366 ut
1401 1346 1528 1374 agnoscas
1540 1344 1564 1366 et
1575 1339 1810 1373 pietatent.Veruttt

1018 1375 1141 1410 qnouiatn
1163 1375 1252 1402 incidit
1273 1382 1360 1402 sermo
1381 1375 1413 1402 de
1432 1375 1514 1409 gloria
1534 1375 1646 1410 Spiritus
1662 1375 1810 1407 sancti,di-

1019 1418 1110 1438 camus
1131 1410 1228 1445 aliquid
1252 1418 1285 1438 ex
1304 1410 1471 1445 dogmatibus
1495 1411 1520 1437 itt
1542 1415 1659 1437 nostram
1673 1410 1812 1438 utilitatem

995 1477 1003 1482 ἢ
1019 1452 1046 1473 et
1061 1446 1239 1473 securitatem.
1255 1445 1321 1472 Nam
1334 1447 1403 1472 sit-ut
1422 1445 1482 1478 Job,
1498 1453 1558 1472 cum
1574 1445 1649 1477 dixit,
1665 1445 1739 1482 sicut
1754 1446 1808 1472 Do-

1019 1481 1087 1507 mino
1101 1482 1180 1508 visum
1202 1485 1248 1513 est,
1262 1482 1446 1508 auctoritatem
1461 1481 1620 1507 monstravit
1641 1485 1668 1507 et.
1687 1481 1810 1508 domina-

1021 1517 1130 1547 tionem.
1147 1517 1185 1543 sic
1206 1521 1232 1543 et
1252 1516 1364 1550 apostoli
1388 1516 1498 1542 herilem
1520 1516 1703 1543 auctoritatem
1726 1517 1811 1543 sancti

1021 1552 1136 1586 Spiritus
1155 1551 1337 1584 ostendentes,
1360 1551 1470 1578 dicunt:
1491 1550 1576 1577 Visum
1599 1556 1634 1578 est
1651 1557 1738 1578 sancto
1752 1552 1814 1586 Spi-

1021 1588 1081 1614 ritui
1107 1587 1170 1613 nihil
1194 1588 1322 1620 imponere
1342 1586 1411 1613 vobis
1435 1586 1483 1613 nisi
1506 1595 1562 1620 qua:
1583 1595 1721 1613 necessum:
1745 1592 1811 1614 sunt.

1027 1622 1115 1649 Visum
1139 1625 1173 1648 est
1194 1627 1281 1648 sancto
1306 1621 1415 1657 Spiritui
1428 1623 1497 1657 (Act.
1516 1622 1558 1649 15.
1573 1621 1629 1657 28).
1651 1623 1678 1649 Si
1694 1622 1814 1650 subditus

1022 1662 1074 1690 est,
1094 1665 1175 1692 quare
1187 1658 1211 1684 ei
1228 1658 1312 1684 visum
1333 1657 1391 1684 est?
1406 1657 1428 1683 si
1449 1658 1500 1683 suh
1513 1657 1570 1690 lege
1590 1662 1630 1684 est
1644 1658 1769 1691 spiritus,
1786 1663 1813 1685 et

1023 1693 1113 1725 servit,
1130 1692 1263 1726 quomodo
1278 1692 1362 1718 visunt
1377 1692 1424 1719 fuit
1438 1692 1562 1719 subdito?
1577 1692 1670 1719 Nonne
1682 1701 1742 1727 qua:
1757 1694 1811 1727 regi

1024 1728 1157 1759 videntur,
1169 1735 1199 1754 ea
1211 1727 1373 1760 efficiuntur,
1386 1732 1413 1754 et
1424 1735 1476 1754 non
1491 1735 1549 1762 qua-
1565 1728 1677 1755 subditis
1691 1728 1814 1762 placent?

1025 1763 1096 1789 Sicut
1107 1762 1216 1789 Domino
1235 1763 1316 1789 visunt
1327 1767 1372 1793 est,
1387 1763 1450 1790 dicit
1464 1762 1532 1795 Job;
1549 1762 1659 1795 Spiritui
1673 1768 1759 1790 sancto
1778 1764 1815 1790 vi-

1024 1806 1080 1824 sum
1094 1802 1139 1828 cst,
1152 1798 1242 1824 dicunt
1255 1798 1379 1832 apostoli.
1391 1798 1514 1832 Ejusdem
1528 1798 1694 1825 auctoritatis
1715 1804 1741 1826 et
1764 1798 1813 1825 ltu-

1025 1833 1097 1860 noris
1119 1833 1200 1859 dictio
1222 1833 1373 1867 utrubique.
1394 1834 1518 1867 quoniam
1544 1833 1656 1860 indivisa
1673 1838 1714 1860 est
1731 1833 1814 1868 gloria

1026 1868 1111 1902 regni.
1119 1868 1152 1894 At
1161 1868 1451 1899 malitiaJnereticorum
1464 1869 1559 1895 iterant
1571 1868 1669 1896 invenit
1679 1868 1814 1903 effugium.

1025 1903 1092 1930 Nam
1121 1904 1182 1937 quia
1203 1903 1326 1930 dixerunt
1349 1903 1480 1937 apostoli,
1509 1904 1645 1938 inquiunt:
1669 1903 1756 1930 Visum
1779 1909 1823 1930 est.

1027 1938 1135 1973 Spiritui
1160 1943 1258 1970 sancta,
1274 1938 1449 1966 subdiderunt
1467 1943 1567 1973 autem,
1591 1939 1624 1965 Et
1638 1939 1728 1966 nobis:
1755 1939 1816 1967 ideo

1028 1973 1162 2001 habebunt
1188 1978 1216 2000 et
1233 1973 1346 2007 apostoli
1358 1973 1504 2002 divinitatis
1529 1975 1733 2002 auctoritatem?
1755 1975 1817 2002 lla-c

1028 2009 1110 2043 probe
1131 2009 1325 2040 examinentur,
1342 2016 1376 2035 ne
1390 2009 1567 2037 inexercitatis
1586 2017 1641 2036 sua:
1655 2010 1817 2037 itifidelitatis

1026 2051 1160 2071 venenum
1170 2044 1298 2078 ittjiciant,
1311 2051 1377 2071 uere
1388 2044 1547 2079 simplicium
1557 2045 1664 2072 auribus
1675 2045 1818 2079 impietatis

1028 2079 1151 2106 haeresim
1173 2079 1322 2106 infundant.
1348 2079 1420 2107 Talia
1443 2080 1513 2107 euiut
1536 2087 1607 2114 saepe
1621 2080 1760 2114 magnilice
1776 2081 1816 2107 lo-

1027 2118 1164 2149 quuntur:
1186 2114 1267 2146 Nihil,
1290 2114 1372 2144 aittnt.
1401 2114 1493 2148 frater,
1518 2119 1543 2143 te
1564 2115 1633 2142 dicta
1648 2116 1816 2142 conturbent.

1029 2150 1149 2176 Fratrem
1165 2155 1189 2176 te
1204 2153 1291 2181 vocat,
1306 2154 1330 2176 et
1344 2150 1418 2183 quasi
1435 2151 1537 2177 hostem
1552 2155 1577 2177 te
1591 2151 1696 2178 occidit.
1713 2151 1752 2178 Ne
1767 2152 1816 2178 mi-

1029 2184 1106 2216 retis,
1123 2185 1217 2219 ittquit,
1234 2185 1255 2212 si
1269 2184 1303 2212 de
1317 2184 1417 2219 Spiritu
1432 2191 1525 2213 sancto
1540 2185 1565 2213 id
1588 2185 1679 2214 dicunt
1693 2187 1816 2220 apostoli,

1036 2219 1120 2247 Visum
1145 2224 1181 2247 est
1207 2220 1315 2255 Spiritui
1329 2225 1437 2248 sancto:
1460 2220 1506 2248 sed
1527 2221 1587 2248 vide
1611 2221 1673 2255 quid
1695 2219 1818 2248 addatur.

1036 2255 1122 2282 Visum
1136 2260 1172 2282 est
1188 2255 1300 2289 Spiritui
1311 2262 1409 2288 sancto,
1424 2260 1447 2282 et
1469 2255 1539 2282 nobis
1558 2256 1643 2283 visum
1657 2261 1698 2286 est
1711 2262 1818 2290 aposto-

1031 2291 1071 2316 lis.
1087 2290 1154 2317 Num
1168 2290 1203 2317 dii
1217 2291 1349 2324 apostoli?
1362 2290 1428 2318 Num
1440 2291 1554 2318 divinam
1566 2291 1663 2319 habent
1675 2294 1817 2319 auctorita-

1032 2325 1106 2352 tem?
1140 2326 1251 2358 Quando
1278 2326 1334 2352 lnrc
1361 2326 1425 2352 dicit
1452 2326 1666 2357 ltazrcticus,nos
1687 2335 1702 2353 a
1725 2333 1816 2354 sancta

1032 2360 1166 2396 Scriptura
1199 2361 1249 2388 tela
1279 2361 1452 2394 proferamus.
1488 2361 1594 2396 Sagittae
1617 2362 1683 2389 enim
1711 2363 1818 2396 potentis

1032 2400 1110 2422 arula:
1126 2395 1341 2432 (Psal.rll9.4)
1363 2397 1389 2423 itt
1413 2403 1459 2424 cor
1480 2395 1646 2424 inimicorum
1667 2395 1736 2432 regis
1757 2399 1820 2425 utit-

1033 2431 1130 2458 tt-ndaa.
1142 2431 1207 2464 Quid
1220 2431 1298 2466 igitur
1313 2432 1346 2458 ad
1362 2432 1419 2458 hmc
1433 2432 1593 2460 dicendum?
1605 2432 1632 2460 Si
1647 2431 1820 2467 ltoc’Spiritus

1033 2467 1114 2503 santti
1130 2467 1283 2503 dignitatem
1309 2467 1450 2503 imminuit,
1466 2468 1535 2502 quod
1549 2468 1574 2495 ei
1586 2468 1669 2501 juncti
1685 2469 1737 2495 sint
1757 2477 1821 2503 apo~

1033 2502 1105 2534 stult,
1129 2502 1217 2536 itaque
1236 2502 1346 2536 etquod
1368 2502 1454 2529 Moses
1473 2504 1631 2537 conjunctus
1644 2504 1678 2530 sit
1693 2504 1758 2535 Deo,
1776 2502 1821 2531 Dei

1034 2538 1164 2564 imminuit
1181 2537 1345 2571 dignitatem.
1371 2537 1489 2572 lixempli
1512 2539 1595 2572 gratia
1616 2539 1675 2566 dico
1697 2541 1745 2565 :Si
1769 2547 1821 2566 ttuu

1033 2580 1156 2606 magnotu
1179 2578 1254 2606 putas
1273 2573 1346 2605 illud,
1365 2571 1460 2599 Vist‘mt'
1475 2571 1524 2608 fuit
1546 2573 1654 2607 Spiritui
1675 2580 1772 2607 sancto,
1789 2582 1822 2601 eo

1034 2608 1104 2642 quod
1116 2612 1145 2644 et
1155 2608 1280 2641 ap0stt:lis
1290 2608 1514 2644 sitrcoujuuctum,
1528 2609 1616 2643 Illique
1631 2617 1715 2644 neque
1729 2618 1821 2644 magna

1035 2643 1080 2668 tibi
1096 2643 1180 2669 videri
1197 2647 1283 2676 potest
1297 2643 1362 2669 fides
1376 2651 1437 2678 erga
1453 2644 1545 2676 Deum,
1562 2644 1623 2678 quia
1636 2649 1663 2670 et
1674 2643 1744 2671 Dctts
1757 2645 1822 2672 illusi

1032 2677 1139 2714 junctus
1148 2683 1199 2714 est.
1214 2678 1283 2714 Dicit.
1297 2679 1367 2714 enim
1383 2677 1518 2712 scriptura
1534 2688 1540 2705 :
1556 2677 1664 2706 Credidit
1678 2681 1785 2714 populus
1797 2681 1823 2707 iu

1034 2712 1116 2739 Deum
1131 2717 1152 2739 et
1167 2713 1193 2739 in
1208 2713 1296 2740 Mosen
1311 2714 1319 2748 (
1332 2713 1416 2740 Exod.
1434 2715 1476 2740 14.
1493 2714 1550 2748 51).
1567 2712 1696 2742 Cmterutu
1711 2712 1739 2742 et
1751 2715 1822 2742 aliud

1035 2749 1115 2775 teluut
1130 2747 1314 2782 proferamus:
1329 2749 1351 2775 si
1375 2749 1489 2783 Spiritus
1509 2747 1594 2778 sancti
1609 2750 1762 2784 dignitatem
1778 2751 1823 2777 de-

1036 2783 1114 2810 struit
1126 2783 1249 2817 adjtmcta
1270 2785 1400 2811 sententia
1417 2785 1608 2818 apostolorum,
1625 2785 1782 2812 contumelia
1793 2791 1821 2813 et

1036 2818 1170 2852 dignitatis
1189 2818 1336 2854 imminutio
1349 2827 1381 2847 ex
1401 2819 1525 2847 Samuele
1544 2821 1594 2847 erit
1608 2820 1681 2846 Deo:
1696 2821 1824 2854 scriptum

1036 2858 1077 2880 est
1090 2854 1190 2889 citima
1199 2853 1228 2880 Et
1243 2855 1323 2880 tinmit
1337 2855 1418 2881 «mutis
1431 2856 1539 2889 populus
1550 2855 1630 2882 Deum
1644 2861 1666 2882 et
1680 2855 1824 2884 Suntueiem

1038 2888 1077 2923 (l.
1088 2885 1147 2921 Reg.
1160 2886 1201 2916 1‘2.
1214 2888 1265 2923 l9).
1276 2889 1366 2919 Denuo
1379 2896 1405 2918 et
1423 2885 1529 2918 tertium
1544 2898 1698 2926 proutautus
1707 2891 1824 2926 iaculum
