2042 3121
235 170 304 199 1087

234 232 325 264 contra
347 226 521 262 impietatem.
544 227 572 264 Si
587 227 742 262 dignitatem
763 228 878 264 Spiritus
896 230 979 256 sancti
1001 235 1028 257 et

235 262 351 289 divinam
367 264 549 300 auctoritatem
566 262 616 300 hoc
631 262 861 300 i_i.iininu7it,fqt_iod
875 264 900 291 ei
911 265 1028 300 jungan-

235 303 278 324 tur
290 298 414 331 apostoli,
426 298 520 325 minuit
532 303 558 324 et
571 298 726 333 dignitatem
739 299 784 325 Dei
807 298 915 326 Gedeon
933 298 1028 333 adjun-

235 305 278 324 tur
290 305 414 331 apostoli,
426 305 520 325 minuit
532 305 558 324 et
571 305 726 360 UlEnllalelll
739 305 784 325 Dt‘l
807 305 915 326 ueneon
933 305 1027 333 adjun-

233 337 292 370 ctus
300 333 586 370 eademappcllationc.
621 333 726 370 laniavit
737 335 807 370 enim
817 335 903 370 omnis
913 335 1027 370 populus

234 367 351 405 militans
366 377 378 405 :_
388 367 494 394 Gladius
509 367 563 405 Deo
584 373 606 395 et
621 367 733 405 Gedeoni
748 369 822 405 (Jud.
839 369 864 396 7.
880 367 1028 405 20—).Sicnt

233 403 312 440 igitur
320 403 525 440 conjuiictusest
533 403 618 440 Moses
626 404 689 435 Deo,
699 412 752 440 non
759 408 789 432 ut
797 404 897 432 honore
907 403 954 440 par
963 405 1026 437 Deo,

233 438 280 475 sed
297 442 326 475 tit
339 438 460 475 minister
475 438 539 470 Dei;
556 443 583 475 et
597 439 705 475 Samuel
720 439 783 470 Deo,
799 448 851 466 non
868 444 896 467 ut
908 438 1028 475 aqualis

232 473 370 507 dignitate,
389 473 436 500 sed
454 477 482 500 ut
500 473 627 508 propheta
644 474 707 505 Dei;
722 479 748 501 et
769 475 876 501 Gt-dcon
892 473 957 508 Deo,
974 484 1026 503 non

232 513 259 534 ιιι
272 507 392 543 ejusdem
411 509 520 536 honoris
540 507 661 542 consors,
676 509 723 537 sed
743 515 771 537 ut
784 510 847 537 belli
861 510 912 537 dux
927 520 932 537 :
952 511 990 538 sic
1003 516 1030 539 ct

990 173 1126 203 SPURIA.

1806 176 1817 203 1
1823 176 1877 204 088

1079 230 1199 265 Apostoli
1207 230 1291 266 juncti
1298 235 1359 258 sunt
1367 231 1486 265 Spiritui.
1495 236 1522 259 iit
1530 231 1716 266 prmdicateres
1725 233 1875 267 Evangelii.

1080 267 1202 303 agnosce
1222 267 1300 301 igitur
1319 269 1515 298 auctoritatem,
1534 272 1561 295 et
1573 276 1606 294 ne
1620 269 1746 303 snggilles
1758 268 1876 303 Spiritus

1078 301 1255 329 divinitatem.
1291 303 1433 337 Agnoscito
1457 303 1555 329 divina:
1587 301 1724 330 Trinitatis
1755 301 1876 330 divmam

1080 336 1251 371 theologiam,
1277 336 1373 370 Patris,
1389 344 1414 364 et
1437 337 1505 368 Filii.
1527 343 1553 364 et
1566 338 1678 372 Spiritus
1701 339 1795 366 sancti.
1821 339 1875 365 Ista

1078 377 1119 408 est
1140 372 1255 408 iiicreata
1274 377 1378 408 natura.
1394 381 1456 400 vera
1475 373 1599 407 dignitas,
1621 374 1762 400 indivisuin
1784 375 1875 408 iinpc-

1079 407 1158 444 rium,
1177 407 1343 444 iiiipartibilis
1353 407 1455 444 honor,
1472 408 1613 444 indiscreta
1629 416 1702 442 spes,
1720 407 1874 444 incompre-

1080 442 1218 480 hensibilis
1240 443 1328 480 gloria
1350 443 1446 480 Patris,
1463 443 1545 480 ⁸Εἰιιὶ,
1573 449 1600 471 et
1624 444 1738 480 Spiritus
1764 442 1846 471 sancti
1867 454 1874 471 :

1078 485 1156 512 quem
1171 477 1247 504 decet
1258 478 1344 504 omnis
1356 479 1450 513 gloria,
1462 478 1557 512 honor,
1569 484 1596 506 et
1607 477 1727 507 aduratio
1741 481 1766 507 in
1775 481 1876 507 simula

1078 513 1247 540 saeculorum.
1262 514 1356 540 Amen.

627 831 667 861 IN
682 831 905 862 SERMONEM
926 831 979 861 DE
1001 831 1222 861 TRlNlTATE
1249 830 1453 862 MONITUM.

264 880 350 909 Paulo
365 880 487 909 melioris
501 884 573 909 nota:
596 886 638 910 est
655 882 713 909 haec
741 882 853 909 homilia
877 889 960 917 quam
983 880 1140 916 praecedens
1156 891 1163 909 :
1179 885 1290 916 totaque
1308 886 1349 909 est
1362 881 1388 908 in
1401 889 1498 916 genere
1509 881 1652 910 dialectico
1667 886 1693 911 et
1705 882 1858 919 polemico.

230 927 370 962 Strigosus
384 931 476 955 tamen
491 928 651 955 omninoest
666 929 711 955 hic
722 928 849 964 scriptor,
859 934 886 956 et
897 934 954 956 toto
961 929 1032 956 c0310
1048 927 1138 956 diﬂ'ert
1154 928 1188 954 ab
1206 927 1249 954 illa
1262 927 1452 963 Chrysostomi
1463 933 1560 963 sponte
1573 929 1671 956 ﬂuente
1680 929 1851 964 eloquentia.

229 973 284 1001 Nec
298 973 423 1008 estquod
441 973 468 1001 in
484 973 574 1009 νοθείᾳ
591 973 733 1010 probanda
759 975 951 1005 imnioremur.
966 975 1065 1005 Incerti
1081 974 1223 1010 cujusdam
1251 974 1501 1009 interpretationem
1518 984 1578 1013 Inou
1604 976 1699 1010 paucis
1725 975 1753 1003 in
1785 977 1856 1003 locis

234 1019 450 1046 emendarimus.

225 1071 867 1083 ψ

555 1109 634 1150 DE
652 1109 878 1161 ,SANCTA
899 1076 978 1150 EF
1011 1107 1538 1152 CONSUBSTANTIALI

958 1187 1141 1209 TRINITATE.

260 1249 285 1275 1.
298 1249 346 1282 Qui
368 1248 496 1275 adversus
511 1251 629 1274 sanctam
653 1251 680 1273 ct
692 1246 943 1274 consubstantialem
955 1247 1016 1274 Tri-

223 1284 334 1311 nitatem
349 1284 451 1316 linguas
465 1288 562 1309 acuunt
573 1287 600 1309 et
612 1282 752 1313 l'ernciunt,
766 1282 936 1317 nitniiturque
948 1283 1011 1310 Uni-

223 1322 316 1354 gcnit‘i,
339 1323 366 1346 et
387 1318 503 1354 Spiritus
521 1317 616 1354 sant~ti_
625 1317 778 1351 dignitatem
799 1316 946 1354 destruere.
970 1325 1012 1344 ar-

228 1351 345 1388 iiuuntnr
359 1351 465 1387 quidem
480 1352 513 1379 ab
530 1353 586 1386 ipso
602 1351 701 1388 Spiritu
716 1356 818 1388 sancto,
830 1353 873 1388 qui
890 1353 1014 1387 loquutus

222 1387 262 1416 est
289 1397 336 1424 per
356 1388 513 1423 prophetas,
534 1393 560 1414 et
574 1395 588 1414 a
611 1387 698 1424 verbo
717 1387 787 1422 quod
803 1387 955 1421 przrdicavit
973 1388 1014 1414 sui

224 1422 307 1459 ipsius
321 1422 459 1459 proprium
478 1423 504 1449 in
517 1429 597 1450 carne
611 1422 763 1459 adventum,
785 1427 892 1459 propter
915 1431 963 1450 nos
981 1430 1014 1450 ex

223 1456 314 1487 sancta
322 1456 434 1493 'Vir'gine
449 1457 557 1490 factum,
571 1456 733 1484 ineffabilem
748 1462 775 1485 et
787 1458 952 1485 alterationis
964 1466 1011 1484 cx.

223 1500 326 1530 pcrteni
355 1498 462 1530 propter
484 1501 546 1530 suas
561 1493 732 1530 dignitates:
759 1497 902 1530 urguentur
924 1498 1014 1530 autem

223 1527 361 1564 postremo
373 1527 545 1564 in’d‘ieAjusti
557 1527 659 1564 judicii,
681 1528 787 1561 quando
810 1528 904 1564 iterum
927 1528 1015 1555 veniet

223 1562 256 1592 de
271 1565 337 1592 ciclo
350 1570 378 1605 iit
392 1562 554 1605 gloriﬁeetiir
568 1563 594 1590 in
610 1563 708 1603 sanctis
722 1564 795 1605 suisL
806 1568 833 1590 ct
851 1563 1014 1603 admirabilis

223 1605 349 1635 appareat
361 1601 386 1626 in
399 1598 442 1631 iis,
457 1599 500 1632 qui
516 1598 635 1635 lidein‘in
651 1605 679 1625 se
693 1598 876 1635 custodierunt
889 1599 1012 1635 immuta-

223 1632 323 1662 bil'itcr.
336 1635 399 1662 Ausi
411 1639 498 1661 autem
511 1637 584 1664 sunt,
598 1632 700 1664 fratres,
712 1634 868 1660 Arianorum
880 1633 1011 1668 discipuli,

222 1675 250 1698 et
272 1671 317 1705 qui
341 1670 442 1696 insania
468 1668 717 1695 MacedonianOium
738 1668 902 1705 laborabant,
924 1669 1013 1705 dicere

223 1703 306 1733 Deum
322 1712 446 1739 magnum
462 1709 486 1730 et
500 1711 621 1738 parvum,
635 1707 662 1730 et
676 1703 902 1739 creatuinDcum,
919 1704 1012 1731 Genti—

225 1739 327 1768 litatem
347 1738 423 1766 nobis
444 1739 701 1765 subintroduccntcs.
717 1738 862 1765 Gentilium
879 1739 948 1766 enim
973 1742 1014 1766 est

223 1780 374 1802 creaturam
387 1774 510 1805 adorare,
531 1777 558 1800 et
576 1773 656 1800 alium
670 1774 704 1800 ex
725 1773 775 1800 diis
791 1774 847 1800 suis
867 1774 1013 1808 majorem,

222 1811 303 1837 alium
323 1810 454 1836 minorem
474 1808 572 1835 facere.
588 1808 732 1834 Enimvero
748 1809 769 1834 si
780 1808 806 1834 in
822 1809 910 1842 aliquo
923 1809 1013 1836 delicit

221 1846 303 1873 Filius
314 1845 354 1871 vel
366 1844 478 1878 Spiritus
491 1847 609 1875 sanctus,
623 1851 674 1878 non
686 1847 726 1870 est
741 1843 819 1870 Deus.
833 1843 928 1870 Paulus
939 1844 1011 1870 enim

221 1877 420 1915 reprehendens
444 1879 503 1905 illos
517 1879 551 1915 in
574 1877 685 1912 epistola
710 1878 743 1904 ad
769 1879 905 1905 Romanos
928 1879 1010 1906 dicit:

228 1913 341 1942 venerati
358 1919 416 1942 sunt
437 1918 460 1940 et
481 1913 610 1940 coluerunt
631 1918 771 1948 creaturam
793 1922 870 1948 supra
891 1922 947 1940 eum
969 1915 1012 1947 qui

222 1951 344 1983 condidit,
367 1950 410 1984 qui
430 1953 466 1976 cu
479 1949 506 1975 in
521 1948 633 1974 omnibus
649 1947 716 1974 Deus
731 1948 970 1984 beitcdictusiliom.
985 1950 1010 1976 1.

221 1985 278 2021 25).
294 1983 409 2019 Quodsi
427 1984 539 2011 adorant
553 1984 860 2021 creaturiim,_diceiitcs,
875 1983 970 2011 Filium
985 1988 1012 2012 et

222 2018 349 2054 Spiritum
364 2024 485 2046 sanctum
500 2023 659 2054 creaturam,
676 2018 809 2054 maledicti
825 2024 896 2050 sunt.
913 2026 1011 2046 secun-

220 2057 282 2083 dum
302 2056 401 2082 Mosem
426 2054 557 2082 dicentem
573 2062 579 2080 :
594 2053 744 2080 Maledictns
758 2054 838 2080 omnis
858 2055 901 2089 qui
922 2054 1011 2082 adorat

221 2096 363 2118 creaturam
374 2095 397 2117 et
412 2091 535 2124 facturam
551 2089 637 2124 (Deut.
651 2089 695 2115 27.
711 2089 774 2124 15);
791 2096 840 2116 nos
855 2094 944 2116 autem
957 2097 1011 2117 non

220 2132 370 2154 creaturam
383 2124 535 2156 adoramus,
547 2125 595 2151 sed
610 2124 766 2151 Trinitatem
780 2124 934 2157 increatam,
949 2133 1009 2151 mii-

222 2162 328 2188 tationis
343 2165 478 2194 expertem
500 2164 527 2186 et
543 2159 806 2191 consubstantialem,
830 2159 947 2194 nihilque
963 2160 1010 2186 ha-

220 2197 327 2224 bentem
341 2195 514 2222 adventitiuin
527 2195 569 2220 vel
583 2194 687 2226 servile,
699 2195 740 2221 vel
753 2194 822 2229 quod
839 2195 1011 2229 productione

221 2232 248 2259 in
273 2238 333 2259 esse
350 2231 462 2262 venerit,
478 2229 553 2264 quasi
568 2229 640 2263 prius
662 2229 768 2263 quidem
793 2238 847 2256 non
868 2230 1010 2263 exsistens,

221 2273 313 2302 postea
328 2271 415 2293 autem
427 2265 579 2302 adveidens.
594 2264 668 2302 Vide,
678 2272 736 2296 orn,
752 2266 901 2302 testimonia
913 2271 1011 2292 sanctis

220 2299 247 2329 ct
261 2301 495 2329 eonsubstantialis
505 2299 650 2331 Trinitatis,
666 2303 832 2326 el’t'cnerare
846 2301 915 2327 illam
927 2305 1009 2334 recte,

220 2345 254 2365 ne
276 2344 379 2371 pereas.
397 2336 429 2362 Et
449 2335 523 2368 dixit,
539 2334 633 2369 inquit,
650 2334 738 2361 Deus:
754 2336 875 2370 faciamut
886 2336 1011 2362 hominem

219 2370 358 2400 secundum
379 2372 525 2406 imaginem‘
537 2375 658 2406 nostram,
678 2374 700 2396 et
714 2370 850 2396 secundant
867 2371 1012 2397 similitudi-

219 2416 276 2434 nem
291 2406 366 2442 (Gen.
382 2407 408 2442 1.
422 2404 470 2440 26)
499 2404 550 2442 Dici
559 2405 622 2442 mihi
638 2412 713 2442 ergo,
729 2413 789 2432 cum
803 2413 856 2440 quo
869 2407 1010 2435 consilium

220 2443 268 2470 init
285 2440 372 2469 Deus?
385 2441 449 2469 Cum
465 2440 577 2475 angelis,
590 2441 684 2474 inquit.
701 2441 735 2476 ᾼι
750 2449 802 2467 non
816 2442 913 2468 habent
924 2442 1011 2476 angeli

220 2477 362 2512 imaginem
375 2476 421 2512 Dei
432 2476 668 2512 :rloquitur_autem
683 2475 715 2512 ad
730 2476 884 2512 coopilicem
901 2475 1010 2510 Filium,

220 2518 248 2540 et
271 2510 390 2539 sanctum
407 2511 546 2546 Spiritum.
562 2510 595 2537 Et
608 2515 637 2537 ut
648 2511 755 2546 veritas?
769 2511 825 2538 hiec
839 2512 884 2538 tibi
901 2520 1010 2545 persua-

219 2548 324 2579 deatur,
345 2546 407 2573 andi
427 2545 544 2573 Psaltem
566 2546 715 2572 dicentem:
737 2545 815 2573 Verbo
839 2546 940 2573 Domini
956 2547 1010 2573 cwli

219 2583 314 2617 ﬁrmati
332 2587 400 2614 sunt,
414 2585 446 2617 et
463 2581 556 2617 spiritu
578 2580 628 2607 on's
643 2581 697 2616 ejus
721 2581 802 2617 omnis
825 2582 903 2608 virtus
925 2590 1011 2608 eorum

219 2616 332 2651 (Psalm.
347 2617 391 2644 52.
407 2616 445 2652 6).
462 2616 518 2652 Non
533 2617 646 2652 ignoras,
659 2620 746 2643 autem
760 2616 874 2652 Verbum
889 2624 948 2644 esse
964 2617 1008 2648 Εἰ,-

219 2653 303 2680 lium:
326 2653 390 2680 dicit
404 2652 474 2679 enim
496 2651 612 2678 Joannes
627 2651 794 2686 'l‘heologus:
813 2651 845 2678 Et
867 2652 934 2679 Deus
957 2657 1010 2678 erat

224 2687 477 2727 Υςῑῌηιῃιέιξραηξ]ἶ
489 2688 517 2727 1)
528 2695 537 2727 ε.
548 2692 575 2714 et
589 2687 622 2727 de
636 2686 746 2727 Spiritu“,
762 2687 872 2727 Spiritus
891 2686 1010 2727 est‘Deus

221 2722 281 2785 νὺ.
298 2724 325 2750 4.
339 2723 402 2758 24).
425 2722 492 2749 Dicit
505 2721 584 2757 igitur
598 2722 666 2748 Deus
686 2726 713 2749 et.
727 2722 803 2748 Pater
826 2723 879 2749 Deo
898 2721 964 2749 Filio
983 2726 1010 2749 et

244 2765 278 2785 eo
300 2758 411 2785 Spiritui
431 2762 541 2784 sancto:
566 2756 704 2784 Faciamus
727 2758 852 2784 hominem
873 2758 1010 2785 secundant

244 2765 278 2785 eo
300 2756 411 2787 Spiritui
431 2756 541 2784 sancto:
566 2756 704 2784 Faciamus
727 2758 852 2784 hominem
873 2758 1010 2785 secundant

221 2789 359 2823 imaginem
375 2793 502 2816 nostram.
521 2789 553 2816 Et
564 2798 620 2817 non
635 2791 714 2823 dixit,
736 2799 823 2819 meam
840 2797 866 2819 et
879 2796 1008 2824 vestram,

221 2831 310 2857 neque
325 2831 410 2861 meam
430 2829 461 2861 et
474 2828 558 2852 tuam.
575 2825 738 2861 Signilicans
759 2832 847 2854 autem
867 2826 1008 2861 Scriptura

220 2865 280 2894 esse
291 2866 371 2894 tinam
383 2859 526 2894 imaginem
539 2859 640 2887 sanctm
651 2860 802 2893 Trinitatis,
813 2862 881 2888 dicit
895 2859 970 2894 (aen.
984 2863 1007 2889 l.

219 2893 277 2927 27).
295 2892 328 2920 Et
343 2893 404 2928 fecit
420 2893 489 2922 Deus
504 2894 643 2931 hominem,
656 2896 798 2924 secundum
811 2892 949 2932 imaginem
961 2897 1008 2926 Dei

1071 1247 1130 1282 fecit
1139 1246 1222 1272 illum.
1244 1246 1316 1273 Sicut
1331 1250 1357 1274 et
1372 1246 1469 1273 Paulus
1481 1246 1621 1282 clamatde
1636 1246 1719 1282 Filio:
1736 1246 1787 1279 Qui
1805 1255 1865 1273 cum

1065 1283 1097 1309 sit
1108 1282 1226 1316 splendor
1239 1282 1327 1316 gloria:
1339 1286 1363 1308 et
1376 1281 1459 1316 ﬁgura
1472 1281 1616 1308 substantiw
1625 1281 1714 1317 (llebr.
1739 1283 1763 1308 1.
1775 1283 1813 1317 5).
1832 1283 1865 1309 Et

1065 1318 1180 1353 iterum:
1210 1316 1260 1353 Qui
1280 1322 1317 1353 est
1342 1317 1426 1353 imago
1448 1316 1495 1353 Dei
1520 1317 1649 1353 invisibilis
1667 1316 1734 1350 (Col.
1758 1319 1783 1344 1.
1804 1319 1862 1353 III).

1070 1352 1166 1379 lterum
1182 1356 1208 1378 et
1220 1352 1272 1378 alio
1286 1352 1344 1378 loco
1358 1352 1421 1378 dicit
1436 1352 1570 1385 Scriptura
1583 1361 1589 1377 :
1612 1351 1708 1384 Venite,
1721 1357 1743 1378 et
1759 1351 1864 1379 dem-ii-

1064 1387 1163 1423 damus,
1188 1391 1211 1413 et
1231 1387 1530 1423 confundaniuajllorum
1545 1386 1731 1423 linguasKGen.
1745 1388 1788 1414 11.
1805 1389 1836 1423 7)
1854 1398 1862 1420 ;

1063 1422 1187 1454 dicendo,
1209 1422 1307 1454 venite,
1324 1429 1401 1456 pares
1421 1421 1522 1448 honore
1538 1427 1621 1448 vocat.
1643 1421 1734 1457 Neque
1749 1421 1860 1450 eiiiin'si

1063 1458 1165 1491 angelis
1178 1458 1344 1491 imperasset,
1367 1457 1456 1483 dicere
1470 1457 1570 1489 debuit,
1586 1458 1684 1488 venite,
1704 1458 1750 1484 sed
1774 1459 1862 1492 impc-

1063 1492 1157 1524 rando,
1171 1493 1216 1519 ite.
1234 1492 1298 1518 Vide
1310 1497 1410 1523 autem,
1424 1492 1547 1524 obsecro,
1559 1492 1692 1526 quomodo
1707 1492 1792 1519 l'atris
1808 1501 1860 1519 vox

1065 1527 1159 1554 Filium
1174 1532 1201 1554 et
1225 1527 1351 1561 Spiritum
1376 1531 1462 1554 vocet.
1483 1527 1550 1554 Nam
1569 1529 1590 1554 si
1615 1528 1648 1554 ad
1672 1535 1753 1554 unum
1772 1529 1861 1555 solum

1062 1562 1113 1589 hoc
1125 1562 1224 1590 dictum
1247 1567 1328 1594 esset,
1343 1561 1455 1589 debebat
1470 1562 1573 1595 dicere,
1589 1561 1656 1589 Veni
1672 1567 1699 1590 et
1713 1564 1862 1590 descenda-

1062 1605 1121 1625 mus
1143 1602 1170 1625 et
1190 1597 1384 1624 confundanius
1409 1597 1513 1624 illorum
1541 1597 1661 1631 linguas;
1683 1598 1745 1632 quia
1769 1604 1859 1625 autem

1061 1632 1136 1664 dixit.
1152 1632 1257 1665 Venite,
1271 1633 1347 1658 unius
1362 1637 1403 1659 est
1418 1640 1469 1668 vox
1483 1633 1515 1659 ad
1530 1632 1598 1659 duos
1614 1632 1715 1660 honore
1728 1634 1855 1668 aequales.

1061 1668 1130 1694 Audi
1152 1675 1256 1702 quoque
1269 1671 1296 1694 et
1311 1667 1416 1694 beatum
1432 1667 1492 1698 Job,
1514 1668 1558 1702 qui
1581 1668 1721 1695 manilcste
1740 1668 1859 1696 declarat

1061 1702 1264 1736 inseparabilem
1277 1702 1442 1729 Trinitatem.
1457 1702 1523 1729 Dicit
1536 1703 1625 1729 enim:
1643 1702 1708 1729 Vivit
1722 1702 1856 1736 Dominus,

1061 1739 1103 1772 qui
1115 1739 1150 1764 sic
1163 1737 1342 1772 mejudi'cavit,
1359 1743 1381 1764 et
1395 1738 1621 1774 cinnipoteiistqui
1632 1739 1800 1765 amaritudine
1812 1741 1857 1774 af-

1059 1773 1119 1808 fecit
1142 1774 1254 1799 animam
1267 1780 1358 1808 meant,
1376 1777 1404 1808 iet
1423 1773 1526 1808 spiritus
1548 1772 1647 1808 divinus
1659 1774 1702 1805 qui
1716 1778 1812 1800 tenetur
1830 1772 1856 1800 in

1060 1806 1162 1834 naribus
1171 1808 1231 1834 meis
1240 1807 1362 1847 (Job.2'l.
1371 1806 1449 1847 2.5).
1462 1807 1577 1834 Dicenda
1589 1807 1763 1847 Doininuinet
1771 1809 1859 1847 cinni-

1060 1848 1195 1877 potentem
1209 1848 1236 1870 et
1248 1843 1367 1877 spiritum
1381 1843 1498 1869 divinum
1509 1863 1515 1875 ,
1530 1843 1782 1870 consubstantialem
1796 1843 1857 1870 Tri-

1059 1878 1168 1905 nitatem
1177 1877 1311 1912 priedicat.
1324 1878 1399 1904 Disce
1412 1883 1438 1904 et
1446 1878 1572 1913 hymnum
1583 1878 1723 1912 Seraphin)
1736 1879 1855 1906 claman-

1060 1914 1124 1940 tium
1141 1913 1232 1944 tcrtio,
1249 1913 1375 1945 Sanctus,
1391 1918 1511 1949 sanctus,
1532 1917 1632 1940 sanctus
1654 1913 1735 1949 (lsai.
1758 1915 1784 1941 6.
1801 1915 1854 1945 5):

1059 1956 1112 1984 non
1128 1949 1198 1975 enim
1214 1948 1304 1974 dicunt
1323 1948 1406 1975 semel
1424 1952 1536 1984 tantum,
1552 1948 1681 1980 Sanctus,
1706 1957 1791 1984 neque
1812 1950 1852 1976 bis

1059 1983 1183 2016 Sanctus,
1198 1991 1285 2017 neque
1297 1988 1402 2016 quater,
1417 1991 1502 2017 neque
1512 1983 1621 2015 dicunt,
1637 1983 1737 2015 Sancti,
1750 1983 1854 2017 sancti,

1064 2019 1159 2051 sancti,
1174 2023 1204 2046 ut
1215 2026 1248 2045 ne
1259 2019 1347 2044 multis
1360 2019 1512 2045 nominibus
1526 2019 1623 2045 multos
1636 2019 1702 2046 deos
1718 2019 1794 2046 nobis
1814 2019 1853 2046 iii-

1057 2054 1194 2086 duccrent,
1208 2053 1255 2081 sed
1266 2061 1345 2080 unum
1356 2053 1452 2080 solum.
1461 2053 1513 2080 Ter
1522 2059 1609 2080 autem
1618 2054 1719 2086 dicunt,
1731 2054 1853 2087 Sanctus,

1058 2094 1169 2122 sanctus,
1183 2094 1299 2120 sanctus;
1314 2089 1354 2114 his
1367 2089 1438 2124 enim
1451 2088 1621 2115 manifestam
1632 2097 1710 2116 unain
1725 2094 1752 2116 et
1761 2097 1854 2124 (equa-

1059 2124 1110 2151 lein
1129 2125 1240 2158 gloriam
1257 2124 1352 2154 Patris,
1368 2128 1394 2150 et
1410 2123 1477 2155 Filii,
1492 2128 1519 2150 ct
1533 2123 1648 2158 Spiritus
1670 2126 1766 2151 sancti.
1784 2123 1853 2151 Audi

1058 2159 1122 2186 item
1134 2164 1160 2186 et
1172 2159 1329 2194 prophetam
1338 2159 1469 2195 dicentem
1480 2167 1487 2184 :
1500 2158 1612 2193 Spiritus
1622 2158 1727 2195 Domini
1736 2161 1856 2195 loquutus

1058 2200 1092 2221 est
1108 2195 1135 2221 in
1149 2193 1198 2227 nte,
1213 2193 1236 2221 et
1249 2202 1330 2221 sermo
1345 2193 1414 2230 iljius
1429 2194 1454 2220 in
1475 2202 1585 2230 oreumeo
1601 2194 1610 2228 (
1619 2194 1647 2221 2.
1663 2194 1726 2230 Reg.
1744 2193 1788 2221 25.
1805 2195 1852 2229 2).

1058 2229 1143 2264 Supra
1156 2229 1254 2256 dictum
1275 2234 1332 2261 est,
1352 2228 1421 2256 Deus
1441 2234 1493 2255 erat
1513 2228 1629 2255 Verbum.
1649 2228 1718 2257 Ecce
1738 2228 1854 2257 dicendo

1058 2265 1179 2299 spiritum
1195 2264 1310 2300 Domini,
1324 2269 1351 2291 et
1370 2264 1490 2300 verbum,
1505 2268 1532 2291 et
1549 2264 1700 2295 Dominmn,
1725 2265 1853 2300 przedicat

1058 2300 1260 2335 inseparabilem
1273 2299 1440 2326 Trinitatem.
1456 2299 1625 2335 Viderautcin
1645 2305 1672 2327 et
1687 2299 1740 2327 tres
1754 2308 1853 2335 pueros

1058 2335 1084 2362 in
1098 2334 1214 2368 camino,
1229 2342 1323 2362 omnes
1335 2339 1471 2363 creaturas
1482 2341 1509 2361 et
1522 2334 1647 2367 facturas,
1663 2341 1691 2362 ut
1704 2334 1853 2369 glorificent

1058 2371 1153 2404 Deum,
1168 2375 1304 2402 vocantes,
1326 2370 1422 2402 solem,
1444 2370 1543 2403 lunam,
1566 2370 1669 2402 stellas,
1692 2371 1783 2404 caelos,
1802 2379 1852 2398 an-

1058 2407 1141 2440 gelos,
1158 2406 1279 2437 virtutes,
1297 2405 1429 2437 homines,
1446 2405 1564 2440 spiritus,
1580 2413 1686 2432 onmem
1699 2411 1852 2434 creaturam

1057 2441 1187 2468 visibilem
1207 2445 1235 2468 et
1257 2441 1416 2467 invisibilein
1430 2445 1457 2467 ct
1470 2445 1558 2467 mente
1573 2440 1722 2474 pncditain,
1745 2448 1771 2468 et
1786 2450 1853 2470 nus-

1058 2483 1136 2511 quam
1147 2480 1338 2503 connumerant
1348 2476 1443 2502 Filium
1456 2475 1497 2502 vel
1511 2475 1637 2509 Spiritum
1649 2481 1770 2503 sanctum
1782 2477 1852 2504 inter

1057 2510 1171 2545 opilicia.
1187 2511 1261 2544 Quod
1276 2511 1297 2537 si
1317 2511 1457 2538 contendis
1476 2511 1546 2545 quod
1565 2518 1624 2537 cum
1637 2510 1723 2538 Judaei
1741 2517 1850 2543 essent,

1058 2546 1205 2581 ignorarint
1218 2545 1386 2581 Spiritumiet
1401 2545 1508 2577 Filium,
1523 2546 1727 2581 reprehenderis
1739 2555 1799 2574 mox
1815 2548 1849 2574 ab

1057 2580 1150 2608 eadem
1165 2580 1323 2617 Scriptura;
1345 2580 1408 2617 Erat
1428 2582 1498 2608 enim
1520 2580 1639 2617 quartus,
1664 2581 1759 2616 inquit,
1779 2584 1850 2617 quasi

1057 2617 1195 2643 similitudo
1219 2616 1281 2643 Filii
1303 2615 1348 2642 Dei
1371 2616 1450 2651 (Dan.
1475 2617 1501 2643 5.
1518 2616 1574 2650 92).
1591 2617 1628 2643 De
1649 2615 1742 2644 saneto
1761 2615 1849 2645 autem

1057 2652 1155 2686 Spiritu
1176 2651 1257 2678 dicit:
1277 2650 1403 2687 Excitaijit
1423 2650 1498 2687 Deus,
1511 2651 1612 2686 Spiritu
1630 2657 1718 2678 sancto
1744 2661 1848 2687 puerum

1058 2687 1192 2719 iuniorem,
1205 2687 1245 2713 cui
1261 2694 1350 2714 nomen
1365 2686 1456 2713 Daniel
1471 2686 1549 2721 (Dan.
1564 2687 1607 2714 l5.
1623 2688 1680 2721 45).
1696 2687 1730 2714 Et
1752 2689 1777 2713 iii
1792 2689 1847 2715 aliis

1058 2722 1148 2749 multis
1161 2722 1227 2749 locis
1240 2722 1431 2757 pra-nuntiatus
1444 2727 1486 2749 est
1499 2722 1614 2757 Spiritus
1623 2724 1649 2748 in
1660 2723 1742 2749 veteri
1755 2722 1834 2749 Testa

1057 2763 1156 2784 mento.
1175 2757 1263 2792 Itaque
1278 2762 1375 2784 norant
1398 2757 1505 2791 quidem
1529 2757 1633 2784 Patrem
1657 2763 1683 2784 ct
1704 2758 1799 2784 Filium
1822 2764 1852 2785 ct

1056 2792 1184 2827 Spiritum
1196 2793 1274 2820 unius
1287 2800 1347 2820 esse
1360 2793 1464 2820 deitatis
1473 2797 1499 2819 ct
1512 2794 1637 2827 potentiae
1648 2802 1655 2824 ;
1667 2797 1694 2819 et
1704 2794 1777 2827 gnari
1787 2800 1848 2820 cum

1057 2832 1157 2860 essent,
1170 2835 1200 2855 ea
1214 2836 1273 2862 qua:
1285 2828 1322 2855 illi
1336 2828 1497 2860 serviebant,
1514 2833 1691 2862 provocaruiit
1700 2828 1732 2855 ad
1747 2828 1849 2862 gloriti-

1055 2863 1168 2891 canduni
1181 2863 1316 2890 deitatem.
1334 2863 1367 2890 Ut
1381 2869 1468 2890 autem
1482 2863 1550 2890 scias
1565 2863 1634 2898 quod
1649 2863 1712 2890 nihil
1723 2864 1844 2889 adventi

1057 2899 1122 2926 tium
1135 2899 1177 2927 vel
1196 2904 1314 2928 creatum
1330 2898 1451 2926 Trinitati
1470 2898 1589 2933 accedat,
1610 2899 1716 2932 l‘aulus,
1731 2899 1775 2934 qui
1795 2899 1850 2926 νει*
