2042 3121
163 146 230 174 1089

162 209 228 229 trem
242 206 432 237 preposuerat,
448 202 500 228 alio
521 201 580 237 loco
595 200 726 237 prgupouit
749 200 875 236 Spiritum
889 209 952 229 san-

162 236 247 270 ctum,
262 236 305 264 his
322 238 428 265 verbis:
449 237 521 264 Unus
537 236 741 272 Deusil’aterwex
756 245 806 272 quo
819 237 912 269 omnia,
929 242 953 264 et

162 282 206 299 nos
220 281 250 300 ett:
263 273 307 300 illo
317 280 327 299 :
340 279 363 300 et
381 281 446 300 unus
462 272 584 298 Dominus
600 271 616 298 J
620 280 678 298 esus
691 271 808 307 Christus
823 280 866 307 per
879 280 952 307 quem

161 309 255 338 omnia,
280 313 302 335 et
320 316 366 334 nos
390 316 433 342 per
460 308 533 334 illum
544 315 561 334 :.
577 314 602 334 et
626 315 690 333 unus
707 306 827 342 iSpiritus
850 306 952 335 sanctus

162 343 170 377 (
184 345 206 369 ι.
221 342 280 371 Cor.
296 343 322 370 8.
336 343 378 378 6).
390 341 490 370 lterum
505 347 593 370 autem
606 342 669 369 dicit
682 350 688 367 :
700 341 842 369 Diuisiones
855 343 952 378 gratia-

162 386 217 404 rum
229 383 298 412 sunt,
306 377 372 405 idem
384 386 441 405 vero
452 377 582 412 Spiritus:
597 383 619 404 et
637 377 769 404 divisiones
788 378 950 404 ministratio-

161 421 230 445 num,
254 413 320 440 idem
342 419 424 440 autem
446 413 586 440 Dominus:
600 417 624 439 et
637 413 769 440 divisiones
779 413 952 448 Operationum

163 454 229 484 8_'_ml,
244 449 311 475 idem
324 454 407 476 autem
422 448 488 475 Deus
502 449 545 484 qui
557 454 674 484 operatur
689 448 772 484 omnia
786 449 811 474 in
825 449 950 475 omnibus.

167 480 228 519 llaec
237 488 321 510 autent
331 484 415 510 omnia
428 480 545 519 operatur
558 480 621 519 unus
635 488 658 519 et
672 483 871 519 idemVSpii-itus,
886 483 951 510 diui~

164 517 224 545 deus
244 519 355 555 (singulis
376 517 448 555 prout
471 519 523 545 vult
549 517 600 555 (Ib.
622 518 665 545 12.
685 518 757 555 ιεβτ
777 518 833 555 it),
848 523 876 546 et
898 525 950 555 noti

164 528 224 545 “(’"8
249 528 355 553 smgutts
394 528 448 546 Γουι
471 528 523 545 vttu
549 528 600 555 μυ.
622 528 665 545 ἸΖι
685 528 756 546 4-4).
777 528 833 554 ιι),
848 528 876 546 ει
898 528 947 546 non

161 555 228 580 sicut
239 553 356 588 jubetur.
372 528 429 581 fam
444 561 502 581 cum
519 555 695 588 baptizaretur
711 553 802 584 Filius.
821 554 899 580 Pater
913 554 947 581 de

160 590 226 615 ca-lo
241 590 396 616 testilicatus
411 594 462 623 est,
476 589 589 624 Spiritus
601 593 809 624 autemsanctns
824 589 850 615 iu
861 590 951 623 specie

161 625 443 660 columbrerdcscendit
457 623 538 658 super
561 624 633 660 illum
650 623 763 660 (Matth.
781 624 808 651 5.
823 624 869 660 716.
888 623 949 660 17),

163 660 207 693 qui
223 660 278 694 pari
298 659 399 687 honore
416 659 539 694 prmdilns
552 664 601 686 est.
617 659 668 686 Per
680 658 737 686 h:ec
756 659 845 686 omnia
869 658 949 686 unum

161 693 271 729 regnum
298 693 463 722 indivisibilis
485 694 621 722 Trinitatis
641 693 789 729 intelligere
812 694 948 721 docemur.

162 729 220 764 Ipse
235 735 323 757 autem
337 731 404 757 Detts
418 729 543 762 Verbum,
555 731 598 764 qui
614 734 721 764 propter
732 737 780 756 uos
791 737 853 756 vere
867 730 951 756 incar-

162 768 252 798 natus,
270 765 402 792 rediturus
417 772 449 792 eo
468 765 537 792 unde
552 770 689 799 separatus
701 772 753 791 non
767 764 867 796 fuerat,
887 765 951 791 dicit

161 801 260 826 sanctis
281 801 410 835 apostolis
429 801 504 827 suis:
520 799 561 826 Ite
581 805 604 826 et
629 801 714 826 docete
739 807 824 826 omnes
848 804 948 835 gentes,

161 835 316 869 baptizantes
334 836 392 862 illos
415 836 441 861 in
458 835 658 862 nominc‘Patt-is
678 839 701 861 et
719 835 780 861 Filii
799 839 822 862 et
838 835 951 870 Spiritus

161 871 242 897 sancti
262 870 374 905 (Matth.
390 871 436 898 28.
453 871 513 904 19).
528 870 661 905 Obsignati
675 877 781 901 sumus,
799 870 845 897 sed
869 878 949 896 unum

161 906 324 940 signaculum
345 911 386 933 est
410 911 508 932 satione
531 906 676 937 Trinitatis,
702 913 782 932 uuttm
809 906 949 940 baptisma.

161 941 302 973 Quomodo
317 942 397 975 igitur
415 941 496 968 audes
511 949 525 967 a
542 946 650 975 paterna
669 941 815 967 substantia
834 941 951 968 alienare

162 976 259 1002 Filium
274 977 315 1003 vel
330 977 456 1010 Spiritum
478 976 616 1004 sanctum?
637 975 727 1009 Neque
739 975 810 1003 enim
831 976 852 1002 si
872 976 950 1002 alictti

163 1015 235 1043 sunt,
250 1019 310 1038 cum
326 1012 406 1039 Patre
420 1012 444 1039 in
461 1011 591 1046 baptismo
608 1011 740 1038 debebant
753 1012 949 1038 connutnerari.

161 1048 284 1078 Quanam
299 1047 369 1073 enim
392 1048 494 1073 ratione
509 1046 653 1073 secundum
669 1051 740 1072 tuum
758 1054 918 1078 sermonem,
935 1054 951 1072 ο

161 1081 327 1114 advet'sarie,
341 1082 362 1109 si
376 1087 480 1109 creatus
495 1088 534 1108 est
549 1081 632 1108 Filius
645 1080 686 1108 vel
699 1081 813 1115 Spiritus
832 1086 949 1112 sant-tus,

161 1124 223 1143 cum
239 1117 317 1144 Patre
329 1118 406 1144 simul
422 1117 642 1144 coassnntuutur?
656 1116 798 1143 Enimvero
811 1117 832 1143 si
853 1118 961 1144 noutcn'

165 1151 251 1179 l‘atris
263 1153 349 1178 Solum
362 1160 422 1179 eum
434 1153 478 1187 qui
490 1152 636 1186 baptizatur
647 1156 734 1187 potest
747 1152 860 1183 salvare,
870 1159 951 1186 quare

161 1192 367 1215 coassun.untur
388 1194 414 1215 et
436 1191 573 1218 creaturas,
600 1188 674 1222 quasi
695 1186 774 1222 Pater
797 1195 848 1212 non
868 1187 952 1222 possit

161 1222 236 1250 solus
268 1223 391 1250 salvare‘!
423 1223 509 1249 Absit.
540 1221 620 1257 Igitur
643 1222 665 1249 si
694 1221 778 1248 Patris
810 1222 950 1248 inﬁrmita-

162 1262 214 1284 tem
240 1258 386 1292 proliteris,
413 1258 474 1285 licet
492 1257 726 1285 con~ubstautialta
741 1265 795 1284 non
816 1257 952 1290 admittas,

161 1301 175 1318 a
205 1294 317 1319 veritate
343 1294 445 1328 cogeris
469 1294 605 1320 nobiscum
632 1292 884 1328 faterirTrinitalem
901 1293 952 1328 Vin-

161 1333 279 1355 creatam
293 1333 319 1355 et
336 1329 586 1355 consubstantialem
605 1332 633 1354 et
651 1327 867 1361 omnipotentem.
893 1327 951 1355 Jaui

162 1364 184 1389 si
200 1363 301 1390 dixeris
315 1364 390 1395 milii,
405 1364 438 1390 de
454 1363 531 1390 Patre
546 1363 673 1397 scriptum
688 1367 747 1390 est:
765 1362 801 1389 Te
813 1363 894 1389 solum
910 1371 952 1389 ve-

162 1407 219 1424 rum
234 1398 315 1425 Deum
328 1399 416 1429 (Joan.
429 1399 472 1426 I7.
491 1399 533 1432 5);
548 1398 594 1425 sed
609 1403 688 1425 estet
702 1398 752 1424 hoc
765 1398 903 1432 scripturn,
920 1397 952 1424 Et

162 1433 234 1460 Deus
255 1439 307 1460 erat
328 1433 543 1469 Verbum(.loan.
563 1434 588 1460 I.
605 1434 617 1460 1
636 1433 702 1469 ).7Et
718 1433 851 1469 qttmnodo
874 1433 954 1468 igitur

161 1468 274 1502 aequalis
285 1469 374 1496 Patri?
391 1467 507 1496 Diee'ndo
522 1469 591 1495 enim
607 1469 640 1495 de
653 1468 741 1500 Patre,
758 1467 792 1494 Te
809 1467 893 1495 solum
913 1475 954 1494 ve-

162 1512 222 1530 rum
239 1504 329 1536 Deum,
356 1504 511 1531 monstravit
536 1503 630 1530 Filium
651 1511 703 1530 non
733 1504 889 1536 naturalem,
907 1503 953 1530 sed

162 1541 320 1574 adoptatum
336 1539 428 1566 lilium.
444 1541 479 1566 At
495 1539 568 1574 quid,
586 1539 698 1574 propri-.e
713 1538 805 1565 salutis
826 1538 953 1574 inimice?

163 1573 232 1601 Num
247 1575 307 1609 quia
323 1576 450 1609 scriptum
461 1573 512 1606 est;
526 1575 594 1601 sicut
606 1573 670 1609 dicit
681 1573 798 1601 Joannes
816 1573 850 1600 de
860 1574 952 1605 Patre,

163 1609 234 1636 Dens
255 1608 301 1636 lux
322 1614 358 1636 est
373 1608 429 1637 .‘de
445 1610 512 1636 Filio
531 1614 638 1642 autem,
653 1608 718 1635 Erat
735 1609 779 1635 lux
803 1616 880 1635 vera:
895 1609 954 1636 idco

164 1645 248 1671 audes
257 1650 365 1680 propter
381 1645 432 1672 hoc
452 1645 542 1672 dicere
561 1645 690 1680 minorem
712 1644 827 1680 Patrem,
839 1652 872 1671 eo
885 1644 954 1678 quod

165 1688 219 1706 non
235 1681 341 1714 adjecit,
355 1681 425 1715 quod
440 1681 474 1707 sit
487 1680 530 1706 lux
546 1687 606 1706 vera
618 1687 625 1705 :
640 1679 687 1706 sed
695 1680 728 1706 de
741 1679 808 1705 Filio
815 1679 871 1706 solo
879 1680 953 1711 dicit,

167 1715 231 1741 Erat
243 1716 286 1742 tua:
296 1716 373 1742 vera?
386 1717 460 1742 Sicut
469 1716 548 1750 igitur
560 1723 611 1742 non
630 1715 713 1742 audes
726 1715 854 1741 minorem
869 1715 956 1742 facere

167 1751 286 1783 Patrem,
307 1758 340 1778 eo
358 1752 427 1785 quod
444 1759 495 1778 non
510 1751 659 1785 appositum
684 1755 735 1782 est,
758 1751 827 1784 quod
844 1750 877 1776 sit
892 1757 954 1776 vera

168 1786 211 1812 lux
232 1794 238 1811 :
254 1785 287 1812 ita
301 1793 361 1813 cum
376 1787 452 1813 audis
464 1786 496 1812 de
508 1786 596 1819 Patre,
611 1785 647 1812 Te
659 1786 741 1812 soluat
755 1793 840 1811 verum
852 1785 956 1811 Deum:

167 1821 201 1848 de
214 1820 281 1847 Filio
293 1826 390 1849 autent.
403 1822 489 1848 soluat
505 1821 574 1856 quod
587 1821 622 1847 sit
635 1822 720 1853 Deus;
739 1828 773 1847 ne
790 1821 890 1847 audeas
908 1820 956 1846 mi-

168 1864 262 1882 nurettt
279 1856 366 1883 facere
381 1856 474 1883 Filium
491 1865 496 1882 :
514 1855 639 1890 quoniam
654 1856 758 1882 nomina
773 1856 883 1882 alternis
894 1855 958 1882 vici-

168 1891 219 1918 bus
231 1891 331 1925 jaceut,
347 1896 373 1918 ut
385 1891 418 1918 de
436 1891 512 1918 Patre
524 1892 635 1923 dicatur,
649 1890 718 1918 Deus
732 1898 804 1917 verus
815 1911 822 1922 ,
843 1891 876 1917 de
890 1890 956 1917 Filio

167 1931 269 1958 autent,
283 1927 351 1953 Detts
362 1935 369 1953 :
384 1932 410 1953 et
422 1931 524 1958 contra,
540 1925 603 1953 Erat
616 1927 663 1953 lux
675 1934 742 1958 vera,
750 1925 871 1952 tribuitur
880 1925 958 1960 Filio,

169 1961 243 1988 Patri
258 1966 346 1988 autem
363 1963 406 1988 lux
423 1967 534 1988 tantum.
548 1962 631 1988 Porro
645 1962 712 1988 sicut
728 1969 780 1987 non
796 1961 858 1988 licet
869 1961 957 1988 dicere

168 1997 203 2023 de
215 1997 293 2023 Patre
306 1998 375 2030 quod
387 2005 438 2023 non
454 1998 487 2024 sit
502 1997 544 2023 lux
556 2004 618 2024 vera
633 2001 678 2023 :et
688 1997 720 2023 de
735 1996 809 2028 Filio,
822 1997 890 2030 quod
905 2004 957 2023 non

169 2037 204 2058 bII.
221 2034 290 2058 licus
298 2040 390 2062 verus;
406 2032 462 2066 ipse
475 2032 628 2064 euiutdtxtt,
642 2031 694 2066 ligo
703 2040 758 2057 sunt
768 2033 857 2058 veritus
869 2030 957 2066 (Jouu.

170 2068 214 2094 Η.
234 2069 260 2102 ti)
277 2077 283 2094 :
300 2068 334 2094 ita
348 2073 375 2094 ct
387 2065 422 2095 de
432 2068 529 2102 Spiritu
540 2072 642 2098 sancto,
657 2065 780 2101 quoniam
796 2065 908 2100 Spiritus
919 2071 959 2093 cst

170 2103 302 2129 veritatis.
319 2103 404 2137 Atque
416 2104 449 2130 ita
463 2111 509 2138 per
523 2103 579 2129 lucc
593 2102 742 2129 testimonia
755 2102 827 2128 diSCc
838 2103 958 2129 venerari

172 2138 376 2172 insi-parabilettt
402 2138 569 2165 Trinitatem.
587 2137 679 2164 Omnia
702 2145 864 2172 qutccumque
886 2138 959 2164 habet

174 2174 263 2205 Pater,
276 2182 330 2199 utea
338 2179 395 2200 sunt
409 2173 498 2206 (Joun.
513 2174 556 2201 16.
569 2173 625 2208 15),
641 2173 703 2200 dicit
715 2173 864 2207 unigcnuus
879 2173 958 2205 Deus,

172 2209 218 2243 qui
230 2214 271 2235 est
285 2209 309 2235 in
320 2210 380 2236 sinu
393 2209 485 2236 Patris.
500 2209 585 2236 Moses
608 2209 670 2235 dicit
686 2217 692 2235 :
709 2209 757 2241 Qui
775 2212 821 2239 est,
843 2208 908 2234 misit
922 2216 961 2234 me

174 2244 271 2278 (Exod.
284 2245 311 2271 5.
324 2245 377 2279 Il).
389 2244 438 2277 Qui
450 2249 500 2278 est,
517 2250 557 2272 est
572 2244 650 2271 Pater
666 2251 727 2278 :qui
738 2248 788 2274 est,
809 2247 850 2270 est
868 2243 958 2276 Filius,

174 2280 218 2314 qui
234 2280 352 2314 estapnd
363 2288 423 2306 eum
438 2281 482 2314 qui
496 2286 547 2312 est,
559 2280 658 2314 absque
671 2279 811 2313 priuetpio,
825 2282 852 2305 et
867 2286 919 2304 noti
933 2279 959 2304 in

174 2321 297 2349 tempore
315 2316 429 2349 genitus.
450 2314 543 2342 Omnia
564 2323 622 2349 qua:
641 2315 718 2340 liabet
736 2314 824 2345 Pater,
840 2315 883 2348 qui
900 2321 960 2341 vere

175 2348 272 2376 vita’et
283 2348 465 2377 immortalitas
479 2355 506 2377 et
519 2350 562 2377 lux
574 2348 742 2384 Omnipotens
749 2354 776 2376 et
787 2349 855 2375 Deus
867 2353 893 2375 et
906 2348 960 2375 Do-

176 2386 277 2416 minus,
292 2393 323 2412 ea
337 2386 426 2418 utique
440 2386 519 2413 habet
533 2389 561 2412 et
572 2385 665 2412 Filius.
690 2384 746 2419 Ego
767 2387 848 2416 enim,
865 2384 959 2417 inquit,

170 2424 278 2448 raritas,
294 2425 317 2444 et
334 2427 403 2445 vita:
417 2428 453 2451 et,
465 2422 531 2447 It'rut
542 2424 587 2446 lux
602 2429 676 2451 vero;
692 2427 728 2451 et,
746 2421 814 2448 Deus
827 2428 885 2447 erat
904 2421 962 2447 I’er-

170 2454 232 2479 bum
247 2452 336 2488 (Joau.
349 2455 388 2490 714
415 2454 449 2486 6;
465 2455 545 2482 112.1.
560 2456 587 2482 9.
604 2461 629 2482 et
646 2456 684 2490 1).
698 2455 730 2482 lat
743 2455 863 2483 Thomas
875 2456 962 2489 inquit

170 2490 313 2522 apostolus
325 2498 330 2515 :
341 2489 469 2517 Dominus
480 2499 550 2517 meus
559 2489 740 2517 etDeusineus
749 2490 840 2550 (Iloan.
849 2491 894 2518 ‘20.
903 2491 960 2523 ‘28),

177 2523 401 2550 quemadmodum
414 2529 441 2550 et
460 2524 560 2550 Psaltes
574 2524 636 2550 dicit
652 2532 660 2550 :
678 2525 747 2550 Mani
765 2533 794 2550 us
808 2525 867 2550 meis
882 2523 960 2550 lleuut

177 2523 401 2556 quemadmodum
414 2529 441 2550 et
460 2524 560 2551 Psaltes
574 2524 636 2552 dicit
652 2532 660 2551 :
678 2523 794 2550 Manilius
808 2525 867 2550 meis
882 2523 962 2550 [leum

179 2558 310 2595 L‘thtisi‘t'i,
326 2563 350 2584 et
365 2566 413 2595 non
423 2567 478 2585 sitat
493 2560 609 2595 deceptus
624 2559 714 2595 (Psal.
731 2560 773 2586 76.
783 2559 830 2594 2).
846 2559 963 2593 I’alpavit

180 2594 253 2618 enim
270 2592 385 2619 Thomas
401 2593 512 2620 Vcrbutn
529 2592 558 2621 in
579 2592 762 2621 incredulitate
774 2615 781 2625 ,
804 2592 830 2621 et
849 2592 899 2620 non
921 2599 962 2621 est

180 2628 318 2660 deceptus,
332 2628 469 2655 Dominum
484 2634 511 2656 ct
523 2630 606 2656 Deum
621 2630 692 2656 illutit
708 2632 844 2656 confessus
859 2630 884 2656 in
900 2629 960 2656 lide.

182 2663 316 2695 Proiecto,
331 2663 425 2696 inquit,
449 2664 508 2690 dico
519 2665 612 2692 Filium
624 2665 669 2691 Dei
691 2665 784 2692 Deum.
804 2665 855 2691 Sed
875 2664 961 2691 dicis:

181 2706 235 2724 non
249 2698 306 2724 sine
328 2698 456 2732 principio
470 2703 569 2731 autem,
590 2699 635 2725 sed
659 2705 788 2731 creatum,
812 2699 922 2733 proinde
935 2704 962 2726 et

180 2741 300 2760 servum.
318 2734 349 2760 lst
361 2734 494 2768 quomodo
509 2734 575 2760 hoc?
591 2735 639 2766 Qui
652 2735 766 2768 informa
776 2735 823 2761 Dei
832 2735 959 2765 ersistens,

180 2776 232 2795 non
245 2768 361 2803 rapinam
380 2769 514 2795 arbitratus
528 2774 563 2796 est
581 2778 634 2796 esse
651 2770 772 2804 a-qualcnt
794 2778 820 2796 se
837 2769 900 2801 Deo,
918 2771 962 2796 sed

179 2805 340 2839 semetipsum
352 2805 454 2831 inanivit
469 2807 550 2839 forma
559 2805 623 2831 servi
632 2811 732 2838 accepta
743 2805 869 2839 (Philipp.
884 2804 911 2830 2.
921 2806 960 2838 6).

179 2840 206 2866 Si
219 2839 297 2873 igitur
308 2847 400 2866 servus
408 2845 458 2870 est,
473 2841 559 2866 omnis
575 2842 645 2867 euitn
659 2846 778 2866 creatura
801 2849 876 2867 serva
901 2846 958 2872 est,

179 2875 315 2908 quomodo
325 2883 415 2902 Servus
425 2875 555 2903 cxsistens
565 2875 675 2902 fortnam
684 2877 752 2902 servi
763 2875 879 2910 accepit?
888 2876 959 2908 Quo-

779 145 821 172 DE
841 143 974 172 SANCTA
988 144 1187 174 TRINITATE.

1726 153 1738 179 Ι
1742 152 1794 181 0:10

1006 201 1087 229 modo
1109 206 1198 228 autem
1214 201 1329 235 seipsum
1349 201 1510 235 exiuanivit,
1533 203 1554 231 si
1576 205 1710 236 perlectus
1725 209 1792 236 De",

1008 245 1061 263 non
1078 237 1154 264 erat?
1168 238 1278 271 Accepit
1290 237 1361 264 enim
1379 239 1449 272 quod
1471 246 1522 264 non
1540 237 1641 272 habuit,
1657 247 1684 269 et
1699 246 1794 271 mansit

1027 272 1077 299 uod
1090 276 1157 300 erat.
1175 272 1232 298 Non
1254 273 1337 298 factus
1351 277 1393 298 est
1407 272 1430 299 id
1446 273 1515 308 quod
1531 280 1606 308 erat,
1627 277 1674 303 Sed
1691 285 1751 306 eum
1768 281 1793 307 itt

1019 308 1092 346 ‘orma
1110 308 1155 334 Dei
1167 312 1249 346 esset,
1262 315 1308 342 per
1323 308 1531 346 misericordiam
1544 330 1550 341 ,
1567 310 1668 346 absque
1681 313 1721 340 sui
1736 322 1795 342 ver-

1007 343 1083 369 sione
1091 343 1194 376 accepit
1209 342 1320 369 formam
1337 343 1417 370 servi.
1431 343 1458 370 Si
1481 348 1568 371 autem
1590 342 1642 372 non
1660 348 1700 375 vis
1719 349 1793 378 illum
1827 367 1833 372 -

1007 378 1129 405 conﬁteri
1143 378 1242 414 absque
1254 378 1382 414 priugipio
1392 398 1399 410 ,
1413 378 1533 414 sequitur
1550 381 1618 414 quod
1633 382 1711 410 fuerit
1726 389 1794 411 terit-

1006 420 1066 453 pus,
1081 420 1133 447 quo
1149 421 1200 439 non
1214 413 1291 453 fuerit
1306 412 1398 440 Filius.
1417 413 1512 443 Etiam.
1528 412 1602 444 dicit.
1619 416 1689 445 Ecce
1705 419 1794 453 igitur,

1006 449 1123 490 inquam,
1134 449 1287 490 secundum
1297 454 1369 488 tuum
1385 456 1536 490 sermonem
1547 456 1607 490 _er_at
1621 449 1726 486 tempus
1741 449 1794 490 quo

1007 483 1120 510 nonfuit
1133 483 1222 521 Pater.
1239 484 1288 521 Qui
1302 484 1372 521 enim
1387 484 1468 521 tilium
1479 493 1530 521 non
1546 486 1635 518 habet,
1652 483 1727 521 pater
1740 483 1803 518 n'on‘

1005 524 1125 557 vocatur:
1140 519 1260 557 E‘tPater
1269 518 1361 557 habuit
1380 519 1548 557 principium,
1567 528 1620 555 quo
1638 518 1719 557 οἱηρίι
1733 533 1792 553 abso

1005 558 1091 588 pater.
1106 554 1210 581 Exlllio
1233 554 1304 593 enim
1329 557 1403 593 pater
1416 554 1595 593 cognoscitur.
1614 554 1746 593 Numquid
1767 566 1794 588 ιιι

1006 594 1081 623 pater
1097 594 1217 622 tempore
1228 589 1316 623 aliquo
1327 589 1436 616 alterius
1450 591 1532 623 patris
1554 597 1611 618 erat
1622 589 1708 620 lilius'?
1723 595 1792 622 Proh

1004 629 1103 657 quanta
1124 623 1307 663 blasphemia!
1326 624 1392 663 Dum
1416 625 1651 663 vnitlcris_vcuerari
1675 629 1792 663 Patrem,

1004 666 1109 699 summa
1124 659 1198 699 ilium
1217 659 1378 699 contumelia
1398 658 1493 687 amcis.
1508 660 1572 699 ‘Jam
1586 662 1614 699 si
1634 663 1715 691 Filius
1738 658 1794 699 ipse

1004 694 1196 734 temporal'ecit
1216 698 1243 721 et
1266 699 1418 734 _mo_mcuta;
1442 695 1619 734 omnianeuim
1645 706 1691 732 per
1705 694 1790 734 ipsum

1004 728 1147 769 [actarsunt
1158 729 1247 764 (Joau.
1262 730 1288 756 1.
1303 729 1348 769 5)]
1362 735 1513 769 quo-pacto
1523 732 1611 769 dicere
1626 728 1791 769 audes-quod

1003 763 1083 791 fuerit
1094 763 1195 798 tempus
1204 772 1258 799 quo
1266 763 1405 792 uon'l'ue'rit
1414 764 1514 792 Filius?
1526 766 1638 795 Proinde
1647 763 1792 798 secundum

1004 807 1155 836 sermonem
1171 804 1254 836 tuum,
1270 800 1356 836 majus
1370 800 1421 836 erit
1435 805 1548 834 tempus,
1563 810 1641 836 quam
1652 805 1720 831 Deus
1731 803 1793 833 Ver-

1004 834 1155 872 butn._1flam
1170 834 1240 869 quod
1253 835 1335 872 prius,
1350 835 1375 862 id
1386 837 1540 872 necessario
1551 834 1578 862 et
1590 839 1684 872 majus.

1038 869 1065 896 2.
1083 869 1128 896 Vis
1142 875 1230 897 autem
1241 870 1310 897 scire
1323 870 1392 904 quad
1409 869 1491 897 Filius
1503 869 1651 899 cmetcrutis
1660 875 1694 901 sit
1705 875 1794 902 Patri?

1005 904 1072 932 Dicit
1097 904 1194 937 Isaias,
1217 905 1280 942 Ego
1295 905 1364 942 Deus
1388 906 1494 938 primus,
1517 911 1539 932 et
1562 915 1607 941 ego
1621 915 1677 942 post
1699 911 1755 942 Ittlc,
1770 917 1794 938 et

1003 945 1112 979 anteme
1122 948 1176 979 uo_n_
1185 940 1232 979 fuit
1246 940 1312 979 alius
1325 940 1402 979 Deus,
1419 945 1440 966 et
1455 946 1511 979 post
1530 950 1568 968 me
1576 940 1630 979 non
1648 945 1713 979 erit(
1727 940 1792 973 lsai.

1003 975 1047 1002 45.
1064 975 1097 1002 10
1110 980 1132 1001 ct
1145 975 1189 1002 44.
1201 975 1239 1010 6).
1252 975 1340 1010 itaque
1353 975 1375 1002 si
1392 977 1562 1009 posteriorem
1579 977 1657 1006 Patre
1669 975 1734 1006 dicis
1750 981 1794 1008 Fi-

1005 1010 1081 1042 lium,
1098 1011 1230 1044 quomodo
1243 1010 1307 1037 dicit
1321 1010 1416 1040 Pater.
1443 1011 1505 1037 l’ost
1520 1019 1562 1039 me
1583 1021 1635 1040 ttott
1662 1015 1710 1041 erit
1726 1016 1794 1043 alius

1006 1045 1096 1072 Deus?
1109 1045 1154 1072 Sin
1168 1046 1279 1082 exponis
1295 1045 1344 1082 hoc
1357 1045 1392 1082 de
1402 1046 1481 1079 Filio,
1495 1048 1627 1081 quomodo
1641 1049 1714 1082 dicit,
1728 1052 1792 1077 Ante

1004 1089 1043 1119 me
1052 1089 1101 1107 non
1112 1081 1159 1116 fuit
1174 1081 1241 1108 alius
1254 1080 1517 1119 DeusZQuaproptcr
1531 1090 1563 1108 ex
1584 1083 1624 1110 his
1637 1080 1732 1119 collige
1746 1086 1792 1112 Fi-

1004 1115 1068 1142 liutn
1081 1115 1243 1143 cructcrnum
1255 1122 1315 1142 esse
1329 1116 1410 1142 Patri.
1425 1116 1491 1142 Audi
1503 1122 1591 1144 autem
1602 1123 1629 1145 et
1641 1115 1791 1148 testiinonia

1004 1151 1037 1178 de
1052 1151 1129 1183 Filio,
1142 1156 1168 1178 et
1183 1151 1242 1185 fuge
1255 1150 1445 1185 blasphemiam
1459 1160 1465 1177 :
1478 1150 1549 1178 Pluit
1570 1153 1692 1182 Bantinos
1710 1164 1725 1181 a
1743 1156 1794 1182 Do-

1003 1187 1165 1226 minoigncm
1185 1192 1207 1212 et
1219 1185 1327 1221 sulphur
1345 1194 1421 1221 super
1435 1186 1547 1214 Sodoma
1564 1187 1574 1249 ς
1590 1187 1655 1216 Ceu.
1668 1190 1709 1216 19.
1721 1191 1756 1218 24
1771 1191 1792 1226 ).

1006 1221 1145 1248 Dominum
1160 1225 1236 1248 vocat
1251 1221 1366 1249 Patrem.
1383 1221 1520 1248 Dominum
1534 1223 1563 1249 Fi
1577 1223 1641 1249 ium.
1654 1224 1791 1249 Dominum

1006 1221 1145 1248 Dominum
1160 1225 1236 1248 vocat
1251 1221 1366 1252 Patrem,
1383 1221 1520 1257 hominum
1534 1221 1641 1257 Filium,
1654 1221 1791 1253 Dominum

1004 1257 1131 1295 Spiritum
1147 1257 1366 1295 Sgll('ll_|‘ln_._§:it'ul
1380 1257 1453 1288 dicit,
1470 1256 1595 1295 Dominus
1613 1265 1695 1286 autem
1708 1262 1795 1295 Spiri-

1004 1290 1043 1318 tus
1057 1298 1091 1318 est
1104 1291 1139 1327 (‘2.
1153 1291 1211 1318 Cor.
1227 1290 1310 1326 5.17)
1326 1301 1332 1318 ;
1349 1296 1376 1318 ct
1391 1299 1441 1318 non
1463 1292 1542 1327 dicit,
1565 1293 1691 1322 Dominus
1708 1290 1795 1324 uiittor

1006 1326 1116 1354 Domino
1131 1335 1234 1361 magno.
1251 1327 1282 1353 Et
1293 1327 1378 1353 Moses
1391 1327 1454 1353 dicit
1469 1335 1476 1354 :
1492 1326 1525 1353 Et
1537 1328 1640 1355 adorent
1650 1330 1721 1357 illum
1734 1339 1789 1357 om-

1005 1370 1048 1389 nes
1063 1362 1146 1397 angeli
1158 1361 1206 1388 Dei
1221 1362 1333 1398 (Denter.
1350 1362 1396 1398 52.
1408 1362 1465 1396 45).
1485 1363 1602 1398 Angelus
1615 1369 1703 1392 autetn
1717 1374 1792 1393 crea-

1006 1403 1154 1424 luramuon
1177 1398 1278 1424 adurat.
1292 1397 1323 1424 Et
1343 1397 1470 1424 utdiscas
1490 1397 1523 1424 de
1545 1398 1611 1425 Filio
1631 1400 1681 1427 ltoc
1695 1401 1793 1429 dictum

1005 1440 1064 1460 esse
1075 1453 1082 1464 ,
1099 1433 1159 1460 audi
1176 1433 1285 1460 Paulum
1300 1432 1453 1459 dicentem:
1470 1432 1578 1466 Quando
1600 1439 1681 1462 autent
1700 1437 1794 1463 inducit

1007 1468 1199 1502 primogenitum
1219 1469 1245 1494 in
1265 1467 1348 1493 orbem
1371 1472 1511 1499 terrarum,
1535 1469 1594 1495 dicit
1609 1477 1619 1496 :
1631 1469 1664 1496 Et
1688 1471 1793 1498 adorent

1005 1503 1175 1542 i_llum_ontnes
1189 1503 1271 1542 angeli
1287 1502 1357 1538 υθέ(
1508 1505 1534 1542 ϋξ
1551 1503 1623 1542 Psal.
1639 1505 1683 1533 96.
1699 1507 1745 1542 7).
1762 1508 1795 1535 Ει

1006 1538 1087 1575 David
1108 1546 1212 1575 quoque
1225 1537 1332 1575 'clantat
1347 1547 1353 1564 :
1368 1538 1436 1564 Dixit
1456 1537 1579 1565 Dominus
1600 1540 1707 1568 Domino
1725 1537 1794 1575 ’νη-ο,

1006 1574 1064 1600 sede
1077 1581 1093 1599 a
1106 1574 1200 1600 dextris
1211 1573 1281 1606 meis,
1298 1573 1376 1600 donec
1390 1581 1482 1607 ponam
1498 1574 1612 1601 inimicos
1627 1580 1681 1602 tuos
1698 1573 1795 1604 παῦειὲ

1006 1608 1058 1635 lum
1074 1608 1164 1643 pedum
1177 1614 1276 1634 tuorunt
1292 1607 1376 1643 (Psal.
1392 1608 1452 1635 109.
1468 1608 1503 1643 1).
1522 1610 1552 1635 lit
1565 1618 1616 1636 non
1628 1611 1693 1638 dixit
1708 1620 1715 1638 :
1730 1613 1796 1641 dixit

1008 1644 1134 1671 Dominus
1156 1644 1259 1670 Domini
1284 1644 1334 1670 itiei
1349 1652 1355 1669 :
1370 1643 1432 1674 sed,
1457 1643 1578 1670 Dominus
1597 1644 1706 1674 Domino
1729 1656 1795 1675 meo.

1007 1677 1084 1711 Ecce,
1096 1679 1158 1717 dicit
1169 1679 1257 1710 Isaias,
1274 1679 1343 1717 virgo
1355 1684 1454 1717 uterum
1465 1685 1542 1717 geret,
1561 1685 1584 1717 et
1604 1681 1683 1717 pariet
1701 1683 1795 1717 ﬁlium,

1007 1720 1030 1740 et
1045 1715 1166 1752 vocabunt
1180 1722 1268 1740 nomen
1283 1715 1337 1748 ejus
1351 1713 1502 1752 Etutttattuel
1513 1713 1630 1752 (lsat'._7.
1641 1717 1684 1750 I4)
1701 1713 1709 1744 Ξ
1724 1713 1795 1752 quod

1008 1753 1050 1776 est
1076 1750 1297 1783 interpretatum,
1323 1750 1459 1776 nobiscum
1488 1749 1566 1776 Deus.
1595 1749 1705 1785 Utique,
1732 1749 1796 1781 dico

1008 1785 1094 1816 ipsum
1109 1785 1203 1812 Filiom
1217 1785 1364 1818 subjectum
1388 1785 1464 1818 plane
1487 1790 1513 1811 et
1532 1784 1682 1813 inferior-cut
1703 1788 1792 1815 Patre.

1008 1820 1102 1854 Arguit
1117 1825 1146 1856 te
1160 1820 1248 1846 denuo
1263 1820 1353 1852 Isaias,
1363 1820 1472 1856 dicens:
1488 1819 1557 1846 Puer
1568 1826 1641 1847 natus
1660 1828 1695 1848 est
1714 1824 1795 1856 nobis,

1012 1856 1116 1893 ﬁliusct
1130 1855 1203 1893 datus
1216 1859 1251 1882 est
1266 1855 1347 1893 nobis,
1359 1855 1522 1893 cturocabitur
1533 1857 1701 1893 nomeu_ejus,
1713 1855 1797 1893 magni

1008 1890 1106 1916 Consilii
1126 1891 1242 1927 angelus,
1263 1890 1419 1917 admirabilis
1436 1891 1604 1923 consiliarius,
1622 1890 1689 1919 Deus
1711 1890 1795 1927 ['oriis,

1010 1930 1154 1961 putes/alam
1170 1925 1272 1957 habens,
1293 1926 1408 1960 princeps
1428 1926 1506 1959 paris,
1519 1931 1590 1960 pater
1611 1927 1691 1961 futuri
1711 1925 1797 1955 srecttti

1009 1961 1022 2022 ἓ
1035 1960 1097 1986 lsai.
1113 1962 1140 1988 9.
1153 1962 1169 1987 6
1182 1962 1201 1996 ).
1212 1960 1343 1994 Propheta
1358 1965 1489 1995 potestate
1502 1960 1652 1996 pra-(litum,
1668 1968 1694 1989 et
1715 1964 1795 1991 Deum

1021 2001 1105 2022 ortetn
1122 1997 1255 2022 nrmdicat.
1272 2001 1298 2022 et
1312 2000 1339 2021 tu
1350 1997 1414 2022 dicis
1426 1996 1498 2022 illum
1513 1997 1665 2022 subditum?
1680 1998 1725 2022 Ille
1739 2008 1794 2022 lllzl—

1021 1997 1105 2022 ‘ortctn
1122 1997 1255 2030 prtedicat.
1272 2001 1298 2022 et
1312 2000 1339 2021 tu
1350 1997 1414 2022 dicis
1426 1996 1498 2022 illttm
1513 1997 1665 2024 subditum?
1680 1998 1725 2024 Ille
1739 2008 1794 2025 tita-

1010 2032 1052 2066 gni
1064 2032 1165 2058 consilii
1182 2031 1301 2064 angelum
1317 2035 1408 2066 vocat,
1423 2035 1449 2057 et
1463 2036 1488 2057 tu
1503 2031 1570 2057 dicis
1584 2039 1692 2065 parvum
1705 2034 1717 2059 ?
1733 2034 1796 2062 Vide

1011 2065 1112 2098 au'em,
1135 2067 1262 2098 obsecro,
1285 2065 1347 2100 quid
1367 2065 1494 2093 .leremias
1517 2067 1550 2093 de
1570 2075 1602 2094 eo
1616 2067 1729 2095 clamet:
1746 2069 1797 2096 llic

1011 2101 1079 2128 Deus
1094 2107 1186 2133 noster,
1199 2110 1248 2128 nou
1261 2101 1429 2137 rtstimabitur
1436 2102 1501 2128 alius
1513 2103 1546 2128 ad
1554 2102 1625 2128 illuni
1636 2103 1748 2137 (Bttl‘uC/t
1769 2105 1795 2131 5.

1011 2136 1067 2172 56).
1084 2137 1120 2163 De
1135 2137 1248 2164 Patrone
1267 2136 1349 2167 dicit,
1364 2144 1397 2163 an
1414 2135 1447 2172 de
1466 2137 1552 2163 Filio?
1573 2138 1610 2164 De
1631 2135 1709 2165 Putre
1722 2140 1795 2166 dicit.

1012 2173 1124 2199 Paterne
1136 2174 1285 2199 incarnatus
1296 2176 1346 2202 est,
1361 2180 1399 2208 an
1412 2171 1513 2198 Filius?
1534 2172 1624 2199 Filius.
1648 2173 1737 2208 Itaque
1751 2179 1795 2202 sc-~

1011 2209 1125 2234 cnudmn
1141 2215 1288 2234 sermonem
1302 2213 1373 2233 tuum
1386 2207 1466 2233 Pater
1477 2212 1515 2234 est
1529 2208 1686 2235 incarnatus.
1696 2207 1795 2238 Verum

1011 2250 1083 2279 nunc
1096 2243 1172 2269 video
1184 2243 1257 2276 juxta
1282 2249 1432 2279 sermonem
1447 2242 1581 2279 propheta:
1591 2267 1597 2275 ,
1606 2245 1679 2279 quod
1695 2244 1776 2271 Filius
1786 2265 1798 2279 ,

1011 2278 1057 2312 qui
1073 2283 1100 2305 et
1109 2283 1279 2305 conversatus
1293 2282 1402 2304 estcum
1421 2278 1582 2305 hominibus.
1605 2278 1691 2305 Etiam
1715 2278 1797 2308 Filius

1013 2314 1165 2340 incarnatus
1179 2312 1324 2348 cst,Pziter
1347 2318 1435 2339 autem
1461 2313 1519 2340 sine
1538 2320 1617 2341 carne
1643 2316 1796 2348 permansit.

1013 2349 1064 2376 Per
1080 2349 1214 2382 sequentia
1228 2347 1307 2383 igitur
1319 2348 1470 2378 convictus,
1485 2357 1501 2374 o
1516 2347 1652 2383 insipiens,
1670 2350 1751 2377 latere
1764 2352 1797 2378 de

1013 2385 1081 2411 Filio
1097 2384 1146 2410 hoc
1162 2383 1212 2410 dici
1231 2393 1236 2408 :
1256 2383 1304 2409 llic
1318 2383 1385 2409 Deus
1404 2388 1501 2414 noster,
1517 2392 1566 2409 non
1585 2386 1747 2411 wstimobitur
1763 2387 1798 2412 ad

1012 2419 1086 2446 illum
1097 2419 1173 2452 alios,
1187 2419 1278 2445 invenit
1291 2427 1388 2444 omnem
1402 2420 1466 2444 riam
1483 2419 1604 2452 scientite,
1618 2424 1640 2446 et
1658 2420 1725 2446 dedit
1741 2429 1796 2447 eum

1012 2454 1092 2481 .Iat'ob
1114 2463 1190 2487 puero
1213 2462 1269 2486 suo,
1284 2459 1307 2480 et
1328 2453 1409 2480 Israel
1428 2453 1518 2490 dilecto
1539 2463 1584 2481 sua
1598 2474 1604 2480 .
1623 2459 1707 2489 postea
1723 2464 1797 2490 super

1014 2495 1105 2517 terram
1119 2489 1186 2516 risus
1212 2494 1258 2520 est,
1285 2494 1308 2515 et
1330 2497 1387 2514 cum
1409 2489 1550 2515 hominibus
1578 2496 1735 2516 conversatus
1755 2489 1797 2518 Vest

1015 2525 1126 2560 (Βανική
1151 2524 1176 2550 5.
1191 2525 1233 2551 57.
1249 2523 1302 2559 58).
1317 2523 1395 2550 Vides
1408 2525 1479 2550 illum
1489 2524 1698 2560 etlegtslatorem
1708 2528 1718 2551 Υ
1730 2526 1795 2553 Nam

1013 2559 1036 2588 si
1051 2561 1106 2594 ipse
1119 2560 1217 2587 invenit
1239 2567 1342 2586 omneut
1357 2560 1424 2585 viam
1447 2560 1563 2586 scicntia:
1575 2579 1582 2592 ,
1600 2565 1626 2587 et
1644 2559 1718 2587 dedit
1738 2569 1796 2588 catn

1013 2593 1096 2622 Jacob
1109 2603 1189 2628 pttero
1199 2603 1256 2626 suo,
1268 2600 1292 2631 et
1309 2593 1387 2622 Israel
1401 2594 1500 2631 dilecto
1508 2601 1557 2621 suo
1572 2603 1578 2631 ξ
1590 2594 1647 2629 ipse
1661 2601 1703 2624 est
1714 2599 1758 2631 qui
1770 2601 1797 2624 et

1015 2630 1078 2656 Mosi
1089 2631 1219 2664 apparuit,
1235 2635 1261 2656 et
1276 2630 1359 2663 legem
1379 2629 1460 2656 dedit.
1481 2630 1514 2656 Et
1528 2629 1597 2656 unde
1619 2631 1668 2657 hoc
1683 2629 1796 2658 manife-

1014 2666 1102 2692 stmn?
1124 2666 1191 2692 Audi
1212 2665 1365 2699 prophetmu
1380 2665 1519 2692 ‘dieentem
1539 2674 1546 2690 :
1571 2664 1709 2700 Disponam
1731 2667 1797 2694 vobis

1015 2706 1197 2730 testamentum,
1209 2709 1258 2727 nou
1270 2701 1333 2726 sicut
1344 2704 1514 2726 testamentum
1524 2700 1592 2734 quod
1610 2701 1721 2735 disposui
1740 2710 1797 2728 cum

1015 2735 1126 2764 matribus
1136 2736 1230 2768 vestris,
1244 2735 1345 2770 quando
1362 2735 1516 2770 apprehendi
1538 2744 1638 2762 manuni
1660 2744 1753 2768 eorum,
1771 2743 1797 2763 ut

1013 2771 1141 2798 educerent
1154 2779 1194 2798 eos
1208 2779 1239 2797 ea:
1254 2770 1380 2805 {Egyptcu
1396 2770 1464 2797 Dans
1477 2771 1542 2805 leges
1553 2779 1617 2797 mens
1628 2771 1654 2797 iu
1666 2772 1742 2798 corda
1753 2780 1795 2798 eo-

1014 2814 1080 2836 rum,
1093 2811 1113 2832 ει
1124 2807 1149 2832 in
1164 2813 1255 2832 utentes
1267 2814 1350 2832 eorum
1361 2807 1493 2832 inscribam
1502 2807 1569 2837 illas,
1581 2813 1603 2832 et
1618 2813 1688 2832 erant
1700 2808 1762 2834 mihi
1772 2816 1798 2834 ιη

1017 2842 1148 2875 populum,
1160 2847 1182 2867 et
1202 2850 1248 2876 ego
1260 2841 1350 2877 crocis
1361 2841 1386 2867 in
1401 2841 1479 2867 Deum
1493 2840 1598 2876 (Jerem.
1619 2842 1662 2869 51.
1676 2843 1766 2869 51-55
1776 2845 1795 2877 ).

1023 2876 1099 2904 Vides
1113 2877 1181 2911 quod
1195 2878 1250 2912 ipse
1260 2878 1293 2904 sit
1306 2876 1437 2911 lcgislator
1451 2880 1502 2903 tum
1518 2876 1616 2905 Veteris
1639 2885 1717 2913 quant
1730 2877 1794 2906 Nov:
