2076 3112
164 171 195 201 ιθ
647 173 690 200 ἰ)Ῑὲ
713 171 788 200 ΠΤᾹ
809 173 827 201 S
858 172 998 201 JOANNIS
1017 173 1263 202 CIIRYSOSTOill.
1763 177 1798 205 Μ)

162 233 187 259 in
203 232 341 266 proposito
363 231 490 266 persistit.
505 231 572 259 Tum
583 231 676 265 jubent
698 230 749 266 legi
763 230 896 258 libellum:
911 230 950 257 le-

160 282 254 311 ctaque
261 281 324 303 sunt
332 277 482 311 supradicta
493 276 590 311 capita.
600 276 695 304 Dicunt
703 276 822 303 seniores
832 277 949 312 episcopi

163 322 255 350 Joanni
271 342 279 355 ,
298 321 392 349 audito
416 327 507 350 tenore
530 321 609 349 libelli
634 331 641 349 :
661 322 717 349 Etsi
743 321 950 357 unumquodque

161 368 369 403 uniuscujusque
385 368 482 403 capitis
504 368 618 395 maxime
633 368 742 402 impium
757 372 799 395 est
820 373 847 395 et
866 368 949 409 unde-

162 421 263 448 quaque
284 415 369 441 sacris
390 415 493 449 legibus
512 414 681 441 iutcrdictttm
695 435 703 446 ,
724 421 759 442 ne
771 414 909 441 videamur
922 414 948 441 in

161 458 201 486 his
220 466 281 494 qua:
303 460 404 487 leviora
435 464 498 487 sunt
532 464 637 493 tempus
670 467 751 487 omne
788 460 945 491 insmuere,

159 503 191 531 ab
223 511 256 531 eo
283 504 354 539 quod
390 509 431 532 est
472 504 625 533 horribilius
662 504 707 532 flat
741 505 886 540 inquisitio.
918 505 946 532 Si

159 549 228 575 enim
267 549 330 576 illud
363 550 499 577 inventum
535 549 616 578 fuerit
648 558 739 577 verum
761 570 769 581 .
802 550 889 577 nullus
913 550 947 577 de

159 593 288 627 capitibus
316 595 425 629 reliquis
451 595 503 621 erit
535 594 735 622 contradicendi
761 595 852 621 locus:
885 602 944 621 eum

159 638 227 665 illius
238 639 335 673 capitis
359 639 433 666 radix
457 647 562 667 onmem
587 640 733 674 iniquitatis
753 641 867 673 Speciem
882 647 944 674 pro-

157 684 297 716 germinet,
313 684 387 718 juxta
402 685 487 716 illum,
501 685 543 719 qui
561 685 597 711 ait
612 694 618 711 :
641 684 726 711 liudia:
738 685 847 711 omnium
863 684 943 711 mulo-

156 739 211 756 rth
231 736 269 757 est
295 731 402 757 avaritia
422 730 456 767 (1
488 730 572 758 Tim.6
586 751 593 763 ,
608 732 640 758 10
696 731 744 764 Qui
770 730 840 758 enim
866 738 945 765 super

155 775 312 803 innocentes
326 784 435 803 munera
449 777 570 811 accepit,
587 781 614 803 et
632 776 745 810 Spiritus
757 777 840 803 sancti
853 776 943 803 ἀίδιῑὶ-

155 821 291 848 butioncm
305 827 417 856 argento
432 823 546 849 vendere
571 830 622 849 non
646 823 775 849 dubitavit
786 831 792 848 :
803 830 855 856 quo
868 828 944 857 pacto

153 866 205 900 jam
219 873 312 900 parcet
325 868 409 894 sacris
424 868 493 894 vasis
507 872 552 894 aut
567 868 697 902 lapidibus
712 873 757 894 attt
779 868 883 901 pra-diis
897 875 943 894 cc-

157 912 267 939 clesiat?
286 913 363 940 Tune
382 913 499 940 Joannes
513 915 689 949 qumstionem
702 914 805 940 inchoat
818 934 825 947 ,
851 914 943 941 dicens

155 959 305 986 Antonino:
322 959 389 993 Quid
405 960 438 986 ad
450 960 505 987 lla-c
514 960 589 992 dicis,
600 960 681 987 frater
695 961 846 988 Antonino?
857 961 940 995 Nega-

154 1003 190 1029 vit
203 1003 246 1030 ille
261 1005 424 1031 necessario.
440 1005 578 1038 Quomodo
602 1006 674 1033 enim
690 1011 779 1040 posset
793 1006 844 1032 sub
859 1013 941 1033 exor-

154 1047 223 1074 dium
241 1049 327 1082 ipsutn
342 1050 526 1078 confusionem
541 1058 614 1078 suam
627 1052 767 1078 conﬁteri?
786 1052 941 1087 Interrogati

153 1098 212 1120 sunt
226 1094 270 1128 qui
285 1095 433 1128 dederunt;
460 1102 588 1130 negarunt
609 1102 634 1124 ct
658 1097 717 1131 ipsi.
736 1098 797 1124 l’ost
813 1097 868 1124 haec
881 1106 940 1124 cum

154 1137 288 1173 inquisitio
300 1139 332 1166 ad
348 1140 440 1167 lteram
450 1149 532 1175 usque
555 1147 674 1169 octavam
690 1142 831 1177 diligenter
849 1151 943 1177 agere-

154 1187 215 1215 tur.
234 1192 267 1211 ex
288 1184 395 1212 indiciis
417 1186 573 1220 quibusdam
587 1186 715 1220 judiciutn
736 1187 875 1214 formatum
889 1193 939 1215 est.

155 1228 306 1262 Postremo,
318 1235 345 1257 ut
359 1238 407 1265 par
422 1236 494 1264 erat,
509 1237 616 1258 ventum
632 1236 673 1258 est
687 1231 718 1258 ad
734 1236 815 1259 testes
829 1253 836 1265 ,
850 1240 939 1260 coram

153 1274 247 1307 quibus
262 1279 288 1301 et
303 1274 329 1302 hi
342 1275 516 1308 dederant,ct
531 1277 587 1311 ipse
597 1282 744 1311 acceperat.
761 1277 817 1304 Non
831 1278 940 1305 aderant

154 1325 233 1346 testes
249 1327 335 1354 :opus
347 1327 406 1348 erat
421 1329 512 1348 eorum
528 1322 678 1356 pratscntia.
694 1322 879 1350 Difﬁcultatem
903 1323 939 1350 si-

152 1364 304 1391 stetttlorutn
329 1366 435 1393 testium
459 1367 604 1401 respiciens
627 1367 754 1400 Joannes,
772 1375 799 1394 ut
815 1372 941 1403 purgaret

153 1410 295 1438 l'leelesiam
305 1432 313 1444 ,
328 1416 355 1439 et
371 1412 481 1439 testibus
497 1418 617 1447 parceret
631 1435 637 1446 ,
653 1421 699 1448 per
716 1422 745 1441 se
759 1414 785 1441 in
800 1415 888 1441 Asiam
902 1415 939 1442 ire

153 1463 210 1484 sese
225 1456 294 1483 ultro
317 1457 397 1485 olTert
413 1479 421 1490 .
437 1463 464 1485 et
486 1467 596 1486 examen
626 1467 762 1494 peragere.
790 1461 938 1488 Antoninus

153 1502 204 1530 εἰει
219 1503 331 1532 Joannis
345 1506 503 1533 strenuitate
518 1511 595 1541 atque
609 1507 761 1541 incorrupta
776 1507 937 1542 integritate,

153 1551 240 1581 utpote
253 1548 306 1575 sibi
318 1549 442 1575 conscius
458 1568 465 1581 ,
492 1549 556 1575 adiit
579 1550 719 1583 quemdam
731 1558 747 1577 e
762 1551 916 1584 proceribus
930 1572 936 1583 ,

151 1593 224 1626 cujus
239 1593 348 1627 praalia.
361 1601 422 1627 qua:
437 1594 462 1620 in
477 1594 538 1621 Asia
559 1599 635 1621 crant
649 1615 655 1626 ,
669 1595 724 1629 ipse
737 1596 845 1622 curabat
858 1605 864 1622 :
880 1600 938 1623 orat

152 1638 363 1666 utiultibendnm
372 1639 500 1666 Joannem
512 1647 645 1674 procuret,
662 1642 728 1668 nein
743 1642 831 1669 Asiam
841 1643 936 1675 abiret,

150 1683 307 1717 protuittens
318 1688 401 1711 testes
415 1685 642 1712 seexhihiturum.
654 1686 702 1719 Qui
716 1687 804 1713 statim
819 1688 936 1719 molitur.

149 1733 177 1755 ut
189 1727 278 1756 luccce
293 1729 326 1756 ad
342 1729 472 1757 Joannem
488 1731 640 1766 episcopum
654 1740 669 1759 e
686 1733 783 1766 palatio
795 1733 936 1760 denuntia-

149 1778 254 1802 rentur:
270 1774 422 1802 Absurdum
434 1781 474 1803 est
488 1781 513 1803 te
526 1797 533 1808 ,
554 1777 598 1811 qui
612 1778 647 1804 sis
661 1778 816 1813 episcopus,
841 1784 868 1806 ct
881 1781 936 1807 atti-

148 1826 250 1846 ntarnm
264 1826 416 1847 nostrarum
431 1821 564 1856 inspector
580 1843 588 1856 ,
613 1823 639 1850 in
663 1828 733 1850 tanta
750 1825 876 1852 tumultus
891 1834 937 1853 exs

147 1864 319 1898 spectatione,
335 1866 485 1902 relinquere
493 1868 626 1895 civitatem
639 1889 646 1902 ,
663 1874 688 1895 et
698 1871 935 1904 peregrinationem

147 1908 171 1935 in
194 1910 284 1937 Asiam
306 1910 383 1938 obire
398 1932 404 1943 ,
428 1919 488 1939 cum
511 1912 587 1940 facile
610 1918 692 1941 testes
711 1915 805 1942 deduci
821 1917 932 1950 possint.

147 1953 209 1981 Erat
217 1960 308 1982 autem
320 1958 467 1991 exspectati
479 1958 605 1985 ttttnultus
616 1967 694 1986 causa
702 1959 784 1988 Gaina
794 1961 933 1991 barbarus.

146 1999 298 2035 Enimvero,
311 2010 345 2029 ne
357 2003 461 2038 longior
471 2004 530 2037 sim,
542 2006 715 2039 persuadetur
725 2007 762 2033 illi
779 2012 806 2034 ut
817 2014 932 2043 maneat,

143 2052 232 2074 eiu-am
252 2048 332 2075 simul
350 2048 451 2077 habens
465 2054 492 2077 et
508 2051 598 2085 jttdicii
618 2056 645 2078 et
662 2053 790 2080 molestiaa
815 2055 932 2082 testium.

144 2090 250 2119 Interim
257 2092 359 2120 lucrum
366 2094 526 2129 insperatum
534 2103 578 2123 reo
585 2096 597 2123 l'
597 2095 631 2123 uit
638 2097 670 2123 ad
678 2098 817 2125 adventum
827 2101 933 2127 testium

143 2133 243 2167 dilatio.
256 2143 324 2170 quos
336 2141 382 2163 aut
391 2138 512 2171 pecunia,
521 2144 566 2165 aut
580 2141 698 2173 potentia
711 2141 800 2175 fugare
817 2147 930 2177 poterat.

143 2178 294 2208 Prmvidens
304 2182 352 2209 ista
366 2182 492 2216 Joannes,
504 2192 563 2212 eum
574 2191 704 2219 praesente
715 2187 823 2222 Synodo
833 2188 934 2215 tlclihco

145 2229 184 2252 rat
196 2226 325 2261 quosdam
338 2235 353 2255 e
369 2230 543 2262 prmsentibns
560 2231 691 2266 episcopis
713 2233 738 2258 in
762 2233 851 2260 Asiam
869 2234 930 2260 mit-

144 2275 198 2299 tere
217 2272 250 2299 ad
275 2273 478 2309 interrogandus
493 2281 584 2304 testes.
611 2278 758 2313 Derepcnte
781 2279 860 2314 igitur
876 2285 930 2307 tres

141 2317 257 2352 episcopi
273 2318 351 2347 electi
366 2325 438 2352 sunt.
447 2321 489 2355 qui
505 2322 690 2350 mitterentur:
706 2324 855 2360 Synclctius
872 2334 929 2353 me-

139 2362 318 2396 trupolitauus
331 2364 525 2400 Trajanopolis,
536 2367 686 2403 Hesychius
694 2370 836 2405 episcopus
847 2372 926 2405 Parii,

136 2410 164 2434 et
174 2406 306 2436 Palladin
318 2408 488 2444 llelenOpolis
497 2433 504 2443 ,
515 2420 576 2439 cum
585 2413 610 2440 in
619 2415 685 2442 actis
694 2414 848 2442 interloeuta
859 2422 930 2444 esset

135 2451 271 2488 Synodus,
284 2459 313 2481 ut
325 2455 371 2490 qui
384 2455 452 2483 intra
465 2457 532 2484 duos
545 2465 651 2486 menses
663 2467 716 2487 non
728 2462 888 2489 occurrisset
901 2468 928 2489 et

136 2497 198 2531 jura
211 2505 260 2526 sua
273 2506 453 2536 persequutus
464 2509 518 2530 non
529 2502 633 2537 luisset,
647 2504 771 2540 llyptepis
781 2526 789 2539 ,
804 2506 874 2534 Asia:
889 2507 927 2534 ci-

134 2542 228 2576 vitate,
237 2544 300 2579 quia
313 2546 394 2573 vicini
408 2551 498 2575 essent
506 2552 535 2576 et
547 2549 591 2584 qui
602 2551 781 2584 arguebantur
793 2556 820 2579 et
833 2553 926 2588 reliqui

134 2587 265 2624 episcopi,
276 2590 323 2625 qui
335 2598 398 2618 eum
409 2591 544 2628 Syucletio
553 2593 673 2629 judicare
686 2595 827 2629 debebant.
844 2598 867 2624 is
880 2587 926 2625 ex-

132 2635 348 2663 communicatos
353 2641 436 2664 esset.
447 2637 509 2666 Post
519 2638 576 2667 hrcc
583 2639 779 2669 descenderunt
785 2641 925 2677 Smyrnam

132 2678 195 2706 dicti
208 2679 364 2716 Syncletius
375 2687 402 2711 et
415 2683 562 2712 Palladius:
586 2685 733 2722 Hesychius
746 2691 835 2715 autern
849 2709 857 2721 ,
881 2689 924 2724 qui

133 2725 235 2753 anticus
246 2732 307 2753 erat
319 2727 448 2757 Antonini
461 2749 469 2760 .
493 2731 626 2759 simulavit
641 2732 762 2760 morbum
774 2742 780 2760 :
794 2738 821 2761 et
832 2742 879 2769 per
893 2735 924 2762 li-

133 2774 202 2798 teras
223 2771 295 2799 illico
307 2773 493 2808 signiﬁcaram
514 2777 631 2812 utrisque
652 2778 770 2813 partibtts
781 2779 922 2808 adventum

133 2824 218 2849 suum,
233 2823 261 2844 ut
279 2825 474 2848 concurrentes
489 2821 514 2849 in
528 2821 624 2850 dictam
637 2824 769 2852 tivitatcm
783 2825 924 2860 implerent

134 2863 270 2895 prmissa.
297 2863 337 2891 Illi
359 2869 447 2893 autem
468 2873 527 2894 cum
549 2875 577 2896 se
601 2875 691 2898 mtttuo
715 2872 899 2907 corrupissent
914 2894 921 2906 ,

1006 231 1102 266 partim
1117 238 1182 257 auro
1196 251 1203 262 ,
1218 232 1312 265 partim
1325 231 1497 266 jurejurando
1509 254 1516 265 ,
1543 233 1622 260 amici
1641 233 1701 261 facti
1716 239 1794 261 erant

1003 279 1065 302 ante
1078 275 1220 303 adventum
1239 275 1367 310 judicum.
1389 276 1455 303 Cum
1480 281 1568 304 autent
1589 278 1655 305 dicis
1669 285 1747 306 causa
1761 281 1793 306 ad

1009 320 1142 347 civitatem
1155 320 1360 356 llypzepinorum
1374 321 1518 356 venissent,
1535 323 1677 358 sperabant
1688 330 1792 351 rursum

1003 365 1111 393 cludere
1121 366 1226 398 judicos
1238 367 1365 395 dilatione
1379 368 1485 395 testium
1496 388 1504 400 .
1517 370 1592 404 quasi
1606 376 1716 405 peregre
1728 377 1792 404 pro—

1002 411 1064 439 lecti
1077 418 1168 439 essent
1185 413 1220 439 ob
1234 413 1320 440 varias
1331 421 1435 440 causas.
1449 414 1512 442 Post
1526 415 1696 450 lneejudices
1714 423 1792 444 aecu-

1001 462 1117 484 satorum
1133 463 1239 492 rogant:
1256 458 1326 485 lntra
1339 463 1402 494 quot
1416 459 1495 495 igitur
1514 461 1572 488 dies
1585 461 1747 489 adducturus
1762 470 1791 490 es

1002 505 1083 529 testes
1095 503 1107 529 2
1120 507 1147 530 et
1160 504 1384 538 exspectabimus.
1409 504 1491 532 llatns
1504 506 1548 533 ille
1563 513 1609 533 eos
1624 508 1694 535 aeris
1709 507 1791 535 inele-

999 548 1125 576 mentiam
1139 557 1211 584 :cgre
1223 549 1347 582 ferentes,
1362 551 1527 578 discessuros
1541 552 1611 586 (erat
1624 553 1695 580 enim
1710 559 1789 581 testa-

1001 594 1033 620 tis
1050 594 1105 628 ipse
1129 594 1232 631 ardor)
1248 616 1255 629 ,
1279 597 1378 631 scripto
1392 598 1520 631 promittit
1535 598 1601 624 intra
1617 600 1789 634 quadraginta

999 639 1057 667 dies
1079 641 1268 675 producturum
1285 646 1366 670 Itestes
1378 664 1385 675 ,
1407 648 1452 669 aut
1471 651 1564 679 poenas
1576 653 1707 672 canonum
1724 646 1789 673 sub-

1000 686 1109 712 itttrtttn.
1121 687 1249 715 Dimisstts
1261 688 1340 723 =gitur
1348 688 1379 715 ad
1394 689 1566 723 inquirendos
1581 695 1673 722 testes,
1688 691 1787 717 omissa

999 731 1179 765 inquisitime,
1196 732 1453 768 Cmstantinopolim
1469 735 1552 765 venit.
1569 735 1602 762 ibi
1615 735 1786 763 delitescens.

999 778 1192 811 Exspectabam
1202 779 1316 813 judices,
1329 785 1357 806 ut
1371 788 1416 813 par
1434 786 1501 813 erat,
1513 780 1545 807 ad
1559 780 1787 815 quadragesimam

997 822 1086 850 diem:
1102 828 1128 850 ct
1143 831 1202 850 cum
1217 825 1309 851 nullibi
1325 825 1368 851 ille
1380 831 1547 859 compareret
1564 846 1571 858 ,
1595 826 1714 853 scribunt
1728 834 1788 853 ont-

998 868 1074 895 nibas
1086 870 1155 896 Asia:
1169 870 1310 904 episcopi<,
1326 879 1385 897 eunt
1400 871 1588 898 denuntiantes
1602 873 1787 899 excommuni-

997 920 1084 941 catum
1101 936 1108 947 ,
1135 915 1191 942 sive
1203 921 1230 942 ut
1241 916 1404 943 desertorem
1420 937 1427 949 ,
1449 918 1505 944 sive
1518 922 1546 943 ut
1558 918 1786 946 cahnnniatorem.

996 958 1127 986 Caeterum
1143 964 1201 994 post
1220 960 1270 987 hoc
1285 961 1352 987 alios
1366 961 1445 988 etiam
1469 962 1574 996 triginta
1588 963 1645 989 dies
1661 963 1786 997 perstite-

997 1010 1059 1031 runt
1073 1014 1080 1031 :
1095 1010 1121 1032 et
1134 1013 1193 1033 cum
1207 1013 1259 1033 non
1272 1012 1447 1041 compareret,
1460 1007 1656 1040 discesserunt,
1677 1013 1705 1035 ct
1717 1007 1786 1035 Con~

995 1052 1195 1085 stantinopolim
1207 1051 1352 1080 redierunt.
1365 1052 1418 1080 Illic
1433 1061 1492 1079 cum
1503 1054 1587 1088 ipsum
1600 1054 1783 1087 oll’endissen',

996 1096 1097 1123 facinus
1120 1097 1156 1123 illi
1180 1098 1383 1132 exprobrarant.
1410 1099 1510 1126 Rursus
1537 1100 1582 1127 ille
1602 1100 1782 1128 inﬁrmitatem

995 1142 1115 1175 corpmis
1131 1147 1279 1176 praetexens
1292 1164 1299 1176 ,
1323 1144 1496 1177 pollicebatur
1507 1149 1588 1172 testes
1601 1154 1630 1173 se
1652 1147 1780 1173 adductu-

995 1194 1062 1212 I‘lllll.
1078 1187 1141 1219 Qua:
1150 1195 1209 1214 cum
1222 1188 1248 1214 in
1260 1189 1365 1223 longum
1382 1194 1484 1223 tempus
1493 1192 1530 1217 sic
1543 1191 1657 1223 abirent,
1671 1193 1784 1219 moritur

994 1231 1160 1261 Antoninus.
1176 1240 1235 1259 cum
1246 1241 1299 1268 quo
1311 1234 1382 1261 litem
1399 1234 1513 1261 habebat
1527 1235 1666 1263 Eusebius.
1682 1236 1783 1264 Rursus

994 1275 1026 1302 ab
1049 1277 1109 1303 Asia
1127 1277 1198 1304 venit
1209 1278 1345 1305 decretum
1359 1279 1391 1306 ad
1406 1279 1534 1307 Joannem
1548 1301 1555 1313 ,
1573 1282 1666 1315 partim
1682 1291 1695 1308 a
1707 1282 1782 1310 clero

993 1321 1107 1347 civitatis
1125 1322 1300 1356 Ephesiorum
1313 1343 1321 1355 ,
1339 1325 1433 1358 partim
1448 1325 1481 1351 ab
1492 1326 1625 1360 episcopis
1640 1347 1648 1359 ,
1664 1328 1781 1360 postula-

994 1367 1090 1394 tionem
1105 1375 1164 1395 cum
1176 1368 1293 1395 horribili
1306 1369 1635 1404 jurejurandocontinens.
1651 1373 1781 1407 Quoniam

992 1414 1176 1447 superioribus
1197 1416 1359 1450 temporibus
1383 1417 1533 1444 inordinate
1560 1423 1587 1445 et
1610 1419 1681 1452 leges
1695 1424 1722 1446 et
1735 1427 1784 1447 nos

991 1460 1130 1494 gubernati
1146 1469 1236 1488 sumus
1250 1482 1257 1493 ,
1284 1469 1391 1489 oramus
1407 1463 1610 1491 Veneralionetn
1634 1469 1704 1491 tttam
1718 1486 1725 1498 ,
1755 1471 1783 1492 ut

992 1504 1148 1537 descendas,
1164 1511 1190 1533 et
1205 1506 1316 1533 formam
1330 1508 1383 1535 Deo
1399 1508 1504 1542 dignam
1520 1509 1640 1543 imponas
1656 1510 1781 1537 Ecclesia

992 1551 1176 1585 Ephesiorum.
1188 1559 1202 1578 a
1218 1552 1296 1587 longo
1307 1557 1426 1587 tempore
1440 1554 1554 1586 afﬂictae,
1569 1556 1662 1589 partim
1673 1555 1780 1589 quidem

991 1597 1024 1624 ab
1036 1597 1090 1623 Arii
1106 1599 1289 1629 sectatoribus,
1302 1600 1396 1633 partim
1411 1601 1444 1626 ab
1458 1600 1490 1627 iis
1501 1601 1544 1635 qui
1561 1609 1620 1628 cum
1632 1602 1740 1628 avaritia
1755 1606 1781 1628 ct

991 1641 1143 1669 dominandi
1169 1643 1277 1670 libidine
1292 1644 1439 1671 catholicas
1465 1652 1494 1672 se
1522 1653 1581 1673 esse
1606 1647 1777 1681 gloriantur:

990 1688 1051 1722 quia
1067 1688 1189 1722 permulti
1211 1689 1371 1716 insidiantur
1384 1710 1390 1722 ,
1407 1695 1436 1717 ut
1450 1691 1502 1725 lttpi
1517 1699 1610 1726 graves
1622 1713 1628 1723 ,
1645 1693 1780 1727 episcopa-

991 1733 1041 1760 lem
1064 1733 1154 1761 sedem
1176 1735 1294 1767 pecuniis
1316 1743 1409 1769 rapere
1436 1736 1601 1763 festinantes.
1625 1737 1741 1765 Joannes
1753 1738 1779 1765 in

990 1784 1061 1806 tanta
1086 1780 1206 1813 corporis
1226 1780 1378 1808 inﬁrmitate
1392 1801 1400 1814 ,
1416 1782 1494 1808 etiam
1513 1787 1631 1817 tempore
1646 1783 1757 1811 hiberno
1770 1804 1777 1812 .

990 1825 1053 1851 nihil
1068 1825 1172 1852 molesti
1188 1826 1237 1852 sibi
1252 1826 1286 1853 ob
1299 1827 1390 1853 oculos
1408 1835 1561 1862 proponens
1577 1849 1585 1861 ,
1602 1834 1631 1856 ut
1644 1830 1724 1856 rebus
1736 1835 1777 1857 to-

991 1871 1041 1897 tius
1056 1871 1161 1897 Asinum
1172 1871 1320 1898 direceseos
1332 1873 1410 1907 mgris
1424 1873 1574 1900 mederetur
1588 1894 1595 1905 ,
1614 1875 1652 1901 vel
1668 1879 1778 1910 propter

989 1915 1148 1949 itnperitiam
1159 1937 1166 1948 ,
1184 1917 1225 1943 vel
1241 1922 1349 1951 propter
1359 1918 1528 1945 solitudinem
1544 1924 1679 1953 pastorum
1696 1941 1703 1951 ,
1720 1920 1778 1947 ala-

988 1962 1083 1988 critate
1098 1962 1178 1988 animi
1193 1963 1334 1989 roboratus
1347 1983 1355 1995 ,
1372 1963 1508 1998 ingressus
1519 1964 1605 1990 navim
1616 1984 1623 1996 ,
1639 1965 1704 1991 urbe
1718 1964 1775 1992 (lis-

988 2008 1078 2034 ccssit.
1105 2007 1222 2035 lrrnente
1243 2009 1348 2036 interim
1363 2016 1434 2035 sa.-vo
1455 2009 1581 2044 aquilone
1594 2031 1601 2042 ,
1623 2015 1776 2039 mutuentes

988 2058 1076 2080 nauta:
1091 2074 1098 2087 ,
1114 2061 1148 2081 ne
1163 2054 1189 2080 in
1206 2054 1405 2082 Proeonncsum
1421 2055 1580 2088 ejicerentur
1591 2076 1599 2089 ,
1612 2057 1698 2091 posito
1713 2058 1773 2085 velo

987 2097 1013 2124 in
1028 2103 1128 2132 partem
1150 2099 1225 2126 navis
1245 2107 1303 2134 qua:
1317 2106 1396 2127 vento
1422 2101 1612 2128 verberabatur
1626 2122 1633 2133 .
1658 2102 1776 2130 Tritonis

989 2145 1201 2177 promontorium
1214 2146 1462 2179 praetervehuntur:
1488 2150 1514 2173 et
1530 2146 1564 2174 ibi
1579 2148 1656 2181 jactis
1670 2149 1776 2176 ancoris

986 2194 1140 2217 manserunt
1158 2211 1165 2221 ,
1180 2196 1299 2218 austrum
1314 2196 1498 2226 exspectantes
1515 2214 1522 2225 ,
1546 2198 1573 2220 ul
1590 2194 1714 2228 Apamea:
1729 2202 1775 2229 ap»

985 2235 1123 2269 plicarent.
1145 2235 1211 2263 Cum
1228 2236 1308 2271 igitur
1323 2237 1430 2264 biduum
1442 2237 1525 2272 jejuni
1541 2239 1729 2273 perstitissent,
1746 2240 1772 2267 in

985 2281 1104 2308 navicula
1121 2283 1210 2316 agitati
1226 2303 1233 2314 ,
1250 2283 1326 2310 tertia
1337 2283 1381 2310 die
1396 2285 1539 2318 Apameam
1553 2284 1703 2318 devenere,
1729 2286 1772 2312 ubi

983 2333 1043 2353 eum
1058 2327 1248 2360 exspectabant
1263 2327 1371 2360 Paulus,
1385 2328 1500 2363 Cyrinus
1513 2333 1538 2355 et
1553 2329 1686 2356 Palladius
1700 2337 1707 2355 :
1722 2329 1773 2356 hos

983 2374 1052 2400 enitn
1069 2374 1118 2400 via:
1133 2374 1243 2401 comites
1257 2380 1436 2409 assumpscrat
1451 2375 1569 2402 Joannes
1582 2383 1588 2403 :
1608 2376 1774 2412 pedibusque

982 2419 1103 2447 conlecto
1117 2420 1211 2448 itinere
1221 2420 1354 2455 Ephesum
1369 2422 1537 2455 perveniunt.
1553 2421 1587 2448 Et
1605 2422 1774 2457 congregatis

982 2464 1071 2500 Lydia:
1087 2465 1229 2500 episcopis,
1246 2465 1316 2493 Asia:
1331 2470 1410 2501 atque
1421 2465 1505 2494 Caria:
1518 2487 1525 2499 ,
1540 2474 1652 2494 numero
1664 2474 1772 2502 septua-

981 2511 1052 2544 ginta
1065 2531 1073 2544 ,
1089 2510 1284 2538 ordinationem
1307 2511 1417 2544 faciunt,
1439 2519 1499 2539 cum
1516 2512 1605 2546 plures
1623 2517 1770 2547 spontaneo

981 2555 1117 2582 alacritate
1129 2556 1317 2589 occurrissent,
1333 2557 1447 2584 maxime
1463 2564 1479 2584 e
1492 2557 1640 2593 Phrygibus
1650 2578 1658 2592 ,
1674 2562 1702 2585 ut
1716 2558 1772 2585 oris

979 2601 1108 2635 sapientia
1125 2601 1284 2633 fruerentur.
1293 2602 1367 2636 juxta
1384 2602 1453 2636 quod
1467 2603 1568 2630 dictum
1583 2609 1624 2631 est
1637 2603 1769 2639 Sapientia
1809 2622 1812 2625 «

978 2646 1004 2672 in
1012 2646 1118 2674 exitibus
1127 2647 1247 2674 laudatur
1255 2646 1360 2683 (Proust
1369 2647 1435 2683 .20);
1446 2648 1495 2675 hoc
1505 2653 1545 2676 est
1556 2649 1583 2676 in
1590 2648 1769 2684 loquentibus:

978 2692 1004 2718 in
1018 2692 1108 2726 plateis
1122 2698 1210 2721 autem
1223 2701 1280 2721 cuin
1290 2694 1383 2727 ﬁducia
1393 2694 1523 2729 loquitur:
1545 2695 1598 2722 hoc
1620 2699 1660 2723 est
1681 2694 1769 2722 conli-

979 2737 1046 2770 bus,
1076 2746 1134 2773 qum
1150 2738 1231 2767 variis
1255 2739 1444 2767 afﬂictionibus
1459 2741 1566 2768 dilatata
1588 2745 1669 2773 sunt.
1689 2741 1765 2775 juxta

980 2783 1041 2810 illud
1055 2792 1061 2810 :
1080 2783 1110 2810 In
1124 2784 1284 2811 tribulatione
1291 2785 1402 2812 dilatasti
1416 2785 1474 2820 me(
1490 2785 1563 2814 Paul.
1576 2786 1602 2818 Α,
1616 2785 1634 2814 2
1645 2786 1664 2820 ).
1679 2787 1767 2812 (Ioan-

977 2833 1098 2863 gustatur
1112 2830 1183 2856 enim
1197 2831 1326 2863 sapientia
1350 2831 1376 2858 in
1393 2831 1424 2858 iis
1438 2831 1483 2866 qui
1498 2831 1596 2859 zizania
1613 2832 1746 2859 seminam.
1760 2852 1768 2863 .

979 2880 1005 2901 et
1019 2874 1150 2902 snt'l'oeant
1165 2874 1285 2902 verbum.
