2042 3121
220 111 296 140 -1Ο95

228 171 280 198 suit
294 177 336 196 vos
352 168 466 204 Spiritus
475 172 576 196 sanctus
586 168 716 203 episcopos
726 172 750 204 et
759 168 878 195 diaconos
892 167 959 204 (.ict.
970 167 1016 195 ‘20.

228 205 286 239 98).
303 203 369 232 Vide
382 204 505 231 virtutem
523 204 635 238 Spiritus
654 203 748 235 sancti,
770 208 798 230 et
819 203 1016 239 auctoritatem,

228 237 456 275 et'potestatem,
485 237 549 266 num
572 239 675 275 alienus
702 246 717 266 a
749 239 813 275 Deo,
830 238 865 266 sil
891 237 1016 275 Spiritus.

234 273 307 309 Vidi,
332 275 416 310 inquit
441 275 563 306 Hesaias,
588 273 670 310 Deum
695 282 771 310 super
793 273 911 300 thronum
934 274 1017 310 excel-

229 320 287 339 sum
315 315 337 337 et
366 309 505 342 eleuatum,
538 315 561 336 et
595 309 732 344 Seraphim
759 309 785 336 in
813 309 919 336 circuitu
945 309 1018 344 ejus;

230 352 257 375 et
279 354 338 381 qum
360 351 513 379 sequuntur.
536 345 572 370 Ac
594 345 647 370 dixi
659 352 678 381 :7
692 353 707 371 ο
728 345 848 381 miserum
869 353 931 381 me,
955 352 1018 377 quo-

230 379 298 408 niam
320 385 484 414 compunctus
505 388 577 411 sum,
602 380 721 414 quoniam
735 379 865 406 immunda
883 379 950 406 labia
971 380 1019 406 ha-

234 418 300 448 bent,
320 416 347 442 in
365 416 446 442 medio
460 415 546 448 populi
560 415 688 441 immunda
707 415 774 442 labia
785 415 897 442 habentis
913 422 957 450 ego
973 415 1018 450 lia-

229 453 279 480 bito
289 472 297 483 ,
314 456 336 477 et
356 459 439 485 regem
459 450 596 476 Dominum
611 449 724 477 Sabaoth
739 451 788 477 vidi
801 451 880 477 oculis
893 451 962 477 meis.
985 449 1019 477 Et

228 487 292 514 dixit
303 493 313 513 .'
326 486 382 520 quis
401 486 445 512 ibit
459 485 493 512 ad
508 485 630 520 populum
644 486 732 512 hunc?
746 485 777 512 Et
801 486 854 512 dixi
866 494 875 512 :
886 494 941 512 ecce
955 493 1000 520 ego
1009 505 1016 516 ,

229 523 300 548 mitte
313 529 361 547 me.
374 521 503 548 Nimirum
514 521 557 555 qui
569 520 677 548 sedebat
689 521 715 548 in
728 521 835 553 throno,
851 521 916 548 dixit
929 529 935 547 :
951 520 1020 547 Vade

230 557 268 581 ad
281 555 404 591 popuinm
423 556 500 587 hunc,
515 561 536 582 et
551 556 609 583 dic:
623 556 712 583 auditu
731 557 839 583 audietis
849 576 856 589 ,
873 560 896 583 et
913 564 962 582 non
977 556 1017 582 in-

230 592 345 627 telligetis
367 599 376 618 :
402 595 425 618 et
453 592 562 618 uidentes
586 592 716 624 videbitis,
741 597 764 618 et
789 600 839 618 non
863 591 1019 627 perspicietis

243 627 280 654 Is.
297 627 323 654 6.
333 627 357 653 Ι.
371 627 397 654 5.
408 626 434 654 8.
444 627 484 661 9).
499 627 563 660 Quis
573 632 613 654 est
623 627 666 660 qui
678 627 787 654 sedebat
795 635 874 661 super
884 626 1019 653 thronum?

253 667 321 694 ater,
334 662 419 698 inquit
434 671 440 688 :
456 662 478 690 si
492 667 579 698 autem
596 662 722 689 didiceris
735 670 749 689 a
767 663 858 695 Paulo,
873 662 943 696 quod
959 662 1019 696 Spi-

230 699 301 725 ritus
314 697 359 730 sit,
379 697 549 724 conﬁteberis
563 697 636 724 illum
652 698 754 725 Deum?
770 698 897 731 Ostende,
917 698 1017 730 inquit,

230 739 258 760 et
268 733 358 761 credo.
381 733 449 760 Audi
471 733 543 759 illum
561 733 715 760 dicentem:
737 732 804 760 Bene
823 733 887 760 dixit
907 731 1019 766 Spiritus

229 774 330 795 sanctus
361 776 405 803 per
429 767 525 795 Isaiam
551 769 699 803 prophetam
719 776 728 794 :
750 769 813 795 uade
840 769 873 794 ad
898 768 1020 802 populum

230 805 313 837 hunc,
331 808 353 830 et
375 803 437 831 dic:
459 803 563 839 auribus,
584 804 692 830 audietis
705 812 715 830 :
736 808 763 831 et
789 811 849 839 quat
873 808 1020 837 sequuntur

232 839 301 875 (Act.
326 838 449 875 28:25.7
472 838 531 873 ‘26).
557 838 655 875 Paulus
682 839 783 875 inquit,
799 838 879 866 ’Dixit
894 839 1020 875 "Spiritus

229 873 348 906 sanctus;
373 873 482 901 llesaias
510 874 617 908 inquit:
642 873 724 900 Diaitr
739 874 862 901 Dominus
887 874 1018 902 Sabaoth:

231 910 292 945 quia
308 909 460 936 indilTerens
473 914 514 936 est
527 909 671 945 Scriptum
684 910 755 941 loqui
769 910 802 937 de
816 910 894 937 Patre
909 914 936 937 et
951 909 1019 936 Filio

231 950 258 972 et
268 945 367 980 Spiritu
383 949 486 972 saneto.
508 945 588 979 Igitur
611 952 644 971 ne
657 944 700 971 dic
714 945 838 979 deinceps
857 953 980 980 magnum
993 948 1021 971 et

231 988 342 1014 parvum
358 980 451 1011 Deum,
466 980 586 1006 incidens
604 980 630 1006 in
653 979 795 1007 Gentilium
810 979 938 1007 errorem.
954 979 1020 1006 Nam

231 1016 252 1043 si
274 1023 371 1051 parvus
385 1016 455 1042 Deus
469 1019 510 1043 est
534 1015 625 1048 Filius,
651 1016 779 1042 tnentilur
794 1015 890 1042 Paulus
907 1015 1018 1051 dicens:

232 1050 415 1086 Exspectantes
436 1051 541 1086 beatam,
554 1058 622 1084 spent
646 1051 734 1084 gloria!
746 1051 832 1085 magni
852 1051 899 1077 Dei
911 1056 934 1077 et
957 1050 1019 1078 Sal-

233 1087 325 1113 uatoris
346 1086 426 1112 nostri
444 1085 506 1112 Jesu
523 1085 614 1112 Christi
629 1085 691 1121 (Tit.
707 1086 735 1112 2.
761 1086 818 1121 15).
836 1085 920 1120 Quem
942 1086 1021 1120 igitur

233 1122 331 1148 Paulus
342 1125 418 1148 vocat
431 1129 555 1155 magnum
580 1121 673 1153 Deum,
690 1125 718 1148 tu
734 1129 767 1149 ne
779 1121 878 1148 dixeris
892 1129 1018 1155 parvum;

231 1165 292 1183 nam
317 1157 342 1184 in
364 1157 418 1184 Deo
434 1156 550 1191 perlecta
573 1161 635 1183 sunt
656 1157 755 1184 omnia.
778 1157 811 1184 Et
833 1165 959 1184 rursum:
980 1156 1022 1183 Es;

231 1193 321 1226 quibus
332 1191 446 1219 Christus
460 1192 596 1218 secundant
615 1200 725 1224 carnem,
742 1192 784 1226 qui
796 1196 833 1219 est
849 1201 923 1227 super
938 1192 1021 1219 omnia

232 1228 302 1254 Deus
317 1227 459 1254 benedictus
474 1227 500 1253 in
522 1227 615 1254 sa’cula
630 1226 718 1262 (Rom.
735 1227 762 1255 9.
778 1227 818 1262 5).
835 1227 926 1262 Neque
947 1235 1022 1254 crea-

234 1268 287 1290 tum
311 1263 393 1290 Deum
417 1262 705 1298 nominabisrunquam
728 1271 734 1290 :
757 1263 854 1298 impius
874 1263 945 1290 enim
969 1267 1020 1294 est,

231 1298 276 1331 qui
288 1303 439 1325 creaturam
454 1297 556 1324 adorat.
570 1297 637 1331 Quid
654 1297 752 1332 igitur?
765 1298 823 1325 Non
837 1298 909 1325 dices
924 1304 1021 1331 corpus

233 1333 337 1360 Domini
359 1333 495 1360 creatum?
512 1333 576 1359 Vide
599 1341 662 1367 ergo
683 1333 755 1367 quod
779 1337 806 1360 et
827 1338 852 1360 tu
873 1338 1020 1360 creaturam

232 1369 329 1396 adoras
343 1368 480 1403 insipiens.
503 1368 596 1404 Nullus
617 1368 681 1395 dicit
694 1369 750 1404 regi
765 1377 770 1395 :
788 1376 857 1396 exue
879 1375 1021 1403 purpuram

233 1407 322 1436 tuam;
338 1404 378 1430 vel
395 1413 401 1430 :
422 1410 500 1438 surge
521 1411 536 1430 a
560 1403 655 1431 throno
679 1403 734 1436 tuo;
747 1408 776 1430 ut
799 1408 825 1431 te
839 1404 937 1430 nudum
958 1404 1021 1430 ado-

233 1446 290 1466 rem
306 1447 313 1466 :
328 1438 373 1466 scd
388 1438 481 1465 adorat
494 1446 583 1472 regem
600 1446 680 1473 super
694 1439 818 1466 thronum
831 1439 979 1469 sedentem,
993 1443 1019 1465 et

234 1481 349 1508 purpura
363 1474 498 1501 vestitutn.
511 1473 704 1508 Complaeitum
717 1474 789 1501 enim
801 1474 850 1501 fuit
860 1474 915 1501 Deo
928 1474 1019 1505 verbo,

234 1513 262 1536 ut
287 1515 403 1536 creatam
431 1516 538 1536 carnem
567 1515 684 1536 nostrain
712 1509 761 1536 sibi
789 1509 890 1544 absque
918 1510 1020 1536 macula

235 1545 330 1571 uniret.
344 1544 392 1572 Est
402 1544 482 1579 igitur
495 1544 629 1572 adoranda
642 1551 701 1571 cum
716 1544 771 1572 Deo
784 1545 876 1577 verbo,
892 1549 1021 1578 quatenus

233 1579 322 1607 deitati
337 1579 421 1607 adest.
446 1580 478 1607 Et
501 1580 551 1607 hoc
565 1579 716 1615 signiﬁcans
732 1579 837 1608 divinus
857 1579 950 1613 David,
966 1579 1021 1607 cla~

978 103 1108 135 SPUBIA.

1795 108 1804 134 l
1811 108 1862 136 096

1071 171 1146 194 mat:
1166 166 1287 194 Exaltato
1310 167 1447 195 Dominum
1472 167 1551 194 Deum
1577 171 1690 194 nostrum
1711 170 1734 193 et
1758 167 1866 194 adorate

1071 202 1206 238 scabellunt
1229 203 1320 237 pedum
1341 203 1410 238 ejus,
1433 203 1552 238 quoniam
1575 207 1678 230 sanctus
1694 207 1730 229 est
1749 202 1864 236 (Psalm.

1070 237 1115 265 98.
1128 237 1166 272 5).
1183 237 1211 264 In
1223 238 1275 264 alio
1288 237 1421 265 loco’dicit
1435 237 1444 264 ί
1457 238 1553 266 Cwlum
1567 238 1629 264 mihi
1642 238 1724 270 sedes,
1736 242 1802 264 terra
1815 246 1865 265 au-

1071 278 1119 299 tem
1140 273 1276 300 scabellum
1291 274 1382 307 pedum
1397 282 1509 300 meorum
1532 272 1607 307 (lsai.
1622 273 1665 301 66.
1681 273 1693 300 l
1706 272 1727 307 ).
1752 272 1865 300 Terram

1070 316 1119 335 nos
1129 308 1207 343 jubes
1217 308 1340 340 adorare,
1355 317 1371 335 ο
1385 309 1462 336 beate
1474 309 1571 336 David!
1587 309 1619 335 Et
1630 307 1764 343 quomodo
1778 308 1866 336 iloses

1070 343 1156 378 legem
1168 344 1252 378 ponit,
1268 351 1355 378 neque
1366 345 1470 376 caelum,
1483 352 1568 378 neque
1582 349 1691 376 terram,
1706 352 1793 377 neque
1804 352 1866 378 qua.-

1072 379 1099 406 in
1119 379 1158 406 eis
1178 383 1249 412 sunt,
1273 379 1406 406 adoranda
1429 387 1489 407 esse
1513 379 1598 411 (Deut.
1614 379 1631 406 5
1649 384 1673 406 et
1690 379 1755 414 l8)?
1772 379 1868 406 Videte

1071 414 1236 450 mysterium.
1251 415 1380 448 Quoniam
1395 415 1444 442 sibi
1454 416 1593 448 juncturus
1604 419 1662 441 erat
1676 419 1792 441 nostram
1805 421 1869 441 car-
1883 447 1885 449 τ

1071 457 1132 476 nem
1157 449 1257 484 absque
1283 455 1392 484 peccato
1415 450 1448 477 ad
1474 458 1553 477 unam
1578 449 1775 481 adorationcm;
1801 455 1885 476 caro'

1072 489 1162 511 autem
1175 490 1266 512 nostra
1281 493 1314 512 ex
1328 485 1429 517 Adam,
1443 494 1474 512 ex
1491 489 1560 512 terra
1574 489 1632 517 est;
1652 485 1798 512 secundum
1815 484 1869 511 hoc

1071 520 1158 548 dicit:
1184 520 1218 547 Et
1241 520 1345 548 adorate
1362 521 1498 548 scabellth
1523 521 1615 555 pedum
1634 521 1698 554 ejus.
1720 520 1773 547 Nos
1792 521 1866 546 enim

1074 559 1171 582 terram
1186 563 1238 582 non
1253 557 1395 583 adoramus
1405 577 1412 589 ,
1427 557 1473 584 sed
1488 556 1568 583 Deum
1582 555 1704 587 verbum,
1718 555 1762 590 qui
1778 555 1867 582 univit

1071 591 1121 618 sibi
1136 591 1235 626 absque
1245 596 1353 625 peccato
1375 599 1482 618 carnem
1497 591 1574 624 Adaz,
1589 598 1648 625 quae
1669 598 1702 626 es
1723 596 1793 617 terra
1807 589 1867 626 for:

1072 631 1142 653 nulla
1155 631 1206 654 est.
1222 626 1260 653 Ne
1275 626 1353 660 igitur
1367 627 1434 654 ultra
1455 627 1537 659 dicas,
1549 631 1669 653 creatum
1684 625 1792 656 Filium,
1817 625 1868 653 sed

1072 661 1125 693 die,
1143 662 1186 689 tibi
1201 662 1267 689 dixit
1283 662 1380 689 Pater:
1396 663 1483 689 creavi
1500 661 1565 689 mihi
1578 661 1674 688 Filium
1693 670 1698 687 :
1716 661 1757 688 vel
1770 661 1865 692 Filius.

1071 697 1172 724 creavit
1194 704 1237 724 me
1256 697 1354 724 Pater?
1369 697 1460 732 Neque
1481 698 1611 724 humanas
1631 704 1711 732 voces
1725 697 1822 732 Christi
1838 697 1867 724 in

1072 731 1130 766 ejus
1145 733 1349 760 diminutionem
1374 731 1476 767 accipe.
1490 732 1555 759 Nam
1572 732 1594 759 si
1610 732 1651 759 his
1671 731 1759 764 dictis,
1773 736 1802 759 et
1814 731 1868 758 hu-

1072 768 1158 794 manis
1173 768 1199 794 in
1216 775 1248 794 eo
1261 768 1468 800 demonstratis,
1482 768 1540 795 ausi
1565 772 1628 795 sunt
1649 767 1755 802 quidatn
1775 767 1870 794 dicere

1073 803 1211 837 phantasia
1226 808 1253 830 et
1265 804 1354 837 specie
1371 809 1472 830 tantum
1487 804 1574 837 ipsum
1589 803 1754 830 incarnatum
1765 802 1849 830 fuisse
1862 811 1869 835 ;

1072 838 1094 865 si
1109 839 1165 865 hinc
1178 846 1230 865 non
1244 843 1334 866 essent
1347 839 1425 870 facta,
1442 840 1468 865 in
1480 846 1560 873 quam
1577 846 1630 865 non
1641 838 1804 865 excidissent
1816 839 1868 864 im-

1073 874 1220 908 pietatem?
1235 874 1349 901 Proinde
1363 875 1449 901 omnis
1463 875 1507 909 qui
1528 875 1627 901 sanctis
1649 874 1795 908 Scripturis
1809 881 1870 900 cre-

1073 908 1121 942 dit,
1136 909 1229 936 adoret
1244 909 1401 936 Trinitatem
1419 908 1563 936 increatam
1573 929 1581 941 ,
1602 909 1848 936 incommutabilem
1860 930 1867 940 ,

1073 944 1268 976 invariabilem.
1283 946 1493 980 omnipotentem
1506 965 1514 978 ,
1528 945 1606 971 simul
1622 944 1752 980 principio
1769 952 1867 972 caren-

1074 983 1144 1011 tem,
1169 984 1329 1007 coarteruam
1351 985 1376 1007 et
1400 980 1652 1007 consubsmnlialem
1668 988 1674 1006 :
1690 979 1813 1010 Patrem.
1843 984 1868 1007 et

1073 1014 1180 1048 Filium,
1198 1016 1271 1049 prius
1294 1016 1402 1049 quidem
1425 1016 1528 1050 absque
1547 1023 1638 1047 carne,
1657 1015 1754 1042 deinde
1777 1019 1868 1042 autem

1074 1051 1211 1078 voluntate
1225 1051 1330 1085 propria
1345 1052 1370 1078 in
1383 1053 1434 1078 line
1445 1052 1592 1086 perlectum
1606 1050 1740 1077 hominem
1756 1050 1867 1082 factum,

1074 1086 1174 1121 absque
1189 1092 1308 1120 peccato,
1325 1086 1425 1121 absque
1446 1085 1573 1113 ’versione
1588 1091 1614 1113 et
1634 1085 1781 1113 mutatione
1800 1087 1843 1113 sui
1861 1096 1867 1112 :

1075 1120 1154 1148 homo
1165 1121 1235 1148 enim
1250 1121 1345 1154 lactus,
1358 1120 1455 1148 mansit
1466 1121 1490 1148 id
1503 1121 1573 1155 quod
1586 1127 1654 1153 erat,
1665 1128 1762 1155 nempe
1776 1121 1846 1148 Dens
1862 1132 1869 1148 :

1074 1164 1127 1183 non
1137 1157 1208 1184 enim
1219 1157 1317 1183 cxcidit
1329 1164 1343 1183 a
1352 1157 1434 1191 gloria
1446 1161 1473 1183 et
1485 1156 1614 1191 dignitate
1624 1164 1671 1184 sua
1685 1165 1692 1184 :
1704 1161 1731 1183 et
1740 1157 1870 1190 Spiritqu

1074 1197 1206 1227 sanctum,
1228 1191 1368 1226 Spiritum,
1389 1193 1433 1227 qui
1452 1192 1577 1227 loquutus
1598 1197 1638 1218 est
1653 1200 1699 1226 per
1713 1192 1868 1226 prophetas.

1074 1226 1128 1254 Eos
1138 1233 1228 1255 autem
1242 1228 1286 1261 qui
1309 1226 1403 1254 dicunt
1413 1226 1508 1254 Filium
1522 1248 1529 1259 ,
1545 1232 1591 1254 aut
1603 1227 1731 1262 Spiritum
1745 1232 1868 1255 sanetum

1074 1270 1179 1289 versum
1193 1284 1200 1295 ,
1217 1264 1258 1289 vel
1280 1267 1425 1296 mutatum,
1448 1263 1488 1290 vel
1511 1263 1622 1290 alterius
1637 1263 1812 1296 substantia,
1829 1264 1870 1292 rel

1075 1305 1106 1324 ex
1123 1298 1205 1325 nihilo
1220 1298 1328 1331 factum,
1346 1298 1386 1325 vel
1397 1298 1467 1333 quod
1484 1298 1564 1325 fuerit
1577 1302 1682 1332 tempus
1694 1298 1800 1331 quando
1815 1306 1869 1326 non

1075 1338 1142 1366 erat,
1157 1333 1327 1360 anathemate
1349 1333 1459 1360 damnet
1478 1333 1597 1361 Ecclesia
1619 1333 1762 1360 catholica.
1782 1334 1867 1361 Sul'ﬁ-

1075 1368 1148 1395 ciunt
1174 1369 1223 1395 ista
1249 1369 1345 1400 cuivis,
1373 1369 1476 1396 tametsi
1496 1376 1578 1403 pauca
1593 1368 1663 1400 sint;
1687 1369 1775 1396 omnia
1798 1370 1872 1397 enim

1075 1408 1202 1437 tractare,
1226 1404 1408 1439 impossibile;
1422 1404 1564 1431 docentem
1586 1405 1657 1431 enim
1672 1412 1716 1431 me
1739 1404 1872 1432 deﬁceret

1076 1444 1190 1473 tempus.
1207 1439 1297 1474 Neque
1312 1439 1397 1474 ipsum
1414 1439 1540 1466 mundum
1555 1439 1650 1472 opinor
1664 1447 1761 1474 capere
1775 1440 1872 1471 libr0s,

1075 1475 1120 1508 qui
1135 1474 1287 1501 scribuntur
1302 1484 1307 1501 :
1325 1482 1374 1501 nos
1388 1479 1477 1502 autem
1494 1475 1594 1509 indigni
1607 1475 1651 1509 qui
1666 1479 1765 1502 tantam
1782 1483 1814 1503 ex
1830 1484 1875 1502 sa-

1074 1510 1127 1536 cris
1140 1509 1284 1543 Scripturis
1300 1510 1438 1536 utilitatem
1453 1517 1627 1544 assequamur
1638 1531 1645 1542 ,
1664 1511 1808 1538 adoremus
1822 1511 1874 1538 Pa-

1076 1550 1143 1581 trem
1157 1551 1183 1572 et
1200 1545 1294 1572 Filium
1309 1550 1337 1572 et
1351 1545 1480 1579 Spiritum
1495 1550 1630 1577 sanctum,
1645 1546 1687 1572 cui
1702 1546 1833 1581 sitgloria
1847 1551 1873 1572 ct

1074 1580 1216 1615 imperium
1231 1581 1256 1607 in
1270 1581 1367 1608 saecula
1381 1580 1553 1608 saeculorum.
1570 1581 1666 1608 Amen.
