2034 3109
273 159 302 186 5i
900 154 1058 184 PALLADH
1080 155 1249 186 DlALOGUS
1872 154 1907 183 δί

309 215 372 242 Car.
389 221 435 241 xv.
454 229 489 234 —-
503 214 568 241 Dum
586 214 646 241 luce
664 217 802 249 geruntur,
825 213 937 240 accessit
957 211 991 239 ad
1014 220 1067 241 nos

272 260 423 294 episcopos,
439 259 531 294 prolixi
543 260 674 286 sermonis
685 267 774 291 causa,
789 258 918 286 Eusebius
927 262 1067 286 accusator

274 313 322 332 sex
338 305 500 339 reliquorum
522 305 708 339 episcoporum
719 325 726 338 ,
743 312 838 339 rogans
857 308 885 331 ut
899 303 931 330 ad
944 311 1067 330 commu-

274 351 382 377 nionem
397 351 592 378 admitteretur.
609 350 800 378 Contradicunt
817 350 923 385 quidam
936 349 1064 385 episcopi,

274 395 442 430 adduntque,
463 396 640 423 calumniator
666 404 725 423 cum
753 401 838 428 esset,
865 403 916 423 non
942 401 1066 431 oportere

274 441 360 476 ipsum
373 441 486 468 admitti.
501 441 564 468 Post
575 441 632 468 inec
641 441 801 476 supplicavit
812 441 902 468 dicens
918 450 923 467 :
936 442 1066 474 Quoniam

272 492 352 513 causa
369 487 418 513 ista
434 487 541 514 biennio
557 487 671 514 maxima
686 495 717 514 ex
735 492 809 522 parte
820 488 968 514 examinata
978 492 1028 520 cst,
1041 492 1068 515 et

272 531 305 558 ad
322 532 428 559 testium
439 533 582 560 adventum
599 532 666 560 facta
681 539 722 560 est
734 533 825 560 dilatio
836 555 842 566 ,
860 541 924 568 rogo
941 534 1068 561 Pietatem

273 581 401 610 vestram,
417 583 446 604 ut
458 577 536 605 hodie
545 578 654 613 jamjam
667 583 747 606 testes
762 578 915 613 producam.
929 580 982 606 Etsi
997 580 1067 606 enim

276 622 425 649 Antoninus
437 628 558 650 mortuus
570 630 620 656 est,
637 624 682 659 qui
702 631 824 651 nummos
842 625 943 659 accepit
957 630 984 651 et
998 625 1070 652 erdi-

275 667 358 698 navit,
371 672 486 694 attamen
499 674 642 702 supersunt
652 673 678 695 ct
692 670 735 704 qui
750 669 888 700 dederunt,
902 674 928 696 et
940 669 985 704 qui
998 670 1070 697 ordi-

274 712 328 738 nati
353 717 425 739 sunt.
441 712 545 740 Justum
567 714 653 741 visum
678 718 719 741 est
741 715 864 748 prmsenti
885 714 992 749 Synudo
1013 722 1068 742 rem

275 757 404 791 perquiri.
420 757 514 792 incipit
528 766 606 785 causa
623 767 637 785 a
651 759 765 786 lectione
780 765 909 790 actorum,
926 768 984 794 quae
997 761 1069 794 prius

277 801 343 830 facta
362 803 476 831 fuerant.
492 804 606 839 ingressi
620 809 682 831 sunt
695 809 787 835 testes,
803 805 914 839 ingressi
929 811 955 833 et
970 813 1015 833 sex
1034 806 1070 833 illi

277 849 321 883 qui
339 850 476 883 pecuniam
490 851 629 881 dederant,
645 856 671 878 et
685 851 799 877 ordinati
816 851 927 878 fuerant.
942 852 976 878 Et
996 852 1070 878 initio

278 894 384 928 quidem
400 896 541 929 negabant.
565 896 725 923 instantibus
748 901 836 924 autem
851 897 961 924 testibus
975 898 1069 931 partim

278 940 364 973 laicis,
383 942 478 976 partitn
498 943 668 978 presbyteris,
685 944 779 978 quibus
793 944 927 972 confidere
941 944 1070 971 videban-

278 990 331 1019 tur,
343 994 446 1014 necnon
468 988 622 1016 mulieribus
637 990 804 1023 quibusdam,
822 991 865 1025 qui
884 991 962 1017 etiam
980 991 1072 1025 pigno-

277 1039 335 1059 rum
349 1040 395 1060 seu
412 1042 551 1061 munerum
565 1035 668 1069 species
683 1035 815 1068 dieehant,
830 1040 856 1062 ci.
873 1036 946 1069 loca,
963 1040 991 1063 et
1002 1040 1071 1063 tem-

277 1084 352 1111 pora,
372 1083 398 1106 et
413 1080 597 1113 quantitatem.
616 1080 682 1107 Cum
707 1088 773 1107 vero
793 1088 885 1108 eorum
907 1081 1070 1108 conscientia

276 1127 347 1149 recta
363 1131 414 1150 non
430 1129 512 1157 esset,
525 1125 594 1152 ultro
605 1125 775 1156 conﬁtentur,
787 1126 837 1152 levi
849 1125 967 1152 adhibita
981 1133 1072 1154 neces-

278 1168 357 1195 sitate
374 1177 380 1195 :
394 1169 530 1201 Dedimus,
546 1169 697 1196 confessum
716 1175 765 1202 est,
788 1175 815 1198 et
828 1171 944 1198 ordinati
957 1178 1048 1198 sumus
1063 1180 1071 1198 :

278 1213 357 1239 talem
381 1219 505 1247 putantes
526 1222 585 1241 esse
607 1215 843 1247 consuetudinem,
872 1221 899 1243 ut
921 1216 1073 1243 videremur

279 1266 292 1284 ιι
307 1258 385 1285 Curia
398 1258 514 1285 liberari.
532 1260 563 1286 Et
578 1267 647 1286 nunc
658 1268 776 1294 oramus,
792 1261 813 1287 si
828 1261 867 1288 fas
880 1266 932 1294 est,
946 1262 1030 1289 sitnus
1045 1261 1071 1289 in

280 1305 428 1331 ministerio
444 1305 570 1333 Ecclesia:
588 1315 594 1333 :
613 1307 653 1333 sin
673 1307 769 1340 minus,
785 1315 888 1337 aurum.
907 1308 976 1342 quod
996 1308 1071 1335 dedi-

282 1357 351 1382 mus,
364 1350 524 1385 recipiamus
540 1360 546 1378 :
562 1352 668 1386 quidam
682 1353 752 1380 enim
773 1361 788 1380 e
809 1353 885 1380 nobis
899 1361 1010 1380 uxorum
1024 1361 1071 1381 su-

281 1395 439 1430 pellectilem
454 1397 584 1424 dedimus.
605 1398 643 1425 Ad
666 1399 722 1426 lucc
743 1399 859 1426 Joannes
871 1399 979 1435 Synodo
993 1400 1072 1435 polli-

280 1441 350 1468 citus
368 1446 409 1468 est
424 1451 430 1469 :
447 1442 521 1475 Quod
538 1444 570 1470 ad
592 1444 691 1470 curiam
707 1444 813 1479 quidem
828 1445 931 1477 attinet,
947 1452 995 1480 ego
1014 1453 1071 1479 eos,

280 1487 336 1514 Deo
354 1487 473 1522 juvante,
490 1489 618 1523 liberabo,
637 1494 747 1518 exorato
762 1490 923 1525 lutperatore
940 1501 946 1518 :
962 1499 1007 1518 vos
1026 1499 1073 1519 au-

279 1537 333 1559 tem
346 1534 480 1566 mandate,
490 1539 517 1561 ut
531 1535 563 1562 ab
572 1535 716 1563 heredibus
726 1537 851 1563 Antonini
867 1537 915 1571 ipsi
930 1537 1070 1572 accipiant,

279 1585 340 1613 qua:
352 1578 492 1607 dederunt.
513 1580 642 1615 Prmcepit
663 1581 799 1616 Synodus,
815 1587 844 1609 ut
857 1590 951 1609 aurum
967 1584 1072 1618 accipe-

280 1629 341 1651 rent
354 1625 387 1652 ab
402 1625 544 1653 heredibus
559 1627 701 1658 Antonini,
715 1633 742 1655 et
761 1628 989 1656 communicarent
1004 1630 1072 1656 intra

280 1669 363 1695 altare
379 1678 385 1695 ε
400 1676 490 1698 essent
503 1676 592 1699 autem
605 1673 659 1706 jam
675 1680 727 1699 non
742 1674 903 1706 sacerdotes,
917 1682 964 1702 sex
979 1683 1010 1701 ex
1027 1682 1072 1702 sa-

280 1713 442 1747 cerdotibus,
461 1723 504 1747 ne,
519 1717 540 1743 si
555 1717 604 1744 ista
620 1718 842 1751 concederentur,
862 1726 920 1746 mos
934 1719 1008 1746 ﬁeret
1026 1719 1072 1746 Ju-

281 1758 373 1786 daicus
387 1765 432 1787 aut
446 1761 596 1797 Egyptius,
613 1764 742 1790 vendendi
757 1769 836 1798 atque
856 1765 961 1791 emendi
981 1772 1071 1792 sacer-

281 1804 394 1832 dotium.
406 1806 500 1834 Dicunt
510 1808 580 1835 enim
592 1810 770 1844 pestilentem,
780 1815 805 1837 et
817 1811 909 1838 falsum
920 1811 1072 1838 Judteorum

281 1851 470 1886 patriarcbam,
483 1854 593 1889 singulis
607 1855 685 1882 annis
695 1876 701 1887 ,
717 1860 762 1882 aut
777 1863 848 1883 anno
865 1856 1013 1891 interjecto,
1029 1865 1072 1892 sy-

283 1904 391 1932 nagoga:
407 1899 540 1933 principes
553 1905 655 1928 mutare
667 1900 700 1927 ad
716 1901 906 1928 enrradendam
921 1902 1071 1936 pecuniam,

284 1943 406 1972 similiter
416 1951 443 1972 et
452 1945 530 1980 hujus
541 1946 675 1979 tumulum,
688 1946 871 1982 [Egyptiorum
883 1947 1071 1982 patriareham,

282 1994 311 2018 ut
331 1991 473 2026 impleatur
495 1991 559 2019 illud
583 1992 718 2026 propheta:
740 2002 746 2019 :
770 1992 920 2020 Sacerdotes
940 1993 995 2028 ejus
1016 2000 1074 2020 cun

283 2036 426 2063 muneribus
440 2036 622 2071 respondebant
632 2057 638 2068 ,
652 2042 675 2063 et
689 2038 818 2072 prop/tela!
829 2038 883 2071 eius
895 2045 951 2064 cum
966 2038 1073 2072 pecunia

282 2081 482 2108 vaticinabantur
493 2082 587 2117 (Mida.
603 2082 631 2110 5.
645 2083 700 2118 li).
717 2083 816 2110 Horum
836 2083 955 2110 omnittm
969 2086 1074 2111 exstant

281 2132 339 2155 acta
365 2133 392 2155 et
411 2128 530 2162 judicum
555 2129 672 2156 nomina.
698 2128 788 2164 Neque
809 2136 863 2156 uno
883 2129 926 2156 die
946 2129 1011 2157 facta
1032 2132 1074 2156 cst

282 2173 443 2208 disquisitio,
459 2179 487 2202 ut
497 2175 622 2202 mentitus
636 2179 677 2202 est
689 2174 863 2209 Theophilus,
875 2175 921 2202 sed
937 2183 983 2209 per
996 2175 1073 2202 hien-

283 2220 366 2246 nium.
387 2220 474 2256 Atque
488 2221 678 2256 acquieverunt
692 2221 736 2255 qui
752 2220 856 2248 fuerant
874 2221 997 2253 depositi,
1015 2226 1043 2247 ιιι
1057 2228 1072 2248 n

283 2265 372 2293 futuro
383 2265 484 2301 judicio
502 2265 689 2298 liberarentur,
706 2266 742 2293 ita
758 2271 786 2292 ut
804 2273 872 2293 unus
886 2273 919 2293 ex
934 2266 966 2293 iis
988 2265 1072 2293 factus

282 2311 317 2338 sit
339 2311 503 2345 publicorum
525 2311 693 2346 negotiorum
718 2310 844 2338 defensor
864 2315 913 2338 :ct
934 2310 959 2338 in
979 2318 1072 2338 eorum

282 2355 369 2382 locuto
389 2355 492 2383 διισραί
514 2359 578 2383 sunt
598 2355 653 2388 alii,
670 2364 722 2383 non
744 2355 888 2391 conjugati,
905 2355 957 2383 vita
977 2361 1005 2384 et
1024 2356 1074 2384 do-

281 2401 366 2429 ctrina
387 2401 485 2428 ornati.
500 2400 598 2428 Verum
613 2401 734 2436 generosi
757 2401 794 2428 illi
816 2406 843 2429 et
867 2401 991 2437 litigiosi,
1012 2406 1073 2437 post

283 2447 394 2475 Joannis
404 2448 539 2480 exsilium,
555 2453 666 2483 accepto
678 2455 710 2475 eo
720 2448 790 2483 quod
801 2453 960 2484 acceperant
973 2449 1072 2484 (neque

283 2492 355 2520 enim
371 2493 450 2521 habet
464 2494 618 2528 improbitas
633 2501 745 2528 nomen,
759 2495 828 2522 sicut
844 2502 930 2530 neque
949 2495 1073 2523 substan-

285 2538 372 2575 tiam),
388 2547 434 2567 eos
447 2539 490 2575 qui
502 2544 562 2568 ante
575 2541 776 2574 quadriennium
793 2541 869 2576 ejecti
886 2540 1000 2573 fuerant,
1014 2548 1073 2568 rur-

283 2593 328 2613 sus
348 2586 374 2613 in
397 2586 529 2614 Ecclesias
549 2586 714 2618 invexerunt,
736 2592 763 2614 et
784 2587 900 2621 legitime
918 2587 943 2614 in
966 2586 1072 2614 sedibus

282 2631 428 2659 collocatos
447 2632 607 2666 expulerunt
627 2633 659 2659 ad
674 2633 866 2668 dispergendas
885 2631 983 2660 Christi
997 2639 1069 2659 oves.

284 2677 351 2704 illud
372 2681 460 2704 autern
479 2678 597 2705 omnium
621 2678 736 2705 maxime
751 2678 905 2710 ridiculum,
927 2677 967 2704 vel
984 2678 1072 2712 potius

283 2723 400 2750 lamento
410 2723 528 2758 dignum,
543 2723 565 2751 si
576 2724 701 2757 audieris,
716 2723 911 2751 studiosissime
920 2723 1070 2756 Theodore,

282 2769 409 2803 Tinm'ent,
426 2774 455 2797 ut
474 2769 510 2797 ait
532 2770 670 2805 propheta,
687 2769 767 2796 ambis
787 2777 860 2796 aurea
875 2774 924 2796 tua:
939 2768 1010 2804 (θεν.
1027 2768 1070 2795 l9.

282 2815 329 2850 '5);
345 2816 445 2852 lugebis
459 2825 531 2850 vero,
546 2817 591 2845 Dei
605 2824 697 2844 amans
717 2817 761 2852 qui
774 2816 821 2850 sis,
838 2816 956 2844 furentes
970 2815 1072 2852 cpisco-

284 2869 331 2896 ρος
344 2863 504 2891 claudestma
520 2871 599 2891 manu
614 2863 660 2891 Dei
680 2862 748 2891 dona
772 2867 983 2896 corrumpeutes.
1000 2860 1071 2894 Quas

1121 213 1191 241 enim
1203 213 1384 241 ordinationes
1398 220 1457 239 eum
1475 211 1575 247 jejunio
1595 217 1620 241 et
1635 213 1755 240 oratione
1773 216 1799 241 et
1812 214 1908 248 proba-

1121 259 1192 286 tione
1206 259 1270 286 cieri
1285 266 1316 285 ae
1329 259 1424 286 timore
1439 259 1532 286 Petrus
1546 262 1573 286 et
1584 257 1700 286 Joannes
1714 258 1855 291 faciebant,
1871 259 1908 286 illi

1120 311 1212 333 contra
1227 313 1275 340 per
1286 305 1420 339 crapulam
1442 309 1469 331 et
1487 304 1641 332 ebrietatem
1658 309 1737 338 atque
1760 305 1908 332 miseranda

1121 351 1201 384 dona,
1215 352 1324 378 abortus
1342 351 1488 382 hominum,
1506 350 1550 385 qui
1566 358 1651 384 neque
1664 350 1753 385 porcis
1772 350 1910 377 irrationa-

1122 396 1228 428 bilibus,
1243 404 1329 430 neque
1344 396 1453 423 canibus
1467 395 1536 430 digni
1551 400 1637 426 erant,
1651 395 1726 429 juxta
1740 395 1790 422 Job
1800 415 1807 427 ,
1819 395 1863 429 qui
1878 395 1910 422 de

1120 440 1154 469 iis
1166 441 1333 476 prophetavit
1347 449 1379 468 ex
1397 448 1510 476 persona
1525 440 1674 468 Servatoris
1690 449 1696 466 ε
1716 440 1785 473 Quo:
1801 448 1851 467 nou
1870 441 1910 466 di-

1120 487 1219 523 gnabor
1236 495 1328 522 ponere
1347 495 1403 514 curn
1424 487 1528 514 canibus
1549 486 1630 521 gregis
1649 487 1714 519 mei,
1735 487 1777 521 qui
1795 486 1839 513 sub
1857 494 1911 512 sur-

1121 534 1211 560 meutt's
1233 532 1345 560 uit-ebant
1364 532 1434 568 (Job
1460 532 1505 560 50.
1524 533 1533 559 l
1549 533 1568 567 ).
1592 532 1638 559 llis
1661 537 1749 559 autem
1774 533 1818 566 qui
1842 533 1911 560 inter

1121 579 1218 606 mimos
1230 583 1256 605 ct
1268 578 1374 606 Judmos
1388 578 1489 609 vivunt,
1508 582 1538 605 ut
1553 578 1645 604 amicis
1663 577 1820 610 Servatoris,
1836 585 1852 605 ε
1869 584 1911 606 sa-

1121 624 1256 658 pientibtts
1278 624 1418 652 sacerdotii
1439 631 1532 651 arcana
1553 623 1750 651 eonereduntur
1771 632 1777 649 :
1803 628 1913 658 propter

1121 677 1190 704 quos
1210 671 1290 697 etiam
1312 670 1401 704 populi
1416 670 1556 697 orthodoxi
1581 670 1695 697 oratoria
1711 669 1823 704 fugiunt.
1848 670 1912 697 νοτ.

1122 716 1195 744 venit
1214 715 1284 743 enim
1305 715 1338 742 ad
1354 723 1403 742 nos
1416 723 1513 742 novum
1528 715 1591 742 illud
1609 719 1636 742 et
1655 715 1768 742 levitatis
1788 715 1912 750 plenissi-

1122 768 1194 787 mum
1212 761 1314 788 facinus
1327 761 1453 788 Ecclesia:
1469 761 1610 795 Ephesime
1625 769 1631 786 :
1646 760 1738 795 quidni
1753 761 1835 793 enim,
1849 768 1912 788 cum

1123 805 1245 838 Ephesus
1266 807 1397 833 maritima
1415 807 1459 839 sit,
1481 811 1509 834 et
1527 806 1603 834 facile
1623 807 1718 833 famam
1738 806 1913 834 transvebat?

1122 849 1187 877 Nam
1213 851 1238 877 in
1259 851 1344 878 locum
1367 852 1451 883 illutn,
1471 851 1512 879 vel
1533 852 1620 886 potius
1642 851 1670 878 in
1691 852 1776 879 locum
1800 851 1913 879 Joannis

1123 895 1165 929 qui
1184 895 1354 930 Evangelium
1372 897 1492 931 scripsit,
1514 901 1540 924 et
1563 904 1643 931 super
1663 897 1804 932 Sapientia:
1819 901 1914 931 pectus

1125 941 1241 969 fideliter
1253 943 1383 975 recubuit,
1398 943 1431 970 de
1445 951 1499 978 quo
1514 943 1640 978 scriptum
1654 947 1695 970 est
1708 952 1715 971 :
1731 942 1810 975 Quem
1823 943 1914 977 dilige-

1123 987 1164 1013 bat
1185 986 1263 1014 Iesus
1284 987 1372 1022 (Joan.
1394 988 1439 1016 21.
1461 988 1518 1023 20),
1541 989 1583 1016 cui
1605 990 1733 1016 suecessit
1747 989 1914 1022 Timotheus,

1124 1032 1197 1059 Pauli
1210 1033 1365 1068 discipulus,
1380 1033 1414 1061 ad
1426 1042 1504 1069 quem
1518 1034 1577 1061 dum
1595 1033 1716 1061 feruntur
1727 1034 1839 1068 apostoli
1851 1034 1915 1068 lei-

1123 1078 1218 1110 stolzn;
1249 1079 1367 1106 succedit
1392 1079 1553 1107 ahominatio
1579 1079 1761 1106 desolatiouis.
1784 1079 1915 1107 Ordinato

1123 1124 1194 1151 enim
1206 1124 1238 1151 ab
1252 1125 1282 1151 iis
1299 1125 1413 1152 Victoris
1428 1125 1525 1152 tribuni
1541 1125 1672 1158 eunucho,
1685 1125 1710 1152 iu
1721 1125 1784 1152 sede
1793 1125 1916 1160 episcopi

1123 1177 1184 1196 cttm
1197 1169 1362 1197 collocarunt
1378 1178 1385 1196 :
1401 1174 1427 1196 ct
1441 1170 1483 1204 qui
1497 1177 1511 1196 a
1527 1170 1693 1204 septuaginta
1704 1170 1836 1204 episcopis
1848 1177 1915 1198 con-

1124 1215 1231 1242 stitutus
1245 1215 1342 1248 fuerat,
1355 1216 1381 1242 in
1392 1223 1499 1242 carcere
1510 1223 1593 1250 ttsque
1608 1215 1640 1242 ad
1656 1215 1725 1242 hunc
1738 1215 1807 1242 diem
1823 1223 1915 1243 macc-

1123 1267 1184 1289 rant
1197 1262 1291 1294 virum,
1303 1262 1431 1298 cncycliis
1441 1261 1587 1295 disciplinis
1601 1261 1702 1296 optime
1713 1261 1875 1293 institutum,
1888 1265 1916 1288 et

1123 1305 1273 1333 divinarum
1285 1307 1482 1341 Scripturarum
1498 1307 1610 1341 peritum
1625 1315 1631 1332 :
1648 1306 1692 1340 qui
1707 1305 1733 1332 in
1748 1313 1838 1333 eremo
1854 1313 1915 1333 mo-

1124 1354 1252 1381 nasticam
1262 1355 1343 1381 vitam
1355 1358 1454 1388 egerat,
1467 1358 1493 1380 ct
1504 1353 1547 1388 qui
1562 1361 1609 1388 per
1620 1357 1675 1380 tres
1688 1359 1771 1379 annos
1784 1352 1917 1380 diaconus

1124 1399 1218 1426 luerat.
1233 1399 1319 1434 Atque
1330 1400 1430 1426 utinam
1446 1399 1584 1426 ettnuchus
1598 1399 1641 1425 ille
1657 1398 1699 1433 qui
1711 1398 1848 1425 ordinatus
1860 1404 1914 1429 est,

1125 1443 1263 1471 honestam
1274 1445 1354 1471 vitam
1367 1444 1475 1479 egisset,
1490 1449 1515 1471 et
1530 1444 1582 1471 hoc
1594 1444 1692 1473 malum
1707 1443 1782 1478 quasi
1793 1442 1918 1470 dimidia-

1125 1494 1180 1517 tum
1193 1490 1278 1517 esset!
1293 1491 1326 1516 At
1336 1497 1416 1522 nunc,
1429 1494 1506 1516 terra:
1517 1489 1624 1521 vermis,
1640 1489 1740 1516 ventris
1751 1488 1915 1522 mancipium

1123 1535 1281 1562 feminarum
1305 1542 1396 1561 amore
1416 1535 1553 1565 insanum,
1579 1533 1737 1568 impudens,
1765 1532 1914 1564 ebriosum,

1124 1580 1313 1610 meretricium,
1330 1579 1434 1610 venale,
1451 1579 1590 1611 illiberale,
1604 1585 1724 1611 avarum,
1740 1577 1773 1604 ab
1787 1577 1843 1612 ipsa
1859 1582 1917 1604 sta-

1125 1625 1171 1652 tim
1192 1625 1328 1652 nativitate
1348 1624 1419 1651 ferro
1434 1624 1594 1655 obnoxium;
1611 1630 1661 1650 nec
1678 1623 1718 1650 vir
1731 1629 1780 1650 nec
1794 1622 1915 1653 femina;

1124 1671 1264 1704 furiosum,
1279 1675 1306 1697 et
1319 1670 1374 1705 qui,
1390 1675 1416 1697 ut
1432 1677 1503 1704 δειδρο
1518 1668 1617 1701 audivi,
1633 1669 1703 1695 inter
1715 1668 1830 1702 satyrica
1844 1675 1916 1695 con-

1123 1719 1191 1745 vivia
1212 1717 1354 1744 theatrales
1368 1715 1469 1752 puellas
1484 1714 1602 1742 humeris
1618 1714 1741 1749 portavit,
1756 1713 1843 1747 capite
1863 1712 1916 1741 he-

1124 1763 1188 1791 dera
1213 1767 1358 1795 coronato,
1384 1766 1514 1789 craterem
1539 1762 1628 1788 ferens
1649 1768 1749 1792 manu,
1773 1763 1800 1786 et
1822 1760 1919 1787 vinum

1124 1808 1238 1836 fundens
1250 1808 1274 1834 in
1286 1807 1402 1842 speciem
1417 1806 1527 1834 fabulosi
1537 1805 1642 1833 Bacchi.
1655 1805 1716 1832 Hmc
1726 1809 1813 1831 autem
1824 1804 1920 1831 omnia

1125 1854 1196 1888 fecit,
1210 1861 1261 1880 non
1274 1858 1415 1887 antequam
1427 1852 1532 1879 Christo
1548 1851 1705 1882 initiaretur,
1719 1850 1764 1877 sed
1787 1854 1849 1884 post
1868 1850 1920 1876 ba-

1124 1900 1249 1934 ptismum
1262 1907 1270 1925 :
1283 1899 1326 1933 qui
1339 1905 1386 1932 per
1395 1897 1452 1924 luce
1462 1896 1579 1924 ostendit
1588 1895 1809 1923 resurrectionem
1819 1902 1849 1922 se
1861 1902 1921 1923 non

1124 1945 1243 1972 credere.
1260 1944 1309 1977 Qui
1324 1944 1396 1970 enim
1412 1942 1615 1970 resurrectionis
1631 1941 1833 1969 fundamentum
1848 1940 1920 1968 sub-

1125 1990 1220 2021 vertit,
1236 1988 1371 2024 quomodo
1387 1995 1445 2016 eam
1461 1987 1566 2015 credit?
1584 1987 1629 2022 qui
1651 1991 1741 2013 autem
1760 1993 1814 2013 non
1829 1985 1922 2013 credit

1124 2035 1358 2065 resurrectionem,
1374 2041 1427 2068 quo
1441 2037 1518 2068 pacto
1534 2031 1738 2060 resurrectionis
1752 2038 1840 2066 przcco
1850 2031 1918 2063 erit,

1122 2081 1197 2117 juxta
1217 2088 1277 2108 cum
1298 2080 1343 2114 qui
1358 2079 1424 2107 dixit
1446 2088 1452 2105 :
1471 2078 1603 2110 Quomodo
1625 2082 1708 2105 autent
1730 2077 1918 2112 pradicabunt.

1124 2126 1174 2153 nisi
1192 2125 1344 2152 crediderint
1357 2124 1443 2160 (Rom.
1456 2123 1499 2151 ιο.
1511 2123 1567 2158 14).
1579 2122 1629 2150 llic
1639 2121 1744 2157 quidem
1759 2121 1832 2149 nulla
1842 2128 1921 2148 mer-

1124 2172 1189 2200 cede
1204 2175 1293 2199 castus
1314 2174 1364 2203 est,
1380 2169 1452 2197 ferro
1470 2174 1574 2201 sectus;
1595 2172 1721 2195 caeterum
1737 2167 1836 2194 insanit
1854 2166 1923 2194 sine

1125 2218 1212 2246 fructu
1227 2225 1274 2252 per
1285 2224 1359 2244 suam
1375 2215 1539 2250 spurcitiem.
1555 2214 1618 2242 llaec
1630 2217 1718 2240 autem
1733 2217 1795 2240 sunt
1810 2219 1870 2247 qua:
1887 2212 1920 2239 in

1125 2264 1187 2292 Asia
1214 2268 1288 2299 gesta
1311 2267 1384 2294 sunt,
1407 2261 1441 2289 de
1460 2261 1555 2297 quibus
1579 2259 1764 2294 interrogasti,
1789 2265 1821 2286 eo
1841 2257 1923 2292 quod

1125 2309 1289 2344 Theophilus
1308 2307 1454 2342 scripserit,
1464 2305 1607 2334 sexdecim
1624 2304 1764 2339 episcopos
1780 2310 1795 2330 a
1810 2302 1924 2331 Joanne

1125 2355 1261 2390 deposims
1275 2354 1363 2381 fuisse.
1375 2354 1456 2381 Certo
1469 2353 1537 2380 scias
1547 2351 1618 2386 quod
1629 2358 1676 2379 sex
1688 2350 1797 2378 fuerint.
1814 2349 1924 2377 [lorum

1125 2401 1205 2428 etiam
1226 2404 1284 2426 acta
1306 2402 1422 2431 exstant,
1445 2405 1503 2433 qua!
1525 2401 1667 2425 servantur
1688 2394 1757 2430 apud
1779 2401 1828 2422 nos
1851 2401 1923 2422 cum

1125 2444 1364 2479 subscriptionibus
1373 2443 1465 2479 viginti
1480 2443 1592 2470 duorum
1602 2441 1802 2476 episcoporum,
1816 2438 1862 2473 qui
1878 2438 1926 2466 ab

1126 2491 1202 2519 initio
1212 2497 1319 2518 causam
1332 2489 1482 2522 audierunt,
1494 2492 1523 2516 et
1532 2488 1697 2522 septuaginta
1709 2492 1801 2513 eorum
1810 2484 1855 2520 qui
1865 2483 1927 2511 ak-

1126 2541 1281 2574 posuerunt,
1299 2541 1326 2564 ει
1336 2543 1444 2563 causam
1460 2535 1646 2562 laminarum.

1159 2584 1223 2611 Car.
1249 2591 1304 2610 xvi.
1326 2596 1361 2603 -—-
1385 2581 1459 2609 Due.
1483 2581 1592 2615 ignosco
1614 2578 1699 2612 mihi,
1717 2578 1796 2607 Pater
1819 2586 1826 2605 :
1850 2576 1926 2608 talia

1125 2636 1231 2656 omnem
1243 2627 1408 2659 ebrietatem,
1420 2627 1535 2653 furorem
1546 2632 1578 2652 ae
1587 2624 1729 2652 ludibrium
1739 2626 1924 2656 exsuperant.

1126 2675 1255 2702 Furcutes
1269 2673 1340 2700 enim
1353 2672 1397 2707 qui
1413 2676 1474 2698 sunt
1486 2675 1514 2698 et
1526 2670 1592 2698 ebrii
1608 2674 1686 2704 atque
1700 2667 1785 2703 pueri,
1799 2666 1836 2694 illi
1851 2667 1905 2700 qui
1915 2681 1927 2687 -

1125 2721 1185 2748 dem
1199 2720 1242 2748 ubi
1256 2719 1423 2753 resipueruut
1433 2738 1440 2750 ,
1454 2716 1480 2744 bi
1494 2716 1538 2743 ubi
1552 2718 1750 2745 concoxerunt,
1765 2712 1809 2740 alii
1823 2715 1930 2740 autem

1125 2766 1169 2795 ubi
1191 2766 1224 2794 ad
1243 2766 1341 2801 justam
1355 2768 1458 2792 tetatem
1472 2765 1652 2799 pervenerunt
1662 2781 1670 2793 ,
1685 2763 1782 2795 negant
1794 2779 1801 2791 ,
1815 2757 1931 2786 erube-

1126 2818 1231 2841 scean
1241 2819 1321 2847 prave
1331 2815 1359 2839 et
1368 2810 1517 2838 inordinate
1528 2809 1597 2837 facta
1608 2812 1686 2842 atque
1698 2807 1768 2835 dicta
1781 2814 1787 2832 :
1800 2804 1838 2832 illi
1850 2811 1932 2833 vero

1127 2860 1154 2888 in
1167 2864 1244 2886 actate
1260 2857 1384 2891 oerfecta,
1399 2856 1462 2884 etin
1478 2859 1622 2891 apparente
1637 2852 1780 2880 sobrietate
1794 2859 1853 2879 cum
1867 2858 1939 2887 pa-
