2076 3112
164 177 198 205 53
655 176 700 204 DF.
719 174 799 204 “TA
814 175 842 203 S.
862 174 1001 205 JOANNIS
1019 175 1264 210 CHRYSOSTOMI.
1754 176 1789 204 54

165 239 280 271 trsrlnt,
300 246 356 266 non
377 238 463 267 solum
485 245 537 265 non
558 237 712 273 paenitentia
734 241 885 267 moventur,
909 233 956 262 sed

167 283 253 311 adhuc
262 283 428 315 desiderant,
441 287 471 311 ut
484 282 558 310 ﬁrma
574 287 600 310 et
615 282 757 309 immobilis
771 281 894 317 perduret
909 287 957 307 sua

169 328 335 364 improbitas.
361 328 411 362 Qui
434 329 505 356 enim
527 335 580 355 non
603 327 763 355 horruerunt
787 326 957 361 Evangelium

169 374 282 402 scelesto
294 373 374 408 capiti
390 373 526 408 imponere
537 393 544 406 ,
559 373 602 400 cui
616 373 730 399 immites
744 372 904 399 muliercultc
918 373 957 397 in-

170 421 320 452 sultavere;
335 427 398 447 num
413 419 473 446 aliis
486 418 740 451 annumerabuntur,
756 425 834 452 quam
849 417 892 451 qui
907 416 958 451 spi-

172 473 246 495 neam
267 472 395 493 coronam
419 465 464 493 Dei
487 465 554 492 Filio
577 463 778 500 impOSuerunt?
791 463 921 491 αξιοι-ιλιι]
937 462 958 488 si

173 511 241 540 nisti
262 511 372 539 modum
397 511 571 538 ordinationis
593 510 750 545 Porphyrii,
773 508 959 536 Antiochensis

174 557 300 592 episcopi,
313 560 360 584 aut
372 555 445 591 ipsos
456 556 502 591 qui
515 563 574 582 eum
593 555 766 587 ordinarunt,
784 559 829 581 ant
843 553 961 581 amicam

176 601 290 630 hominis
302 602 397 635 vitam,
411 600 551 628 obscuram
565 608 597 628 an
613 601 751 636 insignem,
763 604 790 627 et
801 599 960 630 doctrinam,

176 655 263 675 veram
278 655 312 674 an
325 646 420 674 falsam
433 667 441 680 ,
456 647 513 681 ipse
527 646 602 674 nobis
616 646 735 674 edissere
749 654 755 671 :
771 645 885 671 maxime
900 643 961 676 quia

176 694 208 721 ad
222 693 366 721 Ecclesium
388 692 533 721 Romanam
547 692 650 726 scripsit
662 711 670 724 ,
686 695 712 718 et
727 697 854 725 responso
867 689 961 724 dignus

179 740 284 769 habitus
296 746 350 766 non
364 738 423 766 fuit.
436 738 524 767 Ertsc.
540 737 638 765 Eadem
652 737 715 764 mihi
730 744 760 763 ac
775 736 848 771 prius
859 735 907 762 erit
922 741 963 761 ra-

177 786 217 813 tio
229 785 350 813 veritatis
366 793 372 810 :
387 791 441 812 non
461 783 532 812 enim
547 783 687 810 obliviscar
702 790 793 808 vocem
807 780 908 808 Domini
922 779 963 807 di-

176 830 266 862 ccum
277 839 284 858 :
299 830 337 857 De
350 830 418 857 omni
430 829 502 856 verbo
514 829 591 856 otioso
604 829 707 855 reddent
720 828 841 854 rationem
852 827 964 854 homines

178 879 205 904 in
226 877 268 904 die
281 876 374 912 judicii
390 874 503 911 (Matth.
519 875 561 902 l2.
586 875 620 902 36
633 875 652 908 ).
669 875 724 909 Ego
740 879 826 901 autem
841 872 966 900 audacter

181 922 316 955 addidero,
329 920 406 949 Etde
417 921 488 948 omni
501 921 586 948 otioso
599 921 699 948 auditu.
712 920 800 953 Itaque
815 924 841 946 et
854 919 966 953 teipsum

182 974 256 995 tuere
268 967 388 1000 cautius,
402 974 439 994 ne
453 966 476 994 si
489 966 551 1001 quid
566 974 608 993 me.
624 973 674 992 non
689 973 750 992 vt-re
764 965 834 999 loqtti
848 964 967 990 animad-

182 1017 279 1046 vertas,
290 1019 345 1039 nou
360 1011 434 1039 canis
446 1011 513 1039 meis
526 1010 615 1043 cedas,
630 1011 675 1037 scd
690 1010 737 1044 ipsi
752 1017 838 1036 rerum
853 1008 966 1036 veritati.

185 1057 250 1091 Quid
262 1056 334 1084 enim
349 1056 414 1083 mihi
426 1063 460 1083 ex
474 1056 516 1088 iis,
528 1063 586 1093 qum
598 1055 675 1083 hodie
688 1060 733 1083 aut
747 1055 802 1082 heri
814 1054 885 1081 dicta
896 1057 966 1086 sunt,

185 1101 302 1129 utilitatis
315 1100 443 1133 accedat,
460 1101 482 1128 si
496 1101 624 1134 mentiar,
639 1108 697 1135 qua:
713 1100 738 1126 iu
755 1104 909 1134 perpetuum
922 1106 969 1125 co-

185 1154 241 1174 ram
257 1151 352 1174 exacto
363 1145 463 1180 judicio
477 1145 625 1173 confusioni
641 1145 703 1172 mihi
717 1144 824 1172 forent?
838 1143 970 1179 quomodo

186 1197 274 1220 autem
287 1191 371 1219 feram
387 1191 515 1218 molarem
525 1190 697 1218 detractionis
713 1190 826 1224 lapidem
838 1190 864 1216 in
874 1189 971 1216 vertice

185 1235 293 1269 mentis,
305 1236 330 1262 in
341 1235 501 1270 profundum
509 1235 637 1270 gehennte
652 1235 795 1266 detractus,
807 1240 914 1269 propter
926 1242 972 1261 eos

184 1281 231 1316 qui
244 1288 259 1307 a
268 1280 412 1308 mendaciis
427 1280 578 1307 scandalum
588 1280 658 1315 passi
667 1285 737 1308 sunt.
750 1280 911 1315 Porphyrius
920 1279 974 1314 qni-

184 1325 248 1353 dem
257 1325 307 1352 iste
315 1326 340 1352 in
349 1324 467 1352 Ecclesia
475 1325 519 1352 diu
525 1329 643 1352 versatus
651 1330 702 1358 est,
709 1329 735 1351 et
743 1324 846 1351 diaconi
852 1328 880 1351 et
887 1331 974 1351 sacer-

184 1370 258 1398 dotis
269 1370 374 1399 functus
383 1371 471 1398 officio
483 1370 510 1397 in
525 1371 697 1406 presbyterio,
715 1371 772 1398 istis
784 1370 890 1406 quidem
905 1374 972 1397 tem-

186 1416 297 1452 poribus
313 1416 415 1444 alienos
430 1423 518 1443 mores
537 1423 632 1451 gerens
645 1437 652 1448 ,
669 1416 695 1443 in
715 1416 785 1444 nulla
804 1423 927 1450 umquam
944 1423 973 1442 re

188 1461 301 1497 spiritali
313 1461 438 1488 Ecclesia:
449 1460 554 1496 proluit.
565 1459 697 1488 Caeterum
710 1460 800 1487 vicinis
810 1465 837 1487 et
847 1460 976 1495 religiosis

188 1506 322 1544 episcopis
336 1514 442 1542 semper
454 1506 609 1539 adversans,
623 1511 714 1541 utpote
728 1507 772 1541 qui
785 1511 856 1534 esset
866 1514 881 1533 e
894 1506 977 1533 maxi-

192 1560 234 1581 ma
245 1552 367 1586 civitate,
383 1556 411 1580 et
422 1552 592 1587 magistratus
606 1551 716 1579 haberet
728 1551 753 1578 in
768 1556 907 1586 potestate,
921 1559 977 1578 rem

191 1602 354 1633 cauponatus
364 1602 405 1625 est
416 1607 423 1624 :
434 1598 531 1625 sanctis
541 1598 610 1624 enim
620 1597 831 1624 ordinationibus
840 1597 977 1629 insidians,

191 1651 298 1672 norum
309 1644 426 1671 versutia
438 1651 498 1671 sese
509 1648 655 1678 opportune
669 1643 817 1671 insinuabat
830 1642 855 1670 in
868 1643 978 1678 gratiam

191 1689 393 1725 episcoporum,
409 1689 558 1724 invitosque
570 1689 581 1725 (
593 1693 621 1715 ut
633 1689 727 1716 dixerit
741 1689 799 1723 quis
811 1687 821 1723 )
834 1688 981 1715 attrahebat

193 1734 230 1761 ad
250 1734 321 1763 leves
340 1739 368 1761 et
387 1734 480 1761 noxias
499 1734 686 1761 ordinationes.
707 1733 772 1760 Itala
791 1734 862 1760 enim
882 1740 925 1760 res
942 1737 982 1760 est

196 1780 310 1808 adulatio
318 1787 382 1808 cum
396 1780 529 1814 perversis
541 1779 659 1807 moribus
671 1787 800 1811 connexa,
812 1778 885 1813 juxta
897 1778 981 1805 conti-

195 1834 257 1855 cum
267 1826 450 1860 Menandrum,
460 1827 504 1861 qui
517 1827 553 1853 ait
567 1835 573 1852 :
586 1825 677 1859 Grave,
689 1834 702 1853 ο
713 1825 861 1860 Pamphila,
871 1825 984 1860 ingenua:

198 1875 296 1907 mulieri
301 1882 362 1901 cum
370 1874 498 1901 meretrice
507 1878 602 1900 certare
609 1882 619 1900 :
627 1874 698 1908 plura
710 1873 792 1906 ttovit,
802 1874 876 1908 plura
886 1877 968 1908 patrat
974 1893 981 1905 ,

198 1920 333 1952 erubescit
347 1920 492 1951 neminem,
507 1919 679 1954 adulatttrque
692 1919 778 1954 potius
793 1927 800 1944 :
814 1923 841 1945 et
853 1923 881 1945 ut
893 1918 929 1944 ait
942 1925 984 1945 sa—

200 1965 276 2000 piens
287 1965 426 1998 Salomon,
444 1964 526 1992 Verba
539 1965 699 1992 adllatorum
713 1964 819 1996 mollia;
834 1964 926 1999 [crium
939 1972 986 1990 att-

201 2016 252 2042 um
264 2010 298 2038 ad
311 2011 403 2038 ventris
413 2018 490 2045 Itaque
501 2010 637 2046 penetralia
647 2010 657 2046 (
668 2009 745 2038 Prov.
764 2010 809 2037 ‘26.
825 2009 889 2045 εξ).
906 2011 926 2037 A
942 2017 987 2036 ca-

203 2056 325 2090 stimonia
339 2056 410 2085 enim
423 2060 450 2083 et
459 2056 623 2084 continentia
635 2055 762 2083 adversus
777 2055 897 2083 carnales
912 2055 987 2082 volu-

206 2106 291 2138 ptates
304 2109 358 2129 non
371 2101 457 2129 solum
467 2100 553 2133 abest,
565 2100 612 2128 sed
622 2105 649 2128 et
660 2099 746 2128 hostis
758 2104 808 2133 est,
818 2101 891 2128 velut
904 2100 991 2127 vultur

206 2146 331 2182 unguenti
344 2154 353 2174 :
365 2145 433 2174 adeo
443 2150 474 2174 ut
483 2145 643 2174 Sodomitico
652 2145 756 2173 crimini
768 2145 909 2173 obnoxium
923 2144 990 2172 fama

209 2190 329 2228 volgarit.
341 2189 410 2219 Cum
424 2190 495 2218 enim
509 2194 537 2218 et
551 2190 622 2225 leges
635 2193 662 2217 et
676 2197 807 2217 mensurae
821 2193 848 2216 et
863 2188 930 2217 muri
944 2196 991 2216 vo-

210 2235 350 2271 luptatibus
364 2236 418 2264 siut
434 2242 448 2262 a
463 2241 556 2263 natura
568 2235 723 2267 constituti,
739 2239 767 2262 ut
783 2235 862 2270 vulgo
874 2234 968 2261 dicitur
984 2243 991 2261 :

210 2281 362 2318 proculcato
370 2281 478 2317 quidem
489 2288 565 2309 muro
579 2285 606 2308 et
616 2281 748 2309 confracta
763 2289 886 2309 mensura
898 2285 924 2308 et
937 2281 994 2316 lege

211 2327 316 2362 violata,
330 2326 400 2355 hanc
415 2328 449 2356 de
462 2335 492 2355 se
503 2327 681 2363 suspicionem
697 2327 803 2363 genuit,
820 2327 994 2363 prmstigiato-

212 2371 283 2407 ribus
296 2376 323 2400 et
332 2372 431 2408 aurigis
442 2376 522 2407 atque
534 2372 566 2399 iis
573 2372 616 2406 qui
630 2371 771 2399 inhonesw
786 2377 856 2399 motu
868 2380 928 2399 eum
940 2371 996 2399 dis-

214 2422 282 2445 torto
307 2425 386 2445 crure
410 2421 516 2444 veteres
537 2416 640 2444 fabulas
661 2417 805 2449 exhibent,
835 2424 949 2451 prrresse
971 2422 997 2444 et

214 2463 357 2492 convivarl.
371 2462 608 2498 Prestigiatoribus
620 2462 689 2489 enim
702 2462 788 2489 favere
799 2467 826 2489 et
839 2463 923 2489 amice
935 2470 999 2488 cou-

215 2508 288 2548 gredi
298 2516 350 2536 non
360 2508 474 2541 erubuit,
485 2508 519 2534 ita
528 2513 555 2534 ιιι
566 2507 592 2534 in
603 2508 668 2535 actis
680 2507 791 2541 plurium
801 2507 998 2542 magistratuum

217 2554 267 2582 hoc
285 2553 386 2586 crimen
403 2553 570 2581 contineatur
586 2562 592 2581 :
606 2553 650 2588 qui
666 2560 718 2579 non
741 2553 840 2586 legerat
855 2553 920 2579 hanc
935 2560 997 2579 sen-

218 2599 325 2635 tentiam
336 2608 345 2626 :
357 2599 423 2632 Quae
444 2598 532 2626 facere
550 2605 603 2625 non
621 2602 737 2633 oportet,
754 2605 785 2625 ea
810 2597 896 2625 facere
918 2605 950 2624 ne
975 2597 1000 2624 in

219 2645 395 2682 suspicionem
415 2645 516 2673 venias.
531 2647 540 2657 “
561 2645 673 2679 Propter
686 2652 764 2679 quem
782 2644 860 2670 etiam
874 2643 1001 2671 Mediator

221 2691 374 2719 verberibus
393 2695 503 2718 necatus
522 2694 572 2718 est.
587 2690 622 2717 Et
641 2690 685 2724 qui
707 2689 823 2722 invenit,
837 2690 862 2716 in
880 2690 1002 2717 exsilium

222 2736 314 2771 pulsus
323 2741 374 2769 est,
383 2735 557 2771 pmstigiator
566 2743 628 2762 vero
639 2735 664 2761 iu
677 2734 763 2769 fugam
774 2739 847 2761 actus
858 2734 914 2762 fuit.
926 2735 1004 2762 Aittnt

223 2781 295 2809 illum
305 2785 402 2816 prater
414 2780 550 2815 superiora
562 2780 672 2811 scelera,
684 2784 744 2815 post
756 2779 945 2806 ordinationem
961 2787 1003 2806 sa-

224 2833 270 2854 cra
286 2833 351 2863 vasa
367 2825 499 2855 conﬂuat:
512 2829 539 2853 et
556 2825 583 2853 itt
605 2825 771 2860 tnagistratns
787 2824 945 2859 impendisse
958 2845 964 2856 ,
979 2829 1006 2850 ut

226 2871 358 2908 videretur
369 2879 424 2903 non
439 2872 550 2906 ratione,
562 2871 609 2900 sed
623 2871 760 2907 tyranttidc
774 2870 805 2898 iis
820 2878 944 2905 praeesse,
961 2869 1005 2904 qui

1010 235 1146 262 infeliciter
1160 235 1185 261 itt
1205 235 1286 268 ipsius
1303 238 1458 269 potestatem
1471 234 1640 261 devenerant.
1655 232 1720 259 Nam
1731 240 1790 259 cum

1009 280 1103 307 exsilio
1114 280 1221 307 Joannis
1233 280 1258 306 in
1270 280 1393 306 Armenia
1401 282 1571 306 concurrerat
1580 285 1651 304 mors
1661 276 1789 306 Flaviani,

1010 324 1195 352 Antiochensis
1209 325 1336 359 episcopi.
1351 324 1416 352 Cum
1431 323 1531 350 videret
1545 322 1707 357 Porphyrius
1721 321 1792 349 viros

1008 375 1036 397 et
1049 369 1161 396 feminas
1173 369 1260 396 stttdio
1271 369 1385 404 pendere
1402 376 1416 394 a
1430 368 1498 395 collo
1517 372 1544 395 et
1561 367 1706 394 cervicibus
1721 366 1791 394 Con-

1010 415 1098 441 slantii
1112 414 1267 449 presbyteri,
1282 414 1324 448 qui
1339 421 1352 439 ιι
1368 413 1465 440 teneris
1475 433 1482 444 ,
1497 416 1525 438 ut
1539 412 1610 438 aiunt
1623 432 1630 443 ,
1645 411 1793 446 unguiculis

1012 460 1137 487 Ecclesia:
1156 460 1282 486 servierat
1295 480 1303 492 ,
1318 458 1387 491 viri,
1403 458 1469 485 utin
1486 458 1552 484 libro
1573 457 1693 485 Iudicum
1711 456 1793 483 aniti-

1011 506 1091 532 dextn‘
1114 504 1223 540 (Judic.
1246 505 1271 532 3.
1304 503 1357 538 l5)
1384 511 1390 529 :
1414 502 1511 530 etenim
1533 509 1591 537 qua:
1612 502 1670 536 ejus
1689 501 1795 528 sinistra

1013 551 1170 586 putabatur,
1196 550 1290 577 dextra
1312 549 1422 576 aliorum
1443 548 1530 582 potior
1550 552 1616 574 erat.
1637 547 1686 580 Qui
1711 546 1796 581 pritno

1013 598 1128 632 quidem,
1144 604 1203 624 cum
1219 596 1251 624 ab
1264 595 1382 630 epistolis
1396 598 1468 621 esset
1477 615 1484 626 ,
1500 594 1601 628 integer
1613 600 1628 619 a
1641 593 1711 626 turpi
1725 593 1797 618 lucro

1013 649 1040 671 et
1052 644 1129 671 d0nis
1149 644 1271 671 inventus
1285 646 1326 669 est
1340 651 1346 668 :
1361 645 1451 676 postca
1465 643 1552 667 autem
1573 638 1657 665 factus
1671 638 1754 665 lector
1771 641 1799 663 et

1008 689 1139 734 ’diaconus
1152 709 1159 722 ,
1174 692 1326 723 regnantem
1348 687 1416 714 inter
1435 685 1555 712 hcmittes
1571 683 1709 710 mulierum
1725 681 1799 708 volu-

1012 739 1116 769 ptatem
1135 734 1192 760 sine
1214 733 1303 760 labore
1323 731 1473 766 superavit,
1495 735 1522 757 ut
1541 729 1578 756 ait
1597 727 1800 755 Provcrhiorum

1017 784 1109 807 auctor
1126 788 1132 805 ε
1150 779 1292 805 illectorum
1312 785 1400 803 manus
1422 775 1496 811 facile
1517 773 1686 801 dominabitur
1700 773 1708 804 (
1724 772 1800 798 Prov.

1018 825 1061 851 l2.
1083 824 1138 858 Ἡ)
1165 824 1229 850 Nam
1251 823 1398 856 voluptates
1419 828 1545 855 sujcrare
1558 840 1564 851 ,
1584 823 1609 846 ct
1628 819 1665 845 illi
1687 817 1802 844 fortasse

1018 874 1143 904 pOSSuut,
1167 868 1211 902 qui
1232 867 1373 894 admodum
1393 865 1453 892 mali
1474 869 1548 896 sunt,
1571 869 1615 890 aut
1635 863 1739 894 titnorc,
1758 867 1803 887 aut

1019 915 1174 943 verecundia
1191 914 1311 949 corporis
1328 914 1458 940 actionem
1478 911 1633 938 cohibentes
1649 909 1728 936 multa
1741 915 1802 934 cum

1020 961 1143 989 violentia
1170 970 1176 986 :
1200 965 1226 987 at
1248 967 1312 986 vero
1335 958 1478 986 ctclestium
1501 964 1591 983 amore
1615 954 1726 982 terrenis
1752 961 1803 979 non

1020 1007 1130 1039 cedere,
1156 1006 1202 1033 Dei
1225 1005 1368 1031 amantium
1387 1004 1472 1031 solttm
1495 1006 1550 1034 est,
1573 1009 1638 1036 quos
1660 1005 1688 1027 et
1707 1000 1805 1026 electos

1021 1054 1123 1080 vocavit
1137 1052 1284 1086 Scriptura,
1301 1051 1391 1077 dicens
1407 1059 1413 1076 :
1427 1049 1518 1075 Manus
1531 1048 1662 1074 electorum
1676 1045 1750 1080 facile
1760 1045 1806 1070 ἀοι

1023 1097 1165 1124 minabitur.
1178 1097 1307 1123 Ctult‘l’uﬂl
1319 1095 1388 1121 mitis
1399 1093 1504 1128 quidem
1516 1093 1559 1119 ille
1569 1095 1618 1123 est,
1629 1091 1649 1117 si
1661 1090 1720 1124 quis
1726 1089 1805 1120 alius,

1022 1148 1109 1170 asceta
1119 1163 1125 1173 ,
1142 1141 1279 1176 perspicax
1291 1160 1298 1172 ,
1314 1147 1375 1166 acer
1390 1138 1421 1165 ad
1437 1136 1633 1172 intelligendum
1643 1155 1651 1168 ,
1668 1133 1757 1161 tardus
1773 1133 1806 1159 ad

1023 1188 1228 1222 corrcptionem,
1237 1184 1440 1221 cogitabundus,
1454 1191 1559 1216 Semper
1568 1179 1807 1208 considerationem

1025 1234 1146 1264 lllttllctts,
1162 1231 1314 1258 misericors
1323 1250 1330 1262 ,
1343 1229 1461 1264 pecunia:
1473 1227 1580 1254 minime
1593 1225 1713 1260 cupidus,
1727 1224 1752 1250 in
1765 1223 1809 1257 ju-

1024 1279 1099 1307 diciis
1108 1279 1204 1313 justus,
1212 1275 1370 1311 long-animis
1380 1274 1412 1301 ad
1423 1273 1543 1308 injurias,
1556 1271 1588 1298 ad
1597 1268 1808 1306 persuadendum

1025 1324 1183 1354 vehemens,
1201 1322 1304 1356 jejunus
1318 1327 1388 1354 smpe
1408 1319 1551 1354 persistens
1569 1323 1653 1351 usque
1672 1314 1704 1341 ad
1719 1320 1812 1348 vespe-

1028 1377 1094 1400 ram,
1107 1373 1136 1394 ut
1149 1366 1260 1394 afﬂictos
1272 1366 1406 1395 liberaret,
1419 1363 1544 1398 adSpectu
1556 1359 1723 1391 venerabilis,
1734 1357 1813 1384 oculo

1027 1421 1144 1443 severus.
1154 1412 1230 1438 velox
1242 1411 1344 1438 incessu
1352 1429 1360 1442 ,
1374 1407 1479 1439 czclebs,
1489 1411 1516 1434 ut
1531 1413 1576 1441 par
1585 1409 1639 1437 est,
1647 1403 1811 1432 renidentem

1026 1459 1120 1486 {iorem
1136 1458 1162 1485 in
1176 1457 1248 1484 vultu
1269 1462 1429 1483 conservans
1449 1454 1475 1480 in
1495 1452 1558 1487 ipsis
1577 1457 1682 1486 quoque
1703 1448 1812 1476 morbis.

1031 1506 1105 1532 llunc
1119 1504 1197 1539 igitur
1215 1503 1293 1529 talem
1309 1502 1393 1527 virum
1416 1499 1533 1534 pecuniis
1556 1497 1606 1523 hoc
1629 1495 1707 1522 modo
1723 1494 1812 1528 fugare

1032 1550 1147 1576 molitur.
1162 1548 1230 1575 Misit
1241 1547 1273 1574 ad
1285 1546 1444 1574 Comitatum
1456 1548 1482 1570 et
1494 1542 1526 1569 ad
1541 1540 1702 1575 potentiores
1712 1540 1813 1573 episco-

1031 1603 1088 1630 pos,
1096 1599 1173 1629 atqne
1180 1593 1249 1620 ltnnc
1257 1592 1338 1619 literis
1346 1588 1523 1625 lmperaturiis
1532 1588 1556 1614 in
1563 1586 1641 1614 Dasin
1654 1583 1816 1619 rclegaricu—

1032 1629 1163 1674 rat,veluti
1173 1638 1326 1673 populorum
1336 1635 1553 1671 perturbatorem.
1563 1632 1610 1665 Qui
1620 1631 1707 1658 statim
1715 1630 1757 1656 ubi
1768 1629 1817 1655 hoc

1034 1684 1148 1716 rescivit,
1161 1683 1305 1709 amicorum
1319 1680 1417 1706 auxilio
1431 1679 1456 1706 in
1469 1677 1583 1713 Cyprum
1599 1675 1672 1710 fugit.
1685 1674 1742 1708 Ipse
1753 1680 1815 1700 vero

1034 1729 1197 1764 Porphyrius
1215 1727 1352 1762 (Syriacum
1368 1730 1395 1753 ct
1419 1724 1595 1759 Diophantum
1606 1743 1612 1754 ,
1638 1722 1817 1756 presbyteros.

1034 1775 1197 1809 clericosque
1211 1778 1321 1800 ceteros
1332 1792 1338 1804 ,
1351 1771 1378 1798 in
1395 1770 1541 1797 custodiam
1557 1769 1663 1794 mittens
1675 1786 1682 1798 ,
1696 1765 1820 1792 observat

1037 1826 1140 1855 tempus
1150 1827 1202 1855 quo
1213 1818 1298 1846 omnis
1310 1818 1402 1845 civitas
1416 1816 1449 1842 ad
1462 1814 1612 1841 suburbana
1625 1811 1762 1843 transiret;
1774 1809 1820 1835 ha-

1037 1854 1103 1894 bens
1122 1854 1190 1900 apud
1208 1871 1238 1892 se
1257 1862 1381 1890 Acacium
1394 1882 1401 1894 ,
1421 1860 1593 1888 Severianum
1613 1862 1640 1884 et
1662 1854 1820 1883 Antiochum

1037 1912 1221 1944 absconditos,
1238 1910 1321 1945 prima
1335 1908 1377 1935 die
1392 1906 1540 1935 festivitatis
1552 1926 1558 1936 ,
1572 1903 1639 1939 apud
1655 1901 1764 1936 gentiles
1777 1907 1821 1926 ce-

1038 1958 1203 1989 leberrimae,
1220 1955 1400 1991 Olympiorum
1422 1953 1523 1980 scilicet
1537 1950 1590 1983 (sic
1609 1950 1678 1976 enim
1697 1950 1823 1974 vocantur

1040 2003 1183 2033 certamina
1198 2009 1258 2038 qua:
1272 2002 1305 2029 ab
1328 2000 1439 2029 llerCttle
1459 1998 1592 2030 instituta,
1607 1999 1701 2031 quarto
1720 1999 1824 2028 quoque

1041 2057 1111 2078 anno
1123 2047 1309 2082 celebrantur)
1326 2055 1332 2072 ε
1349 2046 1376 2073 in
1389 2052 1439 2080 qua
1452 2065 1460 2076 ,
1476 2048 1503 2070 ut
1517 2043 1553 2070 ita
1568 2042 1653 2068 dicam
1665 2060 1673 2072 ,
1687 2038 1825 2066 mulierum

1042 2103 1145 2131 greges,
1161 2101 1212 2121 una
1225 2100 1285 2120 cum
1303 2091 1405 2127 populis
1416 2110 1423 2122 ,
1438 2089 1616 2117 ell‘ervescunt
1634 2085 1667 2113 ad
1682 2083 1826 2131 Daphnen,

1044 2129 1076 2167 ad
1089 2129 1248 2174 spectandos
1264 2136 1377 2164 athletas
1393 2143 1400 2161 :
1415 2142 1475 2161 cttm
1487 2133 1513 2160 in
1525 2131 1665 2160 ecclesiam
1681 2129 1827 2163 irrupisset.

1045 2186 1123 2213 simul
1135 2192 1195 2212 cum
1206 2183 1360 2211 memoratis
1369 2179 1502 2217 episcopis
1509 2184 1535 2206 et
1544 2177 1647 2206 clericis
1656 2175 1756 2211 pani-is,
1763 2174 1828 2201 clam

1044 2231 1192 2263 ordinatur,
1208 2228 1303 2256 clausis
1314 2227 1412 2262 januis,
1427 2225 1508 2252 multa
1520 2231 1579 2251 cum
1596 2220 1778 2250 festinatione;
1796 2218 1830 2244 ita

1047 2282 1075 2304 ιιι
1086 2284 1118 2303 ne
1132 2275 1309 2310 precationem
1323 2272 1429 2307 quidem
1443 2269 1475 2297 ad
1491 2270 1569 2296 finem
1586 2265 1766 2303 perduxerint,
1777 2270 1829 2290 mc-

1048 2326 1151 2350 tuentes
1166 2329 1199 2347 ne
1217 2318 1487 2355 deprehenderentur.
1507 2315 1570 2343 Tale
1585 2313 1655 2341 enim
1675 2310 1830 2339 adulterium

1049 2372 1099 2400 est,
1115 2365 1202 2401 spuria
1217 2365 1299 2400 gignit
1312 2369 1339 2392 et
1357 2363 1427 2390 facit.
1444 2360 1527 2389 Porro
1539 2359 1698 2387 Severianus
1709 2360 1736 2383 et
1750 2355 1813 2382 socii
1824 2373 1830 2385 ,

1051 2418 1159 2448 accepto
1172 2413 1256 2448 pretio
1267 2432 1273 2442 .
1289 2418 1335 2445 pcr
1347 2414 1452 2437 montes
1467 2412 1494 2435 et
1507 2407 1575 2434 invia
1588 2405 1645 2432 loca
1663 2403 1752 2437 fugere
1763 2422 1769 2433 ,
1785 2401 1832 2427 htt-

1051 2446 1158 2487 manum
1173 2446 1278 2492 quidem
1299 2456 1430 2483 evitantes
1453 2451 1597 2487 perieulum
1609 2470 1615 2481 ,
1632 2448 1678 2476 sed
1700 2446 1814 2474 divinam
1828 2466 1834 2477 ,

1053 2513 1130 2541 quam
1146 2503 1319 2539 ignorabant,
1336 2499 1541 2535 indignationem
1558 2497 1731 2523 incurrentes.
1746 2492 1837 2520 Soluto

1053 2556 1141 2578 autem
1153 2548 1239 2584 populi
1250 2546 1410 2582 spectaculo,
1424 2543 1580 2579 populisque
1595 2542 1619 2568 in
1629 2540 1719 2567 urbem
1733 2545 1838 2572 regres-

1054 2596 1099 2626 sis,
1114 2594 1260 2621 nuntiatum
1277 2592 1339 2626 ipsis
1353 2595 1393 2618 est
1411 2589 1472 2624 quid
1493 2587 1638 2622 Porphyrio
1652 2584 1782 2612 evenisset
1792 2602 1798 2613 ,
1813 2587 1838 2608 et

1055 2640 1116 2674 quid
1132 2638 1242 2665 Aeacius
1260 2637 1366 2671 egisset.
1390 2634 1557 2661 Sustiuentcs
1573 2639 1635 2665 ergo
1651 2629 1778 2661 tantisper
1793 2634 1839 2652 ve-

1056 2693 1133 2719 ενοι-θ
1148 2685 1194 2712 illo
1210 2690 1291 2717 usque
1311 2682 1336 2708 in
1352 2680 1495 2708 crastinum
1507 2698 1514 2710 ,
1530 2677 1600 2704 velut
1620 2680 1726 2710 propter
1740 2671 1840 2699 adultu-

1058 2732 1124 2758 rittm
1147 2729 1259 2764 perculsi
1270 2749 1277 2760 ,
1297 2733 1489 2754 consurrexere
1501 2745 1508 2756 ,
1525 2731 1555 2750 ac
1574 2721 1728 2749 confluxere
1740 2739 1747 2750 ,
1763 2718 1841 2744 sintut

1059 2763 1153 2804 omnes
1163 2784 1222 2803 cum
1234 2775 1293 2809 igne
1305 2778 1331 2801 et
1342 2770 1492 2801 sarmentis,
1501 2767 1674 2803 Porphyrium
1685 2769 1764 2798 atque
1773 2763 1842 2789 ardes

1059 2824 1116 2858 cjtts
1129 2823 1218 2849 delere
1234 2821 1364 2847 volentes.
1381 2817 1543 2852 Porphyrius
1564 2819 1650 2841 autem
1672 2819 1722 2839 non
1739 2811 1843 2845 ignarus

1061 2877 1112 2903 qtto
1127 2868 1187 2896 odio
1201 2866 1351 2899 haberetur,
1365 2863 1457 2891 relicto
1471 2862 1533 2893 Deo,
1550 2860 1582 2887 ad
1601 2859 1751 2894 pratfectutn
1768 2863 1829 2883 exrr
