2076 3112
247 165 282 191 55
880 168 1036 198 PALLADH
1056 169 1227 199 Dl.\!.0(ll.‘3
1838 166 1873 193 56

247 223 315 249 citus
328 223 460 259 confugit,
476 225 641 260 hnpletisque
656 225 679 253 ei
701 225 820 253 manibus
831 247 838 260 ,
855 225 952 254 bellum
965 226 1034 258 gerit

248 268 373 297 adversus
388 270 535 298 Servatoris
549 271 682 298 auditores
694 291 700 303 ,
721 278 780 298 cum
798 276 920 299 avertens
933 279 948 299 a
963 272 1034 300 bello

248 315 372 342 Isaurico.
389 316 421 342 Et
436 316 517 343 lsauri
532 316 638 350 quidem
658 317 765 344 maximi
781 317 919 351 praedones
933 317 1032 344 Rosum

246 368 273 390 ct
285 363 430 390 Seleuciam
447 363 585 390 vastabant
608 371 615 389 :
636 363 799 398 Porphyrius
818 371 880 391 vero
894 368 920 391 et
934 363 1032 390 Valen-

247 409 317 435 tinus
336 409 430 436 Comes
442 429 449 441 ,
465 415 524 435 eum
538 409 647 436 armatis
667 409 806 437 ecclesiam
825 409 1032 436 orthodoxornm

245 453 477 488 drprmdabantur;
491 454 657 481 tremendum
665 455 751 482 crucis
760 455 874 490 signum,
885 455 953 490 quod
963 454 1034 482 velttt

246 498 399 532 magistrum
407 497 432 526 in
441 499 558 526 numeris
564 503 708 534 portantes,
716 500 742 527 in
750 505 819 528 terra
826 500 923 527 inculta
930 500 1034 527 litanias

246 543 368 578 agebant,
391 544 502 579 pedibus
518 545 634 579 ipsorum
649 546 846 574 conculcantes.
859 546 922 573 Post
935 546 1035 581 aliquot

246 593 334 616 autem
348 589 404 616 dies
418 589 540 617 festinato
553 589 586 617 ad
599 589 757 618 Comitatum
769 591 858 624 mittit,
872 596 950 626 atque
964 590 1034 626 apud

248 635 400 669 huiusmodi
420 636 589 670 magistratus
609 640 759 671 comparat,
777 640 805 663 ut
822 636 927 671 quidam
941 635 1034 664 viridis

246 687 278 706 ac
291 680 388 707 crudus
400 688 480 708 senex
490 702 498 714 ,
515 681 633 708 moribus
646 681 776 716 perversis
786 702 793 714 ,
807 681 928 716 obliquus
939 701 946 714 ,
960 681 1033 708 Prte-

247 723 331 751 fectus
345 725 457 760 Vigilum
471 731 617 759 crearetur,
633 731 660 753 ut
676 726 807 753 licrntiam
824 727 925 755 habens
939 727 1034 761 probos

246 777 364 805 quosque
374 771 561 804 calumniandi,
576 772 707 799 civitatem
721 772 746 799 in
759 780 838 799 manu
850 772 966 804 haberet,
983 772 1034 800 Nc-

245 815 328 848 ronis,
341 815 385 843 Dei
395 815 490 849 hostis,
502 824 590 844 mores
605 817 720 844 imitans.
732 817 788 844 Non
802 818 872 844 enim
884 818 932 852 ipsi
944 817 1033 844 datum

246 865 288 888 est
296 861 414 888 oratione
421 862 638 896 persuadere,sed
648 863 904 890 irrationabilitatect
914 863 1035 890 immani-

248 910 300 934 tate
310 915 415 935 vexare.
430 907 530 942 Quippe
542 908 584 942 qui
598 916 644 942 pro
655 916 735 943 scopo
747 916 797 935 non
814 909 921 936 haberet
932 909 1035 944 placere

247 954 311 986 Deo,
324 959 443 981 errantes
463 954 564 980 animas
577 954 722 986 reducenti,
733 955 779 981 sed
795 955 904 989 implere
914 961 1034 982 ventrem

245 999 387 1033 serpentis,
399 999 441 1033 qui
451 1006 530 1033 super
539 1004 629 1033 pectus
640 994 767 1034 graditur.
780 1000 871 1035 Populi
881 1001 958 1035 igitur
966 1001 1034 1027 relu-

245 1048 356 1077 ctantes,
365 1044 390 1070 in
400 1044 509 1071 ecclesia
516 1045 603 1077 specie
611 1044 716 1080 quidem
724 1046 893 1078 conveniunt,
903 1050 974 1072 metu
982 1054 1036 1073 ver-

246 1091 348 1123 berum,
357 1097 446 1117 revela
456 1094 542 1117 autem
550 1090 629 1117 vitam
639 1098 712 1118 suam
722 1097 981 1127 exsccrautes,atque
990 1092 1035 1119 Dei

246 1130 626 1165 ultionemcxspectantes.Ad
636 1132 692 1159 iure
701 1133 869 1168 stupefactus
877 1135 1036 1164 Theodorus

243 1176 323 1203 dixit:
334 1176 435 1204 Prteter
442 1181 566 1204 naturam
576 1181 602 1204 et
612 1178 757 1210 rationem,
767 1179 856 1213 Pater,
866 1188 908 1208 res
917 1182 983 1209 istas
991 1190 1036 1210 au-

244 1224 298 1249 dio.
311 1222 343 1250 Ut
354 1223 499 1258 plurimum
510 1224 582 1250 enim
594 1231 668 1250 vanre
674 1224 766 1259 gloria:
772 1226 863 1260 cupidi
878 1226 1037 1257 hotninibus

247 1271 350 1305 placere
358 1271 446 1298 atnbiu
460 1276 485 1304 γι,
497 1271 677 1299 etadulatorcs
686 1273 943 1308 inveniuntur,atque
952 1273 1036 1301 lautas

247 1324 352 1343 mensas
367 1317 512 1349 instruunt,
527 1321 554 1344 ut
567 1323 688 1345 amentur
699 1323 724 1345 et
739 1318 806 1345 bene
820 1319 942 1352 audiant,
956 1319 1034 1346 etiam

246 1367 321 1396 sputa
332 1370 400 1397 saepe
409 1363 561 1390 tolerantes.
569 1364 706 1397 Quomodo
718 1364 796 1399 igitur
805 1365 1036 1400 Porphyrius,sive

247 1408 314 1434 alius
329 1409 468 1443 quispiam,
485 1409 570 1436 mittas
583 1414 609 1436 et
622 1409 749 1444 suppliria
762 1416 839 1445 atqtte
851 1411 941 1438 exsilia
957 1419 1034 1438 exer-

248 1453 359 1485 cueriut,
376 1453 476 1489 ignoro.
493 1454 578 1482 Ertsc.
595 1454 650 1482 lloe
663 1463 726 1482 vero
738 1455 912 1483 admiratione
927 1457 1034 1491 dignum

246 1505 298 1533 e5t,
309 1499 458 1533 Theodore,
470 1500 540 1535 quod
552 1500 582 1527 ad
596 1505 696 1528 tantum
711 1502 886 1536 improbitatis
897 1510 1034 1530 excessum

246 1545 424 1580 proruperint,
437 1551 463 1572 ut
479 1553 532 1573 non
547 1546 626 1574 modo
640 1546 790 1574 hominibus
800 1548 905 1583 placere
916 1557 967 1575 non
978 1554 1035 1576 stu-

245 1591 334 1624 deant,
349 1599 439 1618 verum
456 1591 602 1619 facinorum
616 1600 721 1628 quoque
732 1601 839 1620 suorum
852 1593 1034 1622 confusionem

247 1637 355 1665 minimc
366 1646 459 1666 curare
472 1647 478 1665 :
490 1639 589 1666 malitia
602 1640 671 1667 enim
687 1641 812 1667 malitiam
828 1640 852 1668 in
866 1641 962 1669 mali‘tia
976 1650 1036 1676 pro-

248 1687 345 1710 movet.
365 1683 437 1711 Tunc
448 1685 517 1712 enim
533 1685 632 1712 malitia
647 1685 751 1713 inanem
771 1686 880 1721 gloriam
896 1688 1033 1722 producit,

247 1736 308 1756 eum
322 1729 456 1757 blanditiis
469 1731 524 1757 suis
536 1731 666 1765 imperare
680 1731 782 1758 stolidis
792 1736 880 1766 sperat
894 1741 900 1759 :
917 1740 976 1760 cum
989 1741 1036 1760 au-

247 1780 299 1802 tem
313 1776 355 1810 qtti
372 1781 525 1811 captantur,
543 1777 677 1804 blanditiis
694 1781 773 1812 atque
786 1778 871 1812 epulis
885 1778 1036 1813 superiores

248 1821 346 1848 inventi
369 1820 482 1854 fuerint,
499 1822 585 1850 minas
606 1827 632 1849 et
646 1822 774 1858 supplicia
796 1823 911 1858 profert,
927 1829 952 1851 ut
970 1831 1037 1858 quos

249 1866 381 1893 blanditiis
393 1873 472 1902 atque
491 1868 575 1903 epulis
591 1875 642 1894 non
663 1868 748 1902 potuit
763 1868 899 1901 inescare,
916 1869 1038 1895 immani-

248 1917 301 1940 tate
314 1920 345 1940 ac
357 1918 458 1940 terrore
470 1914 593 1948 percellat
605 1921 612 1946 ;
629 1913 696 1940 sicut
710 1913 808 1940 sanctis
820 1913 981 1950 martyribus
994 1922 1037 1941 ac-

248 1957 382 1985 eidit.‘lbi
406 1959 476 1985 enim
500 1963 640 1993 utrumque
666 1958 886 1993 itnpendebatur,
906 1959 1037 1986 donorum

248 2008 326 2039 atque
342 2004 470 2031 honorum
491 2005 637 2039 excogitata
653 2003 745 2038 pedica
758 2025 766 2037 ,
782 2010 891 2040 captans
905 2004 1037 2032 inhiantes

248 2049 376 2084 gloriolm,
387 2055 413 2077 et
426 2050 615 2086 snppl'clurum
630 2050 719 2084 minzc,
732 2051 879 2085 sartagines
889 2055 966 2086 atque
977 2058 1039 2078 ecu-

249 2096 280 2124 lei
297 2101 324 2124 et
337 2097 428 2124 bestia:
439 2118 446 2130 ,
461 2102 488 2124 et
501 2105 674 2132 quamumqne
688 2097 720 2124 ad
734 2105 843 2133 magnos
858 2097 965 2126 dolores
978 2105 1038 2125 mo~

251 2143 352 2170 vendos
365 2143 460 2171 idonea
477 2148 554 2175 sunt,
568 2150 736 2178 praeparans,
750 2142 832 2170 fortes
845 2148 872 2171 et
886 2143 932 2170 Dei
947 2151 1038 2170 aman-

250 2195 290 2218 tes
303 2190 442 2218 exhibens.
461 2189 554 2217 Clerus
574 2189 680 2224 quidem
703 2188 891 2216 Antiochensis
911 2189 1038 2224 insignior

251 2237 318 2263 clam
334 2236 439 2271 plebem
454 2236 564 2271 colligit,
580 2240 613 2262 ne
626 2235 689 2270 ipsis
702 2234 808 2270 quidem
821 2235 940 2263 ecclesia:
954 2236 1039 2270 parie-

251 2282 320 2309 libus
327 2282 551 2317 appropinquans,
562 2288 664 2308 ttecnon
675 2285 701 2308 et
712 2285 765 2307 tota
777 2280 886 2316 insignis
897 2280 1036 2308 mulierum

249 2328 372 2360 societas,
387 2333 495 2363 propter
507 2335 573 2362 quas
589 2327 704 2354 maxime
717 2326 851 2354 insaniunt
867 2327 1036 2362 pecuniarum

250 2373 319 2400 avidi
338 2377 468 2408 pastores.
490 2373 527 2400 De
540 2372 619 2400 rebus
637 2376 725 2399 autem
740 2371 1038 2407 Constantinopolitanis

250 2418 312 2452 quid
321 2419 416 2446 attinet
427 2418 515 2445 dicere
523 2423 619 2453 quanta
633 2417 774 2445 multitudo
783 2417 816 2445 ab
829 2418 940 2445 ecclesia
951 2425 1036 2446 reces-

251 2463 333 2491 serit?
346 2464 506 2490 conveniens
519 2464 568 2491 sub
579 2464 634 2497 dio,
646 2467 676 2490 ut
688 2464 811 2498 superius
824 2464 947 2497 diximus,
964 2465 998 2492 ita
1010 2469 1038 2492 ut

251 2510 295 2544 qui
316 2517 404 2536 rerum
421 2510 660 2538 ecclesiasticarum
686 2510 836 2545 poliuntur,
854 2517 906 2537 non
925 2511 1038 2538 habeant

251 2555 359 2584 totidem
395 2556 528 2583 auditores
562 2556 658 2584 silentii
693 2556 733 2584 sui
760 2564 767 2582 :
804 2565 931 2591 nusquam
966 2557 1037 2584 enim

251 2602 320 2636 apud
339 2609 385 2630 eos
406 2610 503 2630 sermo.
521 2603 594 2630 Duc.
622 2602 731 2630 Dubiam
751 2607 778 2630 et
792 2610 946 2637 suspensam
964 2611 1038 2629 tuen-

251 2653 303 2675 tem
330 2646 544 2681 meamJ’ater,
566 2648 699 2680 liberasti,
721 2648 764 2683 qui
790 2648 872 2675 oculis
897 2648 964 2675 meis
996 2655 1038 2675 res

251 2693 322 2727 ipsas
335 2691 491 2727 subjeeeris.
512 2692 577 2720 Nam
591 2693 732 2720 verborum
746 2693 929 2725 consonantia,
945 2697 972 2720 et
985 2700 1037 2719 non

252 2739 311 2766 ﬁcta
326 2738 443 2766 narratio
457 2739 597 2766 certiorem
620 2746 663 2766 me
685 2739 747 2767 fecit
769 2739 802 2766 de
818 2739 928 2766 veritate
948 2746 1036 2766 rerum

250 2788 394 2818 gestarum.
411 2783 481 2812 Fieri
496 2784 566 2812 enim
582 2792 634 2812 non
650 2789 752 2819 potest,
770 2788 798 2811 ut
812 2784 874 2811 falsa
890 2783 974 2811 oratio
988 2783 1037 2810 sibi

253 2830 348 2865 t.bique
362 2835 502 2858 consonet.
517 2830 555 2857 Ne
568 2830 646 2865 igitur
658 2830 786 2865 graveris,
801 2829 822 2856 si
835 2829 896 2863 quid
914 2828 993 2859 nosti,
1007 2834 1037 2854 ca

249 2877 326 2904 nobis
334 2884 452 2911 narrare,
464 2885 522 2913 qum
534 2877 715 2913 Olympiadem
728 2881 858 2912 spectant.
872 2875 956 2902 Ertsc.
969 2873 1038 2908 Qua-

1088 227 1120 254 lis
1131 235 1161 255 ea
1173 228 1231 255 est?
1246 235 1305 254 nam
1321 227 1410 262 plures
1423 235 1454 254 eo
1469 227 1583 254 nomine.
1598 227 1674 254 Duc.
1689 225 1871 253 Constantino-

1087 273 1210 308 politante
1226 273 1351 301 Ecclesite
1371 274 1528 306 diaeouissa,
1544 281 1602 308 qua:
1617 280 1712 307 sponsa
1731 271 1872 306 aliquando

1087 317 1135 345 fuit
1148 318 1265 345 Nebridii
1282 319 1450 354 Exprwfecti.
1468 319 1552 346 Ense.
1568 318 1641 345 Illam
1654 317 1759 352 quidem
1773 317 1872 351 optime

1087 363 1158 389 noti.
1176 364 1249 391 Duc.
1265 363 1355 398 Qualis
1370 364 1413 390 illa
1430 364 1524 391 mulier
1538 364 1595 391 est?
1610 363 1694 390 Ertsc.
1710 362 1756 394 Ne,
1770 370 1870 397 qna-5n,

1087 408 1159 435 dicas
1171 430 1178 441 ,
1195 409 1281 443 qualis
1294 409 1388 436 mulier
1398 430 1405 440 .
1420 409 1466 436 sed
1482 409 1567 444 qualis
1587 408 1665 436 homo
1677 417 1684 435 :
1696 408 1736 435 vir
1750 409 1817 434 enim
1831 412 1872 435 est

1088 458 1183 488 pra‘ler
1193 456 1311 488 corporis
1323 454 1451 481 habitum.
1463 454 1537 482 DIAC.
1551 454 1577 481 In
1589 453 1657 488 quo?
1671 453 1756 480 Ertsc.
1769 452 1796 479 In
1807 452 1870 486 vita,

1088 499 1113 526 in
1129 499 1280 532 laboribus,
1298 501 1323 527 in
1338 501 1448 528 scientia
1470 505 1497 528 et
1517 500 1715 528 tribulationum
1735 499 1871 533 patientia.

1088 543 1163 571 Duc.
1175 543 1231 572 Cur
1240 552 1304 579 ergo
1316 545 1353 572 illi
1367 545 1527 572 conviciatus
1540 550 1580 572 est
1592 543 1771 578 Theophilus?
1784 543 1870 570 Erisc.

1086 589 1212 622 Quisnam
1222 590 1265 617 ille
1273 590 1330 617 est?
1343 591 1416 618 Duc.
1427 590 1619 618 Alexandrinus
1627 590 1775 624 episcopus.
1785 589 1872 616 EPISC.

1088 634 1191 662 Videris
1204 635 1277 667 mihi,
1293 635 1445 669 Theodore,
1462 640 1499 663 tot
1512 635 1639 662 orationis
1652 634 1734 668 spatia
1747 634 1873 661 oblivioni

1087 681 1235 708 tradidisse.
1252 682 1324 709 DIAC.
1347 682 1404 716 Qua
1423 682 1449 709 in
1472 682 1520 709 re?
1542 682 1628 708 Ertsc.
1645 681 1693 714 Qui
1707 680 1808 707 veritati
1822 689 1874 707 nen

1086 728 1220 761 pepercit,
1235 727 1281 755 sed
1305 728 1377 754 illam
1399 728 1582 761 conculcavit,
1598 731 1627 753 ut
1647 727 1766 761 superior
1787 733 1875 753 sermo

1086 773 1285 807 comprobavit;
1301 777 1327 800 et
1349 773 1393 807 qui
1418 772 1564 800 Eeclcsiam
1585 779 1644 806 qua:
1670 771 1720 798 sub
1734 771 1799 798 ctelo
1819 775 1874 804 est,

1087 825 1194 853 propter
1207 826 1284 852 quam
1301 819 1454 853 Unigenitns
1467 838 1474 851 ,
1489 822 1517 845 ut
1531 817 1582 844 dici
1597 817 1679 849 solet,
1695 817 1833 849 laboravit,
1850 820 1878 843 ut

1086 871 1144 892 0am
1156 865 1252 896 uniret,
1266 871 1317 891 non
1334 864 1483 896 honoravit,
1500 863 1545 890 sed
1558 862 1716 890 contumelia
1727 861 1815 889 affecit
1829 863 1877 889 ha-

1088 910 1142 936 bitu
1156 918 1214 942 suo,
1232 910 1334 937 mulieri
1350 914 1439 944 posset
1454 916 1563 944 parcere
1578 908 1674 940 vidure,
1689 916 1748 942 qum
1761 908 1838 934 vitam
1852 908 1877 936 in

1087 956 1207 982 oratione
1221 956 1374 982 consumit?
1390 956 1495 983 Discute
1509 959 1536 982 ct
1549 955 1608 982 vide
1622 955 1644 981 si
1659 962 1737 989 quem
1753 962 1876 989 umquam

1088 1000 1236 1035 itnprobum
1257 1000 1477 1035 reprehenderit,
1494 1000 1537 1035 qni
1555 1000 1692 1035 probitatis
1706 1007 1811 1034 semper
1831 1000 1879 1027 ho-

1087 1046 1135 1073 stis
1148 1051 1199 1073 est.
1221 1046 1275 1073 Cur
1287 1050 1375 1073 autem
1390 1051 1416 1073 et
1438 1053 1471 1073 ex
1484 1046 1542 1080 ejus
1557 1046 1675 1080 epistolis
1691 1053 1742 1072 non
1757 1046 1877 1079 conjicis,

1087 1091 1220 1126 quomodo
1235 1091 1287 1118 illa:
1307 1092 1376 1119 inter
1390 1099 1418 1118 se
1441 1091 1609 1126 repugnent?
1624 1091 1672 1124 Qui
1687 1091 1756 1118 enim
1774 1091 1878 1118 beatum

1089 1136 1262 1172 Epiphanium
1275 1137 1436 1164 Constantia:
1451 1137 1476 1163 in
1491 1137 1577 1172 Cypro
1593 1137 1756 1170 episcopum,
1771 1136 1816 1171 qui
1832 1136 1879 1162 tri-

1087 1184 1158 1218 ginta
1171 1188 1198 1210 et
1211 1191 1257 1210 sex
1271 1190 1355 1210 annos
1368 1183 1495 1210 Ecclesia:
1510 1182 1624 1217 pra-fuit,
1640 1182 1744 1216 probris
1756 1181 1880 1209 affecerat

1089 1234 1116 1256 ut
1140 1228 1309 1262 hmreticum,
1325 1233 1370 1255 aut
1392 1228 1589 1255 schismatienm
1603 1249 1609 1261 ,
1631 1228 1680 1255 sub
1702 1228 1813 1255 Damaso
1835 1233 1880 1255 aut

1088 1275 1165 1302 beato
1180 1274 1292 1308 Siricio;
1314 1279 1404 1309 postea
1420 1274 1446 1301 in
1468 1281 1514 1301 sua
1530 1273 1562 1300 ad
1584 1273 1764 1300 Innocentium
1781 1273 1878 1308 Papam

1087 1320 1197 1355 epistola
1211 1321 1363 1356 vituperans
1376 1321 1480 1347 beatum
1496 1320 1634 1352 Joannem,
1648 1319 1821 1354 Epiphanium
1834 1327 1881 1347 no-

1088 1367 1170 1393 minat
1184 1367 1390 1394 sanctissimum.
1406 1366 1514 1400 Quoties
1529 1372 1616 1392 autem
1628 1386 1635 1398 ,
1650 1369 1736 1400 putas,
1753 1370 1779 1392 et
1794 1373 1878 1400 genua

1087 1411 1251 1448 Olympiadis
1264 1413 1397 1440 osculatus
1417 1416 1468 1443 est,
1485 1418 1532 1445 spe
1547 1419 1726 1443 nttmmorum,
1746 1410 1788 1437 cui
1809 1417 1880 1437 nunc

1088 1457 1268 1484 conviciatur?
1283 1457 1327 1484 Illa
1344 1456 1415 1484 lmmi
1438 1456 1591 1491 procidente
1611 1456 1645 1483 ob
1660 1463 1717 1483 eam
1732 1463 1787 1483 rem
1802 1461 1828 1482 et
1842 1456 1880 1483 la-

1088 1512 1192 1539 crymas
1204 1503 1341 1535 fundente,
1354 1503 1525 1530 nihilominus
1539 1503 1588 1529 ista
1603 1502 1742 1537 cpiscopus
1756 1501 1878 1528 faciebat.

1089 1549 1185 1576 \‘erum
1194 1556 1244 1584 qua
1259 1550 1284 1576 in
1299 1556 1328 1576 re
1342 1549 1377 1575 illi
1391 1548 1554 1575 conviciatus
1567 1547 1626 1574 est?
1642 1547 1715 1574 Duc.
1731 1547 1805 1580 Quod
1819 1554 1879 1574 sus-

1088 1594 1189 1628 ceperit
1209 1593 1355 1621 monachos
1381 1593 1430 1620 abs
1449 1601 1478 1620 se
1497 1593 1603 1627 ejectos.
1629 1592 1716 1620 Ertsc.
1737 1591 1804 1620 Num
1819 1592 1880 1619 licet

1087 1639 1212 1674 episcopo
1225 1643 1270 1666 aut
1280 1638 1366 1669 decet,
1380 1638 1501 1672 quemvis
1514 1645 1529 1664 e
1539 1637 1685 1672 discipulis,
1697 1644 1743 1664 seu
1755 1636 1879 1664 Christia-

1089 1693 1150 1712 nttm
1173 1692 1331 1719 quemquam
1345 1703 1351 1715 ,
1372 1683 1482 1710 omnino
1505 1682 1653 1717 projicere,
1669 1682 1764 1709 nedum
1786 1689 1880 1709 mona-

1088 1730 1186 1757 chum?
1199 1729 1274 1757 Duc.
1296 1729 1324 1756 Si
1339 1737 1399 1757 cuin
1420 1729 1560 1762 lzeseruut,
1579 1733 1624 1755 aut
1637 1729 1661 1756 ei
1676 1728 1880 1755 maledixerunt.

1088 1775 1176 1802 Eeisc.
1193 1775 1259 1801 Num
1275 1775 1339 1801 iram
1353 1782 1427 1801 suam
1448 1774 1556 1809 explere
1570 1774 1677 1805 debuit,
1694 1773 1726 1801 de
1739 1774 1882 1801 maledicto

1088 1819 1237 1847 sollicitus?
1251 1819 1389 1853 Quomodo
1413 1819 1499 1846 adhuc
1524 1819 1621 1846 Christi
1641 1819 1816 1846 contumelias
1830 1818 1880 1845 sibi

1089 1870 1190 1901 quaeret
1212 1866 1273 1898 ille,
1287 1866 1330 1900 qui
1354 1866 1444 1900 gloria:
1456 1873 1523 1892 sum
1545 1865 1712 1892 velificalor?
1725 1864 1778 1892 Cur
1791 1869 1879 1892 autem

1090 1913 1199 1939 omnino
1220 1912 1336 1939 imitatus
1355 1919 1408 1938 non
1423 1916 1464 1938 est
1483 1911 1638 1946 magistrum
1653 1911 1774 1944 Paulum,
1788 1910 1880 1939 dicen-

1090 1962 1143 1985 tem
1159 1965 1166 1984 :
1185 1957 1379 1990 Maledict'mur,
1396 1962 1418 1984 et
1439 1957 1605 1984 benedicimus
1621 1957 1651 1993 (l
1683 1956 1741 1983 Car.
1757 1956 1783 1983 4.
1809 1956 1881 1992 l2)?

1090 2003 1165 2031 Duc.
1181 2003 1248 2037 Quid
1267 2003 1344 2037 igitur
1355 2023 1362 2036 ,
1379 2002 1400 2030 si
1417 2002 1533 2030 hmretici
1558 2002 1668 2030 fuissent
1682 2002 1803 2029 monachi
1824 2001 1882 2029 illi?

1091 2049 1178 2077 EPISC.
1196 2049 1273 2084 Atqui
1296 2050 1405 2077 omnino
1425 2049 1542 2084 oportuit
1561 2056 1607 2076 eos
1625 2048 1767 2076 emendare
1780 2053 1806 2075 et
1821 2056 1881 2083 prr-

1089 2095 1212 2127 snadcre,
1227 2101 1252 2121 at
1266 2103 1318 2122 non
1332 2094 1472 2130 projicere.
1487 2095 1560 2122 Duc.
1579 2094 1609 2121 Et
1622 2095 1643 2121 si
1657 2094 1706 2121 hoc
1718 2094 1831 2125 fecisset,
1844 2093 1880 2121 illi

1089 2147 1141 2167 non
1152 2140 1309 2175 paruissem,
1319 2140 1362 2175 qui
1373 2140 1521 2174 pertinaces
1531 2143 1629 2167 essent.
1641 2139 1726 2167 Ertsc.
1736 2139 1882 2174 Oportebat

1090 2185 1153 2213 illud
1169 2185 1343 2220 apostolicum
1357 2185 1466 2220 exsequi
1482 2194 1489 2212 :
1510 2184 1662 2212 "(creticum
1685 2185 1810 2212 Imminem
1825 2189 1880 2219 past

1089 2240 1165 2259 unum
1181 2237 1204 2258 et
1221 2231 1325 2258 alterum
1344 2232 1524 2266 correptionem
1546 2232 1646 2264 devita,
1660 2231 1739 2258 sciens
1753 2230 1811 2266 quia
1824 2239 1881 2265 per-

1089 2285 1174 2305 versus
1186 2282 1222 2304 est
1237 2277 1382 2312 Itujusmodi
1396 2276 1464 2313 (Tit.
1480 2277 1506 2304 5.
1530 2276 1572 2303 10.
1598 2276 1626 2303 Η
1641 2277 1667 2311 );
1681 2281 1705 2302 at
1721 2283 1772 2302 non
1786 2275 1880 2310 expel-

1090 2323 1161 2354 lere,
1180 2327 1207 2350 et
1222 2322 1290 2350 bona
1305 2322 1437 2357 diripere,
1459 2326 1539 2357 atque
1556 2329 1588 2349 ex
1604 2322 1686 2356 patria
1707 2321 1804 2356 ejicere
1819 2327 1879 2348 cum

1089 2369 1289 2403 magistratuum
1301 2367 1390 2394 minis.
1406 2367 1480 2394 Duc.
1495 2367 1549 2394 Viri
1565 2366 1672 2402 perfecti
1686 2365 1801 2394 officium
1813 2365 1878 2392 mihi

1090 2421 1200 2447 narras,
1217 2419 1243 2441 et
1264 2414 1346 2441 Deum
1361 2414 1492 2446 amantis,
1513 2417 1540 2440 et
1562 2412 1717 2447 injuriarum
1741 2412 1876 2447 patientis.

1091 2460 1180 2488 Ense.
1196 2460 1229 2487 Et
1241 2465 1314 2487 certe
1331 2460 1387 2486 laus
1401 2467 1495 2494 magna
1505 2467 1567 2486 -non
1583 2464 1624 2486 est
1637 2458 1796 2485 deteriorem
1811 2457 1879 2485 tole-

1089 2513 1158 2533 rare.
1171 2505 1301 2532 Cancrum
1317 2504 1365 2532 nisi
1386 2504 1516 2540 perfectus
1536 2509 1592 2538 est,
1606 2508 1732 2538 quantutn
1745 2502 1878 2535 convenit,

1089 2551 1222 2586 quomodo
1238 2551 1378 2586 episcopus
1397 2554 1438 2577 est
1451 2549 1602 2585 ejusmodi?
1625 2548 1793 2583 itnperfectus
1808 2548 1879 2575 enim

1089 2597 1251 2634 imperfectis
1260 2606 1311 2625 non
1323 2597 1452 2624 consulet.
1464 2595 1601 2628 Quomodo
1613 2599 1700 2622 autem
1711 2600 1737 2622 et
1746 2593 1880 2628 Theophi-

1089 2647 1130 2674 lus
1142 2646 1247 2677 dicitur,
1264 2644 1307 2679 qui
1321 2651 1372 2671 non
1387 2646 1458 2670 amat
1472 2642 1564 2675 Deum,
1580 2646 1688 2676 propter
1699 2648 1777 2676 quem
1793 2645 1819 2667 et
1831 2639 1879 2667 lto-

1089 2693 1190 2719 minum
1205 2691 1315 2725 injurias
1330 2689 1459 2724 patienter
1472 2687 1541 2715 ferre
1553 2687 1663 2714 debuit?
1678 2686 1704 2714 Si
1721 2694 1784 2713 vero
1796 2686 1878 2713 Deum

1090 2744 1143 2763 mn
1159 2741 1228 2762 amat
1240 2756 1247 2769 ,
1265 2743 1298 2763 ne
1311 2743 1339 2762 se
1361 2733 1466 2769 quidem
1489 2733 1574 2767 ipsum
1592 2741 1598 2759 :
1619 2733 1663 2767 qui
1679 2736 1767 2759 autem
1782 2731 1879 2758 suimet

1090 2781 1211 2808 inimicus
1227 2786 1283 2813 est,
1299 2779 1432 2815 quomodo
1449 2777 1553 2805 tandem
1575 2778 1640 2805 alios
1654 2776 1769 2804 amabit?
1785 2776 1878 2803 Mirum

1091 2826 1169 2860 igitur
1183 2833 1236 2852 non
1252 2829 1306 2858 est,
1321 2826 1341 2851 si
1362 2823 1396 2851 ob
1415 2823 1440 2851 id
1460 2823 1643 2859 Olympiadem
1663 2822 1772 2853 oderat,
1789 2827 1879 2855 inpete

1092 2880 1150 2907 qum
1165 2871 1306 2898 monachos
1320 2870 1490 2906 suscepisset.
1509 2869 1580 2897 Duc.
1598 2869 1624 2896 In
1638 2868 1759 2896 confesso
1773 2867 1877 2903 quidem
