2076 3112
167 123 201 151 37
662 122 704 150 DE
726 122 803 149 VITA
823 122 850 150 S.
871 122 1009 149 JOASNIS
1028 121 1275 151 CHRYSOSTUMI.
1770 122 1805 151 58

168 184 220 212 est,
233 179 414 214 Theophilum
425 178 556 206 iracundia
573 179 702 213 percitum
717 177 742 205 id
752 178 850 212 egisse,
861 179 904 213 qui
915 185 961 206 eos

172 225 281 260 eiecerit
292 243 303 257 ,
316 226 477 259 quicumque
492 224 528 251 illi
544 223 642 251 fuerint
654 245 662 256 ,
676 224 733 250 sive
751 223 892 250 orthodoxi
907 224 964 251 sive

173 270 291 299 tta-retici
310 278 317 296 :
342 278 432 298 nonne
456 270 603 297 diaconissa
624 270 714 297 debuit
733 270 795 297 illos
812 270 964 304 suscipere?

174 317 260 345 Ense.
275 316 346 349 Quid
363 317 442 352 igitur
455 316 502 344 tibi
517 316 631 348 videtur,
648 315 714 343 bene
728 324 761 343 an
776 315 845 343 male
858 315 964 351 egisse-1’

176 364 246 389 huc.
260 362 330 393 Dixi,
343 362 422 388 male.
435 361 521 388 Ertsc.
533 362 707 395 Anumtpram
720 361 892 388 beneficentia
902 368 961 387 corr-

174 407 331 436 delnetur?
346 407 422 434 Duc.
438 407 471 434 Et
484 406 592 434 omnitro
603 406 720 440 quidem,
731 414 791 432 cum
804 407 831 432 lit
844 406 870 432 iu
882 405 966 432 malos

173 459 200 481 et
216 453 346 481 beneﬁcio
361 453 493 487 indignos.
508 452 597 479 Eprsc.
617 452 729 485 Quinaru
748 452 826 486 igitur
838 458 911 478 erant
929 451 964 477 illi

175 499 313 535 quinquies
326 498 398 525 mille
410 506 477 532 quos
487 498 612 526 Servatur
622 498 739 532 quinque
751 496 907 523 hordeaceis
921 503 965 531 pa-

177 546 253 573 nibus
265 545 405 577 saturavit,
418 545 479 571 boni
493 552 525 571 an
539 544 619 570 mali?
635 544 708 570 Duc.
723 543 788 570 Boni
800 543 909 573 scilicut,
924 547 965 568 ut-

177 595 237 626 pote
250 598 265 617 a
278 591 419 618 Scrvatore
433 590 534 617 nutriti.
551 590 596 616 Er.
613 589 700 622 Quare
720 589 798 624 igitur
813 588 967 615 lrordeaccis

178 636 242 670 pasti
256 641 328 666 Sunt,
347 636 390 670 qtri
407 635 468 662 boni
482 635 590 661 essent?
606 635 678 661 huc.
694 635 733 660 0b
749 634 882 668 penuriam
900 634 967 658 forte

178 681 358 712 triticeorurn,
373 685 418 706 artt
440 680 474 706 ob
490 679 595 706 famem.
614 679 659 705 lie.
683 678 820 711 Quomodo
836 678 915 711 igitur
933 677 967 703 ob

178 726 390 754 incredulitatem
406 726 586 759 increpantur,
599 730 627 751 ut
638 725 698 751 lmni
714 732 746 750 an
760 729 787 750 ut
800 723 878 749 mali?
893 723 965 749 Duc.

179 769 274 806 Utique
285 771 347 797 mali
358 791 366 803 ,
379 771 423 805 qui
439 770 620 804 increpantur.
645 770 692 796 Er.
711 770 748 795 An
771 768 831 795 boui
847 768 924 795 iidem
942 773 968 794 et

179 816 240 843 mali
250 823 311 843 esse
325 815 454 850 possunt?
468 815 544 842 Duc.
558 815 647 842 Certe.
663 815 708 841 Er.
723 814 880 847 Quomodo?
893 814 965 840 I)r.tc.

177 862 345 889 Deteriorum
367 861 475 896 quidem
502 861 701 895 comparatione
724 860 803 891 boni,
828 859 966 886 rrrcliorurrr

178 914 240 935 vero
269 906 343 934 ntali.
375 906 423 933 Er.
449 906 513 933 Mire
539 906 638 933 dixisti.
662 905 716 932 lloc
738 905 815 939 igitur
836 904 913 931 modo
942 910 967 931 et

177 951 300 980 monachi
317 951 352 978 illi
374 956 401 978 et
424 951 485 978 boui
508 956 584 978 erant
604 955 631 977 et
653 950 725 977 mali.
747 950 779 976 Et
802 949 844 976 illa
862 949 966 983 quidem

178 996 331 1024 ﬁdelissima
355 1003 403 1023 eos
425 1000 454 1022 ut
479 996 563 1023 bonos
587 995 702 1030 hospitio
727 995 844 1029 accepit,
874 994 965 1020 miriti-

177 1049 224 1069 cus
249 1049 313 1069 vero
334 1041 378 1068 ille
402 1046 428 1068 ut
451 1041 535 1067 malos
558 1040 636 1075 ejecit
660 1049 666 1066 :
692 1041 761 1075 quod
786 1048 839 1066 non
867 1040 965 1066 debuit.

179 1087 252 1114 Duc.
268 1086 320 1114 Sed
343 1086 412 1113 dicet
435 1086 481 1113 tibi
496 1086 575 1121 quis:
594 1085 626 1113 Ut
649 1086 786 1112 molestias
807 1085 869 1111 tnilri
891 1092 965 1111 erea-

180 1140 232 1163 res,
248 1132 369 1159 inimicos
383 1139 456 1159 meos
471 1132 621 1165 suscepisti,
638 1132 683 1158 Er.
701 1131 813 1158 Prorsus
830 1131 907 1164 igitur
921 1130 967 1157 de-

179 1179 268 1205 lictum
282 1179 307 1205 in
323 1186 356 1206 eo
372 1182 428 1210 est,
445 1177 515 1212 quod
530 1183 556 1205 et
570 1178 691 1204 inimicos
712 1177 843 1211 appellat,
860 1177 903 1210 qui
917 1197 922 1206 .
941 1181 966 1202 ut

178 1224 277 1250 Christi
291 1224 417 1256 imitator,
430 1223 539 1258 injurias
553 1223 688 1250 remittere
699 1223 799 1249 debuit.
817 1223 887 1249 [)IAC.
906 1221 967 1249 Ubi-

179 1276 240 1296 nam
266 1277 329 1295 vero
340 1269 523 1303 vituperantur
537 1268 653 1303 quinqtre
672 1268 751 1295 millia
773 1277 787 1294 a
809 1268 966 1299 Servatum,

180 1318 208 1340 ut
220 1313 331 1341 dixisti?
345 1321 396 1340 non
411 1314 482 1340 enim
496 1314 623 1348 scriptum
637 1318 687 1340 cst.
704 1313 749 1340 Er.
761 1313 826 1339 Cum
851 1313 968 1340 secundo

180 1359 333 1394 congregati
360 1359 392 1386 ad
406 1359 542 1387 Christum
559 1363 746 1391 accesserunt,
762 1363 788 1385 et
810 1358 966 1385 audierunt:

181 1406 299 1439 Quaeritis
313 1414 361 1438 me,
376 1413 427 1432 tum
438 1406 497 1439 quia
511 1405 607 1432 uidistis
629 1405 701 1439 signa
725 1409 748 1431 et
775 1404 890 1439 prodigia
904 1425 911 1435 ,
924 1404 968 1431 sed

178 1452 239 1485 quia
252 1451 421 1479 utanducastis
434 1460 465 1478 ex
484 1452 606 1486 patribus,
621 1457 644 1478 et
670 1452 774 1478 saturati
797 1452 854 1478 estis
879 1451 966 1487 (Jonu.

180 1499 207 1523 6.
220 1496 275 1532 26).
302 1496 459 1524 Theodorus
478 1498 530 1523 ait:
558 1497 769 1524 Manifestissima
788 1504 831 1523 rcs
845 1502 894 1524 est.
922 1497 966 1523 lir.

180 1542 229 1575 Qui
240 1548 330 1569 :ttrtem
343 1542 523 1576 vituperabilis
536 1563 543 1574 ,
559 1542 609 1568 hoc
623 1543 680 1576 ipso
688 1547 714 1569 et
727 1542 811 1568 uralus
827 1547 876 1569 ert.
892 1543 966 1569 Dinc.

182 1587 218 1613 Ita
230 1595 305 1614 sane.
321 1587 366 1614 Er.
381 1587 463 1614 Malos
477 1588 565 1622 igitur,
579 1596 613 1614 an
627 1588 709 1614 bonos
733 1588 803 1621 pavit
821 1587 968 1614 Servatur?

182 1633 257 1660 Duc.
269 1633 296 1660 lu
310 1633 434 1660 confesso
448 1640 505 1665 est,
521 1635 590 1668 qrtod
605 1635 705 1661 rrralos:
725 1634 784 1661 Non
805 1635 875 1661 enim
899 1639 968 1669 egent

181 1680 225 1713 qui
234 1680 288 1706 ειιηί
302 1686 360 1706 sunt
373 1681 478 1711 ntedico,
489 1682 532 1707 sed
546 1682 588 1714 qui
601 1681 667 1708 male
681 1681 769 1708 habent
785 1682 858 1715 (Luc.
870 1683 895 1709 5.
911 1683 967 1716 51).

182 1725 268 1751 Errsc.
283 1725 350 1757 Quid
373 1725 469 1759 igitur?
484 1726 553 1753 male
575 1725 636 1753 fecit
658 1727 810 1762 Olympias,
829 1727 967 1754 Dominum

181 1778 257 1797 suum
278 1771 390 1798 imitata.
416 1772 468 1804 Qui
491 1773 554 1806 pluit
579 1777 602 1798 et
628 1773 706 1799 solem
729 1773 789 1799 oriri
813 1774 873 1808 facit
894 1782 969 1807 super

178 1816 262 1850 justo:
276 1821 300 1843 et
315 1816 423 1852 injustas
444 1817 550 1851 (Matth.
566 1818 592 1844 5.
608 1818 669 1851 45):
688 1818 749 1845 licet
771 1819 895 1845 Pharisri
920 1826 968 1845 cx-

180 1861 308 1895 probrent
329 1862 482 1896 discipulis,
509 1862 628 1890 dicentes
647 1872 653 1889 :
677 1863 796 1897 Magister
813 1868 890 1889 vester
912 1871 968 1889 rum

181 1905 322 1940 publicauit
345 1910 369 1933 ct
394 1907 564 1942 peccatoribus
587 1908 721 1934 mandarat
752 1913 774 1935 et
801 1908 859 1935 bibit
886 1908 966 1943 (Ibid.

182 1951 209 1979 9.
235 1952 289 1987 11).
314 1952 388 1980 Duc.
412 1953 511 1981 Praeter
538 1953 752 1988 intelligentiam,
782 1960 809 1981 ut
837 1955 928 1987 video,
954 1962 968 1981 a

183 1997 270 2024 multis
294 1998 476 2032 vituperantur
495 1999 601 2033 quidem
625 1999 752 2032 honesta,
777 2005 803 2026 ct
825 2001 908 2034 turpia
929 2000 969 2027 di—

182 2042 307 2078 liguntur.
324 2043 438 2071 Er.Cur
465 2045 512 2071 ista
540 2045 617 2077 dicis,
644 2045 761 2071 veritatis
790 2046 968 2072 amantissime

183 2088 342 2116 Theodore?
366 2089 439 2117 Drac.
466 2090 531 2122 Quia
553 2090 602 2117 nisi
629 2098 779 2117 sermonem
812 2096 883 2117 tturru
908 2099 967 2117 cum

181 2134 381 2162 ntiocinatiwue
405 2135 555 2169 aperuisses
576 2140 621 2161 aut
644 2135 833 2169 explicuisses,
859 2136 884 2162 izt
912 2142 967 2162 sto-

183 2178 262 2206 lidatn
288 2179 439 2214 abripit-bar
459 2180 635 2212 sententiam,
658 2188 738 2214 scopo
766 2181 894 2207 libertatis
916 2189 967 2207 non

181 2224 338 2253 attendens.
363 2226 410 2253 sed
426 2225 563 2260 Theophili
577 2226 672 2253 abulis.
701 2227 748 2253 Er.
763 2227 830 2260 Quid
854 2227 931 2261 igitur
953 2236 968 2254 c

181 2270 332 2300 contrario,
355 2270 378 2297 si
399 2270 447 2297 viri
465 2270 500 2297 illi
520 2273 602 2297 sancti
623 2271 852 2303 demonstrcrrtur,
872 2272 967 2298 nedum

183 2315 259 2348 mali,
285 2315 332 2342 sed
351 2320 379 2342 et
398 2316 442 2350 qui
470 2316 567 2343 multos
587 2317 620 2343 ab
640 2317 808 2351 improbitate
832 2317 865 2344 ad
889 2318 969 2344 virtu-

182 2365 233 2388 tctn
257 2361 432 2389 rettulerint?
456 2361 596 2389 manifeste
620 2363 757 2397 apparebit
779 2363 881 2390 illorum
908 2372 968 2397 prr-

181 2411 287 2433 secutor
306 2413 360 2434 non
378 2406 473 2441 dignus
493 2407 694 2441 persecutione,
716 2407 762 2434 sed
786 2408 965 2441 miseratione,

181 2455 208 2477 ut
229 2451 273 2486 qui
288 2450 372 2478 bonos
385 2459 490 2486 semper
504 2452 623 2484 vexavit,
638 2452 721 2478 nralos
739 2453 874 2486 suscipiat.
894 2453 966 2480 Duc.

181 2496 216 2523 Ita
237 2502 294 2529 est,
315 2503 343 2524 ut
363 2497 438 2525 dicis.
458 2497 524 2525 Nam
548 2498 608 2526 licet
633 2498 668 2525 illi
686 2499 818 2533 sapientes
838 2504 865 2527 et
884 2501 967 2527 sancti

181 2549 234 2569 non
248 2541 362 2575 fuerint,
377 2548 403 2570 ul
417 2544 534 2579 plerique
559 2544 668 2576 dicunt,
690 2550 764 2572 extra
785 2546 968 2580 reprehensio-

182 2595 242 2614 nem
253 2588 304 2615 erit
318 2588 472 2624 Olympias,
488 2594 516 2616 ut
529 2594 600 2624 patet
612 2598 646 2617 ex
662 2590 792 2624 superiori
817 2591 965 2623 ratiocinio,

179 2641 238 2668 qua:
251 2633 401 2662 Scn'atnris
416 2635 588 2663 imitationem
599 2636 760 2663 exhibuerit.
770 2637 815 2663 lie.
830 2638 966 2670 Quodnam

181 2685 382 2716 terogestorum
392 2681 496 2709 fidelius
505 2683 682 2710 testimonium
695 2682 785 2710 vides“!
794 2684 925 2718 Evangelii
933 2692 965 2710 an

180 2724 334 2761 Theophili?
346 2726 420 2754 Duc.
432 2727 522 2762 Apage
531 2727 576 2757 sis.
588 2736 693 2762 quaeso:
706 2734 807 2755 curristh
819 2729 887 2755 eninr
897 2729 965 2762 apud

181 2771 372 2805 ouruesﬂlhmr
387 2773 424 2799 ira
438 2773 549 2807 quadam
566 2778 592 2800 et
610 2766 752 2800 ambitione
767 2774 907 2808 impulsum
921 2782 967 2802 eos

183 2817 370 2852 proiecisse,“
383 2817 451 2846 hanc
465 2819 499 2846 ab
513 2819 698 2854 superstitione
712 2825 736 2847 et
748 2819 806 2847 odio
820 2820 964 2855 profectam

1014 186 1088 210 esse,
1102 183 1228 206 causante
1239 177 1387 213 Theophilo
1399 198 1406 210 ,
1420 181 1564 206 monachus
1582 178 1665 212 ipsum
1680 179 1805 205 conviciis

1016 225 1169 260 appetiisse.
1178 226 1243 253 Cum
1250 225 1320 252 enim
1327 224 1466 252 servilibus
1473 224 1530 251 suis
1537 223 1670 251 lftanditiis
1677 224 1741 251 nihil
1748 231 1806 260 pro-

1016 269 1124 297 fecisset
1132 291 1138 301 ,
1150 274 1179 297 et
1190 270 1254 297 nihil
1268 270 1301 297 ab
1313 277 1344 297 ea
1353 273 1451 304 printer
1460 269 1546 296 edulia
1559 274 1585 296 et
1596 269 1672 296 xenia
1686 269 1804 303 accepis-

1016 321 1067 348 set,
1078 316 1109 342 ad
1118 316 1235 343 convicia
1245 316 1323 343 vertit
1331 323 1360 343 se
1370 324 1376 342 :
1385 315 1443 350 ejus
1452 315 1523 343 enim
1534 316 1556 342 is
1564 323 1621 342 mos
1634 315 1659 342 in
1671 315 1803 342 omnibus.

1052 361 1116 388 Car.
1133 369 1195 387 vvu.
1207 376 1242 381 —-
1256 361 1346 389 Ense.
1368 361 1435 388 Audi
1454 361 1541 396 igitur,
1563 361 1733 388 diaconorum
1759 368 1806 394 op-

1016 408 1092 434 time.
1105 407 1170 433 Nam
1185 407 1261 435 rideo
1286 407 1391 441 publico
1403 406 1526 440 prodesse
1548 412 1590 433 te:
1620 406 1664 433 illa
1682 405 1752 432 cnim
1779 406 1805 432 in

1016 452 1153 485 juverrtutc
1165 452 1279 486 gravitas
1294 452 1386 485 pignus
1401 451 1531 485 quoddam
1553 458 1611 481 cst.
1634 456 1658 478 te
1684 451 1708 477 iu
1729 458 1805 477 seue-

1019 502 1090 524 ct'rte
1102 497 1282 524 horrorabilcm
1296 497 1360 523 fore.
1371 496 1425 523 Viri
1438 497 1479 523 isti
1492 505 1505 523 a
1518 498 1667 530 parentibus
1676 496 1805 524 Christia-

1020 543 1060 569 nis
1080 543 1148 574 orli,
1169 548 1193 568 et
1207 550 1220 568 a
1238 542 1334 569 terreris
1350 542 1495 576 unguiculis
1508 542 1561 568 Deo
1585 542 1701 572 subditi,
1727 549 1804 567 nurus

1019 595 1097 622 quam
1113 588 1183 622 passi
1195 593 1271 620 sunt,
1287 596 1319 614 nc
1330 587 1473 614 admodum
1485 586 1592 621 quidem
1615 587 1804 613 adolescentuli

1019 640 1078 660 cum
1093 638 1182 660 essent
1194 654 1201 665 ,
1216 634 1316 660 servire
1330 633 1453 664 vanitati,
1470 640 1554 667 neque
1568 640 1626 658 cum
1643 632 1717 658 turba
1746 639 1806 658 vcr-

1019 679 1072 705 sari
1083 699 1090 711 ,
1105 678 1151 706 sed
1167 684 1327 713 occupantes
1345 678 1514 705 solitudinem
1525 698 1531 709 ,
1543 685 1603 712 qua:
1616 677 1648 703 ad
1671 676 1807 703 meridiem

1019 730 1057 751 cst
1070 745 1077 757 ,
1092 724 1183 758 procul
1197 724 1230 750 ab
1247 723 1383 751 hominum
1396 722 1532 751 domicilio
1548 723 1637 754 sitam,
1650 722 1698 749 sibi
1710 723 1806 748 consti-

1021 776 1122 796 tuerunt
1138 770 1238 804 tuguria
1248 790 1255 802 ,
1268 770 1362 804 quibus
1379 774 1478 796 tantqu
1494 769 1557 796 solis
1578 768 1709 795 radiorum
1723 767 1806 794 molo-

1020 817 1084 843 stias
1093 817 1222 843 evitarent
1233 817 1335 843 ctacris
1350 823 1447 843 rorem.
1461 816 1488 842 lrr
1497 815 1592 850 quibus
1606 815 1732 846 viventes,
1748 821 1807 840 ora-

1021 861 1084 888 tioni
1099 866 1177 896 atque
1194 861 1300 889 lectioni
1324 865 1427 895 tempus
1437 868 1512 887 suum
1531 859 1730 894 impenderunt,
1742 858 1808 885 adeo

1020 907 1140 934 contritis
1153 907 1219 933 volis
1232 915 1357 934 manuum
1370 907 1395 933 in
1404 906 1529 940 operibus
1542 905 1671 939 corporis,
1680 909 1806 939 quantum

1021 953 1084 979 satis
1099 958 1170 980 esset
1186 953 1216 979 ad
1227 958 1338 980 tenuem
1351 952 1446 978 victum
1459 960 1465 977 :
1481 951 1574 977 rrrclius
1588 950 1636 976 rati
1646 950 1732 976 vivere
1745 956 1805 976 cum

1020 998 1121 1032 capreis
1133 1003 1159 1025 et
1169 997 1391 1024 strrrtbiocamelis
1415 1001 1440 1023 et
1455 995 1571 1027 bubulis,
1600 1002 1678 1029 quam
1705 993 1805 1028 epulari

1020 1051 1079 1070 cum
1096 1043 1245 1070 hominibus
1257 1043 1299 1077 qui
1315 1043 1436 1077 ignorant
1448 1043 1538 1069 Deum.
1556 1041 1652 1067 llorum
1667 1045 1728 1067 natu
1747 1047 1805 1066 nta~

1022 1089 1106 1115 ximus
1116 1109 1123 1121 ,
1139 1089 1277 1122 nonaginta
1293 1089 1374 1115 ferme
1389 1095 1510 1122 egressus
1520 1094 1603 1113 annos
1614 1107 1620 1118 ,
1636 1089 1807 1112 conuersatus

1021 1139 1062 1161 cst
1075 1142 1132 1160 ctrrn
1149 1134 1224 1161 beato
1240 1134 1365 1165 Antonio,
1385 1133 1479 1159 llierax
1494 1133 1548 1166 ipse
1559 1131 1705 1165 appellatus
1715 1150 1722 1162 ,
1737 1130 1805 1164 quod

1021 1181 1154 1215 propriqu
1170 1188 1266 1206 nomen
1281 1186 1365 1213 usque
1377 1179 1409 1205 ad
1424 1179 1494 1205 hunc
1507 1178 1576 1204 diem
1601 1177 1706 1203 retinet.
1733 1175 1806 1202 Alius

1022 1235 1083 1254 vero
1102 1227 1258 1253 Ammonius
1268 1225 1455 1261 sexagenarius
1476 1232 1534 1251 curn
1558 1223 1660 1250 duobus
1684 1221 1808 1248 fratribus

1021 1272 1157 1298 monachis
1170 1276 1197 1298 et
1212 1278 1264 1298 ttno
1275 1270 1399 1305 episcopo
1409 1290 1416 1302 ,
1428 1269 1471 1304 qui
1485 1269 1533 1296 sub
1546 1268 1653 1294 Valente
1665 1275 1724 1293 cum
1735 1265 1808 1293 boias

1022 1318 1159 1349 tulissent,
1183 1317 1356 1348 exsularunt,
1384 1320 1412 1342 ut
1438 1315 1508 1341 novit
1529 1313 1614 1340 omnis
1636 1311 1806 1339 Alexandria:

1022 1368 1093 1390 tanta
1110 1363 1211 1398 prtcdili
1226 1363 1334 1390 scientia
1346 1382 1353 1394 ,
1367 1361 1467 1388 utuihil
1482 1361 1675 1395 Scripturarum
1701 1366 1747 1385 cos
1769 1356 1807 1384 fu-

1019 1414 1094 1444 geret
1104 1430 1111 1441 ,
1127 1418 1184 1443 qua:
1198 1408 1328 1442 plerisque
1342 1407 1475 1441 impervia:
1487 1410 1557 1432 sunt.
1574 1405 1611 1431 Ex
1626 1404 1667 1430 bis
1681 1403 1733 1430 duo
1748 1402 1807 1437 qui-

1021 1455 1080 1482 dem
1096 1455 1232 1489 quiescunt
1245 1474 1252 1481 .
1268 1453 1362 1479 mortui
1388 1450 1633 1484 Constantinopoli:
1651 1449 1807 1475 Ammonius

1021 1504 1126 1531 autem,
1156 1505 1183 1525 ut
1210 1503 1348 1525 narrarunt
1369 1497 1490 1523 Aurelius
1515 1500 1541 1522 et
1566 1495 1713 1525 Sisinnius,
1737 1493 1806 1519 circa

1022 1547 1081 1571 vine
1094 1545 1191 1571 exitum
1209 1543 1392 1578 pmpbetavit,
1412 1547 1471 1576 post
1497 1548 1618 1575 magnam
1644 1539 1806 1573 persecutio-

1022 1598 1081 1616 nem
1097 1595 1123 1616 et
1143 1589 1255 1615 scbisura
1273 1589 1297 1614 in
1311 1587 1426 1614 Ecclesia
1442 1586 1582 1621 pcssirnuur
1597 1584 1694 1611 exitum
1715 1590 1805 1617 repor-

1023 1639 1122 1661 taturos
1136 1634 1192 1668 cjtts
1206 1639 1344 1664 ﬂllt'lUl‘CS,
1371 1638 1397 1659 et
1415 1632 1453 1658 sic
1480 1631 1610 1658 Ecclesias
1638 1629 1737 1655 unitum
1764 1628 1804 1654 iri.

1021 1680 1095 1714 Quod
1110 1681 1215 1714 quidcrrr
1231 1687 1262 1706 ex
1279 1684 1350 1713 parte
1366 1678 1461 1704 factum
1475 1681 1530 1708 est,
1546 1681 1572 1703 et
1586 1677 1639 1702 lict.
1655 1675 1717 1702 lude
1736 1674 1805 1701 enim

1021 1726 1194 1761 quorumdam
1209 1725 1393 1759 episcoporum
1406 1728 1432 1750 et
1443 1723 1567 1749 laicorurn
1579 1728 1689 1755 corpora
1701 1719 1807 1747 morbus

1022 1780 1154 1806 occupans
1165 1793 1172 1804 ,
1184 1771 1263 1797 variis
1274 1769 1411 1797 doloribus
1425 1768 1585 1795 distralrcbal
1595 1788 1602 1797 .
1619 1767 1687 1793 lenta
1701 1765 1806 1801 quidem

1023 1818 1094 1845 febre
1106 1818 1205 1843 viscera
1222 1824 1363 1850 perurens,
1379 1819 1457 1848 atque
1471 1812 1629 1840 intolerabili
1646 1812 1744 1846 pruritu
1769 1815 1804 1837 tot

1023 1869 1074 1890 tam
1083 1862 1202 1897 corporis
1211 1861 1377 1895 superficiem
1392 1859 1522 1894 unguibus
1539 1858 1665 1890 fodicatis,
1675 1856 1808 1891 crassique

1022 1907 1137 1935 itrtcstini
1160 1906 1276 1934 continui
1292 1905 1408 1932 dolores.
1426 1904 1484 1931 Alio
1506 1911 1572 1938 aqua
1592 1902 1720 1929 intercute
1735 1901 1809 1928 labo~

1022 1958 1106 1985 rante,
1114 1953 1183 1980 lividi
1192 1953 1286 1987 pedum
1295 1956 1409 1978 tumores
1420 1949 1509 1976 :a‘.teri
1516 1954 1602 1976 autem
1610 1949 1733 1974 humores
1740 1954 1808 1974 nunc

1022 2000 1113 2031 calidi,
1128 2007 1196 2026 rrtrrrc
1211 1998 1307 2033 frigidi,
1320 2005 1367 2032 per
1381 2002 1494 2031 quatuor
1507 1995 1631 2022 ar;iculos
1646 1993 1808 2023 detinentes.

1021 2047 1117 2081 digitos
1127 2067 1133 2078 ,
1150 2045 1192 2080 qtti
1205 2045 1272 2071 male
1283 2043 1493 2077 subscripserarrt
1503 2062 1510 2074 ,
1521 2046 1635 2067 tremore
1644 2039 1806 2066 afticicbaut'.

1023 2097 1048 2119 et
1062 2091 1209 2118 abdominis
1222 2089 1391 2117 inflammatio
1402 2095 1449 2115 sctr
1462 2093 1556 2118 turrror,
1569 2091 1594 2113 et
1606 2094 1651 2120 per
1662 2085 1808 2112 membrum

1021 2135 1153 2172 quoddam
1169 2135 1281 2169 putredo
1299 2134 1440 2168 pcssirnunr
1456 2133 1563 2159 odorem
1591 2131 1680 2165 procul
1706 2130 1807 2164 disper-

1020 2189 1103 2216 gens,
1118 2186 1145 2208 Cl
1167 2188 1270 2208 vermes
1288 2187 1428 2215 generatis.
1457 2178 1586 2205 Prmtcrca
1605 2177 1761 2210 orlhoprrma
1783 2179 1809 2201 Ν»

1022 2226 1167 2261 respirandi
1181 2225 1331 2258 difﬁcultas,
1348 2230 1425 2259 atqtre
1439 2223 1555 2250 omnium
1567 2222 1744 2249 membrorum
1755 2221 1809 2248 dis—

1023 2274 1105 2300 tentio
1122 2282 1128 2299 :
1145 2273 1205 2299 item
1220 2277 1357 2299 nocturna:
1373 2271 1500 2305 iruagirrcs
1514 2271 1539 2296 in
1554 2269 1672 2295 rabioSos
1684 2274 1772 2297 canes.
1783 2271 1809 2293 ot

1022 2319 1118 2346 strictis
1125 2319 1231 2345 ensibus
1238 2318 1373 2349 barbaros,
1384 2317 1546 2351 peregrinam
1553 2320 1578 2342 et
1586 2314 1759 2341 lurbnlentmr
1767 2321 1809 2339 vo-

1022 2372 1079 2391 cem
1106 2370 1231 2391 sonantes
1250 2363 1502 2390 transformabantur
1520 2362 1665 2387 insomnem
1686 2367 1806 2386 somnum

1024 2410 1217 2445 pcragcntibus.
1228 2410 1302 2436 Alius
1313 2415 1412 2442 autem,
1421 2409 1465 2443 qui
1480 2417 1510 2434 ex
1524 2415 1591 2441 rquo
1602 2406 1737 2436 decrdens,
1749 2413 1807 2431 cum

1022 2458 1104 2484 caulis
1119 2457 1144 2483 in
1159 2464 1260 2483 morem
1276 2456 1396 2482 dextrum
1412 2462 1473 2481 crus
1485 2454 1534 2480 sibi
1561 2453 1697 2487 fregisset,
1720 2451 1807 2478 statim

1023 2504 1101 2529 vitam
1115 2502 1234 2536 abrupit:
1251 2502 1318 2528 alius
1329 2521 1335 2533 ,
1360 2501 1501 2527 interclusa
1518 2507 1596 2530 voce,
1620 2503 1679 2524 octo
1705 2504 1809 2523 mensos

1023 2557 1047 2575 ιιι
1064 2549 1132 2576 lecto
1149 2553 1295 2574 maceratus
1310 2552 1364 2579 est,
1377 2547 1420 2580 qui
1432 2555 1463 2572 ne
1474 2546 1512 2572 ori
1529 2544 1635 2579 quidem
1652 2551 1700 2569 suo
1717 2550 1808 2568 manus

1022 2594 1163 2620 admovere
1175 2594 1287 2620 valebat.
1301 2593 1380 2619 Alteri
1397 2593 1455 2619 vivo
1466 2599 1540 2617 crura
1562 2590 1593 2617 ad
1621 2598 1705 2625 genua
1723 2596 1752 2615 ns
1763 2595 1805 2620 pro

1023 2639 1147 2673 paulatim
1172 2647 1219 2673 per
1242 2639 1383 2665 triennium
1407 2637 1520 2663 dissecta
1547 2640 1625 2665 sunt,
1650 2634 1808 2668 erysipelate

1022 2684 1144 2711 videlicet
1169 2684 1305 2710 materiam
1332 2682 1538 2717 suppeditante:
1562 2681 1628 2707 alitrs
1650 2679 1757 2709 itrﬂalzl,
1779 2682 1808 2703 ul

1022 2730 1109 2761 aitrnt,
1128 2730 1212 2763 lingua
1223 2751 1229 2761 ,
1242 2738 1301 2756 ctrrn
1317 2729 1390 2756 febre
1413 2727 1560 2754 \clrcrnt-rrti
1573 2747 1580 2758 ,
1593 2730 1620 2752 ut
1647 2723 1808 2759 gurgulionis

1023 2776 1193 2810 intcrscpturn
1207 2776 1231 2802 in
1248 2784 1293 2801 ore
1307 2780 1376 2802 CsSCl
1387 2774 1510 2800 dentibus
1537 2771 1666 2801 adlixurn.
1682 2777 1741 2795 cum
1755 2769 1807 2795 lin-

1023 2830 1073 2855 grta
1087 2821 1181 2848 inloco
1195 2821 1244 2848 sibi
1256 2830 1269 2847 η
1283 2826 1373 2847 natura
1388 2818 1496 2846 definito
1509 2826 1560 2845 non
1573 2818 1683 2843 lra‘reret
1696 2835 1703 2843 .
1720 2815 1745 2840 in
1761 2822 1793 2843 tia
