  <div class='ocr_page' id='page_1' title='image "/cluster/home/n/w/nwhite01/storage/ocr_20150623/47-48/njp.32101077772612/115.png"; bbox 0 0 2076 3112; ppageno 0'>
   <div class='ocr_carea' id='block_1_1' title="bbox 270 119 1901 156">
    <p class='ocr_par' dir='ltr' id='par_1_1' title="bbox 270 119 1901 156">
     <span class='ocr_line' id='line_1_1' title="bbox 270 119 1901 156; baseline 0.009 -14"><span class='ocrx_word' id='word_1_1' title='bbox 270 125 305 155; x_wconf 51' lang='lat'>”</span> <span class='ocrx_word' id='word_1_2' title='bbox 894 119 1053 152; x_wconf 70' lang='lat' dir='ltr'><strong>PALLADII</strong></span> <span class='ocrx_word' id='word_1_3' title='bbox 1074 122 1240 153; x_wconf 79' lang='lat' dir='ltr'><strong>DIALOGUS</strong></span> <span class='ocrx_word' id='word_1_4' title='bbox 1867 124 1901 156; x_wconf 64' lang='lat' dir='ltr'><strong>es</strong></span> 
     </span>
    </p>
   </div>
   <div class='ocr_carea' id='block_1_2' title="bbox 270 179 1060 217">
    <p class='ocr_par' dir='ltr' id='par_1_2' title="bbox 270 179 1060 217">
     <span class='ocr_line' id='line_1_2' title="bbox 270 179 1060 217; baseline -0.004 -9"><span class='ocrx_word' id='word_1_5' title='bbox 270 183 355 217; x_wconf 77' lang='lat' dir='ltr'><strong>gillari</strong></span> <span class='ocrx_word' id='word_1_6' title='bbox 370 180 562 210; x_wconf 76' lang='lat' dir='ltr'><strong>confessionem</strong></span> <span class='ocrx_word' id='word_1_7' title='bbox 576 181 691 217; x_wconf 82' lang='lat' dir='ltr'><strong>scripsit.</strong></span> <span class='ocrx_word' id='word_1_8' title='bbox 704 181 736 209; x_wconf 84' lang='lat' dir='ltr'><strong>Et</strong></span> <span class='ocrx_word' id='word_1_9' title='bbox 747 188 857 209; x_wconf 84' lang='lat' dir='ltr'><strong>cernere</strong></span> <span class='ocrx_word' id='word_1_10' title='bbox 866 184 923 207; x_wconf 79' lang='lat' dir='ltr'><strong>erat</strong></span> <span class='ocrx_word' id='word_1_11' title='bbox 935 179 1060 207; x_wconf 76' lang='lat' dir='ltr'><strong>divinitus</strong></span> 
     </span>
    </p>
   </div>
   <div class='ocr_carea' id='block_1_3' title="bbox 271 224 1059 262">
    <p class='ocr_par' dir='ltr' id='par_1_3' title="bbox 271 224 1059 262">
     <span class='ocr_line' id='line_1_3' title="bbox 271 224 1059 262; baseline -0.003 -8"><span class='ocrx_word' id='word_1_12' title='bbox 271 228 416 255; x_wconf 83' lang='lat' dir='ltr'><strong>immissam</strong></span> <span class='ocrx_word' id='word_1_13' title='bbox 431 228 496 255; x_wconf 84' lang='lat' dir='ltr'><strong>iram</strong></span> <span class='ocrx_word' id='word_1_14' title='bbox 506 248 513 260; x_wconf 98' lang='lat'><strong>,</strong></span> <span class='ocrx_word' id='word_1_15' title='bbox 529 228 608 254; x_wconf 79' lang='lat' dir='ltr'><strong>variis</strong></span> <span class='ocrx_word' id='word_1_16' title='bbox 619 226 703 262; x_wconf 64' lang='lat' dir='ltr'><strong>panis</strong></span> <span class='ocrx_word' id='word_1_17' title='bbox 714 226 811 253; x_wconf 86' lang='lat' dir='ltr'><strong>bellum</strong></span> <span class='ocrx_word' id='word_1_18' title='bbox 824 225 989 253; x_wconf 70' lang='lat' dir='ltr'><strong>inferentem.</strong></span> <span class='ocrx_word' id='word_1_19' title='bbox 1009 224 1059 257; x_wconf 75' lang='lat' dir='ltr'><strong>Qui</strong></span> 
     </span>
    </p>
   </div>
   <div class='ocr_carea' id='block_1_4' title="bbox 271 271 1058 308">
    <p class='ocr_par' dir='ltr' id='par_1_4' title="bbox 271 271 1058 308">
     <span class='ocr_line' id='line_1_4' title="bbox 271 271 1058 308; baseline -0.003 -9"><span class='ocrx_word' id='word_1_20' title='bbox 271 273 376 308; x_wconf 90' lang='lat' dir='ltr'><strong>quidem</strong></span> <span class='ocrx_word' id='word_1_21' title='bbox 389 274 537 301; x_wconf 89' lang='lat' dir='ltr'><strong>animarum</strong></span> <span class='ocrx_word' id='word_1_22' title='bbox 553 274 684 300; x_wconf 87' lang='lat' dir='ltr'><strong>medicum</strong></span> <span class='ocrx_word' id='word_1_23' title='bbox 697 276 722 299; x_wconf 89' lang='lat' dir='ltr'><strong>et</strong></span> <span class='ocrx_word' id='word_1_24' title='bbox 733 272 900 299; x_wconf 89' lang='lat' dir='ltr'><strong>delinitorem</strong></span> <span class='ocrx_word' id='word_1_25' title='bbox 915 271 1058 299; x_wconf 86' lang='lat' dir='ltr'><strong>exacerba-</strong></span> 
     </span>
    </p>
   </div>
   <div class='ocr_carea' id='block_1_5' title="bbox 272 316 1058 354">
    <p class='ocr_par' dir='ltr' id='par_1_5' title="bbox 272 316 1058 354">
     <span class='ocr_line' id='line_1_5' title="bbox 272 316 1058 354; baseline -0.004 -8"><span class='ocrx_word' id='word_1_26' title='bbox 272 323 347 349; x_wconf 86' lang='lat' dir='ltr'><strong>rant,</strong></span> <span class='ocrx_word' id='word_1_27' title='bbox 362 324 441 354; x_wconf 85' lang='lat' dir='ltr'><strong>atque</strong></span> <span class='ocrx_word' id='word_1_28' title='bbox 454 319 497 346; x_wconf 88' lang='lat' dir='ltr'><strong>Dei</strong></span> <span class='ocrx_word' id='word_1_29' title='bbox 510 319 680 352; x_wconf 89' lang='lat' dir='ltr'><strong>interpretem</strong></span> <span class='ocrx_word' id='word_1_30' title='bbox 698 325 712 344; x_wconf 92' lang='lat' dir='ltr'><strong>a</strong></span> <span class='ocrx_word' id='word_1_31' title='bbox 728 317 820 344; x_wconf 86' lang='lat' dir='ltr'><strong>salutis</strong></span> <span class='ocrx_word' id='word_1_32' title='bbox 842 317 946 344; x_wconf 86' lang='lat' dir='ltr'><strong>officina</strong></span> <span class='ocrx_word' id='word_1_33' title='bbox 972 316 1058 343; x_wconf 92' lang='lat' dir='ltr'><strong>dimo-</strong></span> 
     </span>
    </p>
   </div>
   <div class='ocr_carea' id='block_1_6' title="bbox 272 363 1057 399">
    <p class='ocr_par' dir='ltr' id='par_1_6' title="bbox 272 363 1057 399">
     <span class='ocr_line' id='line_1_6' title="bbox 272 363 1057 399; baseline -0.001 -9"><span class='ocrx_word' id='word_1_34' title='bbox 272 369 377 398; x_wconf 88' lang='lat' dir='ltr'><strong>verant,</strong></span> <span class='ocrx_word' id='word_1_35' title='bbox 389 372 528 399; x_wconf 89' lang='lat' dir='ltr'><strong>corporum</strong></span> <span class='ocrx_word' id='word_1_36' title='bbox 542 364 651 391; x_wconf 87' lang='lat' dir='ltr'><strong>medicis</strong></span> <span class='ocrx_word' id='word_1_37' title='bbox 658 363 691 390; x_wconf 93' lang='lat' dir='ltr'><strong>ad</strong></span> <span class='ocrx_word' id='word_1_38' title='bbox 699 363 865 391; x_wconf 85' lang='lat' dir='ltr'><strong>vexationem</strong></span> <span class='ocrx_word' id='word_1_39' title='bbox 877 363 1057 390; x_wconf 89' lang='lat' dir='ltr'><strong>tradebantur:</strong></span> 
     </span>
    </p>
   </div>
   <div class='ocr_carea' id='block_1_7' title="bbox 271 409 1058 444">
    <p class='ocr_par' dir='ltr' id='par_1_7' title="bbox 271 409 1058 444">
     <span class='ocr_line' id='line_1_7' title="bbox 271 409 1058 444; baseline 0 -8"><span class='ocrx_word' id='word_1_40' title='bbox 271 410 314 444; x_wconf 92' lang='lat' dir='ltr'><strong>qui</strong></span> <span class='ocrx_word' id='word_1_41' title='bbox 330 410 448 437; x_wconf 77' lang='lat' dir='ltr'><strong>dolorem</strong></span> <span class='ocrx_word' id='word_1_42' title='bbox 461 409 565 444; x_wconf 88' lang='lat' dir='ltr'><strong>quidetn</strong></span> <span class='ocrx_word' id='word_1_43' title='bbox 579 409 666 436; x_wconf 83' lang='lat' dir='ltr'><strong>solitis</strong></span> <span class='ocrx_word' id='word_1_44' title='bbox 679 409 802 436; x_wconf 88' lang='lat' dir='ltr'><strong>remediis</strong></span> <span class='ocrx_word' id='word_1_45' title='bbox 822 409 953 444; x_wconf 81' lang='lat' dir='ltr'><strong>augebant</strong></span> <span class='ocrx_word' id='word_1_46' title='bbox 964 429 972 441; x_wconf 95' lang='lat'><strong>,</strong></span> <span class='ocrx_word' id='word_1_47' title='bbox 988 409 1058 436; x_wconf 90' lang='lat' dir='ltr'><strong>salu-</strong></span> 
     </span>
    </p>
   </div>
   <div class='ocr_carea' id='block_1_8' title="bbox 272 454 1057 490">
    <p class='ocr_par' dir='ltr' id='par_1_8' title="bbox 272 454 1057 490">
     <span class='ocr_line' id='line_1_8' title="bbox 272 454 1057 490; baseline -0.001 -9"><span class='ocrx_word' id='word_1_48' title='bbox 272 459 323 482; x_wconf 86' lang='lat' dir='ltr'><strong>tem</strong></span> <span class='ocrx_word' id='word_1_49' title='bbox 339 460 425 482; x_wconf 62' lang='lat' dir='ltr'><strong>autem</strong></span> <span class='ocrx_word' id='word_1_50' title='bbox 442 463 492 482; x_wconf 87' lang='lat' dir='ltr'><strong>tton</strong></span> <span class='ocrx_word' id='word_1_51' title='bbox 506 455 695 490; x_wconf 70' lang='lat' dir='ltr'><strong>procurabant.</strong></span> <span class='ocrx_word' id='word_1_52' title='bbox 705 456 770 489; x_wconf 84' lang='lat' dir='ltr'><strong>Quis</strong></span> <span class='ocrx_word' id='word_1_53' title='bbox 784 455 854 482; x_wconf 89' lang='lat' dir='ltr'><strong>enim</strong></span> <span class='ocrx_word' id='word_1_54' title='bbox 862 454 1009 482; x_wconf 87' lang='lat' dir='ltr'><strong>medehitnr</strong></span> <span class='ocrx_word' id='word_1_55' title='bbox 1022 455 1057 488; x_wconf 89' lang='lat' dir='ltr'><strong>ei,</strong></span> 
     </span>
    </p>
   </div>
   <div class='ocr_carea' id='block_1_9' title="bbox 270 499 1058 536">
    <p class='ocr_par' dir='ltr' id='par_1_9' title="bbox 270 499 1058 536">
     <span class='ocr_line' id='line_1_9' title="bbox 270 499 1058 536; baseline -0.001 -10"><span class='ocrx_word' id='word_1_56' title='bbox 270 501 314 534; x_wconf 91' lang='lat' dir='ltr'><strong>qui</strong></span> <span class='ocrx_word' id='word_1_57' title='bbox 328 508 343 527; x_wconf 76' lang='grc' dir='ltr'><strong>ει</strong></span> <span class='ocrx_word' id='word_1_58' title='bbox 365 500 419 527; x_wconf 87' lang='lat' dir='ltr'><strong>Deo</strong></span> <span class='ocrx_word' id='word_1_59' title='bbox 434 501 558 535; x_wconf 79' lang='lat' dir='ltr'><strong>punitur?</strong></span> <span class='ocrx_word' id='word_1_60' title='bbox 572 505 600 528; x_wconf 88' lang='lat' dir='ltr'><strong>ut</strong></span> <span class='ocrx_word' id='word_1_61' title='bbox 612 501 650 527; x_wconf 86' lang='lat' dir='ltr'><strong>ait</strong></span> <span class='ocrx_word' id='word_1_62' title='bbox 663 501 808 536; x_wconf 81' lang='lat' dir='ltr'><strong>propheta:</strong></span> <span class='ocrx_word' id='word_1_63' title='bbox 826 500 957 535; x_wconf 80' lang='lat' dir='ltr'><strong>Numquid</strong></span> <span class='ocrx_word' id='word_1_64' title='bbox 971 499 1058 525; x_wconf 77' lang='lat' dir='ltr'><strong>medici</strong></span> 
     </span>
    </p>
   </div>
   <div class='ocr_carea' id='block_1_10' title="bbox 270 544 1059 581">
    <p class='ocr_par' dir='ltr' id='par_1_10' title="bbox 270 544 1059 581">
     <span class='ocr_line' id='line_1_10' title="bbox 270 544 1059 581; baseline 0 -10"><span class='ocrx_word' id='word_1_65' title='bbox 270 545 443 578; x_wconf 70' lang='lat' dir='ltr'><strong>suscitabunt,</strong></span> <span class='ocrx_word' id='word_1_66' title='bbox 467 551 490 572; x_wconf 85' lang='lat' dir='ltr'><strong>et</strong></span> <span class='ocrx_word' id='word_1_67' title='bbox 511 546 694 580; x_wconf 74' lang='lat' dir='ltr'><strong>conﬁtebuntur</strong></span> <span class='ocrx_word' id='word_1_68' title='bbox 714 546 757 572; x_wconf 75' lang='lat' dir='ltr'><strong>tibi</strong></span> <span class='ocrx_word' id='word_1_69' title='bbox 778 546 862 581; x_wconf 61' lang='lat' dir='ltr'><strong>(Paul.</strong></span> <span class='ocrx_word' id='word_1_70' title='bbox 877 546 921 572; x_wconf 79' lang='lat'><strong>87.</strong></span> <span class='ocrx_word' id='word_1_71' title='bbox 939 545 1000 578; x_wconf 79' lang='lat' dir='ltr'><strong>ii)?</strong></span> <span class='ocrx_word' id='word_1_72' title='bbox 1014 544 1059 571; x_wconf 85' lang='lat' dir='ltr'><strong>Sic</strong></span> 
     </span>
    </p>
   </div>
   <div class='ocr_carea' id='block_1_11' title="bbox 271 590 1059 625">
    <p class='ocr_par' dir='ltr' id='par_1_11' title="bbox 271 590 1059 625">
     <span class='ocr_line' id='line_1_11' title="bbox 271 590 1059 625; baseline -0.001 -9"><span class='ocrx_word' id='word_1_73' title='bbox 271 599 364 618; x_wconf 86' lang='lat' dir='ltr'><strong>omnes</strong></span> <span class='ocrx_word' id='word_1_74' title='bbox 379 591 504 618; x_wconf 68' lang='lat' dir='ltr'><strong>Ecrlesiie</strong></span> <span class='ocrx_word' id='word_1_75' title='bbox 519 597 569 617; x_wconf 72' lang='lat' dir='ltr'><strong>tum</strong></span> <span class='ocrx_word' id='word_1_76' title='bbox 583 591 654 625; x_wconf 82' lang='lat' dir='ltr'><strong>pacis</strong></span> <span class='ocrx_word' id='word_1_77' title='bbox 676 591 819 617; x_wconf 83' lang='lat' dir='ltr'><strong>adversarii</strong></span> <span class='ocrx_word' id='word_1_78' title='bbox 840 591 988 625; x_wconf 87' lang='lat' dir='ltr'><strong>perieruttt,</strong></span> <span class='ocrx_word' id='word_1_79' title='bbox 1008 590 1059 616; x_wconf 88' lang='lat' dir='ltr'><strong>Do-</strong></span> 
     </span>
    </p>
   </div>
   <div class='ocr_carea' id='block_1_12' title="bbox 273 634 1057 671">
    <p class='ocr_par' dir='ltr' id='par_1_12' title="bbox 273 634 1057 671">
     <span class='ocr_line' id='line_1_12' title="bbox 273 634 1057 671; baseline -0.003 -9"><span class='ocrx_word' id='word_1_80' title='bbox 273 637 352 663; x_wconf 88' lang='lat' dir='ltr'><strong>tnine.</strong></span> <span class='ocrx_word' id='word_1_81' title='bbox 366 637 500 664; x_wconf 64' lang='lat' dir='ltr'><strong>(Steterunt</strong></span> <span class='ocrx_word' id='word_1_82' title='bbox 518 638 600 663; x_wconf 88' lang='lat' dir='ltr'><strong>fertur</strong></span> <span class='ocrx_word' id='word_1_83' title='bbox 613 637 763 671; x_wconf 77' lang='lat' dir='ltr'><strong>sepulcrum</strong></span> <span class='ocrx_word' id='word_1_84' title='bbox 778 635 909 663; x_wconf 78' lang='lat' dir='ltr'><strong>Atnmunii</strong></span> <span class='ocrx_word' id='word_1_85' title='bbox 936 634 1057 662; x_wconf 88' lang='lat' dir='ltr'><strong>monachi</strong></span> 
     </span>
    </p>
   </div>
   <div class='ocr_carea' id='block_1_13' title="bbox 273 682 1058 716">
    <p class='ocr_par' dir='ltr' id='par_1_13' title="bbox 273 682 1058 716">
     <span class='ocr_line' id='line_1_13' title="bbox 273 682 1058 716; baseline -0.003 -8"><span class='ocrx_word' id='word_1_86' title='bbox 273 683 410 710; x_wconf 88' lang='lat' dir='ltr'><strong>borroretn</strong></span> <span class='ocrx_word' id='word_1_87' title='bbox 434 683 515 710; x_wconf 81' lang='lat' dir='ltr'><strong>febris</strong></span> <span class='ocrx_word' id='word_1_88' title='bbox 527 683 669 715; x_wconf 72' lang='lat' dir='ltr'><strong>expoliare.</strong></span> <span class='ocrx_word' id='word_1_89' title='bbox 687 682 811 716; x_wconf 85' lang='lat' dir='ltr'><strong>Sepultus</strong></span> <span class='ocrx_word' id='word_1_90' title='bbox 833 689 895 708; x_wconf 90' lang='lat' dir='ltr'><strong>vero</strong></span> <span class='ocrx_word' id='word_1_91' title='bbox 919 685 960 708; x_wconf 87' lang='lat' dir='ltr'><strong>est</strong></span> <span class='ocrx_word' id='word_1_92' title='bbox 986 685 1058 707; x_wconf 88' lang='lat' dir='ltr'><strong>ttans</strong></span> 
     </span>
    </p>
   </div>
   <div class='ocr_carea' id='block_1_14' title="bbox 272 727 1058 763">
    <p class='ocr_par' dir='ltr' id='par_1_14' title="bbox 272 727 1058 763">
     <span class='ocr_line' id='line_1_14' title="bbox 272 727 1058 763; baseline -0.001 -9"><span class='ocrx_word' id='word_1_93' title='bbox 272 736 346 755; x_wconf 90' lang='lat' dir='ltr'><strong>mare</strong></span> <span class='ocrx_word' id='word_1_94' title='bbox 371 729 396 755; x_wconf 88' lang='lat' dir='ltr'><strong>itt</strong></span> <span class='ocrx_word' id='word_1_95' title='bbox 425 729 552 763; x_wconf 78' lang='lat' dir='ltr'><strong>martyrio</strong></span> <span class='ocrx_word' id='word_1_96' title='bbox 577 728 776 762; x_wconf 83' lang='lat' dir='ltr'><strong>Apostolorum.</strong></span> <span class='ocrx_word' id='word_1_97' title='bbox 805 727 887 754; x_wconf 81' lang='lat' dir='ltr'><strong>Porro</strong></span> <span class='ocrx_word' id='word_1_98' title='bbox 918 727 1058 761; x_wconf 89' lang='lat' dir='ltr'><strong>cpiscopus</strong></span> 
     </span>
    </p>
   </div>
   <div class='ocr_carea' id='block_1_15' title="bbox 274 772 1058 807">
    <p class='ocr_par' dir='ltr' id='par_1_15' title="bbox 274 772 1058 807">
     <span class='ocr_line' id='line_1_15' title="bbox 274 772 1058 807; baseline -0.003 -8"><span class='ocrx_word' id='word_1_99' title='bbox 274 773 414 800; x_wconf 83' lang='lat' dir='ltr'><strong>Dioscorus</strong></span> <span class='ocrx_word' id='word_1_100' title='bbox 425 793 431 805; x_wconf 87' lang='lat'><strong>,</strong></span> <span class='ocrx_word' id='word_1_101' title='bbox 445 773 506 807; x_wconf 92' lang='lat' dir='ltr'><strong>qui,</strong></span> <span class='ocrx_word' id='word_1_102' title='bbox 524 776 552 799; x_wconf 91' lang='lat' dir='ltr'><strong>ut</strong></span> <span class='ocrx_word' id='word_1_103' title='bbox 565 772 670 804; x_wconf 88' lang='lat' dir='ltr'><strong>dicunt,</strong></span> <span class='ocrx_word' id='word_1_104' title='bbox 686 773 826 806; x_wconf 87' lang='lat' dir='ltr'><strong>plurimum</strong></span> <span class='ocrx_word' id='word_1_105' title='bbox 839 772 920 799; x_wconf 85' lang='lat' dir='ltr'><strong>Deum</strong></span> <span class='ocrx_word' id='word_1_106' title='bbox 937 776 1058 806; x_wconf 79' lang='lat' dir='ltr'><strong>precatus</strong></span> 
     </span>
    </p>
   </div>
   <div class='ocr_carea' id='block_1_16' title="bbox 273 817 1059 853">
    <p class='ocr_par' dir='ltr' id='par_1_16' title="bbox 273 817 1059 853">
     <span class='ocr_line' id='line_1_16' title="bbox 273 817 1059 853; baseline -0.003 -8"><span class='ocrx_word' id='word_1_107' title='bbox 273 818 366 851; x_wconf 84' lang='lat' dir='ltr'><strong>fuerat,</strong></span> <span class='ocrx_word' id='word_1_108' title='bbox 376 823 403 846; x_wconf 91' lang='lat' dir='ltr'><strong>ttt</strong></span> <span class='ocrx_word' id='word_1_109' title='bbox 418 823 462 845; x_wconf 88' lang='lat' dir='ltr'><strong>aut</strong></span> <span class='ocrx_word' id='word_1_110' title='bbox 478 825 570 853; x_wconf 82' lang='lat' dir='ltr'><strong>pacem</strong></span> <span class='ocrx_word' id='word_1_111' title='bbox 581 817 758 845; x_wconf 82' lang='lat' dir='ltr'><strong>Ecclesiarunt</strong></span> <span class='ocrx_word' id='word_1_112' title='bbox 768 817 932 850; x_wconf 85' lang='lat' dir='ltr'><strong>videret,aut</strong></span> <span class='ocrx_word' id='word_1_113' title='bbox 942 825 1059 843; x_wconf 86' lang='lat' dir='ltr'><strong>morere-</strong></span> 
     </span>
    </p>
   </div>
   <div class='ocr_carea' id='block_1_17' title="bbox 274 861 1058 899">
    <p class='ocr_par' dir='ltr' id='par_1_17' title="bbox 274 861 1058 899">
     <span class='ocr_line' id='line_1_17' title="bbox 274 861 1058 899; baseline -0.005 -8"><span class='ocrx_word' id='word_1_114' title='bbox 274 869 323 896; x_wconf 90' lang='lat' dir='ltr'><strong>tur,</strong></span> <span class='ocrx_word' id='word_1_115' title='bbox 333 869 416 892; x_wconf 89' lang='lat' dir='ltr'><strong>tnortc</strong></span> <span class='ocrx_word' id='word_1_116' title='bbox 424 864 518 899; x_wconf 83' lang='lat' dir='ltr'><strong>dignus</strong></span> <span class='ocrx_word' id='word_1_117' title='bbox 525 863 628 890; x_wconf 83' lang='lat' dir='ltr'><strong>habitus</strong></span> <span class='ocrx_word' id='word_1_118' title='bbox 637 867 686 893; x_wconf 89' lang='lat' dir='ltr'><strong>est,</strong></span> <span class='ocrx_word' id='word_1_119' title='bbox 694 863 816 897; x_wconf 79' lang='lat' dir='ltr'><strong>quoniam</strong></span> <span class='ocrx_word' id='word_1_120' title='bbox 825 862 938 889; x_wconf 88' lang='lat' dir='ltr'><strong>mundus</strong></span> <span class='ocrx_word' id='word_1_121' title='bbox 948 869 1010 896; x_wconf 87' lang='lat' dir='ltr'><strong>paCe</strong></span> <span class='ocrx_word' id='word_1_122' title='bbox 1019 861 1058 888; x_wconf 91' lang='lat' dir='ltr'><strong>di-</strong></span> 
     </span>
    </p>
   </div>
   <div class='ocr_carea' id='block_1_18' title="bbox 272 907 1058 946">
    <p class='ocr_par' dir='ltr' id='par_1_18' title="bbox 272 907 1058 946">
     <span class='ocr_line' id='line_1_18' title="bbox 272 907 1058 946; baseline -0.006 -8"><span class='ocrx_word' id='word_1_123' title='bbox 272 919 340 946; x_wconf 78' lang='lat' dir='ltr'><strong>gnus</strong></span> <span class='ocrx_word' id='word_1_124' title='bbox 350 919 401 938; x_wconf 93' lang='lat' dir='ltr'><strong>non</strong></span> <span class='ocrx_word' id='word_1_125' title='bbox 414 916 470 938; x_wconf 86' lang='lat' dir='ltr'><strong>erat</strong></span> <span class='ocrx_word' id='word_1_126' title='bbox 484 919 490 937; x_wconf 92' lang='lat'><strong>:</strong></span> <span class='ocrx_word' id='word_1_127' title='bbox 504 915 529 937; x_wconf 89' lang='lat' dir='ltr'><strong>et</strong></span> <span class='ocrx_word' id='word_1_128' title='bbox 539 910 658 944; x_wconf 85' lang='lat' dir='ltr'><strong>sepultus</strong></span> <span class='ocrx_word' id='word_1_129' title='bbox 669 910 693 935; x_wconf 92' lang='lat' dir='ltr'><strong>iu</strong></span> <span class='ocrx_word' id='word_1_130' title='bbox 708 909 849 944; x_wconf 79' lang='lat' dir='ltr'><strong>martyrio,</strong></span> <span class='ocrx_word' id='word_1_131' title='bbox 861 907 930 942; x_wconf 89' lang='lat' dir='ltr'><strong>quod</strong></span> <span class='ocrx_word' id='word_1_132' title='bbox 944 911 984 934; x_wconf 88' lang='lat' dir='ltr'><strong>est</strong></span> <span class='ocrx_word' id='word_1_133' title='bbox 997 912 1058 934; x_wconf 91' lang='lat' dir='ltr'><strong>ante</strong></span> 
     </span>
    </p>
   </div>
   <div class='ocr_carea' id='block_1_19' title="bbox 274 954 1057 991">
    <p class='ocr_par' dir='ltr' id='par_1_19' title="bbox 274 954 1057 991">
     <span class='ocr_line' id='line_1_19' title="bbox 274 954 1057 991; baseline -0.003 -10"><span class='ocrx_word' id='word_1_134' title='bbox 274 961 374 991; x_wconf 83' lang='lat' dir='ltr'><strong>porle</strong></span> <span class='ocrx_word' id='word_1_135' title='bbox 385 965 391 982; x_wconf 89' lang='lat'><strong>:</strong></span> <span class='ocrx_word' id='word_1_136' title='bbox 402 957 437 983; x_wconf 90' lang='lat' dir='ltr'><strong>ita</strong></span> <span class='ocrx_word' id='word_1_137' title='bbox 451 961 478 983; x_wconf 93' lang='lat' dir='ltr'><strong>ut</strong></span> <span class='ocrx_word' id='word_1_138' title='bbox 490 956 608 990; x_wconf 73' lang='lat' dir='ltr'><strong>plurimm</strong></span> <span class='ocrx_word' id='word_1_139' title='bbox 618 955 751 988; x_wconf 84' lang='lat' dir='ltr'><strong>mulieres,</strong></span> <span class='ocrx_word' id='word_1_140' title='bbox 768 954 874 981; x_wconf 74' lang='lat' dir='ltr'><strong>omissis</strong></span> <span class='ocrx_word' id='word_1_141' title='bbox 883 961 930 988; x_wconf 89' lang='lat' dir='ltr'><strong>per</strong></span> <span class='ocrx_word' id='word_1_142' title='bbox 940 957 1057 980; x_wconf 87' lang='lat' dir='ltr'><strong>sattctatn</strong></span> 
     </span>
    </p>
   </div>
   <div class='ocr_carea' id='block_1_20' title="bbox 273 1000 1056 1038">
    <p class='ocr_par' dir='ltr' id='par_1_20' title="bbox 273 1000 1056 1038">
     <span class='ocr_line' id='line_1_20' title="bbox 273 1000 1056 1038; baseline -0.004 -9"><span class='ocrx_word' id='word_1_143' title='bbox 273 1007 415 1038; x_wconf 77' lang='lat' dir='ltr'><strong>martyrem</strong></span> <span class='ocrx_word' id='word_1_144' title='bbox 429 1003 587 1036; x_wconf 88' lang='lat' dir='ltr'><strong>juramentis</strong></span> <span class='ocrx_word' id='word_1_145' title='bbox 602 1022 608 1034; x_wconf 87' lang='lat'><strong>,</strong></span> <span class='ocrx_word' id='word_1_146' title='bbox 626 1009 671 1036; x_wconf 91' lang='lat' dir='ltr'><strong>per</strong></span> <span class='ocrx_word' id='word_1_147' title='bbox 685 1009 776 1036; x_wconf 90' lang='lat' dir='ltr'><strong>preces</strong></span> <span class='ocrx_word' id='word_1_148' title='bbox 796 1000 913 1027; x_wconf 83' lang='lat' dir='ltr'><strong>Dioscuri</strong></span> <span class='ocrx_word' id='word_1_149' title='bbox 926 1000 1056 1034; x_wconf 83' lang='lat' dir='ltr'><strong>jurarent.</strong></span> 
     </span>
    </p>
   </div>
   <div class='ocr_carea' id='block_1_21' title="bbox 273 1046 1058 1082">
    <p class='ocr_par' dir='ltr' id='par_1_21' title="bbox 273 1046 1058 1082">
     <span class='ocr_line' id='line_1_21' title="bbox 273 1046 1058 1082; baseline -0.004 -7"><span class='ocrx_word' id='word_1_150' title='bbox 273 1048 310 1075; x_wconf 87' lang='lat' dir='ltr'><strong>Dc</strong></span> <span class='ocrx_word' id='word_1_151' title='bbox 323 1048 430 1082; x_wconf 80' lang='lat' dir='ltr'><strong>reliquis</strong></span> <span class='ocrx_word' id='word_1_152' title='bbox 447 1052 532 1074; x_wconf 84' lang='lat' dir='ltr'><strong>autem</strong></span> <span class='ocrx_word' id='word_1_153' title='bbox 547 1047 684 1074; x_wconf 79' lang='lat' dir='ltr'><strong>monachis</strong></span> <span class='ocrx_word' id='word_1_154' title='bbox 697 1047 793 1073; x_wconf 88' lang='lat' dir='ltr'><strong>mttilus</strong></span> <span class='ocrx_word' id='word_1_155' title='bbox 806 1046 868 1072; x_wconf 88' lang='lat' dir='ltr'><strong>mihi</strong></span> <span class='ocrx_word' id='word_1_156' title='bbox 889 1053 977 1073; x_wconf 83' lang='lat' dir='ltr'><strong>sermo</strong></span> <span class='ocrx_word' id='word_1_157' title='bbox 996 1052 1058 1072; x_wconf 89' lang='lat' dir='ltr'><strong>con-</strong></span> 
     </span>
    </p>
   </div>
   <div class='ocr_carea' id='block_1_22' title="bbox 272 1092 1056 1124">
    <p class='ocr_par' dir='ltr' id='par_1_22' title="bbox 272 1092 1056 1124">
     <span class='ocr_line' id='line_1_22' title="bbox 272 1092 1056 1124; baseline -0.001 -5"><span class='ocrx_word' id='word_1_158' title='bbox 272 1098 423 1121; x_wconf 79' lang='lat' dir='ltr'><strong>sumeretur</strong></span> <span class='ocrx_word' id='word_1_159' title='bbox 433 1094 458 1120; x_wconf 92' lang='lat' dir='ltr'><strong>in</strong></span> <span class='ocrx_word' id='word_1_160' title='bbox 473 1093 624 1121; x_wconf 89' lang='lat' dir='ltr'><strong>narrando:</strong></span> <span class='ocrx_word' id='word_1_161' title='bbox 637 1098 662 1120; x_wconf 86' lang='lat' dir='ltr'><strong>et</strong></span> <span class='ocrx_word' id='word_1_162' title='bbox 676 1097 702 1120; x_wconf 93' lang='lat' dir='ltr'><strong>tu</strong></span> <span class='ocrx_word' id='word_1_163' title='bbox 714 1093 826 1120; x_wconf 80' lang='lat' dir='ltr'><strong>fortasse</strong></span> <span class='ocrx_word' id='word_1_164' title='bbox 835 1093 868 1119; x_wconf 81' lang='lat' dir='ltr'><strong>ad</strong></span> <span class='ocrx_word' id='word_1_165' title='bbox 877 1092 925 1119; x_wconf 86' lang='lat' dir='ltr'><strong>alia</strong></span> <span class='ocrx_word' id='word_1_166' title='bbox 940 1092 1056 1124; x_wconf 87' lang='lat' dir='ltr'><strong>festinas,</strong></span> 
     </span>
    </p>
   </div>
   <div class='ocr_carea' id='block_1_23' title="bbox 271 1137 1059 1173">
    <p class='ocr_par' dir='ltr' id='par_1_23' title="bbox 271 1137 1059 1173">
     <span class='ocr_line' id='line_1_23' title="bbox 271 1137 1059 1173; baseline 0 -9"><span class='ocrx_word' id='word_1_167' title='bbox 271 1147 288 1164; x_wconf 90' lang='lat' dir='ltr'><strong>o</strong></span> <span class='ocrx_word' id='word_1_168' title='bbox 304 1139 342 1166; x_wconf 91' lang='lat' dir='ltr'><strong>vir</strong></span> <span class='ocrx_word' id='word_1_169' title='bbox 355 1139 392 1166; x_wconf 86' lang='lat' dir='ltr'><strong>tui</strong></span> <span class='ocrx_word' id='word_1_170' title='bbox 406 1139 519 1166; x_wconf 85' lang='lat' dir='ltr'><strong>nominis</strong></span> <span class='ocrx_word' id='word_1_171' title='bbox 529 1160 537 1171; x_wconf 90' lang='lat'><strong>,</strong></span> <span class='ocrx_word' id='word_1_172' title='bbox 554 1139 703 1166; x_wconf 82' lang='lat' dir='ltr'><strong>Theodore.</strong></span> <span class='ocrx_word' id='word_1_173' title='bbox 718 1139 792 1166; x_wconf 74' lang='lat' dir='ltr'><strong>Duc.</strong></span> <span class='ocrx_word' id='word_1_174' title='bbox 808 1138 840 1165; x_wconf 85' lang='lat' dir='ltr'><strong>Et</strong></span> <span class='ocrx_word' id='word_1_175' title='bbox 854 1139 914 1173; x_wconf 87' lang='lat' dir='ltr'><strong>quis</strong></span> <span class='ocrx_word' id='word_1_176' title='bbox 928 1137 995 1164; x_wconf 85' lang='lat' dir='ltr'><strong>adeo</strong></span> <span class='ocrx_word' id='word_1_177' title='bbox 1019 1137 1059 1164; x_wconf 86' lang='lat' dir='ltr'><strong>in-</strong></span> 
     </span>
    </p>
   </div>
   <div class='ocr_carea' id='block_1_24' title="bbox 273 1183 1058 1218">
    <p class='ocr_par' dir='ltr' id='par_1_24' title="bbox 273 1183 1058 1218">
     <span class='ocr_line' id='line_1_24' title="bbox 273 1183 1058 1218; baseline -0.003 -7"><span class='ocrx_word' id='word_1_178' title='bbox 273 1185 334 1211; x_wconf 73' lang='lat' dir='ltr'><strong>felix</strong></span> <span class='ocrx_word' id='word_1_179' title='bbox 345 1205 351 1216; x_wconf 91' lang='lat'><strong>,</strong></span> <span class='ocrx_word' id='word_1_180' title='bbox 365 1185 596 1212; x_wconf 84' lang='lat' dir='ltr'><strong>nlnarrationibus</strong></span> <span class='ocrx_word' id='word_1_181' title='bbox 607 1185 640 1211; x_wconf 88' lang='lat' dir='ltr'><strong>de</strong></span> <span class='ocrx_word' id='word_1_182' title='bbox 654 1185 748 1211; x_wconf 82' lang='lat' dir='ltr'><strong>virtute</strong></span> <span class='ocrx_word' id='word_1_183' title='bbox 757 1185 842 1212; x_wconf 89' lang='lat' dir='ltr'><strong>locum</strong></span> <span class='ocrx_word' id='word_1_184' title='bbox 857 1192 908 1210; x_wconf 90' lang='lat' dir='ltr'><strong>non</strong></span> <span class='ocrx_word' id='word_1_185' title='bbox 924 1183 1058 1218; x_wconf 76' lang='lat' dir='ltr'><strong>pra-beat?</strong></span> 
     </span>
    </p>
   </div>
   <div class='ocr_carea' id='block_1_25' title="bbox 274 1231 1058 1266">
    <p class='ocr_par' dir='ltr' id='par_1_25' title="bbox 274 1231 1058 1266">
     <span class='ocr_line' id='line_1_25' title="bbox 274 1231 1058 1266; baseline -0.004 -8"><span class='ocrx_word' id='word_1_186' title='bbox 274 1231 321 1258; x_wconf 76' lang='lat' dir='ltr'><strong>Dic</strong></span> <span class='ocrx_word' id='word_1_187' title='bbox 335 1231 422 1266; x_wconf 76' lang='lat' dir='ltr'><strong>igitur,</strong></span> <span class='ocrx_word' id='word_1_188' title='bbox 435 1239 540 1266; x_wconf 69' lang='lat' dir='ltr'><strong>quteso,</strong></span> <span class='ocrx_word' id='word_1_189' title='bbox 558 1236 583 1257; x_wconf 88' lang='lat' dir='ltr'><strong>et</strong></span> <span class='ocrx_word' id='word_1_190' title='bbox 598 1238 763 1266; x_wconf 88' lang='lat' dir='ltr'><strong>quocumque</strong></span> <span class='ocrx_word' id='word_1_191' title='bbox 775 1231 921 1258; x_wconf 82' lang='lat' dir='ltr'><strong>rationabili</strong></span> <span class='ocrx_word' id='word_1_192' title='bbox 935 1237 1058 1257; x_wconf 79' lang='lat' dir='ltr'><strong>sermone</strong></span> 
     </span>
    </p>
   </div>
   <div class='ocr_carea' id='block_1_26' title="bbox 272 1275 1056 1311">
    <p class='ocr_par' dir='ltr' id='par_1_26' title="bbox 272 1275 1056 1311">
     <span class='ocr_line' id='line_1_26' title="bbox 272 1275 1056 1311; baseline -0.003 -8"><span class='ocrx_word' id='word_1_193' title='bbox 272 1277 388 1303; x_wconf 90' lang='lat' dir='ltr'><strong>animum</strong></span> <span class='ocrx_word' id='word_1_194' title='bbox 404 1284 490 1302; x_wconf 82' lang='lat' dir='ltr'><strong>meum</strong></span> <span class='ocrx_word' id='word_1_195' title='bbox 501 1284 514 1302; x_wconf 92' lang='lat' dir='ltr'><strong>a</strong></span> <span class='ocrx_word' id='word_1_196' title='bbox 528 1276 697 1304; x_wconf 63' lang='lat' dir='ltr'><strong>secularibus</strong></span> <span class='ocrx_word' id='word_1_197' title='bbox 712 1275 913 1311; x_wconf 81' lang='lat' dir='ltr'><strong>cogitationibus</strong></span> <span class='ocrx_word' id='word_1_198' title='bbox 923 1275 1056 1302; x_wconf 70' lang='lat' dir='ltr'><strong>abducito.</strong></span> 
     </span>
    </p>
   </div>
   <div class='ocr_carea' id='block_1_27' title="bbox 273 1321 1057 1356">
    <p class='ocr_par' dir='ltr' id='par_1_27' title="bbox 273 1321 1057 1356">
     <span class='ocr_line' id='line_1_27' title="bbox 273 1321 1057 1356; baseline -0.001 -8"><span class='ocrx_word' id='word_1_199' title='bbox 273 1322 359 1348; x_wconf 70' lang='lat' dir='ltr'><strong>Episc.</strong></span> <span class='ocrx_word' id='word_1_200' title='bbox 371 1321 415 1348; x_wconf 80' lang='lat' dir='ltr'><strong>Est</strong></span> <span class='ocrx_word' id='word_1_201' title='bbox 424 1322 501 1355; x_wconf 76' lang='lat' dir='ltr'><strong>igitur</strong></span> <span class='ocrx_word' id='word_1_202' title='bbox 508 1322 574 1348; x_wconf 83' lang='lat' dir='ltr'><strong>alter</strong></span> <span class='ocrx_word' id='word_1_203' title='bbox 581 1322 674 1348; x_wconf 82' lang='lat' dir='ltr'><strong>llierax</strong></span> <span class='ocrx_word' id='word_1_204' title='bbox 683 1322 791 1356; x_wconf 86' lang='lat' dir='ltr'><strong>profano</strong></span> <span class='ocrx_word' id='word_1_205' title='bbox 798 1321 900 1356; x_wconf 88' lang='lat' dir='ltr'><strong>quidem</strong></span> <span class='ocrx_word' id='word_1_206' title='bbox 909 1321 1057 1348; x_wconf 89' lang='lat' dir='ltr'><strong>nominatus</strong></span> 
     </span>
    </p>
   </div>
   <div class='ocr_carea' id='block_1_28' title="bbox 272 1367 1056 1402">
    <p class='ocr_par' dir='ltr' id='par_1_28' title="bbox 272 1367 1056 1402">
     <span class='ocr_line' id='line_1_28' title="bbox 272 1367 1056 1402; baseline 0.001 -8"><span class='ocrx_word' id='word_1_207' title='bbox 272 1367 397 1398; x_wconf 90' lang='lat' dir='ltr'><strong>nomine,</strong></span> <span class='ocrx_word' id='word_1_208' title='bbox 414 1367 576 1401; x_wconf 82' lang='lat' dir='ltr'><strong>spiritalibus</strong></span> <span class='ocrx_word' id='word_1_209' title='bbox 599 1373 685 1394; x_wconf 88' lang='lat' dir='ltr'><strong>atttettt</strong></span> <span class='ocrx_word' id='word_1_210' title='bbox 698 1367 815 1394; x_wconf 87' lang='lat' dir='ltr'><strong>tnoribus</strong></span> <span class='ocrx_word' id='word_1_211' title='bbox 836 1373 995 1394; x_wconf 81' lang='lat' dir='ltr'><strong>exornatus:</strong></span> <span class='ocrx_word' id='word_1_212' title='bbox 1012 1369 1056 1402; x_wconf 92' lang='lat' dir='ltr'><strong>qui</strong></span> 
     </span>
    </p>
   </div>
   <div class='ocr_carea' id='block_1_29' title="bbox 273 1411 1056 1447">
    <p class='ocr_par' dir='ltr' id='par_1_29' title="bbox 273 1411 1056 1447">
     <span class='ocr_line' id='line_1_29' title="bbox 273 1411 1056 1447; baseline 0.003 -10"><span class='ocrx_word' id='word_1_213' title='bbox 273 1412 386 1446; x_wconf 90' lang='lat' dir='ltr'><strong>primum</strong></span> <span class='ocrx_word' id='word_1_214' title='bbox 399 1412 504 1446; x_wconf 89' lang='lat' dir='ltr'><strong>quidem</strong></span> <span class='ocrx_word' id='word_1_215' title='bbox 516 1416 588 1438; x_wconf 84' lang='lat' dir='ltr'><strong>extra</strong></span> <span class='ocrx_word' id='word_1_216' title='bbox 606 1417 687 1438; x_wconf 88' lang='lat' dir='ltr'><strong>totant</strong></span> <span class='ocrx_word' id='word_1_217' title='bbox 700 1411 841 1447; x_wconf 49' lang='lat' dir='ltr'><strong>{Egyplum</strong></span> <span class='ocrx_word' id='word_1_218' title='bbox 854 1416 881 1438; x_wconf 90' lang='lat' dir='ltr'><strong>ct</strong></span> <span class='ocrx_word' id='word_1_219' title='bbox 894 1412 1056 1440; x_wconf 82' lang='lat' dir='ltr'><strong>Thebaidem</strong></span> 
     </span>
    </p>
   </div>
   <div class='ocr_carea' id='block_1_30' title="bbox 273 1460 1056 1496">
    <p class='ocr_par' dir='ltr' id='par_1_30' title="bbox 273 1460 1056 1496">
     <span class='ocr_line' id='line_1_30' title="bbox 273 1460 1056 1496; baseline 0.001 -10"><span class='ocrx_word' id='word_1_220' title='bbox 273 1461 297 1486; x_wconf 79' lang='lat' dir='ltr'><strong>in</strong></span> <span class='ocrx_word' id='word_1_221' title='bbox 313 1466 427 1488; x_wconf 88' lang='lat' dir='ltr'><strong>montent</strong></span> <span class='ocrx_word' id='word_1_222' title='bbox 455 1461 627 1496; x_wconf 81' lang='lat' dir='ltr'><strong>Porphyriteu</strong></span> <span class='ocrx_word' id='word_1_223' title='bbox 647 1462 718 1488; x_wconf 83' lang='lat' dir='ltr'><strong>solus</strong></span> <span class='ocrx_word' id='word_1_224' title='bbox 740 1464 939 1493; x_wconf 85' lang='lat' dir='ltr'><strong>sccesserat,et</strong></span> <span class='ocrx_word' id='word_1_225' title='bbox 952 1460 1056 1495; x_wconf 84' lang='lat' dir='ltr'><strong>quidem</strong></span> 
     </span>
    </p>
   </div>
   <div class='ocr_carea' id='block_1_31' title="bbox 271 1506 1055 1542">
    <p class='ocr_par' dir='ltr' id='par_1_31' title="bbox 271 1506 1055 1542">
     <span class='ocr_line' id='line_1_31' title="bbox 271 1506 1055 1542; baseline 0 -10"><span class='ocrx_word' id='word_1_226' title='bbox 271 1506 328 1533; x_wconf 77' lang='lat' dir='ltr'><strong>sine</strong></span> <span class='ocrx_word' id='word_1_227' title='bbox 342 1507 395 1534; x_wconf 91' lang='lat' dir='ltr'><strong>ullo</strong></span> <span class='ocrx_word' id='word_1_228' title='bbox 407 1507 520 1534; x_wconf 58' lang='lat' dir='ltr'><strong>hominis</strong></span> <span class='ocrx_word' id='word_1_229' title='bbox 533 1507 636 1539; x_wconf 76' lang='lat' dir='ltr'><strong>afﬂatu,</strong></span> <span class='ocrx_word' id='word_1_230' title='bbox 650 1512 761 1542; x_wconf 87' lang='lat' dir='ltr'><strong>quatuor</strong></span> <span class='ocrx_word' id='word_1_231' title='bbox 775 1513 858 1532; x_wconf 85' lang='lat' dir='ltr'><strong>annos</strong></span> <span class='ocrx_word' id='word_1_232' title='bbox 868 1506 1055 1540; x_wconf 82' lang='lat' dir='ltr'><strong>perseveravit,</strong></span> 
     </span>
    </p>
   </div>
   <div class='ocr_carea' id='block_1_32' title="bbox 271 1553 1056 1587">
    <p class='ocr_par' dir='ltr' id='par_1_32' title="bbox 271 1553 1056 1587">
     <span class='ocr_line' id='line_1_32' title="bbox 271 1553 1056 1587; baseline 0.001 -9"><span class='ocrx_word' id='word_1_233' title='bbox 271 1553 334 1579; x_wconf 82' lang='lat' dir='ltr'><strong>solis</strong></span> <span class='ocrx_word' id='word_1_234' title='bbox 356 1558 494 1581; x_wconf 86' lang='lat' dir='ltr'><strong>contentus</strong></span> <span class='ocrx_word' id='word_1_235' title='bbox 522 1553 660 1580; x_wconf 83' lang='lat' dir='ltr'><strong>virtutibus</strong></span> <span class='ocrx_word' id='word_1_236' title='bbox 691 1554 723 1580; x_wconf 89' lang='lat' dir='ltr'><strong>ad</strong></span> <span class='ocrx_word' id='word_1_237' title='bbox 747 1553 892 1580; x_wconf 81' lang='lat' dir='ltr'><strong>solatium:</strong></span> <span class='ocrx_word' id='word_1_238' title='bbox 917 1557 1006 1587; x_wconf 85' lang='lat' dir='ltr'><strong>postea</strong></span> <span class='ocrx_word' id='word_1_239' title='bbox 1032 1553 1056 1579; x_wconf 92' lang='lat' dir='ltr'><strong>in</strong></span> 
     </span>
    </p>
   </div>
   <div class='ocr_carea' id='block_1_33' title="bbox 271 1599 1056 1634">
    <p class='ocr_par' dir='ltr' id='par_1_33' title="bbox 271 1599 1056 1634">
     <span class='ocr_line' id='line_1_33' title="bbox 271 1599 1056 1634; baseline -0.001 -9"><span class='ocrx_word' id='word_1_240' title='bbox 271 1599 414 1627; x_wconf 69' lang='lat' dir='ltr'><strong>solitudine</strong></span> <span class='ocrx_word' id='word_1_241' title='bbox 449 1599 539 1626; x_wconf 76' lang='lat' dir='ltr'><strong>Nitriae</strong></span> <span class='ocrx_word' id='word_1_242' title='bbox 563 1599 652 1634; x_wconf 81' lang='lat' dir='ltr'><strong>viginti</strong></span> <span class='ocrx_word' id='word_1_243' title='bbox 673 1599 787 1633; x_wconf 87' lang='lat' dir='ltr'><strong>quinque</strong></span> <span class='ocrx_word' id='word_1_244' title='bbox 814 1606 898 1625; x_wconf 89' lang='lat' dir='ltr'><strong>annos</strong></span> <span class='ocrx_word' id='word_1_245' title='bbox 923 1599 975 1633; x_wconf 79' lang='lat' dir='ltr'><strong>egit</strong></span> <span class='ocrx_word' id='word_1_246' title='bbox 997 1606 1056 1625; x_wconf 87' lang='lat' dir='ltr'><strong>euttt</strong></span> 
     </span>
    </p>
   </div>
   <div class='ocr_carea' id='block_1_34' title="bbox 272 1644 1058 1678">
    <p class='ocr_par' dir='ltr' id='par_1_34' title="bbox 272 1644 1058 1678">
     <span class='ocr_line' id='line_1_34' title="bbox 272 1644 1058 1678; baseline 0.001 -9"><span class='ocrx_word' id='word_1_247' title='bbox 272 1645 429 1677; x_wconf 67' lang='lat' dir='ltr'><strong>supradictis</strong></span> <span class='ocrx_word' id='word_1_248' title='bbox 437 1644 574 1672; x_wconf 82' lang='lat' dir='ltr'><strong>Patribus.</strong></span> <span class='ocrx_word' id='word_1_249' title='bbox 582 1645 647 1672; x_wconf 91' lang='lat' dir='ltr'><strong>lluic</strong></span> <span class='ocrx_word' id='word_1_250' title='bbox 660 1644 793 1671; x_wconf 73' lang='lat' dir='ltr'><strong>drcmoucs</strong></span> <span class='ocrx_word' id='word_1_251' title='bbox 804 1645 930 1670; x_wconf 72' lang='lat' dir='ltr'><strong>in~tantes</strong></span> <span class='ocrx_word' id='word_1_252' title='bbox 940 1664 948 1676; x_wconf 89' lang='lat'><strong>,</strong></span> <span class='ocrx_word' id='word_1_253' title='bbox 963 1649 989 1670; x_wconf 92' lang='lat' dir='ltr'><strong>ut</strong></span> <span class='ocrx_word' id='word_1_254' title='bbox 1002 1644 1058 1678; x_wconf 79' lang='lat' dir='ltr'><strong>ipse</strong></span> 
     </span>
    </p>
   </div>
   <div class='ocr_carea' id='block_1_35' title="bbox 273 1690 1055 1725">
    <p class='ocr_par' dir='ltr' id='par_1_35' title="bbox 273 1690 1055 1725">
     <span class='ocr_line' id='line_1_35' title="bbox 273 1690 1055 1725; baseline -0.001 -9"><span class='ocrx_word' id='word_1_255' title='bbox 273 1690 349 1716; x_wconf 87' lang='lat' dir='ltr'><strong>nobis</strong></span> <span class='ocrx_word' id='word_1_256' title='bbox 364 1690 494 1722; x_wconf 87' lang='lat' dir='ltr'><strong>narravit,</strong></span> <span class='ocrx_word' id='word_1_257' title='bbox 510 1690 654 1725; x_wconf 70' lang='lat' dir='ltr'><strong>longmvam</strong></span> <span class='ocrx_word' id='word_1_258' title='bbox 667 1691 745 1716; x_wconf 89' lang='lat' dir='ltr'><strong>vitam</strong></span> <span class='ocrx_word' id='word_1_259' title='bbox 761 1690 955 1724; x_wconf 86' lang='lat' dir='ltr'><strong>promittentes,</strong></span> <span class='ocrx_word' id='word_1_260' title='bbox 966 1698 980 1715; x_wconf 88' lang='lat' dir='ltr'><strong>a</strong></span> <span class='ocrx_word' id='word_1_261' title='bbox 995 1697 1055 1723; x_wconf 85' lang='lat' dir='ltr'><strong>pro-</strong></span> 
     </span>
    </p>
   </div>
   <div class='ocr_carea' id='block_1_36' title="bbox 273 1733 1056 1768">
    <p class='ocr_par' dir='ltr' id='par_1_36' title="bbox 273 1733 1056 1768">
     <span class='ocr_line' id='line_1_36' title="bbox 273 1733 1056 1768; baseline 0 -8"><span class='ocrx_word' id='word_1_262' title='bbox 273 1735 358 1767; x_wconf 74' lang='lat' dir='ltr'><strong>posita</strong></span> <span class='ocrx_word' id='word_1_263' title='bbox 373 1743 419 1768; x_wconf 71' lang='lat' dir='ltr'><strong>spe</strong></span> <span class='ocrx_word' id='word_1_264' title='bbox 430 1735 513 1768; x_wconf 90' lang='lat' dir='ltr'><strong>ipsnttt</strong></span> <span class='ocrx_word' id='word_1_265' title='bbox 529 1735 663 1761; x_wconf 79' lang='lat' dir='ltr'><strong>dimovere</strong></span> <span class='ocrx_word' id='word_1_266' title='bbox 677 1734 833 1766; x_wconf 79' lang='lat' dir='ltr'><strong>studebant,</strong></span> <span class='ocrx_word' id='word_1_267' title='bbox 865 1733 1056 1761; x_wconf 70' lang='lat' dir='ltr'><strong>transferuntu-</strong></span> 
     </span>
    </p>
   </div>
   <div class='ocr_carea' id='block_1_37' title="bbox 273 1779 1057 1814">
    <p class='ocr_par' dir='ltr' id='par_1_37' title="bbox 273 1779 1057 1814">
     <span class='ocr_line' id='line_1_37' title="bbox 273 1779 1057 1814; baseline -0.001 -9"><span class='ocrx_word' id='word_1_268' title='bbox 273 1786 314 1805; x_wconf 85' lang='lat' dir='ltr'><strong>tes</strong></span> <span class='ocrx_word' id='word_1_269' title='bbox 324 1787 352 1806; x_wconf 88' lang='lat' dir='ltr'><strong>se</strong></span> <span class='ocrx_word' id='word_1_270' title='bbox 363 1779 388 1806; x_wconf 89' lang='lat' dir='ltr'><strong>in</strong></span> <span class='ocrx_word' id='word_1_271' title='bbox 404 1781 510 1814; x_wconf 77' lang='lat' dir='ltr'><strong>angelos</strong></span> <span class='ocrx_word' id='word_1_272' title='bbox 522 1779 588 1806; x_wconf 86' lang='lat' dir='ltr'><strong>lucis</strong></span> <span class='ocrx_word' id='word_1_273' title='bbox 598 1800 605 1812; x_wconf 87' lang='lat'><strong>,</strong></span> <span class='ocrx_word' id='word_1_274' title='bbox 622 1779 756 1806; x_wconf 85' lang='lat' dir='ltr'><strong>dicentes:</strong></span> <span class='ocrx_word' id='word_1_275' title='bbox 769 1779 959 1814; x_wconf 80' lang='lat' dir='ltr'><strong>Quinquaginta</strong></span> <span class='ocrx_word' id='word_1_276' title='bbox 974 1786 1057 1805; x_wconf 87' lang='lat' dir='ltr'><strong>annos</strong></span> 
     </span>
    </p>
   </div>
   <div class='ocr_carea' id='block_1_38' title="bbox 273 1824 1057 1860">
    <p class='ocr_par' dir='ltr' id='par_1_38' title="bbox 273 1824 1057 1860">
     <span class='ocr_line' id='line_1_38' title="bbox 273 1824 1057 1860; baseline -0.003 -8"><span class='ocrx_word' id='word_1_277' title='bbox 273 1826 359 1853; x_wconf 87' lang='lat' dir='ltr'><strong>allute</strong></span> <span class='ocrx_word' id='word_1_278' title='bbox 369 1826 487 1853; x_wconf 82' lang='lat' dir='ltr'><strong>victurus</strong></span> <span class='ocrx_word' id='word_1_279' title='bbox 498 1833 542 1853; x_wconf 91' lang='lat' dir='ltr'><strong>es:</strong></span> <span class='ocrx_word' id='word_1_280' title='bbox 566 1825 697 1860; x_wconf 90' lang='lat' dir='ltr'><strong>quomodo</strong></span> <span class='ocrx_word' id='word_1_281' title='bbox 722 1825 747 1852; x_wconf 92' lang='lat' dir='ltr'><strong>in</strong></span> <span class='ocrx_word' id='word_1_282' title='bbox 773 1832 863 1852; x_wconf 80' lang='lat' dir='ltr'><strong>eremo</strong></span> <span class='ocrx_word' id='word_1_283' title='bbox 888 1824 1057 1859; x_wconf 68' lang='lat' dir='ltr'><strong>perdurabis?</strong></span> 
     </span>
    </p>
   </div>
   <div class='ocr_carea' id='block_1_39' title="bbox 274 1870 1055 1909">
    <p class='ocr_par' dir='ltr' id='par_1_39' title="bbox 274 1870 1055 1909">
     <span class='ocr_line' id='line_1_39' title="bbox 274 1870 1055 1909; baseline 0 -13"><span class='ocrx_word' id='word_1_284' title='bbox 274 1873 417 1898; x_wconf 83' lang='lat' dir='ltr'><strong>lt&#39;eautem</strong></span> <span class='ocrx_word' id='word_1_285' title='bbox 441 1873 573 1909; x_wconf 81' lang='lat' dir='ltr'><strong>sapienter</strong></span> <span class='ocrx_word' id='word_1_286' title='bbox 591 1879 638 1906; x_wconf 88' lang='lat' dir='ltr'><strong>per</strong></span> <span class='ocrx_word' id='word_1_287' title='bbox 661 1871 736 1898; x_wconf 90' lang='lat' dir='ltr'><strong>fidem</strong></span> <span class='ocrx_word' id='word_1_288' title='bbox 769 1870 924 1905; x_wconf 77' lang='lat' dir='ltr'><strong>respondit,</strong></span> <span class='ocrx_word' id='word_1_289' title='bbox 947 1870 1055 1897; x_wconf 85' lang='lat' dir='ltr'><strong>dicens:</strong></span> 
     </span>
    </p>
   </div>
   <div class='ocr_carea' id='block_1_40' title="bbox 273 1915 1057 1950">
    <p class='ocr_par' dir='ltr' id='par_1_40' title="bbox 273 1915 1057 1950">
     <span class='ocr_line' id='line_1_40' title="bbox 273 1915 1057 1950; baseline -0.004 -7"><span class='ocrx_word' id='word_1_290' title='bbox 273 1918 453 1944; x_wconf 67' lang='lat' dir='ltr'><strong>llontristastis</strong></span> <span class='ocrx_word' id='word_1_291' title='bbox 476 1925 534 1949; x_wconf 92' lang='lat' dir='ltr'><strong>tne,</strong></span> <span class='ocrx_word' id='word_1_292' title='bbox 555 1917 659 1944; x_wconf 86' lang='lat' dir='ltr'><strong>brevius</strong></span> <span class='ocrx_word' id='word_1_293' title='bbox 685 1917 809 1950; x_wconf 88' lang='lat' dir='ltr'><strong>propositi</strong></span> <span class='ocrx_word' id='word_1_294' title='bbox 827 1916 876 1943; x_wconf 88' lang='lat' dir='ltr'><strong>mei</strong></span> <span class='ocrx_word' id='word_1_295' title='bbox 887 1920 990 1950; x_wconf 88' lang='lat' dir='ltr'><strong>tempus</strong></span> <span class='ocrx_word' id='word_1_296' title='bbox 1016 1915 1057 1942; x_wconf 87' lang='lat' dir='ltr'><strong>(li-</strong></span> 
     </span>
    </p>
   </div>
   <div class='ocr_carea' id='block_1_41' title="bbox 273 1959 1057 1995">
    <p class='ocr_par' dir='ltr' id='par_1_41' title="bbox 273 1959 1057 1995">
     <span class='ocr_line' id='line_1_41' title="bbox 273 1959 1057 1995; baseline -0.003 -7"><span class='ocrx_word' id='word_1_297' title='bbox 273 1968 377 1990; x_wconf 82' lang='lat' dir='ltr'><strong>centes:</strong></span> <span class='ocrx_word' id='word_1_298' title='bbox 393 1963 566 1989; x_wconf 86' lang='lat' dir='ltr'><strong>ducentorum</strong></span> <span class='ocrx_word' id='word_1_299' title='bbox 579 1962 648 1988; x_wconf 84' lang='lat' dir='ltr'><strong>enim</strong></span> <span class='ocrx_word' id='word_1_300' title='bbox 662 1969 791 1988; x_wconf 90' lang='lat' dir='ltr'><strong>anttortnn</strong></span> <span class='ocrx_word' id='word_1_301' title='bbox 813 1965 967 1995; x_wconf 81' lang='lat' dir='ltr'><strong>apparatum</strong></span> <span class='ocrx_word' id='word_1_302' title='bbox 994 1959 1057 1986; x_wconf 90' lang='lat' dir='ltr'><strong>mihi</strong></span> 
     </span>
    </p>
   </div>
   <div class='ocr_carea' id='block_1_42' title="bbox 273 2005 1058 2039">
    <p class='ocr_par' dir='ltr' id='par_1_42' title="bbox 273 2005 1058 2039">
     <span class='ocr_line' id='line_1_42' title="bbox 273 2005 1058 2039; baseline -0.004 -5"><span class='ocrx_word' id='word_1_303' title='bbox 273 2009 298 2034; x_wconf 82' lang='lat' dir='ltr'><strong>in</strong></span> <span class='ocrx_word' id='word_1_304' title='bbox 310 2015 400 2035; x_wconf 87' lang='lat' dir='ltr'><strong>eremo</strong></span> <span class='ocrx_word' id='word_1_305' title='bbox 416 2008 602 2034; x_wconf 86' lang='lat' dir='ltr'><strong>instruxerant.</strong></span> <span class='ocrx_word' id='word_1_306' title='bbox 619 2006 693 2039; x_wconf 83' lang='lat' dir='ltr'><strong>Quod</strong></span> <span class='ocrx_word' id='word_1_307' title='bbox 716 2010 743 2033; x_wconf 89' lang='lat' dir='ltr'><strong>ut</strong></span> <span class='ocrx_word' id='word_1_308' title='bbox 758 2005 908 2036; x_wconf 87' lang='lat' dir='ltr'><strong>audiertmt,</strong></span> <span class='ocrx_word' id='word_1_309' title='bbox 929 2005 1058 2031; x_wconf 83' lang='lat' dir='ltr'><strong>ululantes</strong></span> 
     </span>
    </p>
   </div>
   <div class='ocr_carea' id='block_1_43' title="bbox 273 2051 1058 2087">
    <p class='ocr_par' dir='ltr' id='par_1_43' title="bbox 273 2051 1058 2087">
     <span class='ocr_line' id='line_1_43' title="bbox 273 2051 1058 2087; baseline -0.004 -8"><span class='ocrx_word' id='word_1_310' title='bbox 273 2054 461 2080; x_wconf 81' lang='lat' dir='ltr'><strong>discesserunt.</strong></span> <span class='ocrx_word' id='word_1_311' title='bbox 479 2053 510 2080; x_wconf 83' lang='lat' dir='ltr'><strong>Et</strong></span> <span class='ocrx_word' id='word_1_312' title='bbox 530 2053 599 2079; x_wconf 90' lang='lat' dir='ltr'><strong>hunc</strong></span> <span class='ocrx_word' id='word_1_313' title='bbox 624 2053 725 2087; x_wconf 86' lang='lat' dir='ltr'><strong>ipsum,</strong></span> <span class='ocrx_word' id='word_1_314' title='bbox 742 2059 819 2086; x_wconf 82' lang='lat' dir='ltr'><strong>quem</strong></span> <span class='ocrx_word' id='word_1_315' title='bbox 847 2051 980 2078; x_wconf 68' lang='lat' dir='ltr'><strong>daemones</strong></span> <span class='ocrx_word' id='word_1_316' title='bbox 1006 2058 1058 2077; x_wconf 89' lang='lat' dir='ltr'><strong>tton</strong></span> 
     </span>
    </p>
   </div>
   <div class='ocr_carea' id='block_1_44' title="bbox 273 2097 1059 2132">
    <p class='ocr_par' dir='ltr' id='par_1_44' title="bbox 273 2097 1059 2132">
     <span class='ocr_line' id='line_1_44' title="bbox 273 2097 1059 2132; baseline -0.003 -9"><span class='ocrx_word' id='word_1_317' title='bbox 273 2103 469 2126; x_wconf 76' lang='lat' dir='ltr'><strong>commoverant</strong></span> <span class='ocrx_word' id='word_1_318' title='bbox 479 2119 485 2130; x_wconf 95' lang='lat'><strong>,</strong></span> <span class='ocrx_word' id='word_1_319' title='bbox 501 2098 653 2125; x_wconf 89' lang='lat' dir='ltr'><strong>diuturnum</strong></span> <span class='ocrx_word' id='word_1_320' title='bbox 667 2098 690 2125; x_wconf 89' lang='lat' dir='ltr'><strong>ei</strong></span> <span class='ocrx_word' id='word_1_321' title='bbox 704 2098 763 2124; x_wconf 69' lang='lat' dir='ltr'><strong>vitte</strong></span> <span class='ocrx_word' id='word_1_322' title='bbox 778 2102 880 2132; x_wconf 89' lang='lat' dir='ltr'><strong>tempus</strong></span> <span class='ocrx_word' id='word_1_323' title='bbox 904 2097 1059 2131; x_wconf 85' lang='lat' dir='ltr'><strong>promitten-</strong></span> 
     </span>
    </p>
   </div>
   <div class='ocr_carea' id='block_1_45' title="bbox 274 2143 1058 2179">
    <p class='ocr_par' dir='ltr' id='par_1_45' title="bbox 274 2143 1058 2179">
     <span class='ocr_line' id='line_1_45' title="bbox 274 2143 1058 2179; baseline -0.003 -8"><span class='ocrx_word' id='word_1_324' title='bbox 274 2152 327 2176; x_wconf 73' lang='lat' dir='ltr'><strong>tes,</strong></span> <span class='ocrx_word' id='word_1_325' title='bbox 342 2150 370 2172; x_wconf 86' lang='grc' dir='ltr'><strong>ιιι</strong></span> <span class='ocrx_word' id='word_1_326' title='bbox 384 2146 468 2172; x_wconf 87' lang='lat' dir='ltr'><strong>virum</strong></span> <span class='ocrx_word' id='word_1_327' title='bbox 485 2145 509 2172; x_wconf 90' lang='lat' dir='ltr'><strong>in</strong></span> <span class='ocrx_word' id='word_1_328' title='bbox 533 2145 660 2172; x_wconf 82' lang='lat' dir='ltr'><strong>desidiam</strong></span> <span class='ocrx_word' id='word_1_329' title='bbox 683 2144 866 2179; x_wconf 86' lang='lat' dir='ltr'><strong>pertraherent</strong></span> <span class='ocrx_word' id='word_1_330' title='bbox 876 2164 882 2176; x_wconf 84' lang='lat'><strong>,</strong></span> <span class='ocrx_word' id='word_1_331' title='bbox 896 2143 1058 2177; x_wconf 83' lang='lat' dir='ltr'><strong>Theophilus</strong></span> 
     </span>
    </p>
   </div>
   <div class='ocr_carea' id='block_1_46' title="bbox 272 2189 1057 2225">
    <p class='ocr_par' dir='ltr' id='par_1_46' title="bbox 272 2189 1057 2225">
     <span class='ocr_line' id='line_1_46' title="bbox 272 2189 1057 2225; baseline -0.001 -9"><span class='ocrx_word' id='word_1_332' title='bbox 272 2199 339 2225; x_wconf 83' lang='lat' dir='ltr'><strong>papa</strong></span> <span class='ocrx_word' id='word_1_333' title='bbox 365 2190 493 2224; x_wconf 79' lang='lat' dir='ltr'><strong>Priurtpts</strong></span> <span class='ocrx_word' id='word_1_334' title='bbox 518 2191 603 2217; x_wconf 86' lang='lat' dir='ltr'><strong>edicto</strong></span> <span class='ocrx_word' id='word_1_335' title='bbox 628 2191 740 2225; x_wconf 81' lang='lat' dir='ltr'><strong>migrare</strong></span> <span class='ocrx_word' id='word_1_336' title='bbox 761 2190 853 2224; x_wconf 82' lang='lat' dir='ltr'><strong>jussit,</strong></span> <span class='ocrx_word' id='word_1_337' title='bbox 875 2194 901 2216; x_wconf 89' lang='lat' dir='ltr'><strong>et</strong></span> <span class='ocrx_word' id='word_1_338' title='bbox 921 2189 953 2216; x_wconf 87' lang='lat' dir='ltr'><strong>ad</strong></span> <span class='ocrx_word' id='word_1_339' title='bbox 980 2189 1057 2215; x_wconf 85' lang='lat' dir='ltr'><strong>talem</strong></span> 
     </span>
    </p>
   </div>
   <div class='ocr_carea' id='block_1_47' title="bbox 273 2235 1057 2272">
    <p class='ocr_par' dir='ltr' id='par_1_47' title="bbox 273 2235 1057 2272">
     <span class='ocr_line' id='line_1_47' title="bbox 273 2235 1057 2272; baseline -0.004 -8"><span class='ocrx_word' id='word_1_340' title='bbox 273 2238 374 2272; x_wconf 80' lang='lat' dir='ltr'><strong>redcg&#39;l</strong></span> <span class='ocrx_word' id='word_1_341' title='bbox 398 2238 597 2270; x_wconf 83' lang='lat' dir='ltr'><strong>necessitatem,</strong></span> <span class='ocrx_word' id='word_1_342' title='bbox 624 2242 652 2264; x_wconf 90' lang='lat' dir='ltr'><strong>ut</strong></span> <span class='ocrx_word' id='word_1_343' title='bbox 678 2237 710 2263; x_wconf 87' lang='lat' dir='ltr'><strong>ad</strong></span> <span class='ocrx_word' id='word_1_344' title='bbox 724 2236 882 2263; x_wconf 89' lang='lat' dir='ltr'><strong>Comitalnm</strong></span> <span class='ocrx_word' id='word_1_345' title='bbox 907 2235 957 2263; x_wconf 87' lang='lat' dir='ltr'><strong>iret</strong></span> <span class='ocrx_word' id='word_1_346' title='bbox 979 2244 986 2262; x_wconf 73' lang='grc' dir='ltr'><strong><em>τ</em></strong></span> <span class='ocrx_word' id='word_1_347' title='bbox 1013 2235 1057 2269; x_wconf 88' lang='lat' dir='ltr'><strong>qui</strong></span> 
     </span>
    </p>
   </div>
   <div class='ocr_carea' id='block_1_48' title="bbox 273 2281 1058 2318">
    <p class='ocr_par' dir='ltr' id='par_1_48' title="bbox 273 2281 1058 2318">
     <span class='ocr_line' id='line_1_48' title="bbox 273 2281 1058 2318; baseline -0.004 -8"><span class='ocrx_word' id='word_1_348' title='bbox 273 2291 342 2310; x_wconf 89' lang='lat' dir='ltr'><strong>nunc</strong></span> <span class='ocrx_word' id='word_1_349' title='bbox 370 2289 428 2318; x_wconf 86' lang='lat' dir='ltr'><strong>post</strong></span> <span class='ocrx_word' id='word_1_350' title='bbox 456 2289 567 2311; x_wconf 86' lang='lat' dir='ltr'><strong>mortem</strong></span> <span class='ocrx_word' id='word_1_351' title='bbox 598 2283 748 2314; x_wconf 82' lang='lat' dir='ltr'><strong>Ammonii,</strong></span> <span class='ocrx_word' id='word_1_352' title='bbox 777 2289 878 2308; x_wconf 69' lang='lat' dir='ltr'><strong>rursum</strong></span> <span class='ocrx_word' id='word_1_353' title='bbox 909 2281 1058 2307; x_wconf 86' lang='lat' dir='ltr'><strong>desertissi-</strong></span> 
     </span>
    </p>
   </div>
   <div class='ocr_carea' id='block_1_49' title="bbox 273 2327 1058 2364">
    <p class='ocr_par' dir='ltr' id='par_1_49' title="bbox 273 2327 1058 2364">
     <span class='ocr_line' id='line_1_49' title="bbox 273 2327 1058 2364; baseline -0.003 -8"><span class='ocrx_word' id='word_1_354' title='bbox 273 2338 341 2357; x_wconf 87' lang='lat' dir='ltr'><strong>tttattt</strong></span> <span class='ocrx_word' id='word_1_355' title='bbox 361 2330 528 2356; x_wconf 88' lang='lat' dir='ltr'><strong>solitudinctn</strong></span> <span class='ocrx_word' id='word_1_356' title='bbox 550 2330 667 2364; x_wconf 86' lang='lat' dir='ltr'><strong>repetiit,</strong></span> <span class='ocrx_word' id='word_1_357' title='bbox 691 2328 771 2355; x_wconf 89' lang='lat' dir='ltr'><strong>aratri</strong></span> <span class='ocrx_word' id='word_1_358' title='bbox 796 2327 940 2362; x_wconf 80' lang='lat' dir='ltr'><strong>evangelici</strong></span> <span class='ocrx_word' id='word_1_359' title='bbox 962 2327 1058 2354; x_wconf 87' lang='lat' dir='ltr'><strong>veritus</strong></span> 
     </span>
    </p>
   </div>
   <div class='ocr_carea' id='block_1_50' title="bbox 273 2373 1059 2409">
    <p class='ocr_par' dir='ltr' id='par_1_50' title="bbox 273 2373 1059 2409">
     <span class='ocr_line' id='line_1_50' title="bbox 273 2373 1059 2409; baseline -0.004 -7"><span class='ocrx_word' id='word_1_360' title='bbox 273 2375 423 2409; x_wconf 72' lang='lat' dir='ltr'><strong>pan-bolum</strong></span> <span class='ocrx_word' id='word_1_361' title='bbox 452 2375 525 2409; x_wconf 86' lang='lat' dir='ltr'><strong>(Luc.</strong></span> <span class='ocrx_word' id='word_1_362' title='bbox 552 2374 579 2402; x_wconf 88' lang='lat'><strong>9.</strong></span> <span class='ocrx_word' id='word_1_363' title='bbox 612 2374 669 2408; x_wconf 64' lang='lat'><strong>6‘2).</strong></span> <span class='ocrx_word' id='word_1_364' title='bbox 700 2374 771 2400; x_wconf 82' lang='lat' dir='ltr'><strong>Alius</strong></span> <span class='ocrx_word' id='word_1_365' title='bbox 800 2380 890 2400; x_wconf 88' lang='lat' dir='ltr'><strong>rursus</strong></span> <span class='ocrx_word' id='word_1_366' title='bbox 923 2373 1059 2407; x_wconf 63' lang='lat' dir='ltr'><strong>pre~bytcr</strong></span> 
     </span>
    </p>
   </div>
   <div class='ocr_carea' id='block_1_51' title="bbox 275 2419 1059 2454">
    <p class='ocr_par' dir='ltr' id='par_1_51' title="bbox 275 2419 1059 2454">
     <span class='ocr_line' id='line_1_51' title="bbox 275 2419 1059 2454; baseline 0 -8"><span class='ocrx_word' id='word_1_367' title='bbox 275 2421 346 2448; x_wconf 67' lang='lat' dir='ltr'><strong>l~aac</strong></span> <span class='ocrx_word' id='word_1_368' title='bbox 370 2421 495 2454; x_wconf 87' lang='lat' dir='ltr'><strong>nomine,</strong></span> <span class='ocrx_word' id='word_1_369' title='bbox 525 2420 670 2454; x_wconf 85' lang='lat' dir='ltr'><strong>discipulus</strong></span> <span class='ocrx_word' id='word_1_370' title='bbox 694 2420 814 2452; x_wconf 81' lang='lat' dir='ltr'><strong>Macarii,</strong></span> <span class='ocrx_word' id='word_1_371' title='bbox 839 2420 882 2454; x_wconf 89' lang='lat' dir='ltr'><strong>qui</strong></span> <span class='ocrx_word' id='word_1_372' title='bbox 908 2419 956 2446; x_wconf 88' lang='lat' dir='ltr'><strong>fuit</strong></span> <span class='ocrx_word' id='word_1_373' title='bbox 981 2420 1059 2446; x_wconf 89' lang='lat' dir='ltr'><strong>disci-</strong></span> 
     </span>
    </p>
   </div>
   <div class='ocr_carea' id='block_1_52' title="bbox 273 2465 1058 2501">
    <p class='ocr_par' dir='ltr' id='par_1_52' title="bbox 273 2465 1058 2501">
     <span class='ocr_line' id='line_1_52' title="bbox 273 2465 1058 2501; baseline -0.003 -7"><span class='ocrx_word' id='word_1_374' title='bbox 273 2467 349 2501; x_wconf 80' lang='lat' dir='ltr'><strong>pulus</strong></span> <span class='ocrx_word' id='word_1_375' title='bbox 365 2467 488 2499; x_wconf 86' lang='lat' dir='ltr'><strong>Antonii,</strong></span> <span class='ocrx_word' id='word_1_376' title='bbox 515 2466 665 2494; x_wconf 85' lang='lat' dir='ltr'><strong>solitudinis</strong></span> <span class='ocrx_word' id='word_1_377' title='bbox 690 2465 900 2498; x_wconf 83' lang='lat' dir='ltr'><strong>amantissimus,</strong></span> <span class='ocrx_word' id='word_1_378' title='bbox 928 2466 1058 2500; x_wconf 89' lang='lat' dir='ltr'><strong>quinqua-</strong></span> 
     </span>
    </p>
   </div>
   <div class='ocr_carea' id='block_1_53' title="bbox 273 2511 1059 2546">
    <p class='ocr_par' dir='ltr' id='par_1_53' title="bbox 273 2511 1059 2546">
     <span class='ocr_line' id='line_1_53' title="bbox 273 2511 1059 2546; baseline 0 -9"><span class='ocrx_word' id='word_1_379' title='bbox 273 2513 342 2546; x_wconf 68' lang='lat' dir='ltr'><strong>ginta</strong></span> <span class='ocrx_word' id='word_1_380' title='bbox 367 2519 450 2538; x_wconf 86' lang='lat' dir='ltr'><strong>annos</strong></span> <span class='ocrx_word' id='word_1_381' title='bbox 473 2519 572 2546; x_wconf 79' lang='lat' dir='ltr'><strong>agens,</strong></span> <span class='ocrx_word' id='word_1_382' title='bbox 592 2511 752 2546; x_wconf 80' lang='lat' dir='ltr'><strong>Scripturam</strong></span> <span class='ocrx_word' id='word_1_383' title='bbox 777 2519 883 2537; x_wconf 85' lang='lat' dir='ltr'><strong>onmem</strong></span> <span class='ocrx_word' id='word_1_384' title='bbox 906 2511 1059 2537; x_wconf 87' lang='lat' dir='ltr'><strong>tuentoriter</strong></span> 
     </span>
    </p>
   </div>
   <div class='ocr_carea' id='block_1_54' title="bbox 273 2555 1057 2591">
    <p class='ocr_par' dir='ltr' id='par_1_54' title="bbox 273 2555 1057 2591">
     <span class='ocr_line' id='line_1_54' title="bbox 273 2555 1057 2591; baseline -0.001 -8"><span class='ocrx_word' id='word_1_385' title='bbox 273 2563 382 2590; x_wconf 82' lang='lat' dir='ltr'><strong>tenens,</strong></span> <span class='ocrx_word' id='word_1_386' title='bbox 408 2563 524 2584; x_wconf 66' lang='lat' dir='ltr'><strong>cerastas</strong></span> <span class='ocrx_word' id='word_1_387' title='bbox 547 2561 684 2591; x_wconf 81' lang='lat' dir='ltr'><strong>serpentes</strong></span> <span class='ocrx_word' id='word_1_388' title='bbox 710 2555 735 2582; x_wconf 90' lang='lat' dir='ltr'><strong>itt</strong></span> <span class='ocrx_word' id='word_1_389' title='bbox 762 2556 883 2582; x_wconf 83' lang='lat' dir='ltr'><strong>manibus</strong></span> <span class='ocrx_word' id='word_1_390' title='bbox 905 2556 962 2583; x_wconf 84' lang='lat' dir='ltr'><strong>sine</strong></span> <span class='ocrx_word' id='word_1_391' title='bbox 989 2556 1057 2590; x_wconf 87' lang='lat' dir='ltr'><strong>peri-</strong></span> 
     </span>
    </p>
   </div>
   <div class='ocr_carea' id='block_1_55' title="bbox 272 2602 1058 2638">
    <p class='ocr_par' dir='ltr' id='par_1_55' title="bbox 272 2602 1058 2638">
     <span class='ocr_line' id='line_1_55' title="bbox 272 2602 1058 2638; baseline -0.004 -8"><span class='ocrx_word' id='word_1_392' title='bbox 272 2603 332 2630; x_wconf 85' lang='lat' dir='ltr'><strong>culo</strong></span> <span class='ocrx_word' id='word_1_393' title='bbox 347 2607 453 2638; x_wconf 85' lang='lat' dir='ltr'><strong>portans</strong></span> <span class='ocrx_word' id='word_1_394' title='bbox 464 2624 471 2635; x_wconf 97' lang='lat'><strong>,</strong></span> <span class='ocrx_word' id='word_1_395' title='bbox 487 2611 518 2629; x_wconf 85' lang='lat' dir='ltr'><strong>ex</strong></span> <span class='ocrx_word' id='word_1_396' title='bbox 536 2603 625 2629; x_wconf 87' lang='lat' dir='ltr'><strong>matris</strong></span> <span class='ocrx_word' id='word_1_397' title='bbox 640 2606 714 2629; x_wconf 89' lang='lat' dir='ltr'><strong>utero</strong></span> <span class='ocrx_word' id='word_1_398' title='bbox 734 2602 821 2636; x_wconf 82' lang='lat' dir='ltr'><strong>virgo,</strong></span> <span class='ocrx_word' id='word_1_399' title='bbox 846 2609 904 2628; x_wconf 88' lang='lat' dir='ltr'><strong>cum</strong></span> <span class='ocrx_word' id='word_1_400' title='bbox 925 2602 1058 2635; x_wconf 63' lang='lat' dir='ltr'><strong>septi-nuis</strong></span> 
     </span>
    </p>
   </div>
   <div class='ocr_carea' id='block_1_56' title="bbox 272 2647 1058 2683">
    <p class='ocr_par' dir='ltr' id='par_1_56' title="bbox 272 2647 1058 2683">
     <span class='ocr_line' id='line_1_56' title="bbox 272 2647 1058 2683; baseline -0.006 -6"><span class='ocrx_word' id='word_1_401' title='bbox 272 2649 440 2677; x_wconf 88' lang='lat' dir='ltr'><strong>solitudinem</strong></span> <span class='ocrx_word' id='word_1_402' title='bbox 479 2649 593 2676; x_wconf 86' lang='lat' dir='ltr'><strong>incolere</strong></span> <span class='ocrx_word' id='word_1_403' title='bbox 623 2648 762 2683; x_wconf 48' lang='lat' dir='ltr'><strong>carpissct,</strong></span> <span class='ocrx_word' id='word_1_404' title='bbox 799 2652 856 2680; x_wconf 84' lang='lat' dir='ltr'><strong>post</strong></span> <span class='ocrx_word' id='word_1_405' title='bbox 887 2647 1058 2682; x_wconf 79' lang='lat' dir='ltr'><strong>quadraginta</strong></span> 
     </span>
    </p>
   </div>
   <div class='ocr_carea' id='block_1_57' title="bbox 271 2693 1058 2729">
    <p class='ocr_par' dir='ltr' id='par_1_57' title="bbox 271 2693 1058 2729">
     <span class='ocr_line' id='line_1_57' title="bbox 271 2693 1058 2729; baseline -0.005 -7"><span class='ocrx_word' id='word_1_406' title='bbox 271 2703 371 2728; x_wconf 76' lang='lat' dir='ltr'><strong>aenos,</strong></span> <span class='ocrx_word' id='word_1_407' title='bbox 396 2703 455 2722; x_wconf 90' lang='lat' dir='ltr'><strong>cuttt</strong></span> <span class='ocrx_word' id='word_1_408' title='bbox 479 2694 631 2729; x_wconf 72' lang='lat' dir='ltr'><strong>prmdictis,</strong></span> <span class='ocrx_word' id='word_1_409' title='bbox 659 2701 672 2720; x_wconf 89' lang='lat' dir='ltr'><strong>a</strong></span> <span class='ocrx_word' id='word_1_410' title='bbox 695 2693 842 2727; x_wconf 85' lang='lat' dir='ltr'><strong>Tlteopuilo</strong></span> <span class='ocrx_word' id='word_1_411' title='bbox 867 2693 955 2726; x_wconf 87' lang='lat' dir='ltr'><strong>l&#39;apa,</strong></span> <span class='ocrx_word' id='word_1_412' title='bbox 979 2693 1058 2719; x_wconf 72' lang='lat' dir='ltr'><strong>Veluti</strong></span> 
     </span>
    </p>
   </div>
   <div class='ocr_carea' id='block_1_58' title="bbox 272 2740 1060 2775">
    <p class='ocr_par' dir='ltr' id='par_1_58' title="bbox 272 2740 1060 2775">
     <span class='ocr_line' id='line_1_58' title="bbox 272 2740 1060 2775; baseline -0.001 -7"><span class='ocrx_word' id='word_1_413' title='bbox 272 2742 378 2772; x_wconf 86' lang='lat' dir='ltr'><strong>cribro,</strong></span> <span class='ocrx_word' id='word_1_414' title='bbox 411 2749 538 2768; x_wconf 80' lang='lat' dir='ltr'><strong>cxrussns</strong></span> <span class='ocrx_word' id='word_1_415' title='bbox 564 2745 614 2768; x_wconf 89' lang='lat' dir='ltr'><strong>est.</strong></span> <span class='ocrx_word' id='word_1_416' title='bbox 646 2740 719 2768; x_wconf 79' lang='lat' dir='ltr'><strong>Alter</strong></span> <span class='ocrx_word' id='word_1_417' title='bbox 745 2741 816 2767; x_wconf 88' lang='lat' dir='ltr'><strong>Isaac</strong></span> <span class='ocrx_word' id='word_1_418' title='bbox 849 2740 1002 2775; x_wconf 84' lang='lat' dir='ltr'><strong>presbyter,</strong></span> <span class='ocrx_word' id='word_1_419' title='bbox 1033 2745 1060 2767; x_wconf 86' lang='lat' dir='ltr'><strong>et</strong></span> 
     </span>
    </p>
   </div>
   <div class='ocr_carea' id='block_1_59' title="bbox 272 2785 1058 2820">
    <p class='ocr_par' dir='ltr' id='par_1_59' title="bbox 272 2785 1058 2820">
     <span class='ocr_line' id='line_1_59' title="bbox 272 2785 1058 2820; baseline 0 -9"><span class='ocrx_word' id='word_1_420' title='bbox 272 2788 330 2820; x_wconf 60' lang='lat' dir='ltr'><strong>ipso</strong></span> <span class='ocrx_word' id='word_1_421' title='bbox 352 2787 493 2820; x_wconf 60' lang='lat' dir='ltr'><strong>discipulus</strong></span> <span class='ocrx_word' id='word_1_422' title='bbox 509 2794 538 2813; x_wconf 82' lang='lat' dir='ltr'><strong>ac</strong></span> <span class='ocrx_word' id='word_1_423' title='bbox 561 2794 698 2813; x_wconf 72' lang='lat' dir='ltr'><strong>socer-55M</strong></span> <span class='ocrx_word' id='word_1_424' title='bbox 714 2786 803 2812; x_wconf 87' lang='lat' dir='ltr'><strong>Cronii</strong></span> <span class='ocrx_word' id='word_1_425' title='bbox 830 2785 992 2820; x_wconf 83' lang='lat' dir='ltr'><strong>presbyteri,</strong></span> <span class='ocrx_word' id='word_1_426' title='bbox 1017 2785 1058 2811; x_wconf 89' lang='lat' dir='ltr'><strong>di-</strong></span> 
     </span>
    </p>
   </div>
   <div class='ocr_carea' id='block_1_60' title="bbox 273 2832 1058 2868">
    <p class='ocr_par' dir='ltr' id='par_1_60' title="bbox 273 2832 1058 2868">
     <span class='ocr_line' id='line_1_60' title="bbox 273 2832 1058 2868; baseline -0.003 -8"><span class='ocrx_word' id='word_1_427' title='bbox 273 2834 365 2868; x_wconf 81' lang='lat' dir='ltr'><strong>scipuli</strong></span> <span class='ocrx_word' id='word_1_428' title='bbox 387 2832 503 2868; x_wconf 62' lang='lat' dir='ltr'><strong>(‘jlibdkln</strong></span> <span class='ocrx_word' id='word_1_429' title='bbox 529 2832 652 2864; x_wconf 69' lang='lat' dir='ltr'><strong>Antonii,</strong></span> <span class='ocrx_word' id='word_1_430' title='bbox 670 2832 863 2866; x_wconf 75' lang='lat' dir='ltr'><strong>Setipturarum</strong></span> <span class='ocrx_word' id='word_1_431' title='bbox 886 2837 911 2858; x_wconf 91' lang='lat' dir='ltr'><strong>et</strong></span> <span class='ocrx_word' id='word_1_432' title='bbox 939 2832 993 2866; x_wconf 80' lang='lat' dir='ltr'><strong>ipse</strong></span> <span class='ocrx_word' id='word_1_433' title='bbox 1018 2839 1058 2866; x_wconf 82' lang='lat' dir='ltr'><strong>po-</strong></span> 
     </span>
    </p>
   </div>
   <div class='ocr_carea' id='block_1_61' title="bbox 1114 179 1900 220">
    <p class='ocr_par' dir='ltr' id='par_1_61' title="bbox 1114 179 1900 220">
     <span class='ocr_line' id='line_1_61' title="bbox 1114 179 1900 220; baseline 0.006 -13"><span class='ocrx_word' id='word_1_434' title='bbox 1114 179 1181 208; x_wconf 86' lang='lat' dir='ltr'><strong>ritus</strong></span> <span class='ocrx_word' id='word_1_435' title='bbox 1194 188 1271 215; x_wconf 88' lang='lat' dir='ltr'><strong>quam</strong></span> <span class='ocrx_word' id='word_1_436' title='bbox 1299 181 1342 215; x_wconf 89' lang='lat' dir='ltr'><strong>qtti</strong></span> <span class='ocrx_word' id='word_1_437' title='bbox 1365 182 1494 214; x_wconf 80' lang='lat' dir='ltr'><strong>maxime,</strong></span> <span class='ocrx_word' id='word_1_438' title='bbox 1524 182 1662 218; x_wconf 84' lang='lat' dir='ltr'><strong>hospitalis</strong></span> <span class='ocrx_word' id='word_1_439' title='bbox 1688 184 1709 210; x_wconf 85' lang='lat' dir='ltr'><strong>si</strong></span> <span class='ocrx_word' id='word_1_440' title='bbox 1732 184 1790 219; x_wconf 74' lang='lat' dir='ltr'><strong>quis</strong></span> <span class='ocrx_word' id='word_1_441' title='bbox 1816 185 1900 220; x_wconf 66' lang='lat' dir='ltr'><strong>alios,</strong></span> 
     </span>
    </p>
   </div>
   <div class='ocr_carea' id='block_1_62' title="bbox 1114 225 1901 263">
    <p class='ocr_par' dir='ltr' id='par_1_62' title="bbox 1114 225 1901 263">
     <span class='ocr_line' id='line_1_62' title="bbox 1114 225 1901 263; baseline 0.009 -11"><span class='ocrx_word' id='word_1_442' title='bbox 1114 225 1182 253; x_wconf 86' lang='lat' dir='ltr'><strong>adeo</strong></span> <span class='ocrx_word' id='word_1_443' title='bbox 1197 231 1223 252; x_wconf 95' lang='lat' dir='ltr'><strong>ut</strong></span> <span class='ocrx_word' id='word_1_444' title='bbox 1237 234 1289 260; x_wconf 81' lang='lat' dir='ltr'><strong>pra-</strong></span> <span class='ocrx_word' id='word_1_445' title='bbox 1303 235 1404 253; x_wconf 87' lang='lat' dir='ltr'><strong>suntma</strong></span> <span class='ocrx_word' id='word_1_446' title='bbox 1421 228 1581 256; x_wconf 84' lang='lat' dir='ltr'><strong>humanitate</strong></span> <span class='ocrx_word' id='word_1_447' title='bbox 1595 229 1735 263; x_wconf 87' lang='lat' dir='ltr'><strong>hospitium</strong></span> <span class='ocrx_word' id='word_1_448' title='bbox 1761 230 1787 257; x_wconf 89' lang='lat' dir='ltr'><strong>in</strong></span> <span class='ocrx_word' id='word_1_449' title='bbox 1812 239 1901 258; x_wconf 86' lang='lat' dir='ltr'><strong>eremo</strong></span> 
     </span>
    </p>
   </div>
   <div class='ocr_carea' id='block_1_63' title="bbox 1114 272 1897 308">
    <p class='ocr_par' dir='ltr' id='par_1_63' title="bbox 1114 272 1897 308">
     <span class='ocr_line' id='line_1_63' title="bbox 1114 272 1897 308; baseline 0.008 -11"><span class='ocrx_word' id='word_1_450' title='bbox 1114 272 1294 298; x_wconf 77' lang='lat' dir='ltr'><strong>construxerit</strong></span> <span class='ocrx_word' id='word_1_451' title='bbox 1309 272 1340 298; x_wconf 92' lang='lat' dir='ltr'><strong>ad</strong></span> <span class='ocrx_word' id='word_1_452' title='bbox 1364 273 1528 307; x_wconf 78' lang='lat' dir='ltr'><strong>refrigerium</strong></span> <span class='ocrx_word' id='word_1_453' title='bbox 1554 281 1684 308; x_wconf 78' lang='lat' dir='ltr'><strong>:rgrnrum</strong></span> <span class='ocrx_word' id='word_1_454' title='bbox 1707 277 1897 304; x_wconf 84' lang='lat' dir='ltr'><strong>monachorum</strong></span> 
     </span>
    </p>
   </div>
   <div class='ocr_carea' id='block_1_64' title="bbox 1114 317 1900 352">
    <p class='ocr_par' dir='ltr' id='par_1_64' title="bbox 1114 317 1900 352">
     <span class='ocr_line' id='line_1_64' title="bbox 1114 317 1900 352; baseline 0.009 -9"><span class='ocrx_word' id='word_1_455' title='bbox 1114 322 1140 344; x_wconf 84' lang='lat' dir='ltr'><strong>et</strong></span> <span class='ocrx_word' id='word_1_456' title='bbox 1154 317 1352 352; x_wconf 78' lang='lat' dir='ltr'><strong>peregrinorum</strong></span> <span class='ocrx_word' id='word_1_457' title='bbox 1363 339 1370 350; x_wconf 87' lang='lat'><strong>,</strong></span> <span class='ocrx_word' id='word_1_458' title='bbox 1385 318 1418 345; x_wconf 90' lang='lat' dir='ltr'><strong>ad</strong></span> <span class='ocrx_word' id='word_1_459' title='bbox 1433 319 1584 346; x_wconf 85' lang='lat' dir='ltr'><strong>invisendos</strong></span> <span class='ocrx_word' id='word_1_460' title='bbox 1605 320 1697 348; x_wconf 83' lang='lat' dir='ltr'><strong>beatos</strong></span> <span class='ocrx_word' id='word_1_461' title='bbox 1717 320 1811 349; x_wconf 78' lang='lat' dir='ltr'><strong>Patres</strong></span> <span class='ocrx_word' id='word_1_462' title='bbox 1837 323 1900 350; x_wconf 89' lang='lat' dir='ltr'><strong>illuc</strong></span> 
     </span>
    </p>
   </div>
   <div class='ocr_carea' id='block_1_65' title="bbox 1113 363 1897 403">
    <p class='ocr_par' dir='ltr' id='par_1_65' title="bbox 1113 363 1897 403">
     <span class='ocr_line' id='line_1_65' title="bbox 1113 363 1897 403; baseline 0.008 -14"><span class='ocrx_word' id='word_1_463' title='bbox 1113 363 1436 399; x_wconf 74' lang='lat' dir='ltr'><strong>advenictttium(dicitur</strong></span> <span class='ocrx_word' id='word_1_464' title='bbox 1460 368 1547 391; x_wconf 86' lang='lat' dir='ltr'><strong>autem</strong></span> <span class='ocrx_word' id='word_1_465' title='bbox 1572 364 1607 392; x_wconf 81' lang='lat' dir='ltr'><strong>ab</strong></span> <span class='ocrx_word' id='word_1_466' title='bbox 1621 366 1692 392; x_wconf 92' lang='lat' dir='ltr'><strong>omni</strong></span> <span class='ocrx_word' id='word_1_467' title='bbox 1717 366 1756 393; x_wconf 85' lang='lat' dir='ltr'><strong>ira</strong></span> <span class='ocrx_word' id='word_1_468' title='bbox 1768 367 1897 403; x_wconf 85' lang='lat' dir='ltr'><strong>alienus),</strong></span> 
     </span>
    </p>
   </div>
   <div class='ocr_carea' id='block_1_66' title="bbox 1113 409 1896 445">
    <p class='ocr_par' dir='ltr' id='par_1_66' title="bbox 1113 409 1896 445">
     <span class='ocr_line' id='line_1_66' title="bbox 1113 409 1896 445; baseline 0.008 -10"><span class='ocrx_word' id='word_1_469' title='bbox 1113 409 1276 443; x_wconf 79' lang='lat' dir='ltr'><strong>trigesimum</strong></span> <span class='ocrx_word' id='word_1_470' title='bbox 1290 417 1386 436; x_wconf 86' lang='lat' dir='ltr'><strong>annum</strong></span> <span class='ocrx_word' id='word_1_471' title='bbox 1402 417 1461 437; x_wconf 92' lang='lat' dir='ltr'><strong>cum</strong></span> <span class='ocrx_word' id='word_1_472' title='bbox 1477 410 1572 445; x_wconf 78' lang='lat' dir='ltr'><strong>egisset</strong></span> <span class='ocrx_word' id='word_1_473' title='bbox 1589 410 1614 437; x_wconf 92' lang='lat' dir='ltr'><strong>in</strong></span> <span class='ocrx_word' id='word_1_474' title='bbox 1629 418 1736 439; x_wconf 88' lang='lat' dir='ltr'><strong>secessu</strong></span> <span class='ocrx_word' id='word_1_475' title='bbox 1748 433 1755 442; x_wconf 93' lang='lat'>.</span> <span class='ocrx_word' id='word_1_476' title='bbox 1771 421 1821 440; x_wconf 83' lang='lat' dir='ltr'><strong>una</strong></span> <span class='ocrx_word' id='word_1_477' title='bbox 1834 421 1896 441; x_wconf 83' lang='lat' dir='ltr'><strong>curn</strong></span> 
     </span>
    </p>
   </div>
   <div class='ocr_carea' id='block_1_67' title="bbox 1113 454 1899 491">
    <p class='ocr_par' dir='ltr' id='par_1_67' title="bbox 1113 454 1899 491">
     <span class='ocr_line' id='line_1_67' title="bbox 1113 454 1899 491; baseline 0.01 -11"><span class='ocrx_word' id='word_1_478' title='bbox 1113 454 1154 480; x_wconf 84' lang='lat' dir='ltr'><strong>Itis</strong></span> <span class='ocrx_word' id='word_1_479' title='bbox 1165 459 1272 481; x_wconf 84' lang='lat' dir='ltr'><strong>vexatus</strong></span> <span class='ocrx_word' id='word_1_480' title='bbox 1282 460 1331 481; x_wconf 91' lang='lat' dir='ltr'><strong>est.</strong></span> <span class='ocrx_word' id='word_1_481' title='bbox 1349 455 1387 482; x_wconf 84' lang='lat' dir='ltr'><strong>Ex</strong></span> <span class='ocrx_word' id='word_1_482' title='bbox 1404 455 1443 482; x_wconf 75' lang='lat' dir='ltr'><strong>his</strong></span> <span class='ocrx_word' id='word_1_483' title='bbox 1456 460 1542 483; x_wconf 75' lang='lat' dir='ltr'><strong>autern</strong></span> <span class='ocrx_word' id='word_1_484' title='bbox 1556 455 1627 484; x_wconf 77' lang='lat' dir='ltr'><strong>[sane</strong></span> <span class='ocrx_word' id='word_1_485' title='bbox 1649 457 1720 491; x_wconf 87' lang='lat' dir='ltr'><strong>prior</strong></span> <span class='ocrx_word' id='word_1_486' title='bbox 1745 463 1850 486; x_wconf 84' lang='lat' dir='ltr'><strong>ecntum</strong></span> <span class='ocrx_word' id='word_1_487' title='bbox 1871 464 1899 488; x_wconf 88' lang='lat' dir='ltr'><strong>et</strong></span> 
     </span>
    </p>
   </div>
   <div class='ocr_carea' id='block_1_68' title="bbox 1112 499 1898 538">
    <p class='ocr_par' dir='ltr' id='par_1_68' title="bbox 1112 499 1898 538">
     <span class='ocr_line' id='line_1_68' title="bbox 1112 499 1898 538; baseline 0.01 -13"><span class='ocrx_word' id='word_1_488' title='bbox 1112 499 1298 534; x_wconf 80' lang='lat' dir='ltr'><strong>quinquaginta</strong></span> <span class='ocrx_word' id='word_1_489' title='bbox 1307 501 1356 528; x_wconf 91' lang='lat' dir='ltr'><strong>sub</strong></span> <span class='ocrx_word' id='word_1_490' title='bbox 1370 508 1398 527; x_wconf 85' lang='lat' dir='ltr'><strong>se</strong></span> <span class='ocrx_word' id='word_1_491' title='bbox 1409 501 1552 528; x_wconf 89' lang='lat' dir='ltr'><strong>monachos</strong></span> <span class='ocrx_word' id='word_1_492' title='bbox 1567 501 1697 530; x_wconf 87' lang='lat' dir='ltr'><strong>habebat:</strong></span> <span class='ocrx_word' id='word_1_493' title='bbox 1723 504 1798 538; x_wconf 90' lang='lat' dir='ltr'><strong>eujtts</strong></span> <span class='ocrx_word' id='word_1_494' title='bbox 1817 505 1898 533; x_wconf 88' lang='lat' dir='ltr'><strong>disci-</strong></span> 
     </span>
    </p>
   </div>
   <div class='ocr_carea' id='block_1_69' title="bbox 1113 545 1897 585">
    <p class='ocr_par' dir='ltr' id='par_1_69' title="bbox 1113 545 1897 585">
     <span class='ocr_line' id='line_1_69' title="bbox 1113 545 1897 585; baseline 0.01 -15"><span class='ocrx_word' id='word_1_495' title='bbox 1113 545 1189 579; x_wconf 86' lang='lat' dir='ltr'><strong>pulos</strong></span> <span class='ocrx_word' id='word_1_496' title='bbox 1200 549 1300 579; x_wconf 84' lang='lat' dir='ltr'><strong>septem</strong></span> <span class='ocrx_word' id='word_1_497' title='bbox 1316 551 1360 572; x_wconf 90' lang='lat' dir='ltr'><strong>aut</strong></span> <span class='ocrx_word' id='word_1_498' title='bbox 1368 550 1428 573; x_wconf 90' lang='lat' dir='ltr'><strong>octo</strong></span> <span class='ocrx_word' id='word_1_499' title='bbox 1438 547 1897 585; x_wconf 74' lang='lat' dir='ltr'><strong>episcoposconstituitTheophilus,</strong></span> 
     </span>
    </p>
   </div>
   <div class='ocr_carea' id='block_1_70' title="bbox 1112 592 1898 627">
    <p class='ocr_par' dir='ltr' id='par_1_70' title="bbox 1112 592 1898 627">
     <span class='ocr_line' id='line_1_70' title="bbox 1112 592 1898 627; baseline 0.009 -9"><span class='ocrx_word' id='word_1_500' title='bbox 1112 593 1174 619; x_wconf 91' lang='lat' dir='ltr'><strong>dnttt</strong></span> <span class='ocrx_word' id='word_1_501' title='bbox 1190 592 1368 627; x_wconf 84' lang='lat' dir='ltr'><strong>Theophilus,</strong></span> <span class='ocrx_word' id='word_1_502' title='bbox 1385 593 1435 620; x_wconf 64' lang='lat' dir='ltr'><strong>hic</strong></span> <span class='ocrx_word' id='word_1_503' title='bbox 1445 599 1482 621; x_wconf 87' lang='lat' dir='ltr'><strong>est</strong></span> <span class='ocrx_word' id='word_1_504' title='bbox 1497 614 1504 626; x_wconf 97' lang='lat'><strong>,</strong></span> <span class='ocrx_word' id='word_1_505' title='bbox 1522 594 1567 620; x_wconf 88' lang='lat' dir='ltr'><strong>Dei</strong></span> <span class='ocrx_word' id='word_1_506' title='bbox 1585 602 1692 627; x_wconf 87' lang='lat' dir='ltr'><strong>amans,</strong></span> <span class='ocrx_word' id='word_1_507' title='bbox 1709 600 1779 622; x_wconf 84' lang='lat' dir='ltr'><strong>esset</strong></span> <span class='ocrx_word' id='word_1_508' title='bbox 1801 605 1807 623; x_wconf 89' lang='lat'><strong>:</strong></span> <span class='ocrx_word' id='word_1_509' title='bbox 1832 597 1898 626; x_wconf 79' lang='lat' dir='ltr'><strong>alter</strong></span> 
     </span>
    </p>
   </div>
   <div class='ocr_carea' id='block_1_71' title="bbox 1111 638 1894 677">
    <p class='ocr_par' dir='ltr' id='par_1_71' title="bbox 1111 638 1894 677">
     <span class='ocr_line' id='line_1_71' title="bbox 1111 638 1894 677; baseline 0.009 -14"><span class='ocrx_word' id='word_1_510' title='bbox 1111 643 1198 664; x_wconf 82' lang='lat' dir='ltr'><strong>autem</strong></span> <span class='ocrx_word' id='word_1_511' title='bbox 1209 638 1336 665; x_wconf 88' lang='lat' dir='ltr'><strong>dncetttos</strong></span> <span class='ocrx_word' id='word_1_512' title='bbox 1350 642 1377 665; x_wconf 89' lang='lat' dir='ltr'><strong>et</strong></span> <span class='ocrx_word' id='word_1_513' title='bbox 1390 638 1496 665; x_wconf 85' lang='lat' dir='ltr'><strong>decem:</strong></span> <span class='ocrx_word' id='word_1_514' title='bbox 1513 639 1587 673; x_wconf 87' lang='lat' dir='ltr'><strong>cujus</strong></span> <span class='ocrx_word' id='word_1_515' title='bbox 1597 640 1676 666; x_wconf 79' lang='lat' dir='ltr'><strong>etiam</strong></span> <span class='ocrx_word' id='word_1_516' title='bbox 1691 641 1812 676; x_wconf 68' lang='lat' dir='ltr'><strong>discipuli</strong></span> <span class='ocrx_word' id='word_1_517' title='bbox 1840 643 1894 677; x_wconf 90' lang='lat' dir='ltr'><strong>plu-</strong></span> 
     </span>
    </p>
   </div>
   <div class='ocr_carea' id='block_1_72' title="bbox 1112 683 1886 721">
    <p class='ocr_par' dir='ltr' id='par_1_72' title="bbox 1112 683 1886 721">
     <span class='ocr_line' id='line_1_72' title="bbox 1112 683 1886 721; baseline 0.009 -13"><span class='ocrx_word' id='word_1_518' title='bbox 1112 683 1171 709; x_wconf 89' lang='lat' dir='ltr'><strong>rimi</strong></span> <span class='ocrx_word' id='word_1_519' title='bbox 1185 683 1315 718; x_wconf 74' lang='lat' dir='ltr'><strong>episeopis</strong></span> <span class='ocrx_word' id='word_1_520' title='bbox 1330 685 1493 711; x_wconf 86' lang='lat' dir='ltr'><strong>:tnuunterati</strong></span> <span class='ocrx_word' id='word_1_521' title='bbox 1518 689 1587 711; x_wconf 81' lang='lat' dir='ltr'><strong>stitit.</strong></span> <span class='ocrx_word' id='word_1_522' title='bbox 1604 685 1634 711; x_wconf 93' lang='lat' dir='ltr'><strong>lli</strong></span> <span class='ocrx_word' id='word_1_523' title='bbox 1662 691 1740 719; x_wconf 90' lang='lat' dir='ltr'><strong>sunt,</strong></span> <span class='ocrx_word' id='word_1_524' title='bbox 1761 695 1827 721; x_wconf 86' lang='lat' dir='ltr'><strong>quos</strong></span> <span class='ocrx_word' id='word_1_525' title='bbox 1851 697 1886 715; x_wconf 87' lang='lat' dir='ltr'><strong>tttt</strong></span> 
     </span>
    </p>
   </div>
   <div class='ocr_carea' id='block_1_73' title="bbox 1111 728 1897 766">
    <p class='ocr_par' dir='ltr' id='par_1_73' title="bbox 1111 728 1897 766">
     <span class='ocr_line' id='line_1_73' title="bbox 1111 728 1897 766; baseline 0.009 -12"><span class='ocrx_word' id='word_1_526' title='bbox 1111 728 1171 755; x_wconf 81' lang='lat' dir='ltr'><strong>ditis</strong></span> <span class='ocrx_word' id='word_1_527' title='bbox 1186 729 1277 755; x_wconf 87' lang='lat' dir='ltr'><strong>tertius</strong></span> <span class='ocrx_word' id='word_1_528' title='bbox 1291 729 1494 757; x_wconf 83' lang='lat' dir='ltr'><strong>memoravitnus</strong></span> <span class='ocrx_word' id='word_1_529' title='bbox 1510 730 1602 757; x_wconf 81' lang='lat' dir='ltr'><strong>lsidori</strong></span> <span class='ocrx_word' id='word_1_530' title='bbox 1615 731 1761 766; x_wconf 84' lang='lat' dir='ltr'><strong>presbyteri</strong></span> <span class='ocrx_word' id='word_1_531' title='bbox 1781 740 1859 760; x_wconf 89' lang='lat' dir='ltr'><strong>causa</strong></span> <span class='ocrx_word' id='word_1_532' title='bbox 1883 742 1897 761; x_wconf 89' lang='lat' dir='ltr'><strong>a</strong></span> 
     </span>
    </p>
   </div>
   <div class='ocr_carea' id='block_1_74' title="bbox 1112 773 1899 813">
    <p class='ocr_par' dir='ltr' id='par_1_74' title="bbox 1112 773 1899 813">
     <span class='ocr_line' id='line_1_74' title="bbox 1112 773 1899 813; baseline 0.006 -13"><span class='ocrx_word' id='word_1_533' title='bbox 1112 773 1258 807; x_wconf 80' lang='lat' dir='ltr'><strong>Theophila</strong></span> <span class='ocrx_word' id='word_1_534' title='bbox 1272 774 1341 809; x_wconf 82' lang='lat' dir='ltr'><strong>Papa</strong></span> <span class='ocrx_word' id='word_1_535' title='bbox 1365 774 1465 809; x_wconf 83' lang='lat' dir='ltr'><strong>ejectos</strong></span> <span class='ocrx_word' id='word_1_536' title='bbox 1489 783 1522 802; x_wconf 81' lang='lat' dir='ltr'><strong>ex</strong></span> <span class='ocrx_word' id='word_1_537' title='bbox 1548 783 1649 803; x_wconf 88' lang='lat' dir='ltr'><strong>eremo.</strong></span> <span class='ocrx_word' id='word_1_538' title='bbox 1676 776 1706 803; x_wconf 86' lang='lat' dir='ltr'><strong>lli</strong></span> <span class='ocrx_word' id='word_1_539' title='bbox 1728 782 1805 809; x_wconf 83' lang='lat' dir='ltr'><strong>sunt,</strong></span> <span class='ocrx_word' id='word_1_540' title='bbox 1833 787 1899 813; x_wconf 76' lang='lat' dir='ltr'><strong>quos</strong></span> 
     </span>
    </p>
   </div>
   <div class='ocr_carea' id='block_1_75' title="bbox 1112 819 1898 856">
    <p class='ocr_par' dir='ltr' id='par_1_75' title="bbox 1112 819 1898 856">
     <span class='ocr_line' id='line_1_75' title="bbox 1112 819 1898 856; baseline 0.006 -11"><span class='ocrx_word' id='word_1_541' title='bbox 1112 819 1262 846; x_wconf 79' lang='lat' dir='ltr'><strong>sacerdotes</strong></span> <span class='ocrx_word' id='word_1_542' title='bbox 1276 823 1304 846; x_wconf 89' lang='lat' dir='ltr'><strong>et</strong></span> <span class='ocrx_word' id='word_1_543' title='bbox 1317 819 1419 846; x_wconf 86' lang='lat' dir='ltr'><strong>diaconi</strong></span> <span class='ocrx_word' id='word_1_544' title='bbox 1432 819 1632 854; x_wconf 77' lang='lat' dir='ltr'><strong>despexerunt;</strong></span> <span class='ocrx_word' id='word_1_545' title='bbox 1648 825 1675 848; x_wconf 91' lang='lat' dir='ltr'><strong>et</strong></span> <span class='ocrx_word' id='word_1_546' title='bbox 1684 829 1752 856; x_wconf 78' lang='lat' dir='ltr'><strong>quos</strong></span> <span class='ocrx_word' id='word_1_547' title='bbox 1775 823 1800 849; x_wconf 96' lang='lat' dir='ltr'><strong>in</strong></span> <span class='ocrx_word' id='word_1_548' title='bbox 1827 824 1898 850; x_wconf 89' lang='lat' dir='ltr'><strong>viro-</strong></span> 
     </span>
    </p>
   </div>
   <div class='ocr_carea' id='block_1_76' title="bbox 1084 858 1898 903">
    <p class='ocr_par' dir='ltr' id='par_1_76' title="bbox 1084 858 1898 903">
     <span class='ocr_line' id='line_1_76' title="bbox 1084 858 1898 903; baseline 0.009 -14"><span class='ocrx_word' id='word_1_549' title='bbox 1084 882 1086 885; x_wconf 84' lang='lat'><strong>.</strong></span> <span class='ocrx_word' id='word_1_550' title='bbox 1108 858 1360 891; x_wconf 73' lang='lat' dir='ltr'><strong>&#39;rnmconfusionem</strong></span> <span class='ocrx_word' id='word_1_551' title='bbox 1385 865 1469 892; x_wconf 83' lang='lat' dir='ltr'><strong>virilis</strong></span> <span class='ocrx_word' id='word_1_552' title='bbox 1493 866 1589 893; x_wconf 88' lang='lat' dir='ltr'><strong>mulier</strong></span> <span class='ocrx_word' id='word_1_553' title='bbox 1609 868 1742 901; x_wconf 87' lang='lat' dir='ltr'><strong>suscepit,</strong></span> <span class='ocrx_word' id='word_1_554' title='bbox 1771 873 1850 903; x_wconf 87' lang='lat' dir='ltr'><strong>atque</strong></span> <span class='ocrx_word' id='word_1_555' title='bbox 1873 870 1898 897; x_wconf 90' lang='lat' dir='ltr'><strong>in</strong></span> 
     </span>
    </p>
   </div>
   <div class='ocr_carea' id='block_1_77' title="bbox 1111 910 1898 943">
    <p class='ocr_par' dir='ltr' id='par_1_77' title="bbox 1111 910 1898 943">
     <span class='ocr_line' id='line_1_77' title="bbox 1111 910 1898 943; baseline 0.01 -9"><span class='ocrx_word' id='word_1_556' title='bbox 1111 910 1294 943; x_wconf 73' lang='lat' dir='ltr'><strong>episcoporum</strong></span> <span class='ocrx_word' id='word_1_557' title='bbox 1327 911 1574 939; x_wconf 83' lang='lat' dir='ltr'><strong>condemnationem</strong></span> <span class='ocrx_word' id='word_1_558' title='bbox 1622 913 1717 940; x_wconf 88' lang='lat' dir='ltr'><strong>mulier</strong></span> <span class='ocrx_word' id='word_1_559' title='bbox 1752 914 1898 942; x_wconf 65' lang='lat' dir='ltr'><strong>diaconisaa</strong></span> 
     </span>
    </p>
   </div>
   <div class='ocr_carea' id='block_1_78' title="bbox 1112 955 1898 991">
    <p class='ocr_par' dir='ltr' id='par_1_78' title="bbox 1112 955 1898 991">
     <span class='ocr_line' id='line_1_78' title="bbox 1112 955 1898 991; baseline 0.006 -9"><span class='ocrx_word' id='word_1_560' title='bbox 1112 955 1226 990; x_wconf 79' lang='lat' dir='ltr'><strong>hospitio</strong></span> <span class='ocrx_word' id='word_1_561' title='bbox 1252 957 1372 990; x_wconf 81' lang='lat' dir='ltr'><strong>excepit;</strong></span> <span class='ocrx_word' id='word_1_562' title='bbox 1391 957 1466 991; x_wconf 83' lang='lat' dir='ltr'><strong>cujus</strong></span> <span class='ocrx_word' id='word_1_563' title='bbox 1492 957 1548 984; x_wconf 86' lang='lat' dir='ltr'><strong>laus</strong></span> <span class='ocrx_word' id='word_1_564' title='bbox 1568 958 1593 984; x_wconf 88' lang='lat' dir='ltr'><strong>in</strong></span> <span class='ocrx_word' id='word_1_565' title='bbox 1619 957 1898 987; x_wconf 84' lang='lat' dir='ltr'><strong>Eeelesiismultarum</strong></span> 
     </span>
    </p>
   </div>
   <div class='ocr_carea' id='block_1_79' title="bbox 1111 1002 1896 1041">
    <p class='ocr_par' dir='ltr' id='par_1_79' title="bbox 1111 1002 1896 1041">
     <span class='ocr_line' id='line_1_79' title="bbox 1111 1002 1896 1041; baseline 0.006 -13"><span class='ocrx_word' id='word_1_566' title='bbox 1111 1010 1198 1029; x_wconf 88' lang='lat' dir='ltr'><strong>rertntt</strong></span> <span class='ocrx_word' id='word_1_567' title='bbox 1220 1010 1298 1028; x_wconf 73' lang='lat' dir='ltr'><strong>causa</strong></span> <span class='ocrx_word' id='word_1_568' title='bbox 1320 1002 1486 1029; x_wconf 84' lang='lat' dir='ltr'><strong>celebratur:</strong></span> <span class='ocrx_word' id='word_1_569' title='bbox 1512 1004 1706 1031; x_wconf 87' lang='lat' dir='ltr'><strong>Samaritanum</strong></span> <span class='ocrx_word' id='word_1_570' title='bbox 1732 1005 1821 1038; x_wconf 90' lang='lat' dir='ltr'><strong>illum,</strong></span> <span class='ocrx_word' id='word_1_571' title='bbox 1843 1007 1896 1041; x_wconf 88' lang='lat' dir='ltr'><strong>qui-</strong></span> 
     </span>
    </p>
   </div>
   <div class='ocr_carea' id='block_1_80' title="bbox 1111 1048 1898 1085">
    <p class='ocr_par' dir='ltr' id='par_1_80' title="bbox 1111 1048 1898 1085">
     <span class='ocr_line' id='line_1_80' title="bbox 1111 1048 1898 1085; baseline 0.008 -11"><span class='ocrx_word' id='word_1_572' title='bbox 1111 1056 1222 1082; x_wconf 90' lang='lat' dir='ltr'><strong>cuntque</strong></span> <span class='ocrx_word' id='word_1_573' title='bbox 1246 1048 1349 1075; x_wconf 88' lang='lat' dir='ltr'><strong>tandettt</strong></span> <span class='ocrx_word' id='word_1_574' title='bbox 1367 1049 1410 1076; x_wconf 84' lang='lat' dir='ltr'><strong>ille</strong></span> <span class='ocrx_word' id='word_1_575' title='bbox 1429 1049 1479 1082; x_wconf 89' lang='lat' dir='ltr'><strong>sit,</strong></span> <span class='ocrx_word' id='word_1_576' title='bbox 1507 1049 1624 1082; x_wconf 88' lang='lat' dir='ltr'><strong>intitata,</strong></span> <span class='ocrx_word' id='word_1_577' title='bbox 1647 1051 1690 1085; x_wconf 90' lang='lat' dir='ltr'><strong>qui</strong></span> <span class='ocrx_word' id='word_1_578' title='bbox 1716 1058 1731 1078; x_wconf 83' lang='lat' dir='ltr'><strong>a</strong></span> <span class='ocrx_word' id='word_1_579' title='bbox 1755 1051 1898 1081; x_wconf 76' lang='lat' dir='ltr'><strong>latronibus</strong></span> 
     </span>
    </p>
   </div>
   <div class='ocr_carea' id='block_1_81' title="bbox 1111 1093 1899 1126">
    <p class='ocr_par' dir='ltr' id='par_1_81' title="bbox 1111 1093 1899 1126">
     <span class='ocr_line' id='line_1_81' title="bbox 1111 1093 1899 1126; baseline 0.009 -8"><span class='ocrx_word' id='word_1_580' title='bbox 1111 1095 1292 1126; x_wconf 85' lang='lat' dir='ltr'><strong>vn&#39;ncratum,</strong></span> <span class='ocrx_word' id='word_1_581' title='bbox 1317 1093 1474 1121; x_wconf 87' lang='lat' dir='ltr'><strong>semivivum</strong></span> <span class='ocrx_word' id='word_1_582' title='bbox 1498 1095 1522 1121; x_wconf 88' lang='lat' dir='ltr'><strong>itt</strong></span> <span class='ocrx_word' id='word_1_583' title='bbox 1544 1095 1674 1122; x_wconf 82' lang='lat' dir='ltr'><strong>descensu</strong></span> <span class='ocrx_word' id='word_1_584' title='bbox 1696 1095 1802 1124; x_wconf 82' lang='lat' dir='ltr'><strong>Jericho</strong></span> <span class='ocrx_word' id='word_1_585' title='bbox 1823 1098 1899 1125; x_wconf 87' lang='lat' dir='ltr'><strong>inve-</strong></span> 
     </span>
    </p>
   </div>
   <div class='ocr_carea' id='block_1_82' title="bbox 1111 1140 1898 1176">
    <p class='ocr_par' dir='ltr' id='par_1_82' title="bbox 1111 1140 1898 1176">
     <span class='ocr_line' id='line_1_82' title="bbox 1111 1140 1898 1176; baseline 0.004 -9"><span class='ocrx_word' id='word_1_586' title='bbox 1111 1140 1186 1167; x_wconf 85' lang='lat' dir='ltr'><strong>niens</strong></span> <span class='ocrx_word' id='word_1_587' title='bbox 1197 1161 1204 1173; x_wconf 83' lang='lat'><strong>,</strong></span> <span class='ocrx_word' id='word_1_588' title='bbox 1218 1140 1324 1174; x_wconf 86' lang='lat' dir='ltr'><strong>proprio</strong></span> <span class='ocrx_word' id='word_1_589' title='bbox 1335 1140 1407 1166; x_wconf 90' lang='lat' dir='ltr'><strong>illum</strong></span> <span class='ocrx_word' id='word_1_590' title='bbox 1421 1140 1544 1176; x_wconf 90' lang='lat' dir='ltr'><strong>imposuit</strong></span> <span class='ocrx_word' id='word_1_591' title='bbox 1554 1141 1674 1175; x_wconf 92' lang='lat' dir='ltr'><strong>jumento</strong></span> <span class='ocrx_word' id='word_1_592' title='bbox 1684 1163 1690 1174; x_wconf 88' lang='lat'><strong>,</strong></span> <span class='ocrx_word' id='word_1_593' title='bbox 1705 1147 1732 1169; x_wconf 88' lang='lat' dir='ltr'><strong>et</strong></span> <span class='ocrx_word' id='word_1_594' title='bbox 1753 1143 1785 1170; x_wconf 88' lang='lat' dir='ltr'><strong>ad</strong></span> <span class='ocrx_word' id='word_1_595' title='bbox 1810 1144 1898 1170; x_wconf 81' lang='lat' dir='ltr'><strong>stabu-</strong></span> 
     </span>
    </p>
   </div>
   <div class='ocr_carea' id='block_1_83' title="bbox 1111 1185 1898 1220">
    <p class='ocr_par' dir='ltr' id='par_1_83' title="bbox 1111 1185 1898 1220">
     <span class='ocr_line' id='line_1_83' title="bbox 1111 1185 1898 1220; baseline 0.003 -8"><span class='ocrx_word' id='word_1_596' title='bbox 1111 1185 1163 1212; x_wconf 89' lang='lat' dir='ltr'><strong>lum</strong></span> <span class='ocrx_word' id='word_1_597' title='bbox 1179 1192 1261 1219; x_wconf 89' lang='lat' dir='ltr'><strong>usque</strong></span> <span class='ocrx_word' id='word_1_598' title='bbox 1286 1185 1358 1218; x_wconf 90' lang='lat' dir='ltr'><strong>tulit,</strong></span> <span class='ocrx_word' id='word_1_599' title='bbox 1372 1189 1451 1220; x_wconf 86' lang='lat' dir='ltr'><strong>atque</strong></span> <span class='ocrx_word' id='word_1_600' title='bbox 1477 1185 1648 1213; x_wconf 88' lang='lat' dir='ltr'><strong>ltumanitatis</strong></span> <span class='ocrx_word' id='word_1_601' title='bbox 1663 1187 1751 1214; x_wconf 89' lang='lat' dir='ltr'><strong>oleum</strong></span> <span class='ocrx_word' id='word_1_602' title='bbox 1765 1195 1824 1214; x_wconf 88' lang='lat' dir='ltr'><strong>etttn</strong></span> <span class='ocrx_word' id='word_1_603' title='bbox 1851 1188 1898 1214; x_wconf 90' lang='lat' dir='ltr'><strong>ad-</strong></span> 
     </span>
    </p>
   </div>
   <div class='ocr_carea' id='block_1_84' title="bbox 1110 1230 1898 1265">
    <p class='ocr_par' dir='ltr' id='par_1_84' title="bbox 1110 1230 1898 1265">
     <span class='ocr_line' id='line_1_84' title="bbox 1110 1230 1898 1265; baseline 0.003 -8"><span class='ocrx_word' id='word_1_604' title='bbox 1110 1231 1254 1265; x_wconf 81' lang='lat' dir='ltr'><strong>stringente</strong></span> <span class='ocrx_word' id='word_1_605' title='bbox 1275 1231 1334 1257; x_wconf 92' lang='lat' dir='ltr'><strong>vino</strong></span> <span class='ocrx_word' id='word_1_606' title='bbox 1366 1230 1544 1265; x_wconf 73' lang='lat' dir='ltr'><strong>permisrens,</strong></span> <span class='ocrx_word' id='word_1_607' title='bbox 1560 1231 1712 1258; x_wconf 83' lang='lat' dir='ltr'><strong>vulneribus</strong></span> <span class='ocrx_word' id='word_1_608' title='bbox 1741 1233 1898 1260; x_wconf 81' lang='lat' dir='ltr'><strong>medicinam</strong></span> 
     </span>
    </p>
   </div>
   <div class='ocr_carea' id='block_1_85' title="bbox 1110 1275 1898 1310">
    <p class='ocr_par' dir='ltr' id='par_1_85' title="bbox 1110 1275 1898 1310">
     <span class='ocr_line' id='line_1_85' title="bbox 1110 1275 1898 1310; baseline 0.003 -8"><span class='ocrx_word' id='word_1_609' title='bbox 1110 1275 1180 1303; x_wconf 86' lang='lat' dir='ltr'><strong>fecit.</strong></span> <span class='ocrx_word' id='word_1_610' title='bbox 1195 1276 1225 1302; x_wconf 83' lang='lat' dir='ltr'><strong>Et</strong></span> <span class='ocrx_word' id='word_1_611' title='bbox 1241 1275 1297 1303; x_wconf 78' lang='lat' dir='ltr'><strong>ha-c</strong></span> <span class='ocrx_word' id='word_1_612' title='bbox 1311 1276 1415 1310; x_wconf 86' lang='lat' dir='ltr'><strong>quidem</strong></span> <span class='ocrx_word' id='word_1_613' title='bbox 1431 1276 1464 1303; x_wconf 87' lang='lat' dir='ltr'><strong>de</strong></span> <span class='ocrx_word' id='word_1_614' title='bbox 1480 1276 1536 1303; x_wconf 83' lang='lat' dir='ltr'><strong>istis</strong></span> <span class='ocrx_word' id='word_1_615' title='bbox 1550 1276 1617 1303; x_wconf 85' lang='lat' dir='ltr'><strong>dicta</strong></span> <span class='ocrx_word' id='word_1_616' title='bbox 1633 1276 1694 1303; x_wconf 89' lang='lat' dir='ltr'><strong>sint.</strong></span> <span class='ocrx_word' id='word_1_617' title='bbox 1708 1277 1836 1310; x_wconf 84' lang='lat' dir='ltr'><strong>Quantam</strong></span> <span class='ocrx_word' id='word_1_618' title='bbox 1852 1286 1898 1304; x_wconf 81' lang='lat' dir='ltr'><strong>au-</strong></span> 
     </span>
    </p>
   </div>
   <div class='ocr_carea' id='block_1_86' title="bbox 1110 1321 1899 1357">
    <p class='ocr_par' dir='ltr' id='par_1_86' title="bbox 1110 1321 1899 1357">
     <span class='ocr_line' id='line_1_86' title="bbox 1110 1321 1899 1357; baseline 0.004 -9"><span class='ocrx_word' id='word_1_619' title='bbox 1110 1325 1162 1348; x_wconf 89' lang='lat' dir='ltr'><strong>tetn</strong></span> <span class='ocrx_word' id='word_1_620' title='bbox 1176 1327 1202 1348; x_wconf 88' lang='lat' dir='ltr'><strong>ct</strong></span> <span class='ocrx_word' id='word_1_621' title='bbox 1217 1321 1386 1356; x_wconf 86' lang='lat' dir='ltr'><strong>pecuniarum</strong></span> <span class='ocrx_word' id='word_1_622' title='bbox 1397 1325 1424 1348; x_wconf 90' lang='lat' dir='ltr'><strong>et</strong></span> <span class='ocrx_word' id='word_1_623' title='bbox 1437 1321 1594 1356; x_wconf 73' lang='lat' dir='ltr'><strong>prmdiorum</strong></span> <span class='ocrx_word' id='word_1_624' title='bbox 1610 1321 1712 1356; x_wconf 85' lang='lat' dir='ltr'><strong>copiam</strong></span> <span class='ocrx_word' id='word_1_625' title='bbox 1741 1323 1899 1357; x_wconf 84' lang='lat' dir='ltr'><strong>pauperibus</strong></span> 
     </span>
    </p>
   </div>
   <div class='ocr_carea' id='block_1_87' title="bbox 1109 1367 1899 1403">
    <p class='ocr_par' dir='ltr' id='par_1_87' title="bbox 1109 1367 1899 1403">
     <span class='ocr_line' id='line_1_87' title="bbox 1109 1367 1899 1403; baseline 0.003 -9"><span class='ocrx_word' id='word_1_626' title='bbox 1109 1367 1283 1399; x_wconf 85' lang='lat' dir='ltr'><strong>distribuerit,</strong></span> <span class='ocrx_word' id='word_1_627' title='bbox 1293 1375 1345 1394; x_wconf 89' lang='lat' dir='ltr'><strong>non</strong></span> <span class='ocrx_word' id='word_1_628' title='bbox 1354 1375 1440 1394; x_wconf 92' lang='lat' dir='ltr'><strong>meum</strong></span> <span class='ocrx_word' id='word_1_629' title='bbox 1455 1372 1494 1394; x_wconf 85' lang='lat' dir='ltr'><strong>est</strong></span> <span class='ocrx_word' id='word_1_630' title='bbox 1503 1367 1600 1399; x_wconf 86' lang='lat' dir='ltr'><strong>dicere,</strong></span> <span class='ocrx_word' id='word_1_631' title='bbox 1613 1367 1658 1394; x_wconf 83' lang='lat' dir='ltr'><strong>sed</strong></span> <span class='ocrx_word' id='word_1_632' title='bbox 1668 1376 1758 1394; x_wconf 90' lang='lat' dir='ltr'><strong>eorum</strong></span> <span class='ocrx_word' id='word_1_633' title='bbox 1767 1370 1809 1403; x_wconf 87' lang='lat' dir='ltr'><strong>qtti</strong></span> <span class='ocrx_word' id='word_1_634' title='bbox 1819 1369 1899 1396; x_wconf 88' lang='lat' dir='ltr'><strong>bene-</strong></span> 
     </span>
    </p>
   </div>
   <div class='ocr_carea' id='block_1_88' title="bbox 1110 1413 1898 1448">
    <p class='ocr_par' dir='ltr' id='par_1_88' title="bbox 1110 1413 1898 1448">
     <span class='ocr_line' id='line_1_88' title="bbox 1110 1413 1898 1448; baseline 0.001 -8"><span class='ocrx_word' id='word_1_635' title='bbox 1110 1414 1197 1440; x_wconf 80' lang='lat' dir='ltr'><strong>ficium</strong></span> <span class='ocrx_word' id='word_1_636' title='bbox 1211 1418 1385 1447; x_wconf 86' lang='lat' dir='ltr'><strong>accepcrunt:</strong></span> <span class='ocrx_word' id='word_1_637' title='bbox 1402 1413 1475 1440; x_wconf 85' lang='lat' dir='ltr'><strong>exsul</strong></span> <span class='ocrx_word' id='word_1_638' title='bbox 1486 1413 1582 1448; x_wconf 87' lang='lat' dir='ltr'><strong>quippe</strong></span> <span class='ocrx_word' id='word_1_639' title='bbox 1591 1420 1651 1440; x_wconf 89' lang='lat' dir='ltr'><strong>enm</strong></span> <span class='ocrx_word' id='word_1_640' title='bbox 1663 1421 1749 1441; x_wconf 83' lang='lat' dir='ltr'><strong>essent</strong></span> <span class='ocrx_word' id='word_1_641' title='bbox 1761 1435 1767 1445; x_wconf 87' lang='lat'><strong>,</strong></span> <span class='ocrx_word' id='word_1_642' title='bbox 1782 1414 1806 1441; x_wconf 88' lang='lat' dir='ltr'><strong>ei</strong></span> <span class='ocrx_word' id='word_1_643' title='bbox 1823 1415 1898 1442; x_wconf 91' lang='lat' dir='ltr'><strong>oneri</strong></span> 
     </span>
    </p>
   </div>
   <div class='ocr_carea' id='block_1_89' title="bbox 1110 1458 1899 1493">
    <p class='ocr_par' dir='ltr' id='par_1_89' title="bbox 1110 1458 1899 1493">
     <span class='ocr_line' id='line_1_89' title="bbox 1110 1458 1899 1493; baseline 0.003 -9"><span class='ocrx_word' id='word_1_644' title='bbox 1110 1466 1162 1485; x_wconf 88' lang='lat' dir='ltr'><strong>tton</strong></span> <span class='ocrx_word' id='word_1_645' title='bbox 1174 1458 1220 1484; x_wconf 90' lang='lat' dir='ltr'><strong>fui.</strong></span> <span class='ocrx_word' id='word_1_646' title='bbox 1233 1458 1268 1485; x_wconf 84' lang='lat' dir='ltr'><strong>De</strong></span> <span class='ocrx_word' id='word_1_647' title='bbox 1281 1466 1311 1484; x_wconf 87' lang='lat' dir='ltr'><strong>ea</strong></span> <span class='ocrx_word' id='word_1_648' title='bbox 1330 1466 1392 1485; x_wconf 88' lang='lat' dir='ltr'><strong>vero</strong></span> <span class='ocrx_word' id='word_1_649' title='bbox 1404 1458 1465 1485; x_wconf 82' lang='lat' dir='ltr'><strong>audi</strong></span> <span class='ocrx_word' id='word_1_650' title='bbox 1482 1459 1544 1493; x_wconf 89' lang='lat' dir='ltr'><strong>qttid</strong></span> <span class='ocrx_word' id='word_1_651' title='bbox 1566 1458 1727 1492; x_wconf 66' lang='lat' dir='ltr'><strong>pra‘clarius.</strong></span> <span class='ocrx_word' id='word_1_652' title='bbox 1743 1459 1899 1487; x_wconf 75' lang='lat' dir='ltr'><strong>Parentibus</strong></span> 
     </span>
    </p>
   </div>
   <div class='ocr_carea' id='block_1_90' title="bbox 1109 1503 1899 1537">
    <p class='ocr_par' dir='ltr' id='par_1_90' title="bbox 1109 1503 1899 1537">
     <span class='ocr_line' id='line_1_90' title="bbox 1109 1503 1899 1537; baseline 0.001 -7"><span class='ocrx_word' id='word_1_653' title='bbox 1109 1503 1210 1535; x_wconf 85' lang='lat' dir='ltr'><strong>orbata,</strong></span> <span class='ocrx_word' id='word_1_654' title='bbox 1229 1503 1285 1529; x_wconf 90' lang='lat' dir='ltr'><strong>viro</strong></span> <span class='ocrx_word' id='word_1_655' title='bbox 1300 1503 1438 1537; x_wconf 82' lang='lat' dir='ltr'><strong>conjuncta</strong></span> <span class='ocrx_word' id='word_1_656' title='bbox 1452 1511 1510 1530; x_wconf 91' lang='lat' dir='ltr'><strong>cutn</strong></span> <span class='ocrx_word' id='word_1_657' title='bbox 1520 1509 1598 1534; x_wconf 80' lang='lat' dir='ltr'><strong>esset,</strong></span> <span class='ocrx_word' id='word_1_658' title='bbox 1616 1503 1649 1529; x_wconf 91' lang='lat' dir='ltr'><strong>ita</strong></span> <span class='ocrx_word' id='word_1_659' title='bbox 1661 1504 1713 1530; x_wconf 83' lang='lat' dir='ltr'><strong>Deo</strong></span> <span class='ocrx_word' id='word_1_660' title='bbox 1728 1504 1842 1535; x_wconf 76' lang='lat' dir='ltr'><strong>volente,</strong></span> <span class='ocrx_word' id='word_1_661' title='bbox 1855 1513 1899 1531; x_wconf 88' lang='lat' dir='ltr'><strong>re-</strong></span> 
     </span>
    </p>
   </div>
   <div class='ocr_carea' id='block_1_91' title="bbox 1100 1546 1897 1584">
    <p class='ocr_par' dir='ltr' id='par_1_91' title="bbox 1100 1546 1897 1584">
     <span class='ocr_line' id='line_1_91' title="bbox 1100 1546 1897 1584; baseline 0.001 -9"><span class='ocrx_word' id='word_1_662' title='bbox 1100 1546 1167 1575; x_wconf 58' lang='lat' dir='ltr'><strong>&#39;ru&#39;nt</strong></span> <span class='ocrx_word' id='word_1_663' title='bbox 1177 1549 1294 1575; x_wconf 88' lang='lat' dir='ltr'><strong>omuimn</strong></span> <span class='ocrx_word' id='word_1_664' title='bbox 1305 1549 1415 1583; x_wconf 65' lang='lat' dir='ltr'><strong>praescio</strong></span> <span class='ocrx_word' id='word_1_665' title='bbox 1425 1553 1452 1576; x_wconf 87' lang='lat' dir='ltr'><strong>et</strong></span> <span class='ocrx_word' id='word_1_666' title='bbox 1465 1549 1594 1576; x_wconf 89' lang='lat' dir='ltr'><strong>lmmanos</strong></span> <span class='ocrx_word' id='word_1_667' title='bbox 1603 1555 1715 1577; x_wconf 89' lang='lat' dir='ltr'><strong>evetttus</strong></span> <span class='ocrx_word' id='word_1_668' title='bbox 1726 1550 1897 1584; x_wconf 69' lang='lat' dir='ltr'><strong>prmvidente,</strong></span> 
     </span>
    </p>
   </div>
   <div class='ocr_carea' id='block_1_92' title="bbox 1110 1594 1898 1629">
    <p class='ocr_par' dir='ltr' id='par_1_92' title="bbox 1110 1594 1898 1629">
     <span class='ocr_line' id='line_1_92' title="bbox 1110 1594 1898 1629; baseline 0.003 -9"><span class='ocrx_word' id='word_1_669' title='bbox 1110 1595 1152 1621; x_wconf 82' lang='lat' dir='ltr'><strong>vix</strong></span> <span class='ocrx_word' id='word_1_670' title='bbox 1175 1594 1265 1629; x_wconf 78' lang='lat' dir='ltr'><strong>viginti</strong></span> <span class='ocrx_word' id='word_1_671' title='bbox 1292 1602 1398 1621; x_wconf 88' lang='lat' dir='ltr'><strong>menses</strong></span> <span class='ocrx_word' id='word_1_672' title='bbox 1420 1595 1508 1621; x_wconf 88' lang='lat' dir='ltr'><strong>carnis</strong></span> <span class='ocrx_word' id='word_1_673' title='bbox 1532 1595 1670 1628; x_wconf 84' lang='lat' dir='ltr'><strong>voluptati,</strong></span> <span class='ocrx_word' id='word_1_674' title='bbox 1694 1603 1752 1629; x_wconf 71' lang='lat' dir='ltr'><strong>qum</strong></span> <span class='ocrx_word' id='word_1_675' title='bbox 1775 1596 1898 1622; x_wconf 77' lang='lat' dir='ltr'><strong>omnibus</strong></span> 
     </span>
    </p>
   </div>
   <div class='ocr_carea' id='block_1_93' title="bbox 1110 1640 1896 1676">
    <p class='ocr_par' dir='ltr' id='par_1_93' title="bbox 1110 1640 1896 1676">
     <span class='ocr_line' id='line_1_93' title="bbox 1110 1640 1896 1676; baseline 0 -8"><span class='ocrx_word' id='word_1_676' title='bbox 1110 1641 1232 1676; x_wconf 85' lang='lat' dir='ltr'><strong>imperat,</strong></span> <span class='ocrx_word' id='word_1_677' title='bbox 1256 1640 1376 1671; x_wconf 85' lang='lat' dir='ltr'><strong>servivit,</strong></span> <span class='ocrx_word' id='word_1_678' title='bbox 1390 1648 1450 1667; x_wconf 88' lang='lat' dir='ltr'><strong>cum</strong></span> <span class='ocrx_word' id='word_1_679' title='bbox 1464 1641 1573 1667; x_wconf 88' lang='lat' dir='ltr'><strong>maritus</strong></span> <span class='ocrx_word' id='word_1_680' title='bbox 1587 1640 1644 1675; x_wconf 85' lang='lat' dir='ltr'><strong>ejus</strong></span> <span class='ocrx_word' id='word_1_681' title='bbox 1658 1645 1759 1668; x_wconf 73' lang='lat' dir='ltr'><strong>natura:</strong></span> <span class='ocrx_word' id='word_1_682' title='bbox 1778 1641 1896 1668; x_wconf 85' lang='lat' dir='ltr'><strong>debitum</strong></span> 
     </span>
    </p>
   </div>
   <div class='ocr_carea' id='block_1_94' title="bbox 1109 1685 1898 1720">
    <p class='ocr_par' dir='ltr' id='par_1_94' title="bbox 1109 1685 1898 1720">
     <span class='ocr_line' id='line_1_94' title="bbox 1109 1685 1898 1720; baseline 0.001 -8"><span class='ocrx_word' id='word_1_683' title='bbox 1109 1687 1161 1713; x_wconf 91' lang='lat' dir='ltr'><strong>cito</strong></span> <span class='ocrx_word' id='word_1_684' title='bbox 1175 1685 1359 1720; x_wconf 69' lang='lat' dir='ltr'><strong>PCI&#39;SOI\&#39;i&gt;SBl.</strong></span> <span class='ocrx_word' id='word_1_685' title='bbox 1383 1685 1481 1712; x_wconf 85' lang='lat' dir='ltr'><strong>Dicitur</strong></span> <span class='ocrx_word' id='word_1_686' title='bbox 1493 1692 1580 1712; x_wconf 80' lang='lat' dir='ltr'><strong>autem</strong></span> <span class='ocrx_word' id='word_1_687' title='bbox 1597 1694 1665 1712; x_wconf 88' lang='lat' dir='ltr'><strong>nunc</strong></span> <span class='ocrx_word' id='word_1_688' title='bbox 1678 1687 1758 1713; x_wconf 83' lang='lat' dir='ltr'><strong>etiam</strong></span> <span class='ocrx_word' id='word_1_689' title='bbox 1774 1691 1801 1713; x_wconf 88' lang='lat' dir='ltr'><strong>et</strong></span> <span class='ocrx_word' id='word_1_690' title='bbox 1823 1687 1898 1720; x_wconf 65' lang='lat' dir='ltr'><strong>virgo</strong></span> 
     </span>
    </p>
   </div>
   <div class='ocr_carea' id='block_1_95' title="bbox 1109 1730 1898 1765">
    <p class='ocr_par' dir='ltr' id='par_1_95' title="bbox 1109 1730 1898 1765">
     <span class='ocr_line' id='line_1_95' title="bbox 1109 1730 1898 1765; baseline 0 -7"><span class='ocrx_word' id='word_1_691' title='bbox 1109 1739 1178 1758; x_wconf 83' lang='lat' dir='ltr'><strong>esse.</strong></span> <span class='ocrx_word' id='word_1_692' title='bbox 1193 1731 1256 1764; x_wconf 70' lang='lat' dir='ltr'><strong>Qua:</strong></span> <span class='ocrx_word' id='word_1_693' title='bbox 1269 1730 1340 1757; x_wconf 89' lang='lat' dir='ltr'><strong>enim</strong></span> <span class='ocrx_word' id='word_1_694' title='bbox 1355 1730 1438 1764; x_wconf 89' lang='lat' dir='ltr'><strong>potuit</strong></span> <span class='ocrx_word' id='word_1_695' title='bbox 1451 1731 1602 1765; x_wconf 71' lang='lat' dir='ltr'><strong>apostolica:</strong></span> <span class='ocrx_word' id='word_1_696' title='bbox 1618 1731 1667 1765; x_wconf 88' lang='lat' dir='ltr'><strong>legi</strong></span> <span class='ocrx_word' id='word_1_697' title='bbox 1682 1732 1782 1758; x_wconf 83' lang='lat' dir='ltr'><strong>servire</strong></span> <span class='ocrx_word' id='word_1_698' title='bbox 1801 1740 1807 1758; x_wconf 91' lang='lat'><strong>:</strong></span> <span class='ocrx_word' id='word_1_699' title='bbox 1836 1731 1898 1758; x_wconf 82' lang='lat' dir='ltr'><strong>l&#39;alo</strong></span> 
     </span>
    </p>
   </div>
   <div class='ocr_carea' id='block_1_96' title="bbox 1109 1775 1897 1811">
    <p class='ocr_par' dir='ltr' id='par_1_96' title="bbox 1109 1775 1897 1811">
     <span class='ocr_line' id='line_1_96' title="bbox 1109 1775 1897 1811; baseline 0.003 -10"><span class='ocrx_word' id='word_1_700' title='bbox 1109 1776 1314 1802; x_wconf 77' lang='lat' dir='ltr'><strong>adolescentiores</strong></span> <span class='ocrx_word' id='word_1_701' title='bbox 1322 1775 1407 1802; x_wconf 72' lang='lat' dir='ltr'><strong>viduus</strong></span> <span class='ocrx_word' id='word_1_702' title='bbox 1415 1776 1608 1806; x_wconf 67' lang='lat' dir='ltr'><strong>nuberemmtres</strong></span> <span class='ocrx_word' id='word_1_703' title='bbox 1616 1777 1725 1811; x_wconf 78' lang='lat' dir='ltr'><strong>familias</strong></span> <span class='ocrx_word' id='word_1_704' title='bbox 1733 1778 1797 1811; x_wconf 71' lang='grc' dir='ltr'><strong>ρδεε(</strong></span> <span class='ocrx_word' id='word_1_705' title='bbox 1805 1778 1812 1804; x_wconf 83' lang='grc'><strong>1</strong></span> <span class='ocrx_word' id='word_1_706' title='bbox 1821 1777 1897 1804; x_wconf 83' lang='lat' dir='ltr'><strong>.Tim.</strong></span> 
     </span>
    </p>
   </div>
   <div class='ocr_carea' id='block_1_97' title="bbox 1110 1821 1898 1858">
    <p class='ocr_par' dir='ltr' id='par_1_97' title="bbox 1110 1821 1898 1858">
     <span class='ocr_line' id='line_1_97' title="bbox 1110 1821 1898 1858; baseline 0.003 -10"><span class='ocrx_word' id='word_1_707' title='bbox 1110 1822 1136 1849; x_wconf 79' lang='lat'><strong>5.</strong></span> <span class='ocrx_word' id='word_1_708' title='bbox 1154 1821 1213 1856; x_wconf 72' lang='lat' dir='ltr'><strong>lt);</strong></span> <span class='ocrx_word' id='word_1_709' title='bbox 1229 1829 1258 1849; x_wconf 88' lang='lat' dir='ltr'><strong>ea</strong></span> <span class='ocrx_word' id='word_1_710' title='bbox 1273 1822 1380 1855; x_wconf 79' lang='lat' dir='ltr'><strong>quidem</strong></span> <span class='ocrx_word' id='word_1_711' title='bbox 1401 1829 1453 1848; x_wconf 90' lang='lat' dir='ltr'><strong>non</strong></span> <span class='ocrx_word' id='word_1_712' title='bbox 1469 1823 1610 1854; x_wconf 77' lang='lat' dir='ltr'><strong>sustinuit;</strong></span> <span class='ocrx_word' id='word_1_713' title='bbox 1623 1827 1710 1850; x_wconf 89' lang='lat' dir='ltr'><strong>tamen</strong></span> <span class='ocrx_word' id='word_1_714' title='bbox 1726 1830 1786 1850; x_wconf 87' lang='lat' dir='ltr'><strong>eum</strong></span> <span class='ocrx_word' id='word_1_715' title='bbox 1801 1831 1898 1858; x_wconf 79' lang='lat' dir='ltr'><strong>genere</strong></span> 
     </span>
    </p>
   </div>
   <div class='ocr_carea' id='block_1_98' title="bbox 1110 1866 1898 1902">
    <p class='ocr_par' dir='ltr' id='par_1_98' title="bbox 1110 1866 1898 1902">
     <span class='ocr_line' id='line_1_98' title="bbox 1110 1866 1898 1902; baseline 0.003 -9"><span class='ocrx_word' id='word_1_716' title='bbox 1110 1871 1137 1893; x_wconf 90' lang='lat' dir='ltr'><strong>et</strong></span> <span class='ocrx_word' id='word_1_717' title='bbox 1151 1866 1252 1900; x_wconf 62' lang='lat' dir='ltr'><strong>opibus,</strong></span> <span class='ocrx_word' id='word_1_718' title='bbox 1266 1871 1344 1900; x_wconf 89' lang='lat' dir='ltr'><strong>atque</strong></span> <span class='ocrx_word' id='word_1_719' title='bbox 1355 1867 1505 1900; x_wconf 87' lang='lat' dir='ltr'><strong>cognitione</strong></span> <span class='ocrx_word' id='word_1_720' title='bbox 1517 1867 1629 1902; x_wconf 91' lang='lat' dir='ltr'><strong>plurium</strong></span> <span class='ocrx_word' id='word_1_721' title='bbox 1643 1867 1822 1900; x_wconf 82' lang='lat' dir='ltr'><strong>scientiarum,</strong></span> <span class='ocrx_word' id='word_1_722' title='bbox 1837 1876 1898 1895; x_wconf 86' lang='lat' dir='ltr'><strong>ncc-</strong></span> 
     </span>
    </p>
   </div>
   <div class='ocr_carea' id='block_1_99' title="bbox 1111 1911 1898 1947">
    <p class='ocr_par' dir='ltr' id='par_1_99' title="bbox 1111 1911 1898 1947">
     <span class='ocr_line' id='line_1_99' title="bbox 1111 1911 1898 1947; baseline 0.003 -9"><span class='ocrx_word' id='word_1_723' title='bbox 1111 1919 1163 1938; x_wconf 88' lang='lat' dir='ltr'><strong>tton</strong></span> <span class='ocrx_word' id='word_1_724' title='bbox 1175 1911 1280 1945; x_wconf 74' lang='lat' dir='ltr'><strong>ingenio</strong></span> <span class='ocrx_word' id='word_1_725' title='bbox 1293 1912 1393 1938; x_wconf 84' lang='lat' dir='ltr'><strong>liberali</strong></span> <span class='ocrx_word' id='word_1_726' title='bbox 1409 1917 1434 1939; x_wconf 87' lang='lat' dir='ltr'><strong>et</strong></span> <span class='ocrx_word' id='word_1_727' title='bbox 1447 1912 1531 1939; x_wconf 82' lang='lat' dir='ltr'><strong>forma</strong></span> <span class='ocrx_word' id='word_1_728' title='bbox 1548 1918 1627 1947; x_wconf 86' lang='lat' dir='ltr'><strong>atque</strong></span> <span class='ocrx_word' id='word_1_729' title='bbox 1637 1913 1723 1939; x_wconf 58' lang='lat' dir='ltr'><strong>artatis</strong></span> <span class='ocrx_word' id='word_1_730' title='bbox 1739 1913 1803 1940; x_wconf 73' lang='lat' dir='ltr'><strong>[lore</strong></span> <span class='ocrx_word' id='word_1_731' title='bbox 1819 1921 1898 1940; x_wconf 81' lang='lat' dir='ltr'><strong>exor-</strong></span> 
     </span>
    </p>
   </div>
   <div class='ocr_carea' id='block_1_100' title="bbox 1111 1958 1896 1993">
    <p class='ocr_par' dir='ltr' id='par_1_100' title="bbox 1111 1958 1896 1993">
     <span class='ocr_line' id='line_1_100' title="bbox 1111 1958 1896 1993; baseline 0.003 -9"><span class='ocrx_word' id='word_1_732' title='bbox 1111 1962 1170 1984; x_wconf 82' lang='lat' dir='ltr'><strong>nata</strong></span> <span class='ocrx_word' id='word_1_733' title='bbox 1185 1963 1264 1989; x_wconf 78' lang='lat' dir='ltr'><strong>esset,</strong></span> <span class='ocrx_word' id='word_1_734' title='bbox 1283 1958 1392 1985; x_wconf 81' lang='lat' dir='ltr'><strong>secundi</strong></span> <span class='ocrx_word' id='word_1_735' title='bbox 1407 1959 1521 1993; x_wconf 84' lang='lat' dir='ltr'><strong>conjugii</strong></span> <span class='ocrx_word' id='word_1_736' title='bbox 1541 1960 1660 1993; x_wconf 85' lang='lat' dir='ltr'><strong>laqueos,</strong></span> <span class='ocrx_word' id='word_1_737' title='bbox 1685 1966 1788 1993; x_wconf 73' lang='lat' dir='ltr'><strong>caprea:</strong></span> <span class='ocrx_word' id='word_1_738' title='bbox 1804 1960 1896 1992; x_wconf 60' lang='lat' dir='ltr'><strong>instar,</strong></span> 
     </span>
    </p>
   </div>
   <div class='ocr_carea' id='block_1_101' title="bbox 1110 2002 1896 2037">
    <p class='ocr_par' dir='ltr' id='par_1_101' title="bbox 1110 2002 1896 2037">
     <span class='ocr_line' id='line_1_101' title="bbox 1110 2002 1896 2037; baseline 0.001 -9"><span class='ocrx_word' id='word_1_739' title='bbox 1110 2003 1244 2034; x_wconf 89' lang='lat' dir='ltr'><strong>audacter,</strong></span> <span class='ocrx_word' id='word_1_740' title='bbox 1269 2003 1428 2030; x_wconf 88' lang='lat' dir='ltr'><strong>transiliens.</strong></span> <span class='ocrx_word' id='word_1_741' title='bbox 1443 2002 1518 2030; x_wconf 75' lang='lat' dir='ltr'><strong>Jttslo</strong></span> <span class='ocrx_word' id='word_1_742' title='bbox 1538 2004 1604 2030; x_wconf 78' lang='lat' dir='ltr'><strong>enim</strong></span> <span class='ocrx_word' id='word_1_743' title='bbox 1618 2004 1658 2030; x_wconf 70' lang='lat' dir='ltr'><strong>[ex</strong></span> <span class='ocrx_word' id='word_1_744' title='bbox 1673 2004 1754 2037; x_wconf 71' lang='lat' dir='ltr'><strong>posita</strong></span> <span class='ocrx_word' id='word_1_745' title='bbox 1769 2012 1817 2030; x_wconf 83' lang='lat' dir='ltr'><strong>non</strong></span> <span class='ocrx_word' id='word_1_746' title='bbox 1839 2009 1874 2030; x_wconf 69' lang='lat' dir='ltr'><strong>ea!</strong></span> <span class='ocrx_word' id='word_1_747' title='bbox 1888 2024 1896 2036; x_wconf 85' lang='lat'><strong>,</strong></span> 
     </span>
    </p>
   </div>
   <div class='ocr_carea' id='block_1_102' title="bbox 1111 2049 1897 2086">
    <p class='ocr_par' dir='ltr' id='par_1_102' title="bbox 1111 2049 1897 2086">
     <span class='ocr_line' id='line_1_102' title="bbox 1111 2049 1897 2086; baseline 0.001 -11"><span class='ocrx_word' id='word_1_748' title='bbox 1111 2050 1154 2075; x_wconf 80' lang='lat' dir='ltr'><strong>sed</strong></span> <span class='ocrx_word' id='word_1_749' title='bbox 1167 2049 1255 2084; x_wconf 78' lang='lat' dir='ltr'><strong>iugum</strong></span> <span class='ocrx_word' id='word_1_750' title='bbox 1268 2049 1468 2086; x_wconf 76' lang='lat' dir='ltr'><strong>detrectantibus,</strong></span> <span class='ocrx_word' id='word_1_751' title='bbox 1494 2051 1616 2084; x_wconf 70' lang='lat' dir='ltr'><strong>profertis,</strong></span> <span class='ocrx_word' id='word_1_752' title='bbox 1633 2054 1656 2076; x_wconf 78' lang='lat' dir='ltr'><strong>et</strong></span> <span class='ocrx_word' id='word_1_753' title='bbox 1675 2051 1706 2076; x_wconf 71' lang='lat' dir='ltr'><strong>ii:</strong></span> <span class='ocrx_word' id='word_1_754' title='bbox 1727 2051 1769 2085; x_wconf 84' lang='lat' dir='ltr'><strong>qui</strong></span> <span class='ocrx_word' id='word_1_755' title='bbox 1793 2050 1897 2076; x_wconf 67' lang='lat' dir='ltr'><strong>libidine</strong></span> 
     </span>
    </p>
   </div>
   <div class='ocr_carea' id='block_1_103' title="bbox 1111 2094 1898 2130">
    <p class='ocr_par' dir='ltr' id='par_1_103' title="bbox 1111 2094 1898 2130">
     <span class='ocr_line' id='line_1_103' title="bbox 1111 2094 1898 2130; baseline 0.001 -9"><span class='ocrx_word' id='word_1_756' title='bbox 1111 2095 1204 2128; x_wconf 64' lang='lat' dir='ltr'><strong>expleri</strong></span> <span class='ocrx_word' id='word_1_757' title='bbox 1219 2104 1268 2121; x_wconf 84' lang='lat' dir='ltr'><strong>non</strong></span> <span class='ocrx_word' id='word_1_758' title='bbox 1284 2101 1386 2130; x_wconf 74' lang='lat' dir='ltr'><strong>possunt</strong></span> <span class='ocrx_word' id='word_1_759' title='bbox 1400 2096 1437 2130; x_wconf 88' lang='grc' dir='ltr'><strong>(Ι.</strong></span> <span class='ocrx_word' id='word_1_760' title='bbox 1451 2095 1516 2123; x_wconf 84' lang='lat' dir='ltr'><strong>Tim.</strong></span> <span class='ocrx_word' id='word_1_761' title='bbox 1533 2096 1557 2122; x_wconf 76' lang='grc' dir='ltr'><strong>Ι.</strong></span> <span class='ocrx_word' id='word_1_762' title='bbox 1568 2094 1610 2129; x_wconf 88' lang='lat'><strong>9).</strong></span> <span class='ocrx_word' id='word_1_763' title='bbox 1621 2096 1735 2130; x_wconf 79' lang='lat' dir='ltr'><strong>Conligit</strong></span> <span class='ocrx_word' id='word_1_764' title='bbox 1750 2100 1837 2122; x_wconf 83' lang='lat' dir='ltr'><strong>autem</strong></span> <span class='ocrx_word' id='word_1_765' title='bbox 1853 2103 1898 2129; x_wconf 82' lang='lat' dir='ltr'><strong>per</strong></span> 
     </span>
    </p>
   </div>
   <div class='ocr_carea' id='block_1_104' title="bbox 1111 2140 1897 2174">
    <p class='ocr_par' dir='ltr' id='par_1_104' title="bbox 1111 2140 1897 2174">
     <span class='ocr_line' id='line_1_104' title="bbox 1111 2140 1897 2174; baseline 0.001 -9"><span class='ocrx_word' id='word_1_766' title='bbox 1111 2140 1250 2171; x_wconf 91' lang='lat' dir='ltr'><strong>quannlant</strong></span> <span class='ocrx_word' id='word_1_767' title='bbox 1267 2140 1371 2166; x_wconf 75' lang='lat' dir='ltr'><strong>Satana:</strong></span> <span class='ocrx_word' id='word_1_768' title='bbox 1395 2140 1529 2172; x_wconf 85' lang='lat' dir='ltr'><strong>invidiam,</strong></span> <span class='ocrx_word' id='word_1_769' title='bbox 1554 2144 1582 2166; x_wconf 88' lang='lat' dir='ltr'><strong>ut</strong></span> <span class='ocrx_word' id='word_1_770' title='bbox 1604 2141 1661 2173; x_wconf 89' lang='lat' dir='ltr'><strong>ejus</strong></span> <span class='ocrx_word' id='word_1_771' title='bbox 1685 2145 1841 2174; x_wconf 79' lang='lat' dir='ltr'><strong>przematura</strong></span> <span class='ocrx_word' id='word_1_772' title='bbox 1857 2148 1897 2166; x_wconf 75' lang='grc' dir='ltr'><strong>γι-</strong></span> 
     </span>
    </p>
   </div>
   <div class='ocr_carea' id='block_1_105' title="bbox 1111 2185 1898 2219">
    <p class='ocr_par' dir='ltr' id='par_1_105' title="bbox 1111 2185 1898 2219">
     <span class='ocr_line' id='line_1_105' title="bbox 1111 2185 1898 2219; baseline -0.001 -7"><span class='ocrx_word' id='word_1_773' title='bbox 1111 2185 1196 2212; x_wconf 83' lang='lat' dir='ltr'><strong>duitas</strong></span> <span class='ocrx_word' id='word_1_774' title='bbox 1211 2185 1342 2212; x_wconf 67' lang='lat' dir='ltr'><strong>delatione</strong></span> <span class='ocrx_word' id='word_1_775' title='bbox 1355 2185 1387 2211; x_wconf 73' lang='grc' dir='ltr'><strong>ῖυί</strong></span> <span class='ocrx_word' id='word_1_776' title='bbox 1402 2185 1545 2212; x_wconf 80' lang='lat' dir='ltr'><strong>Theodosii</strong></span> <span class='ocrx_word' id='word_1_777' title='bbox 1561 2185 1730 2219; x_wconf 84' lang='lat' dir='ltr'><strong>Imperatoris</strong></span> <span class='ocrx_word' id='word_1_778' title='bbox 1748 2192 1825 2211; x_wconf 87' lang='lat' dir='ltr'><strong>aures</strong></span> <span class='ocrx_word' id='word_1_779' title='bbox 1839 2192 1898 2219; x_wconf 53' lang='lat' dir='ltr'><strong>per.</strong></span> 
     </span>
    </p>
   </div>
   <div class='ocr_carea' id='block_1_106' title="bbox 1111 2231 1898 2266">
    <p class='ocr_par' dir='ltr' id='par_1_106' title="bbox 1111 2231 1898 2266">
     <span class='ocr_line' id='line_1_106' title="bbox 1111 2231 1898 2266; baseline -0.001 -8"><span class='ocrx_word' id='word_1_780' title='bbox 1111 2232 1228 2263; x_wconf 81' lang='lat' dir='ltr'><strong>veniret,</strong></span> <span class='ocrx_word' id='word_1_781' title='bbox 1244 2231 1287 2266; x_wconf 87' lang='lat' dir='ltr'><strong>qui</strong></span> <span class='ocrx_word' id='word_1_782' title='bbox 1312 2239 1369 2258; x_wconf 87' lang='lat' dir='ltr'><strong>eattt</strong></span> <span class='ocrx_word' id='word_1_783' title='bbox 1388 2231 1491 2266; x_wconf 83' lang='lat' dir='ltr'><strong>Elpidio</strong></span> <span class='ocrx_word' id='word_1_784' title='bbox 1508 2231 1621 2261; x_wconf 67' lang='lat' dir='ltr'><strong>cuidam,</strong></span> <span class='ocrx_word' id='word_1_785' title='bbox 1640 2235 1751 2265; x_wconf 78' lang='lat' dir='ltr'><strong>cognato</strong></span> <span class='ocrx_word' id='word_1_786' title='bbox 1772 2238 1830 2260; x_wconf 90' lang='lat' dir='ltr'><strong>suo,</strong></span> <span class='ocrx_word' id='word_1_787' title='bbox 1852 2231 1898 2257; x_wconf 75' lang='lat' dir='ltr'><strong>Hi-</strong></span> 
     </span>
    </p>
   </div>
   <div class='ocr_carea' id='block_1_107' title="bbox 1112 2276 1898 2312">
    <p class='ocr_par' dir='ltr' id='par_1_107' title="bbox 1112 2276 1898 2312">
     <span class='ocr_line' id='line_1_107' title="bbox 1112 2276 1898 2312; baseline -0.001 -8"><span class='ocrx_word' id='word_1_788' title='bbox 1112 2285 1204 2312; x_wconf 86' lang='lat' dir='ltr'><strong>spano,</strong></span> <span class='ocrx_word' id='word_1_789' title='bbox 1225 2278 1250 2304; x_wconf 89' lang='lat' dir='ltr'><strong>itt</strong></span> <span class='ocrx_word' id='word_1_790' title='bbox 1265 2277 1461 2304; x_wconf 88' lang='lat' dir='ltr'><strong>tttatrimouintn</strong></span> <span class='ocrx_word' id='word_1_791' title='bbox 1480 2276 1544 2303; x_wconf 88' lang='lat' dir='ltr'><strong>dare</strong></span> <span class='ocrx_word' id='word_1_792' title='bbox 1554 2277 1686 2311; x_wconf 85' lang='lat' dir='ltr'><strong>cupiebat.</strong></span> <span class='ocrx_word' id='word_1_793' title='bbox 1703 2277 1749 2303; x_wconf 89' lang='lat' dir='ltr'><strong>llic</strong></span> <span class='ocrx_word' id='word_1_794' title='bbox 1767 2284 1825 2303; x_wconf 90' lang='lat' dir='ltr'><strong>cum</strong></span> <span class='ocrx_word' id='word_1_795' title='bbox 1839 2284 1898 2304; x_wconf 84' lang='lat' dir='ltr'><strong>eam</strong></span> 
     </span>
    </p>
   </div>
   <div class='ocr_carea' id='block_1_108' title="bbox 1111 2322 1896 2357">
    <p class='ocr_par' dir='ltr' id='par_1_108' title="bbox 1111 2322 1896 2357">
     <span class='ocr_line' id='line_1_108' title="bbox 1111 2322 1896 2357; baseline -0.005 -7"><span class='ocrx_word' id='word_1_796' title='bbox 1111 2325 1221 2351; x_wconf 81' lang='lat' dir='ltr'><strong>multum</strong></span> <span class='ocrx_word' id='word_1_797' title='bbox 1245 2329 1355 2354; x_wconf 84' lang='lat' dir='ltr'><strong>orasset,</strong></span> <span class='ocrx_word' id='word_1_798' title='bbox 1372 2331 1422 2350; x_wconf 88' lang='lat' dir='ltr'><strong>nec</strong></span> <span class='ocrx_word' id='word_1_799' title='bbox 1444 2322 1586 2357; x_wconf 87' lang='lat' dir='ltr'><strong>quidquam</strong></span> <span class='ocrx_word' id='word_1_800' title='bbox 1608 2322 1642 2348; x_wconf 91' lang='lat' dir='ltr'><strong>ab</strong></span> <span class='ocrx_word' id='word_1_801' title='bbox 1663 2330 1693 2348; x_wconf 89' lang='lat' dir='ltr'><strong>ea</strong></span> <span class='ocrx_word' id='word_1_802' title='bbox 1716 2322 1896 2356; x_wconf 67' lang='lat' dir='ltr'><strong>impetraSsct,</strong></span> 
     </span>
    </p>
   </div>
   <div class='ocr_carea' id='block_1_109' title="bbox 1111 2368 1897 2403">
    <p class='ocr_par' dir='ltr' id='par_1_109' title="bbox 1111 2368 1897 2403">
     <span class='ocr_line' id='line_1_109' title="bbox 1111 2368 1897 2403; baseline -0.004 -6"><span class='ocrx_word' id='word_1_803' title='bbox 1111 2370 1202 2397; x_wconf 88' lang='lat' dir='ltr'><strong>dolore</strong></span> <span class='ocrx_word' id='word_1_804' title='bbox 1216 2369 1325 2397; x_wconf 83' lang='lat' dir='ltr'><strong>affectus</strong></span> <span class='ocrx_word' id='word_1_805' title='bbox 1345 2374 1395 2401; x_wconf 85' lang='lat' dir='ltr'><strong>est,</strong></span> <span class='ocrx_word' id='word_1_806' title='bbox 1411 2369 1576 2403; x_wconf 79' lang='lat' dir='ltr'><strong>significante</strong></span> <span class='ocrx_word' id='word_1_807' title='bbox 1592 2368 1653 2395; x_wconf 89' lang='lat' dir='ltr'><strong>illa:</strong></span> <span class='ocrx_word' id='word_1_808' title='bbox 1669 2368 1697 2395; x_wconf 86' lang='lat' dir='ltr'><strong>Si</strong></span> <span class='ocrx_word' id='word_1_809' title='bbox 1713 2375 1755 2395; x_wconf 88' lang='lat' dir='ltr'><strong>me</strong></span> <span class='ocrx_word' id='word_1_810' title='bbox 1770 2368 1897 2394; x_wconf 78' lang='lat' dir='ltr'><strong>voluisset</strong></span> 
     </span>
    </p>
   </div>
   <div class='ocr_carea' id='block_1_110' title="bbox 1112 2413 1894 2446">
    <p class='ocr_par' dir='ltr' id='par_1_110' title="bbox 1112 2413 1894 2446">
     <span class='ocr_line' id='line_1_110' title="bbox 1112 2413 1894 2446; baseline -0.004 -4"><span class='ocrx_word' id='word_1_811' title='bbox 1112 2417 1166 2443; x_wconf 87' lang='lat' dir='ltr'><strong>[lex</strong></span> <span class='ocrx_word' id='word_1_812' title='bbox 1179 2424 1252 2442; x_wconf 74' lang='lat' dir='ltr'><strong>meus</strong></span> <span class='ocrx_word' id='word_1_813' title='bbox 1266 2423 1325 2442; x_wconf 88' lang='lat' dir='ltr'><strong>cum</strong></span> <span class='ocrx_word' id='word_1_814' title='bbox 1340 2415 1397 2441; x_wconf 92' lang='lat' dir='ltr'><strong>viro</strong></span> <span class='ocrx_word' id='word_1_815' title='bbox 1408 2415 1506 2446; x_wconf 79' lang='lat' dir='ltr'><strong>vivere,</strong></span> <span class='ocrx_word' id='word_1_816' title='bbox 1522 2414 1605 2440; x_wconf 88' lang='lat' dir='ltr'><strong>virum</strong></span> <span class='ocrx_word' id='word_1_817' title='bbox 1622 2413 1685 2440; x_wconf 86' lang='lat' dir='ltr'><strong>mihi</strong></span> <span class='ocrx_word' id='word_1_818' title='bbox 1701 2421 1753 2439; x_wconf 77' lang='lat' dir='ltr'><strong>non</strong></span> <span class='ocrx_word' id='word_1_819' title='bbox 1767 2413 1894 2439; x_wconf 73' lang='lat' dir='ltr'><strong>alMulis-</strong></span> 
     </span>
    </p>
   </div>
   <div class='ocr_carea' id='block_1_111' title="bbox 1110 2458 1898 2496">
    <p class='ocr_par' dir='ltr' id='par_1_111' title="bbox 1110 2458 1898 2496">
     <span class='ocr_line' id='line_1_111' title="bbox 1110 2458 1898 2496; baseline -0.009 -8"><span class='ocrx_word' id='word_1_820' title='bbox 1110 2466 1151 2488; x_wconf 69' lang='lat' dir='ltr'><strong>Si&quot;.</strong></span> <span class='ocrx_word' id='word_1_821' title='bbox 1163 2470 1170 2488; x_wconf 83' lang='lat'><strong>:</strong></span> <span class='ocrx_word' id='word_1_822' title='bbox 1184 2461 1308 2496; x_wconf 84' lang='lat' dir='ltr'><strong>quoniam</strong></span> <span class='ocrx_word' id='word_1_823' title='bbox 1319 2466 1405 2486; x_wconf 89' lang='lat' dir='ltr'><strong>autent</strong></span> <span class='ocrx_word' id='word_1_824' title='bbox 1421 2468 1462 2487; x_wconf 89' lang='lat' dir='ltr'><strong>tne</strong></span> <span class='ocrx_word' id='word_1_825' title='bbox 1482 2459 1626 2494; x_wconf 78' lang='lat' dir='ltr'><strong>conjugalis</strong></span> <span class='ocrx_word' id='word_1_826' title='bbox 1642 2459 1701 2485; x_wconf 77' lang='lat' dir='ltr'><strong>vita:</strong></span> <span class='ocrx_word' id='word_1_827' title='bbox 1716 2458 1826 2485; x_wconf 86' lang='lat' dir='ltr'><strong>minime</strong></span> <span class='ocrx_word' id='word_1_828' title='bbox 1841 2458 1898 2484; x_wconf 85' lang='lat' dir='ltr'><strong>ido-</strong></span> 
     </span>
    </p>
   </div>
   <div class='ocr_carea' id='block_1_112' title="bbox 1112 2504 1898 2541">
    <p class='ocr_par' dir='ltr' id='par_1_112' title="bbox 1112 2504 1898 2541">
     <span class='ocr_line' id='line_1_112' title="bbox 1112 2504 1898 2541; baseline -0.008 -6"><span class='ocrx_word' id='word_1_829' title='bbox 1112 2516 1187 2536; x_wconf 87' lang='lat' dir='ltr'><strong>neant</strong></span> <span class='ocrx_word' id='word_1_830' title='bbox 1212 2507 1343 2541; x_wconf 65' lang='lat' dir='ltr'><strong>eugnnvit.</strong></span> <span class='ocrx_word' id='word_1_831' title='bbox 1360 2514 1408 2533; x_wconf 88' lang='lat' dir='ltr'><strong>nec</strong></span> <span class='ocrx_word' id='word_1_832' title='bbox 1433 2513 1510 2540; x_wconf 85' lang='lat' dir='ltr'><strong>posse</strong></span> <span class='ocrx_word' id='word_1_833' title='bbox 1534 2506 1591 2532; x_wconf 82' lang='lat' dir='ltr'><strong>viro</strong></span> <span class='ocrx_word' id='word_1_834' title='bbox 1613 2505 1726 2540; x_wconf 85' lang='lat' dir='ltr'><strong>placere,</strong></span> <span class='ocrx_word' id='word_1_835' title='bbox 1752 2509 1778 2531; x_wconf 89' lang='lat' dir='ltr'><strong>et</strong></span> <span class='ocrx_word' id='word_1_836' title='bbox 1794 2504 1868 2530; x_wconf 90' lang='lat' dir='ltr'><strong>illum</strong></span> <span class='ocrx_word' id='word_1_837' title='bbox 1882 2511 1898 2530; x_wconf 80' lang='grc' dir='ltr'><strong><em>ο</em></strong></span> 
     </span>
    </p>
   </div>
   <div class='ocr_carea' id='block_1_113' title="bbox 1111 2548 1898 2589">
    <p class='ocr_par' dir='ltr' id='par_1_113' title="bbox 1111 2548 1898 2589">
     <span class='ocr_line' id='line_1_113' title="bbox 1111 2548 1898 2589; baseline -0.01 -8"><span class='ocrx_word' id='word_1_838' title='bbox 1111 2554 1230 2589; x_wconf 85' lang='lat' dir='ltr'><strong>corporis</strong></span> <span class='ocrx_word' id='word_1_839' title='bbox 1251 2552 1360 2580; x_wconf 85' lang='lat' dir='ltr'><strong>vinculis</strong></span> <span class='ocrx_word' id='word_1_840' title='bbox 1381 2551 1509 2582; x_wconf 85' lang='lat' dir='ltr'><strong>liberavit,</strong></span> <span class='ocrx_word' id='word_1_841' title='bbox 1525 2555 1551 2577; x_wconf 87' lang='lat' dir='ltr'><strong>ct</strong></span> <span class='ocrx_word' id='word_1_842' title='bbox 1566 2558 1609 2578; x_wconf 92' lang='lat' dir='ltr'><strong>tne</strong></span> <span class='ocrx_word' id='word_1_843' title='bbox 1630 2558 1643 2576; x_wconf 91' lang='lat' dir='ltr'><strong>a</strong></span> <span class='ocrx_word' id='word_1_844' title='bbox 1659 2549 1815 2584; x_wconf 62' lang='lat' dir='ltr'><strong>gravi~simo</strong></span> <span class='ocrx_word' id='word_1_845' title='bbox 1833 2548 1898 2583; x_wconf 75' lang='lat' dir='ltr'><strong>jugo</strong></span> 
     </span>
    </p>
   </div>
   <div class='ocr_carea' id='block_1_114' title="bbox 1112 2594 1893 2634">
    <p class='ocr_par' dir='ltr' id='par_1_114' title="bbox 1112 2594 1893 2634">
     <span class='ocr_line' id='line_1_114' title="bbox 1112 2594 1893 2634; baseline -0.01 -8"><span class='ocrx_word' id='word_1_846' title='bbox 1112 2605 1189 2634; x_wconf 90' lang='lat' dir='ltr'><strong>atque</strong></span> <span class='ocrx_word' id='word_1_847' title='bbox 1200 2607 1214 2625; x_wconf 93' lang='lat' dir='ltr'><strong>a</strong></span> <span class='ocrx_word' id='word_1_848' title='bbox 1226 2599 1271 2625; x_wconf 86' lang='lat' dir='ltr'><strong>viri</strong></span> <span class='ocrx_word' id='word_1_849' title='bbox 1284 2598 1409 2625; x_wconf 78' lang='lat' dir='ltr'><strong>servitute</strong></span> <span class='ocrx_word' id='word_1_850' title='bbox 1423 2596 1529 2630; x_wconf 85' lang='lat' dir='ltr'><strong>eripuit,</strong></span> <span class='ocrx_word' id='word_1_851' title='bbox 1546 2603 1626 2622; x_wconf 89' lang='lat' dir='ltr'><strong>suave</strong></span> <span class='ocrx_word' id='word_1_852' title='bbox 1641 2603 1718 2621; x_wconf 90' lang='lat' dir='ltr'><strong>suntn</strong></span> <span class='ocrx_word' id='word_1_853' title='bbox 1728 2594 1893 2620; x_wconf 76' lang='lat' dir='ltr'><strong>castimonia:</strong></span> 
     </span>
    </p>
   </div>
   <div class='ocr_carea' id='block_1_115' title="bbox 1109 2640 1898 2680">
    <p class='ocr_par' dir='ltr' id='par_1_115' title="bbox 1109 2640 1898 2680">
     <span class='ocr_line' id='line_1_115' title="bbox 1109 2640 1898 2680; baseline -0.01 -9"><span class='ocrx_word' id='word_1_854' title='bbox 1109 2646 1200 2680; x_wconf 80' lang='lat' dir='ltr'><strong>jugum</strong></span> <span class='ocrx_word' id='word_1_855' title='bbox 1223 2644 1303 2670; x_wconf 88' lang='lat' dir='ltr'><strong>tnettti</strong></span> <span class='ocrx_word' id='word_1_856' title='bbox 1324 2651 1388 2670; x_wconf 67' lang='lat' dir='ltr'><strong>meze</strong></span> <span class='ocrx_word' id='word_1_857' title='bbox 1411 2643 1557 2676; x_wconf 80' lang='lat' dir='ltr'><strong>imponens.</strong></span> <span class='ocrx_word' id='word_1_858' title='bbox 1583 2641 1646 2667; x_wconf 83' lang='lat' dir='ltr'><strong>Post</strong></span> <span class='ocrx_word' id='word_1_859' title='bbox 1670 2640 1719 2666; x_wconf 88' lang='lat' dir='ltr'><strong>hoc</strong></span> <span class='ocrx_word' id='word_1_860' title='bbox 1741 2645 1898 2672; x_wconf 76' lang='lat' dir='ltr'><strong>responsant</strong></span> 
     </span>
    </p>
   </div>
   <div class='ocr_carea' id='block_1_116' title="bbox 1110 2685 1897 2727">
    <p class='ocr_par' dir='ltr' id='par_1_116' title="bbox 1110 2685 1897 2727">
     <span class='ocr_line' id='line_1_116' title="bbox 1110 2685 1897 2727; baseline -0.011 -9"><span class='ocrx_word' id='word_1_861' title='bbox 1110 2693 1185 2727; x_wconf 85' lang='lat' dir='ltr'><strong>jubet</strong></span> <span class='ocrx_word' id='word_1_862' title='bbox 1197 2690 1360 2717; x_wconf 84' lang='lat' dir='ltr'><strong>Theodosius</strong></span> <span class='ocrx_word' id='word_1_863' title='bbox 1370 2688 1497 2716; x_wconf 69' lang='lat' dir='ltr'><strong>l’rzefecto</strong></span> <span class='ocrx_word' id='word_1_864' title='bbox 1511 2687 1593 2719; x_wconf 86' lang='lat' dir='ltr'><strong>urbis,</strong></span> <span class='ocrx_word' id='word_1_865' title='bbox 1612 2691 1641 2713; x_wconf 91' lang='lat' dir='ltr'><strong>ut</strong></span> <span class='ocrx_word' id='word_1_866' title='bbox 1654 2686 1712 2720; x_wconf 81' lang='lat' dir='ltr'><strong>ejus</strong></span> <span class='ocrx_word' id='word_1_867' title='bbox 1726 2685 1794 2711; x_wconf 79' lang='lat' dir='ltr'><strong>bona</strong></span> <span class='ocrx_word' id='word_1_868' title='bbox 1809 2691 1897 2710; x_wconf 84' lang='lat' dir='ltr'><strong>serva-</strong></span> 
     </span>
    </p>
   </div>
   <div class='ocr_carea' id='block_1_117' title="bbox 1113 2728 1896 2770">
    <p class='ocr_par' dir='ltr' id='par_1_117' title="bbox 1113 2728 1896 2770">
     <span class='ocr_line' id='line_1_117' title="bbox 1113 2728 1896 2770; baseline -0.011 -6"><span class='ocrx_word' id='word_1_869' title='bbox 1113 2742 1214 2768; x_wconf 84' lang='lat' dir='ltr'><strong>rentur,</strong></span> <span class='ocrx_word' id='word_1_870' title='bbox 1228 2736 1373 2770; x_wconf 85' lang='lat' dir='ltr'><strong>usquedum</strong></span> <span class='ocrx_word' id='word_1_871' title='bbox 1387 2734 1489 2768; x_wconf 77' lang='lat' dir='ltr'><strong>triginta</strong></span> <span class='ocrx_word' id='word_1_872' title='bbox 1506 2732 1592 2759; x_wconf 83' lang='lat' dir='ltr'><strong>a-lalis</strong></span> <span class='ocrx_word' id='word_1_873' title='bbox 1604 2740 1687 2758; x_wconf 85' lang='lat' dir='ltr'><strong>annos</strong></span> <span class='ocrx_word' id='word_1_874' title='bbox 1701 2728 1896 2765; x_wconf 50' lang='lat' dir='ltr'><strong>expiessetﬂui</strong></span> 
     </span>
    </p>
   </div>
   <div class='ocr_carea' id='block_1_118' title="bbox 1113 2778 1897 2816">
    <p class='ocr_par' dir='ltr' id='par_1_118' title="bbox 1113 2778 1897 2816">
     <span class='ocr_line' id='line_1_118' title="bbox 1113 2778 1897 2816; baseline -0.014 -6"><span class='ocrx_word' id='word_1_875' title='bbox 1113 2783 1200 2810; x_wconf 74' lang='lat' dir='ltr'><strong>statim</strong></span> <span class='ocrx_word' id='word_1_876' title='bbox 1226 2787 1284 2816; x_wconf 87' lang='lat' dir='ltr'><strong>post</strong></span> <span class='ocrx_word' id='word_1_877' title='bbox 1307 2781 1475 2814; x_wconf 84' lang='lat' dir='ltr'><strong>imperatoris</strong></span> <span class='ocrx_word' id='word_1_878' title='bbox 1500 2778 1651 2805; x_wconf 82' lang='lat' dir='ltr'><strong>mandatum</strong></span> <span class='ocrx_word' id='word_1_879' title='bbox 1665 2797 1672 2810; x_wconf 92' lang='lat'><strong>,</strong></span> <span class='ocrx_word' id='word_1_880' title='bbox 1699 2784 1815 2809; x_wconf 71' lang='lat' dir='ltr'><strong>eousrpte</strong></span> <span class='ocrx_word' id='word_1_881' title='bbox 1837 2781 1897 2801; x_wconf 83' lang='lat' dir='ltr'><strong>eam</strong></span> 
     </span>
    </p>
   </div>
   <div class='ocr_carea' id='block_1_119' title="bbox 1114 2819 1896 2863">
    <p class='ocr_par' dir='ltr' id='par_1_119' title="bbox 1114 2819 1896 2863">
     <span class='ocr_line' id='line_1_119' title="bbox 1114 2819 1896 2863; baseline -0.012 -7"><span class='ocrx_word' id='word_1_882' title='bbox 1114 2829 1226 2863; x_wconf 69' lang='lat' dir='ltr'><strong>\‘cxaiit,</strong></span> <span class='ocrx_word' id='word_1_883' title='bbox 1247 2827 1369 2855; x_wconf 85' lang='lat' dir='ltr'><strong>incitatus</strong></span> <span class='ocrx_word' id='word_1_884' title='bbox 1391 2825 1424 2853; x_wconf 77' lang='lat' dir='ltr'><strong>ab</strong></span> <span class='ocrx_word' id='word_1_885' title='bbox 1447 2825 1560 2860; x_wconf 79' lang='lat' dir='ltr'><strong>Elpidio,</strong></span> <span class='ocrx_word' id='word_1_886' title='bbox 1581 2829 1608 2851; x_wconf 92' lang='lat' dir='ltr'><strong>ut</strong></span> <span class='ocrx_word' id='word_1_887' title='bbox 1623 2831 1656 2851; x_wconf 81' lang='lat' dir='ltr'><strong>nc</strong></span> <span class='ocrx_word' id='word_1_888' title='bbox 1672 2823 1821 2850; x_wconf 75' lang='lat' dir='ltr'><strong>facultatem</strong></span> <span class='ocrx_word' id='word_1_889' title='bbox 1837 2819 1896 2857; x_wconf 80' lang='lat' dir='ltr'><strong>qui-</strong></span> 
     </span>
    </p>
   </div>
  </div>
