2076 3112
164 149 192 178 61
660 143 704 170 DE
724 141 801 170 VITA
822 141 850 168 S.
871 138 1009 168 JOANMS
1026 139 1271 168 Cllll'lSOSTOMI.
1766 144 1800 172 σε

166 207 224 235 dem
251 204 365 232 luberet
386 210 445 231 cum
462 201 608 237 insignibus
624 199 757 235 episcopis
777 195 957 232 colloquendi,

168 258 253 287 neque
266 250 300 277 ad
316 249 457 277 ecclesiam
471 245 614 274 accedendi
625 255 631 272 :
644 249 672 272 ut
686 251 739 279 prae
758 242 885 277 angustiis
898 241 956 287 ani-

168 298 203 325 mi
212 286 239 324 in
255 295 376 331 coniugii
392 294 555 322 voluntatem
566 291 709 319 decideret.
723 290 766 317 Illa
780 295 844 315 vero
856 287 890 314 ob
902 286 958 314 haec

168 342 263 375 laetior,
278 346 306 369 et
323 340 424 376 gratias
437 340 492 366 Deo
503 345 595 373 agens,
616 336 678 363 talia
694 333 848 370 Imperatori
862 340 960 360 renun-

169 387 242 416 tiavit
261 395 269 413 ε
296 383 457 420 Imperatori
477 382 592 410 debitam
617 386 646 408 et
666 386 810 415 congruam
835 378 960 413 episcopo

169 436 293 462 virtutem
307 433 335 460 in
351 439 399 459 me
408 430 540 458 humilem
562 426 717 458 exhibuisti,
738 425 863 457 domine;
883 431 961 451 man-

168 480 235 509 dans
245 486 327 515 grave
340 485 408 505 onus
422 483 512 504 meum
530 473 668 506 custodiri,
683 473 760 507 cujus
771 478 862 499 curam
879 469 961 515 habes

169 526 241 558 bam,
249 513 282 552 ut
291 523 535 551 administraretur.
546 519 631 554 Majas
644 522 732 545 autem
745 516 851 549 feceris,
861 515 884 542 si
897 513 961 541 illud

170 569 333 607 pauperibus
346 573 374 596 et
395 567 524 595 Ecclesiis
536 564 659 593 distribui
677 563 798 598 jusseris.
821 561 877 595 Ego
890 560 961 587 enim

172 618 222 653 jam
234 615 335 644 dudum
348 622 446 642 vanam
460 612 571 649 gloriam
584 619 618 639 ex
631 610 762 646 ejusmodi
775 607 962 653 distributione

172 651 312 696 deprecata
324 667 395 692 sum,
412 666 446 686 ne
461 657 624 693 negligerem
641 655 738 682 animae
751 654 866 685 divitias,
882 651 962 679 rebus

173 706 286 735 terrenis
294 704 433 740 implicita.
451 703 544 738 Itaque
557 700 725 737 postmodum
736 705 858 726 reversus
867 705 881 724 a
893 696 965 724 bello

173 752 299 780 adven“
311 751 469 782 Maximum,
478 748 558 784 jussit
567 755 626 775 eam
638 746 769 774 bonorum
783 751 893 771 suorum
912 750 963 777 po—

174 801 294 825 testatem
319 795 430 828 habere,
455 793 544 821 audita
561 791 668 820 virtutis
689 791 747 825 ejus
771 787 962 824 magnitudine.

175 845 248 872 Duc.
262 843 357 871 Merito
371 850 436 878 ergo
448 849 507 869 eam
521 840 670 868 honorabat
684 838 810 870 Joannes,
825 844 883 872 qua:
896 836 965 863 hanc

175 890 234 917 vita:
247 890 366 924 regulam
381 887 515 915 servabat.
528 886 617 913 Ense.
631 885 752 912 Abstinet
761 888 848 911 autem
863 882 897 910 ab
908 881 965 909 ani-

176 936 301 969 matis,“
314 935 403 962 rarius
413 933 512 960 balneo
526 932 617 959 utitur.
632 930 659 958 Si
673 934 760 956 autem
773 933 880 963 propter
890 926 964 953 inﬁr—

177 982 293 1009 mitatem
306 980 390 1007 utitur
409 979 482 1014 (nam
496 976 595 1011 sa‘pius
609 975 747 1003 stomacho
762 972 888 1007 laborat),
904 979 964 999 cum

179 1028 264 1055 tunica
277 1027 304 1054 in
317 1034 412 1061 aquam
423 1023 571 1056 descendit,
581 1030 609 1049 se
620 1029 723 1057 quoque
737 1021 831 1054 ipsam,
843 1023 871 1046 ut
882 1018 964 1051 aiunt,

178 1074 302 1103 reverita.
326 1073 401 1099 Duc.
425 1071 525 1098 Dicitur
547 1069 626 1096 etiam
652 1068 706 1102 ipsa
730 1066 839 1093 multum
859 1070 967 1091 curasse

180 1122 285 1148 beatum
299 1118 440 1146 Joannem.
456 1116 545 1143 Ense.
556 1112 658 1148 Ecquid
671 1112 779 1147 dignum
794 1110 851 1144 ejus
870 1109 967 1136 virtute

180 1167 208 1193 in
225 1172 285 1193 eum
299 1161 445 1200 praestitit?
461 1160 512 1188 nisi
525 1159 595 1195 quod
609 1166 661 1185 non
676 1156 796 1192 permisit
814 1154 968 1190 quotidiano

180 1214 240 1238 eum
254 1209 314 1237 cibo
332 1206 446 1234 distrahi
468 1214 475 1233 :
497 1204 568 1240 quod
588 1202 694 1239 quidem
709 1202 847 1228 minimum
862 1207 914 1226 non
928 1203 969 1226 est

180 1254 278 1283 Christi
291 1252 430 1289 operariis,
451 1250 568 1278 interdiu
583 1253 714 1283 noctuque
727 1246 760 1274 de
774 1246 853 1273 rebus
869 1243 969 1272 Christi

180 1301 312 1329 sollicitis.
335 1298 466 1326 Similiter
488 1295 596 1328 Paulus,
618 1293 736 1321 salutans
751 1291 897 1322 Persidem,
911 1297 970 1324 quae

181 1346 231 1382 ipsi
244 1346 350 1373 fortean
360 1351 414 1371 non
425 1341 554 1369 dissimile
564 1338 740 1368 ministerium
753 1336 879 1382 przcbuit:
892 1335 971 1382 Satur-

182 1381 241 1424 ὼε,
252 1390 350 1426 inquit,
368 1388 485 1416 dilectam
496 1385 626 1413 Persidem
636 1405 644 1417 ,
663 1391 720 1418 qua:
730 1382 835 1408 multum
850 1381 971 1408 laboravit

182 1438 209 1465 in
232 1436 341 1463 Domino
354 1434 443 1470 (Rom.
452 1432 497 1460 16.
508 1431 564 1464 12).
589 1429 683 1457 Omnes
704 1428 769 1454 enint
784 1434 841 1462 qua:
853 1434 900 1453 tua
913 1429 971 1451 sunt

182 1486 308 1518 quarunt,
329 1485 352 1507 et
365 1487 417 1506 non
435 1486 491 1512 qua
505 1476 597 1503 Christi
616 1474 743 1510 (Philipp.
757 1473 785 1498 ‘2.
802 1472 858 1505 2i).
873 1471 973 1518 Scioret

183 1530 288 1556 beatum
299 1526 450 1553 Nectarium
466 1524 524 1558 plus
541 1530 599 1549 eam
613 1520 735 1551 coluisse,
753 1519 787 1544 ita
801 1522 829 1544 ut
847 1518 872 1544 in
888 1517 971 1544 cccle-

183 1573 298 1601 siasticis
313 1572 394 1599 rebus
406 1570 431 1597 ei
445 1569 650 1602 obtemperaret.
668 1565 779 1592 Sanctus
788 1571 852 1590 vero
865 1562 974 1596 Amphi-

184 1619 299 1647 lochium
314 1622 341 1644 et
354 1615 490 1650 Optimum
504 1617 530 1640 et
552 1611 708 1646 Gregorium
724 1617 755 1637 ac
776 1609 893 1641 Petrum,
918 1607 973 1633 fra-

186 1669 252 1693 trem
276 1662 377 1694 Basilii,
399 1666 480 1695 atque
502 1658 690 1693 Epipltultium,
714 1655 794 1690 Cypri
810 1654 973 1688 episcopum,

186 1711 248 1747 quid
271 1710 366 1737 attinet
379 1707 478 1738 dicere,
505 1705 599 1740 quibus
613 1710 736 1738 agrorum
753 1701 934 1747 possessiones

187 1744 312 1793 pecunias
337 1752 463 1781 dederit?
484 1750 612 1791 moriente
636 1752 724 1775 autem
748 1744 976 1793 Constantinppoli

186 1790 303 1836 Dptimo,
314 1799 372 1833 ejus
387 1798 467 1825 etiam
481 1795 573 1823 oeulos
586 1793 707 1821 manibus
722 1792 777 1819 suis
789 1791 894 1818 clausit.
906 1790 977 1836 Prm-

186 1834 260 1875 terea
277 1844 441 1873 miserabiles
454 1848 558 1877 quoque
572 1840 631 1866 illos
648 1846 701 1865 non
720 1836 888 1864 mediocriter
901 1834 978 1862 refri-

188 1892 289 1928 geravit
302 1891 328 1918 in
341 1889 474 1921 omnibus,
493 1885 664 1916 Antiochum,
679 1883 803 1910 Acacium
819 1886 845 1908 et
857 1880 978 1908 Severia-

192 1927 271 1970 num;
284 1940 375 1970 atque,
394 1938 425 1961 ut
436 1941 489 1960 uno
501 1932 583 1959 verbo
596 1938 628 1957 ex
643 1934 717 1964 parte
732 1927 903 1961 complectar,
919 1934 977 1953 ont-

189 1990 240 2013 πε
254 1981 456 2018 peregrinantes
468 1978 591 2009 clericos,
609 1981 636 2004 et
646 1975 837 2002 monachorum
852 1980 883 1999 ac
900 1972 979 2006 virgi-

194 2033 255 2056 ttum
276 2027 407 2055 inﬁnitam
427 2023 633 2052 multitudinem.
647 2021 766 2048 Joannes
779 2024 878 2050 tamen,
891 2022 980 2051 utpote

196 2076 290 2103 missus
304 2074 348 2108 qui
362 2071 485 2106 exemplo
499 2073 580 2099 esset,
595 2072 623 2095 ut
637 2068 672 2094 ita
687 2067 785 2097 dicam,
801 2064 918 2091 venturis
929 2063 979 2097 epi-

192 2120 291 2154 scopis,
300 2117 435 2154 quomodo
444 2116 533 2142 vivere
540 2113 664 2146 debeant,
674 2110 829 2138 decreverat
836 2109 981 2154 secundum

194 2153 315 2196 l‘aiilum,
325 2163 386 2190 "suis
399 2160 538 2196 stipendiis
555 2158 701 2194 pricdicare
716 2155 898 2191 paenitentiam
916 2163 922 2180 :
943 2153 983 2179 ni-

196 2210 232 2238 hil
255 2208 495 2237 eeclesiaslicarum
517 2212 604 2232 rerum
624 2203 756 2237 attingens
771 2222 778 2232 ,
801 2199 983 2235 quotidianum

195 2255 333 2283 dumtaxat
352 2253 440 2281 cibum
457 2250 588 2282 sumebat,
606 2249 685 2276 talem
707 2254 814 2281 semper
833 2252 923 2272 curam
941 2245 983 2271 l'u-

195 2301 280 2335 gieus.
294 2299 376 2327 Aiunt
388 2301 477 2325 autem
488 2294 646 2322 verecundia
662 2293 730 2320 allici
746 2292 842 2323 visum,
855 2291 917 2317 dum
928 2297 985 2316 sen-

199 2346 265 2374 sibili
274 2348 430 2372 vesceretur
442 2338 752 2373 cibo.'Quemadmodum
764 2337 835 2364 enim
850 2337 875 2363 in
888 2335 983 2370 pomis,

200 2398 258 2418 cum
268 2399 300 2418 ea
311 2390 344 2417 ad
354 2396 484 2417 summam
496 2386 663 2421 pervenerint
674 2384 863 2415 maturitatem,
874 2383 899 2409 in
911 2389 986 2409 ramo

202 2440 355 2471 permanere
364 2436 417 2461 non
429 2433 572 2463 sustinent,
586 2430 684 2458 domini
708 2437 814 2456 manum
833 2427 967 2462 poscentia
979 2436 984 2453 :

202 2482 239 2509 sic
250 2481 315 2508 etin
330 2479 439 2511 sanctis,
446 2480 511 2505 cum
525 2484 603 2511 supra
619 2475 726 2502 modum
739 2474 884 2501 caelestium
898 2480 986 2500 rerum

203 2526 397 2562 pulchritudine
409 2525 478 2559 capti
495 2529 567 2556 sunt,
582 2527 643 2549 ante
658 2521 794 2549 deﬁnitum
814 2521 874 2547 vitae
888 2520 986 2546 exitum

204 2571 394 2607 lruipromissa
407 2569 570 2598 beatitudine
581 2568 713 2595 festinant.
729 2566 774 2594 Sic
784 2571 810 2593 et
823 2566 848 2592 in
863 2565 986 2592 hcrilibus

204 2617 326 2654 parvulis.
341 2615 382 2643 liii
399 2615 469 2642 enim
483 2622 555 2649 smpe
567 2613 683 2641 crustula
698 2615 892 2646 exspectantes,
907 2617 987 2644 appo-

204 2663 268 2690 situs
289 2662 366 2690 cibos
387 2669 441 2688 non
456 2664 575 2695 tangunt,
591 2658 788 2693 appetitumque
804 2656 938 2688 cohibent,
963 2660 990 2682 ut

204 2714 356 2745 exspectata
378 2706 519 2735 dulcedine
539 2709 700 2733 saturentur.
726 2704 877 2737 Agnosccnt
901 2705 989 2728 autem

206 2754 253 2782 Itos
266 2761 416 2787 sermones,
431 2753 477 2788 qui
492 2751 585 2779 iisdem
601 2749 718 2785 vestigiis
732 2750 793 2776 vita:
813 2747 938 2783 spiritalis
952 2748 990 2773 in-

205 2801 309 2828 sistunt.
328 2799 436 2826 Verbum
452 2798 522 2826 enim
535 2797 636 2832 sapiens
649 2796 670 2822 si
684 2795 792 2822 audierit
805 2795 881 2829 scius,
900 2794 990 2821 lauda-

205 2847 240 2874 bit
249 2847 324 2882 illud,
340 2850 362 2874 et
375 2845 408 2872 ad
419 2853 445 2873 se
459 2844 559 2880 adjicict
575 2842 665 2878 (Ercli.
678 2841 721 2869 2L
736 2840 789 2876 18').

1047 196 1112 224 Cir.
1132 204 1205 223 xvm.
1217 197 1336 225 —-Dt.ic.
1349 198 1506 228 ‘Cousolatus
1518 208 1548 228 es
1569 209 1629 236 me,
1649 205 1800 233 venerande

1010 241 1099 274 Pater,
1109 242 1151 276 qui
1163 241 1226 268 mihi
1236 248 1358 271 accurate
1366 245 1524 279 narraveris,
1532 252 1556 274 et
1563 247 1654 275 eadem
1663 257 1721 283 qua:
1732 250 1799 277 fama

1013 286 1174 320 vulgaverat,
1188 288 1268 322 gratia
1278 289 1388 323 quadam
1399 290 1542 319 condicris.
1556 292 1612 320 lloc
1626 299 1714 322 autem
1728 295 1799 330 dico,

1014 332 1077 359 nihil
1093 334 1166 360 oneri
1182 334 1307 363 Ecclesia:
1321 337 1437 364 futurum
1460 338 1540 366 fuisse
1553 339 1649 368 victum
1660 341 1777 377 episcopi
1791 363 1799 375 ,

1013 379 1034 405 si
1050 379 1083 405 ab
1097 379 1214 407 Ecclesia
1226 389 1286 408 eum
1303 384 1446 418 accepisset
1464 384 1555 412 beatus
1569 386 1701 421 Joannes,
1713 387 1800 422 juxta,

1013 431 1072 450 eum
1086 424 1130 459 qui
1144 425 1206 452 dicit
1222 435 1229 453 :
1247 426 1343 461 Dignus
1362 428 1433 454 enim
1456 433 1491 455 est
1513 432 1643 464 operarius
1670 432 1725 460 cibo
1754 441 1801 460 suo

1017 471 1132 507 (Matth.
1155 473 1196 499 lU.
1224 474 1276 506 10;
1304 474 1313 500 l
1332 474 1401 500 Tim.
1419 475 1445 500 5.
1466 474 1524 509 18);
1544 479 1570 502 et
1598 482 1716 502 rursus:
1740 475 1805 508 Qui:

1015 518 1097 551 pascit
1113 526 1225 553 gregem,
1236 524 1259 545 et
1279 519 1310 545 de
1331 519 1397 545 lacte
1408 520 1492 554 gregis
1503 528 1555 546 non
1570 522 1712 548 manduca!
1721 522 1734 549 ἵ
1747 522 1805 556 quis

1015 563 1236 596 plantatvineam,
1247 564 1310 591 etde
1319 565 1408 599 [ructu
1416 565 1472 599 ejus
1482 573 1532 591 non
1542 565 1594 592 edit
1603 567 1615 593 ?
1625 567 1647 601 (l
1663 566 1726 595 Cor.
1739 567 1765 594 9.
1778 569 1806 601 'l)

1015 607 1113 636 Nonne
1123 609 1187 641 haec,
1197 614 1223 636 et
1236 611 1318 636 multa
1327 610 1377 636 alia
1390 610 1538 644 Scriptura:
1544 611 1627 637 sunt?
1636 611 1726 639 EPISC.
1735 612 1805 639 Con-

1016 648 1082 689 grue
1093 654 1202 689 quidem
1211 659 1237 682 et
1245 655 1382 690 sapienter
1392 656 1501 683 locutus
1512 664 1554 689 es,
1566 664 1582 683 ο
1592 656 1752 684 Theodore:
1766 658 1805 684 di-

1016 697 1068 724 etis
1079 702 1168 725 autem
1178 699 1343 727 vurbisadde
1355 703 1380 726 et
1393 701 1545 735 sequentia.
1557 701 1625 728 Cum
1637 703 1710 729 enim
1725 710 1806 729 sacra

1015 742 1059 770 lex
1071 744 1172 771 tribuat
1187 744 1354 778 facultatem,
1372 750 1400 773 ut
1413 747 1459 782 qui
1470 752 1549 775 sacra
1565 747 1682 781 faciunt,
1699 756 1760 784 qua:
1771 749 1804 777 de

1015 789 1138 816 sacrario
1146 789 1445 825 suntedant,ntajorum
1453 791 1588 820 bonorum
1597 792 1693 820 avidus
1703 792 1804 821 Paulus

1017 830 1080 866 quid
1092 830 1183 858 addit?
1196 831 1257 859 Non
1271 841 1330 860 usus
1343 841 1399 861 sunt
1420 835 1468 861 hac
1479 841 1599 870 potestate
1614 837 1674 874 (Ib.
1690 846 1715 866 ο.
1733 839 1766 867 ΙΞ
1776 840 1808 876 ),

1018 876 1044 903 in
1057 877 1248 912 corporalibus,
1264 883 1292 905 ut
1304 879 1440 915 Evangelii
1457 882 1589 917 particeps
1603 884 1663 911 liam
1685 885 1710 912 in
1725 886 1803 920 spiri-

1019 922 1115 949 talibus
1127 942 1135 956 ,
1156 930 1190 950 ne
1201 923 1388 952 oﬁ'endiculum
1402 933 1487 953 essem
1506 926 1617 955 inﬁrmis
1627 950 1634 962 ,
1648 929 1721 964 juxta
1745 939 1807 958 euln

1019 966 1062 1001 qui
1075 966 1152 993 dicit:
1170 968 1201 994 Si
1215 968 1280 994 enim
1291 969 1346 1003 quis
1367 970 1455 996 uiderit
1470 976 1502 1003 te,
1519 973 1562 1006 qui
1575 973 1651 1001 habet
1665 975 1803 1008 scientiam,

1020 1012 1046 1038 in
1062 1012 1212 1040 infirmitate
1223 1014 1357 1048 jacentem,
1371 1024 1453 1043 nonne
1474 1018 1624 1045 conscientia
1637 1020 1701 1055 ejus,
1721 1021 1764 1055 qui
1775 1022 1806 1047 sit

1019 1057 1154 1091 inﬁnitus,
1174 1058 1342 1093 wdi/icabt'tur
1366 1060 1398 1087 ad
1414 1062 1567 1089 imitandum
1592 1063 1695 1091 infirma
1719 1065 1804 1100 (Ibid.

1021 1102 1047 1130 8.
1065 1103 1137 1138 10)?
1158 1103 1185 1131 Si
1206 1106 1276 1131 enim
1299 1113 1342 1133 res
1362 1105 1388 1132 in
1409 1107 1484 1134 nobis
1503 1108 1646 1142 sisterent,
1669 1110 1809 1145 nullusque

1020 1154 1081 1183 post
1100 1157 1149 1176 nos
1171 1149 1204 1176 ad
1219 1150 1307 1185 populi
1321 1158 1410 1178 curam
1430 1159 1602 1181 successurus
1616 1154 1702 1188 foret,
1718 1155 1809 1183 dicero

1023 1194 1113 1222 liceret
1127 1197 1247 1230 peccanti
1260 1206 1267 1224 :
1284 1196 1408 1225 Vivamus
1420 1218 1427 1230 ,
1442 1203 1471 1225 ut
1485 1199 1586 1233 placet,
1601 1205 1628 1227 et
1640 1201 1808 1230 saecularibus

1028 1240 1108 1266 rebus
1121 1241 1312 1276 indulgeamus.
1327 1243 1457 1276 Quoniam
1472 1249 1559 1271 autem
1574 1245 1617 1279 qui
1634 1251 1693 1280 post
1706 1254 1754 1274 nos
1769 1247 1809 1274 fu-

1024 1286 1074 1312 turi
1089 1290 1161 1318 sunt,
1175 1287 1251 1314 nobis
1267 1292 1294 1314 ut
1313 1289 1446 1322 magistris
1459 1293 1576 1323 utentur,
1595 1291 1680 1326 legem
1691 1297 1811 1320 nostram

1023 1334 1050 1357 et
1060 1330 1276 1359 consuetudinem
1292 1332 1340 1360 sibi
1361 1339 1539 1368 proponentes
1558 1344 1565 1362 :
1590 1344 1642 1364 non
1658 1337 1734 1364 nobis
1747 1338 1812 1373 ipsis

1025 1379 1124 1402 tantum
1138 1376 1226 1404 vivere
1240 1385 1347 1405 necesse
1359 1384 1410 1412 est,
1423 1379 1469 1407 sed
1484 1380 1508 1407 ei
1521 1381 1565 1416 qui
1582 1389 1629 1416 pro
1645 1383 1721 1410 nobis
1736 1391 1808 1411 mor-

1025 1424 1086 1447 tuus
1105 1426 1146 1447 est
1161 1426 1187 1448 ct
1202 1423 1362 1456 resurrexit,
1374 1428 1453 1458 atque
1470 1426 1559 1460 populi
1574 1427 1752 1456 inﬁrmitatem
1766 1437 1811 1457 ro-

1026 1466 1149 1493 borantes
1162 1468 1283 1502 exemplo
1297 1473 1386 1496 nostro
1396 1469 1427 1496 ad
1438 1472 1668 1504 temperantiorem
1682 1479 1708 1500 et
1724 1473 1812 1508 [ruga-

1026 1512 1117 1538 liorem
1138 1513 1217 1539 vitam
1231 1513 1372 1547 adducere,
1385 1522 1433 1541 nos
1449 1515 1519 1549 ipsos
1532 1517 1705 1551 corripientes
1715 1539 1722 1550 ,
1736 1519 1810 1552 juxta

1027 1565 1087 1584 eum
1110 1559 1154 1592 qui
1178 1559 1257 1586 dicit:
1274 1559 1336 1592 Quis
1359 1565 1394 1587 est
1416 1561 1490 1588 homo
1508 1563 1551 1596 qui
1572 1563 1639 1589 timet
1654 1563 1813 1591 Dominum!

1029 1604 1108 1639 [egent
1129 1609 1218 1631 statuet
1242 1606 1264 1631 ei
1278 1606 1304 1632 in
1324 1606 1374 1639 ria,
1389 1614 1462 1641 quant
1484 1608 1556 1642 elegit
1575 1608 1669 1643 (Paul.
1690 1610 1734 1636 24.
1752 1610 1811 1645 12).

1027 1650 1092 1676 Nam
1108 1650 1255 1677 temerariis
1265 1650 1370 1685 quidem
1386 1656 1412 1678 et
1426 1652 1619 1680 miserabilibus
1631 1653 1812 1688 imprudenter

1028 1696 1198 1730 peccantibus
1221 1696 1305 1731 legem
1328 1697 1400 1731 ponit
1418 1698 1560 1730 Dominus,
1584 1700 1657 1733 quasi
1680 1701 1814 1728 servitutis

1029 1741 1149 1775 Spiritum
1163 1743 1322 1775 amantibus,
1335 1743 1407 1776 juxta
1422 1744 1585 1778 psalmistam
1598 1745 1721 1772 Davidem
1738 1756 1744 1773 :
1764 1747 1814 1774 Le-

1030 1795 1085 1821 gem
1107 1787 1175 1813 dabit
1203 1787 1325 1815 Dominus
1345 1788 1544 1823 delinquentibus
1566 1791 1591 1817 in
1612 1793 1654 1818 via
1673 1792 1752 1826 (Ibid.
1767 1793 1813 1827 8):

1031 1832 1120 1866 puniet
1133 1837 1221 1859 autem
1235 1837 1453 1868 transgressores.
1472 1835 1567 1862 Verum
1581 1836 1667 1870 justus
1678 1846 1815 1865 mensuras

1030 1878 1135 1905 servilis
1150 1879 1214 1913 legis
1227 1887 1430 1915 supergressus,
1444 1881 1504 1916 quia
1520 1882 1603 1917 diligit
1617 1884 1766 1916 Dominum,
1782 1886 1815 1911 ad

1031 1923 1205 1951 hereditatem
1219 1924 1369 1959 adoptionis
1383 1925 1510 1953 festinans
1522 1947 1529 1960 ,
1548 1928 1596 1954 sibi
1613 1928 1661 1963 ipsi
1681 1929 1817 1963 lcgislator

1032 1973 1087 1996 est:
1104 1970 1188 2003 qunlis
1208 1974 1265 1997 erat
1277 1970 1341 2003 Job,
1362 1971 1406 2005 qui
1419 1970 1531 1999 faciebat
1553 1972 1630 1999 simul
1646 1978 1672 2000 ct
1693 1974 1817 2002 diccbat:

1034 2013 1125 2049 Pepigi
1135 2014 1217 2049 [trdus
1232 2023 1288 2041 cum
1302 2016 1381 2042 oculis
1395 2016 1466 2049 meis,
1485 2022 1508 2044 et
1529 2026 1578 2044 non
1592 2018 1704 2053 cogitabo
1725 2020 1756 2046 de
1769 2020 1820 2046 vir-

1034 2060 1090 2095 gine
1116 2059 1181 2095 (Job
1202 2061 1246 2088 5i.
1262 2061 1273 2088 t
1290 2060 1313 2096 ).
1336 2061 1473 2095 Quodnam
1493 2067 1582 2090 autem
1604 2068 1662 2091 erat
1682 2064 1747 2091 illud
1769 2065 1820 2093 fte-

1034 2106 1094 2139 dus,
1108 2114 1165 2139 eos,
1177 2107 1220 2140 qui
1236 2107 1376 2134 inordinati
1387 2112 1486 2140 essent,
1501 2109 1532 2135 ad
1544 2109 1726 2137 castimoniam
1739 2111 1822 2138 abdu-

1034 2152 1118 2178 cere?
1131 2152 1258 2179 Similiter
1271 2152 1334 2179 dicit
1346 2152 1442 2179 David:
1456 2153 1556 2185 Juravi,
1572 2159 1596 2180 et
1608 2156 1685 2181 statui
1695 2156 1821 2183 custodire

1031 2197 1130 2236 judicia
1146 2197 1255 2232 justitiw
1273 2202 1322 2224 tua:
1336 2196 1426 2233 (Ptol.
1446 2198 1509 2226 H8.
1533 2199 1597 2234 106)
1613 2209 1619 2231 ς
1638 2208 1697 2227 cum
1723 2208 1819 2236 anceps

1035 2234 1184 2270 etldubium
1205 2243 1302 2270 mentis
1316 2243 1480 2278 propositum
1496 2244 1648 2278 juramento
1667 2234 1822 2273 adstrinxis-

1036 2292 1087 2315 set.
1105 2288 1220 2322 Quorum
1240 2293 1342 2323 patrum
1357 2289 1473 2316 imitator
1490 2289 1606 2317 Joannes
1618 2311 1624 2322 ,
1650 2295 1679 2316 ut
1691 2291 1822 2325 legitimus

1038 2334 1126 2367 illius,
1141 2341 1193 2361 non
1209 2339 1295 2361 autem
1310 2335 1415 2368 spurius
1428 2356 1435 2368 ,
1449 2340 1642 2369 putrescentcm
1658 2337 1736 2364 variis
1747 2339 1821 2372 cupi-

1038 2379 1162 2406 ditatibus
1185 2379 1320 2406 hominum
1353 2387 1459 2414 gregem
1492 2387 1587 2407 sanare
1611 2381 1765 2408 desiderans
1788 2383 1822 2409 ad

1036 2425 1137 2452 arctius
1157 2426 1216 2452 vita:
1238 2432 1330 2459 genus,
1346 2426 1385 2452 sui
1404 2426 1484 2460 judex
1500 2431 1526 2453 et
1541 2427 1674 2461 lcgislator
1689 2427 1743 2460 fuit,
1760 2436 1824 2455 con-

1040 2470 1119 2497 stanti
1136 2471 1270 2505 proposito
1285 2478 1314 2498 se
1334 2472 1473 2504 roborans,
1495 2480 1509 2498 a
1523 2473 1650 2500 conviviis
1672 2478 1698 2500 et
1711 2482 1827 2502 conven-

1042 2517 1110 2543 tibus
1134 2516 1277 2544 facetorum
1290 2539 1297 2550 ,
1312 2518 1481 2544 ridiculorum
1495 2538 1502 2550 ,
1515 2525 1664 2546 scurrarum
1680 2520 1807 2547 recedens
1819 2542 1827 2551 ,

1041 2563 1137 2590 mentis
1162 2571 1216 2590 sua:
1236 2564 1340 2590 oculum
1363 2564 1472 2598 spiritali
1487 2568 1619 2591 armatura
1636 2565 1772 2597 muniens,
1792 2574 1826 2592 ne

1044 2617 1089 2643 per
1113 2608 1204 2643 epulas
1228 2614 1254 2635 et
1284 2610 1483 2643 intempestivos
1514 2617 1651 2637 sermones
1680 2611 1829 2645 ingressum

1044 2659 1117 2680 nacta
1133 2654 1274 2685 vecordia,
1291 2654 1473 2680 castimoniam
1488 2655 1599 2688 deleret,
1614 2655 1688 2688 juxta
1708 2663 1767 2681 cum
1784 2657 1831 2689 qui

1044 2699 1122 2726 dicit:
1138 2699 1306 2734 Corrumpunt
1319 2701 1394 2726 bonos
1407 2709 1487 2726 mores
1499 2700 1621 2734 collaquiu
1636 2708 1712 2734 prava
1723 2700 1830 2733 (LCor.

1045 2746 1089 2773 15.
1104 2745 1164 2781 35).
1183 2746 1242 2773 ldco
1254 2746 1356 2773 insidiis
1369 2747 1499 2781 appetitus
1510 2751 1566 2773 cst:
1582 2746 1669 2781 gravis
1683 2747 1752 2774 enim
1767 2748 1831 2782 Ipsis

1045 2796 1112 2824 crat,
1127 2792 1171 2826 qui
1185 2792 1294 2825 luceret,
1312 2798 1340 2819 ut
1353 2793 1457 2819 lucerna
1472 2791 1640 2827 lippientibus
1654 2792 1746 2819 oculs.
1760 2792 1831 2820 Talis

1049 2842 1106 2866 erat
1122 2837 1275 2865 misericors
1288 2838 1427 2872 Jcrcmias,
1443 2838 1486 2873 qui
1503 2837 1650 2873 principum
1665 2843 1690 2864 ct
1709 2839 1830 2865 sacculo-
