2034 3109
267 113 301 140 65
887 104 1045 133 PALLADII
1066 103 1233 132 DI.\l.0CUS
1849 104 1878 132 ει

268 173 321 194 tum
334 167 542 195 iuercdulitalem
558 165 682 201 lacrymis
702 164 831 199 deplorat,
846 167 872 190 et
886 162 976 189 addit:
992 162 1054 194 Quis

267 213 335 240 dabit
350 213 424 247 capiti
437 221 489 239 meo
502 220 603 246 aquam,
616 215 690 244 atque
703 209 782 236 oculis
795 209 855 235 meis
866 211 957 243 fontem
973 208 1055 242 lact-y—

267 260 381 285 marum?
393 264 416 285 et
431 258 533 292 plorabo
544 257 584 283 die
599 265 627 283 ac
638 262 708 282 nocte
718 255 838 290 populum
849 262 942 281 meum:
953 262 1052 286 rursus,

270 304 333 337 Quis
347 304 416 330 dabit
432 304 492 330 int/ti
503 304 528 330 in
541 302 676 330 solitudine
687 301 851 327 diversorium
870 299 1010 326 ultimum?
1033 303 1055 325 et

270 349 441 384 derelinquam
462 349 584 384 populum
604 357 687 376 meum
699 369 705 381 ,
728 353 751 375 et
763 347 878 374 recedam
891 346 921 373 ab
939 346 984 379 eis,
999 346 1056 379 quia

269 403 354 422 ontnes
372 395 480 421 adulleri
498 399 555 421 sunt
570 394 639 430 (.ler.
658 394 685 422 9.
703 394 729 423 Ι.
742 394 760 420 ‘2
771 393 797 429 ):
822 397 919 420 ctetum
933 391 1057 426 praevari-

269 445 387 467 catorum
398 444 558 467 conventum
571 439 712 466 nominans
726 438 851 464 falsorum
866 436 1053 472 prophetarum

269 493 300 512 ac
309 485 491 517 sacerdotum;
509 485 577 512 sicut
589 484 651 512 alibi
662 485 744 511 Deum
759 483 909 518 alloquitur,
923 490 974 509 non
987 481 1057 517 qttod

271 530 316 558 ille
330 531 454 565 ignoret,
476 529 522 557 sed
548 530 615 556 sicut
631 536 679 556 nos
694 536 754 555 cum
776 528 871 555 imitari
895 527 1055 554 debeamus:

271 574 387 607 Domine,
402 576 422 602 si
437 575 491 602 sedi
510 575 536 601 in
551 575 656 601 concilio
671 574 820 606 ludentium,
837 573 881 600 sed
900 572 1026 599 reverebar
1042 580 1057 598 a

272 621 338 655 {acie
350 625 409 647 tua:
423 621 491 647 solus
508 620 639 652 sedebant,
655 620 772 654 quoniam
796 618 962 645 amaritudine
976 617 1057 652 reple-

277 671 317 692 tus
331 674 385 692 sum
409 665 483 701 (Jer.
507 665 549 693 15.
578 665 637 701 17).
659 665 780 692 Consona
805 665 844 692 eis
867 665 945 691 ctiam
977 663 1057 690 David

275 711 408 746 IOqttitnr:
422 711 482 738 Non
494 711 547 738 sedi
555 719 611 737 cum
621 711 725 737 concilio
739 710 863 742 vanitatis,
875 714 897 737 et
908 718 964 736 cum
974 710 1059 743 iniqua

270 756 412 791 gerentibus
438 764 487 782 non
509 756 627 782 introibo.
649 756 724 789 Quod
748 756 883 790 explicans
903 755 990 782 addit:
1007 755 1057 782 Odi

270 801 398 828 ecclesiam
412 801 612 836 malignantium,
627 806 648 827 et
661 810 716 828 cum
729 801 812 836 impiis
834 809 884 828 non
897 801 985 828 sedebo
997 808 1006 827 :
1019 801 1060 828 la-

271 846 333 873 vabo
351 847 415 873 inter
436 847 580 873 innocentes
595 855 684 874 maan
705 855 770 874 meas
783 867 789 877 ,
819 847 868 873 hoc
878 851 937 878 est,
961 846 1059 873 activas

272 891 424 919 facultates:
440 897 462 918 et
481 892 639 918 circumdabo
654 892 733 918 altare
743 897 824 925 tuum,
839 891 948 919 Domine
968 891 1059 927 (Psal.

271 938 316 966 25.
339 938 417 974 ό-ϐ).
435 938 483 972 Qui
504 943 591 965 autem
613 938 700 965 minus
720 938 811 965 altaris
830 946 921 965 curam
942 937 1058 969 habent,

272 988 298 1010 et
313 982 336 1011 ei
351 988 423 1018 terga
439 988 553 1016 vertunt,
570 991 622 1011 non
639 984 790 1018 proposito,
806 984 852 1011 sed
868 984 919 1010 vita
934 991 991 1015 sua,
1007 991 1059 1010 nou

271 1028 356 1055 solum
376 1029 454 1055 illotis
480 1029 601 1056 manibtts
622 1033 649 1056 et.
667 1029 877 1063 sanguinolentis
890 1049 897 1061 ,
921 1036 1060 1056 munerum

272 1073 414 1102 donatione
426 1082 457 1101 ac
471 1075 651 1109 perceptione,
663 1080 741 1108 atque
755 1074 826 1101 falsis
837 1074 1060 1107 accusationibw,

273 1119 320 1146 sed
336 1119 470 1146 lutulentis
483 1120 604 1154 ,pcdibus
619 1119 787 1146 calcitrantes
799 1139 806 1152 ,
822 1119 884 1146 illud
904 1119 1059 1146 concedant.

273 1164 310 1191 De
322 1165 415 1199 quith
425 1165 544 1192 Ezechiel
557 1165 682 1199 propltela
695 1165 900 1199 prmsigniﬁcans
909 1165 944 1191 ait
955 1164 1060 1200 (Ezeclt.

273 1209 298 1235 8.
320 1209 382 1235 7-17
394 1211 416 1243 );
440 1209 586 1236 Introduxit
601 1218 639 1236 me
653 1210 685 1236 ad
704 1210 851 1236 vesti/mlum
867 1210 936 1242 atrii,
954 1214 977 1236 et
1000 1210 1059 1243 vidi,

273 1257 296 1279 et
306 1261 360 1280 ecce
376 1255 489 1288 foramen
508 1262 585 1280 unmn
595 1255 619 1280 in
629 1255 733 1289 pariete.
749 1255 781 1281 Et
803 1255 866 1282 dixit
880 1255 913 1281 ad
925 1263 980 1281 me:
995 1254 1061 1282 I’er-

274 1297 341 1330 (uda,
354 1298 392 1331 [ili
404 1298 520 1325 hominis.
536 1299 565 1325 Et
576 1300 640 1334 fodi,
652 1307 682 1326 ac
697 1300 757 1332 ridi,
772 1305 794 1327 et
807 1308 862 1327 ecce
872 1301 961 1327 ostium
973 1309 1059 1327 unttm.

275 1341 307 1370 Et
323 1343 386 1369 dixit
407 1343 440 1369 ad
456 1351 512 1370 me:
527 1343 674 1379 Ingredere,
692 1350 714 1371 et
728 1345 783 1372 vide
794 1345 991 1372 abominationes
1004 1354 1062 1380 pes-

273 1388 360 1421 simus,
376 1397 438 1422 quas
447 1389 542 1424 faciunt
556 1389 606 1416 llic.
619 1389 652 1416 Et
664 1390 790 1426 ingressus
803 1400 867 1423 sum,
880 1396 903 1418 et
916 1400 971 1418 ecce
981 1392 1062 1418 omnis

273 1434 411 1460 similitudo
426 1435 521 1469 rapti/is
534 1440 556 1462 et
568 1436 676 1469 iumenti
685 1457 691 1468 ,
717 1440 740 1463 et
756 1436 824 1463 idola
840 1445 903 1463 vana
924 1437 1059 1464 abomina-

276 1479 366 1506 tiones.
380 1479 410 1506 Et
421 1479 485 1506 dixit
496 1480 575 1507 mihi:
592 1481 691 1513 Vidisti,
704 1481 742 1515 [ili
754 1482 872 1515 hominis,
887 1491 941 1517 qnte
954 1483 1063 1510 seniores

273 1525 362 1553 domus
377 1524 461 1553 Israel
474 1527 570 1560 faciunt
586 1527 610 1553 in
626 1528 743 1560 tenebris,
759 1527 784 1554 in
798 1527 929 1560 cubiculo,
945 1533 1062 1555 menlcut

274 1572 396 1599 innitens.
419 1571 481 1598 Ideo
497 1572 630 1599 dixerunt:
646 1572 706 1599 Non
721 1573 785 1599 ridet
807 1581 851 1599 nos
868 1573 1006 1600 Dominus:
1019 1573 1061 1600 de-

272 1616 371 1650 reliquit
391 1616 514 1643 Dominus
525 1622 623 1644 terram.
643 1617 675 1643 Et
690 1618 754 1644 dixit
771 1618 804 1644 ad
820 1627 858 1644 me
870 1626 879 1644 :
895 1618 983 1644 Adltuc
997 1618 1063 1645 vide-

274 1659 311 1687 bis
324 1661 519 1688 abominatianes
533 1663 651 1697 majores,
668 1671 731 1698 quas
756 1664 796 1690 isti
810 1665 918 1698 faciunt.
933 1664 965 1690 Et
979 1664 1063 1691 intro-

275 1705 347 1733 duxit
359 1715 397 1732 me
418 1707 443 1733 in
456 1707 534 1734 alium
555 1709 648 1740 locant,
671 1713 746 1743 atque
759 1710 865 1736 ostendit
881 1710 941 1736 mihi
951 1718 960 1736 :
973 1714 996 1736 et
1009 1718 1064 1737 cert:

276 1751 309 1777 ibi
324 1752 439 1779 mulieres
452 1753 578 1785 sedebant,
596 1755 740 1788 plangentes
757 1755 891 1782 T/tambos.
907 1756 939 1782 Et.
954 1764 1060 1783 rursus:

283 1796 429 1824 Introdurit
451 1806 489 1824 me
510 1799 535 1824 in
550 1798 650 1825 domum
668 1798 769 1825 Domini
792 1801 956 1828 interiorem:
973 1807 995 1828 et
1009 1810 1064 1828 ecce

276 1842 310 1869 ibi
325 1843 411 1878 viginti
431 1848 538 1878 quatuor
553 1843 662 1870 seniores
673 1864 681 1877 ,
695 1849 716 1870 et
732 1845 808 1880 facies
821 1854 906 1872 eorum
917 1865 925 1878 ,
946 1852 968 1873 ct
988 1847 1064 1873 dorsa

276 1896 360 1914 eorum
373 1893 461 1914 contra
475 1889 563 1914 altare.
582 1888 613 1914 Et
629 1889 692 1915 dixit
706 1890 739 1915 ad
753 1897 810 1917 me:
825 1889 954 1926 Numquid
965 1891 1016 1918 leve
1028 1897 1064 1919 est

276 1933 322 1958 hoc
337 1933 403 1966 quod
413 1933 473 1967 facit
487 1934 575 1961 domus
590 1933 692 1960 Israel?
703 1934 791 1962 Coacti
808 1935 904 1963 fuimus
915 1937 991 1971 hujus
1004 1945 1065 1971 pro-

276 1979 362 2014 pheta:
375 1981 480 2014 capituli
493 1981 655 2013 meminisse,
671 1987 777 2015 propter
790 1982 1006 2016 impudentiorcs,
1019 1983 1064 2016 qui

276 2033 305 2053 sc
319 2034 377 2053 esse
390 2027 488 2061 aliquid
502 2032 602 2060 putant,
616 2031 639 2054 el
655 2027 756 2061 scipsos
766 2027 928 2061 dementant,
943 2037 974 2056 ac
984 2029 1065 2056 cccle-

276 2071 409 2098 siasticam
431 2079 520 2106 pacum
542 2072 714 2106 perturbant:
730 2081 763 2100 eo
787 2074 856 2107 quod
873 2078 944 2108 terga
961 2078 1065 2102 vertunt

278 2124 378 2144 mensa:
390 2117 502 2150 Domini,
516 2117 612 2148 Quibus
622 2118 750 2152 judicium
761 2127 810 2145 non
822 2124 913 2151 cessat,
925 2123 948 2145 et
959 2120 1065 2154 perditio

277 2170 362 2188 eorum
384 2169 432 2188 non
451 2161 568 2188 dorntitat
592 2161 628 2197 (‘2
666 2162 736 2189 Petr.
764 2163 789 2189 2.
807 2164 840 2197 5)
863 2171 870 2190 :
893 2164 936 2198 qtti
961 2170 1064 2190 terrena

277 2209 394 2243 sapiunt,
408 2207 441 2234 de
454 2208 549 2242 quibus
563 2208 654 2240 ludas,
669 2208 749 2235 I'rater
763 2208 865 2240 Jacobi,
880 2209 932 2236 ait:
948 2208 983 2235 Ili
995 2215 1063 2242 sunt,

278 2255 320 2290 qui
343 2255 368 2280 in
384 2255 464 2289 epulis
479 2254 565 2280 vestris
586 2254 701 2286 macultv,
717 2254 874 2281 convit'untes
889 2254 942 2281 sine
956 2255 1045 2281 timore
1057 2275 1064 2287 ,

283 2301 428 2335 semctipsos
440 2305 589 2335 pascentes:
605 2300 681 2326 nubes
703 2300 757 2327 sine
778 2308 843 2335 aqua
853 2321 860 2332 ,
885 2309 940 2334 quia
958 2309 974 2327 a
988 2301 1065 2328 ventis

281 2347 503 2382 circum/ertmttu':
517 2346 609 2380 [luctus
624 2346 671 2380 feri
693 2345 782 2378 maris,
805 2346 982 2381 despuntantes
1006 2355 1066 2374 suas

280 2393 456 2428 conlusiones:
471 2391 555 2418 sidera
575 2392 697 2422 errantia,
711 2391 800 2424 quibus
815 2391 896 2426 caligo
911 2392 1066 2418 tenebrarum

279 2442 375 2465 servata
386 2442 420 2464 est
435 2430 595 2463 inmeritum
618 2435 705 2471 (ludia
720 2443 743 2463 tt.
759 2436 801 2463 l2.
817 2436 876 2472 15).
889 2436 955 2464 Cum
978 2443 1065 2465 autem

280 2483 356 2510 nubes
379 2483 432 2509 sine
449 2491 514 2517 aqua
534 2483 657 2515 vocavit,
684 2483 777 2510 malam
793 2490 885 2510 eorum
911 2484 1067 2518 signiﬁcavit

280 2529 446 2566 grandinem,
460 2530 544 2556 vinea:
559 2529 752 2556 adversariam:
767 2537 826 2556 cum
842 2530 955 2556 errantia
970 2530 1064 2562 sidera,

281 2576 389 2604 insidias
402 2576 478 2603 navis
490 2575 650 2610 designavit:
666 2583 723 2609 qtae
737 2575 843 2609 quidem
860 2576 935 2603 navis
949 2581 975 2603 et
990 2576 1066 2604 vinea

282 2623 398 2650 Ecclesia
411 2626 462 2649 est.
477 2621 602 2654 Qumnaut
625 2626 712 2647 autem
735 2621 778 2648 illa
794 2627 854 2648 sunt
864 2641 871 2652 ,
888 2629 947 2656 qum
961 2621 1020 2648 talia
1034 2629 1066 2649 ex

280 2669 438 2696 necessitate
450 2667 663 2701 subsequentur?
683 2666 750 2693 Audi
767 2674 858 2693 rursus
877 2667 998 2694 eumdem
1010 2675 1067 2701 pro-

282 2716 386 2750 phetam
408 2713 575 2742 Ezechielem
591 2717 760 2739 narrantem:
779 2711 810 2738 Et
826 2713 933 2739 ostendit
954 2713 1024 2744 nti/ti,
1041 2717 1064 2740 et

281 2770 335 2790 Ecce
348 2762 393 2788 viri
407 2761 534 2788 veniebant
548 2759 580 2785 de
592 2759 630 2785 via
646 2763 724 2793 portte
737 2758 884 2793 superioris,
901 2766 957 2793 qua:
967 2759 1067 2794 respicit

282 2810 311 2836 ω
333 2808 488 2843 Aquilonem,
510 2810 532 2833 et
546 2805 740 2840 uniuscujusque
751 2803 845 2832 securis
865 2803 891 2831 in
906 2812 983 2831 manu
1002 2805 1064 2840 ejus.

1111 160 1155 188 Vir
1166 169 1262 195 quoque
1273 169 1337 187 unus
1347 161 1372 188 in
1387 161 1468 188 medio
1482 169 1568 188 eorum
1580 161 1681 188 vestitus
1695 162 1775 195 talari,
1789 169 1811 190 et
1823 171 1879 191 zona

1107 206 1222 241 capp/tiri
1235 206 1262 232 in
1276 205 1374 233 renibus
1389 207 1453 241 ejus.
1478 206 1509 233 Et
1522 207 1628 242 ingressi
1643 211 1700 233 sunt
1712 227 1719 240 ,
1733 212 1754 234 et
1772 213 1882 246 steterunt

1102 253 1180 287 juxta
1193 253 1274 279 altare
1285 260 1389 279 (ereum:
1404 257 1426 279 et
1440 252 1522 287 gloria
1533 252 1637 280 Domini
1650 253 1730 280 Israel
1741 255 1843 280 ascendit
1854 255 1880 282 de

1110 297 1258 330 Clterubim,
1281 305 1336 332 qua:
1348 302 1401 324 erat
1415 298 1440 324 in
1453 298 1516 332 ipsis
1530 297 1564 324 ad
1578 298 1671 324 atrium
1686 298 1781 325 domus.
1795 298 1825 325 Et
1837 307 1876 326 vv-

1108 344 1172 370 cavit
1185 344 1267 370 virum
1280 344 1323 378 qui
1337 344 1440 370 indutus
1455 348 1507 370 erat
1521 344 1606 377 talari,
1622 345 1663 379 qui
1674 344 1774 371 habebat
1786 345 1812 372 in
1822 345 1881 371 lunt-

1109 389 1145 415 bis
1157 389 1209 415 suis
1222 397 1321 416 zonam.
1339 388 1372 415 Et
1387 389 1450 415 dixit
1466 388 1588 416 Dominus
1603 389 1637 415 ad
1646 397 1704 416 eum
1718 398 1727 416 :
1739 389 1823 417 Transi
1844 399 1884 424 per,

1108 434 1215 461 mediam
1227 434 1351 461 civitatem
1363 433 1516 466 Jerusalem,
1528 440 1550 461 et
1562 434 1596 461 da
1607 435 1705 469 signant
1715 443 1787 469 super
1796 434 1881 470 frontes

1109 479 1220 506 virorum
1235 479 1386 515 gementium
1408 483 1431 506 et
1445 479 1583 506 dolentium
1601 488 1678 514 super
1691 480 1784 506 cunctis
1795 480 1882 506 abomi-

1109 525 1261 557 nationibus,
1278 533 1334 560 qua:
1355 525 1420 559 ﬁunt
1439 525 1465 552 in
1485 525 1566 552 medio
1580 533 1677 553 eorum.
1699 525 1730 552 Et
1744 526 1793 552 illis
1809 526 1883 559 dixit,

1110 578 1156 598 sex
1171 571 1225 598 illis
1237 571 1351 603 scilicet,
1367 571 1411 606 qui
1429 571 1560 598 habebant
1572 578 1679 599 secures
1690 592 1696 604 ,
1709 571 1828 598 Andieute
1839 580 1881 604 nte,

1110 616 1150 644 Ite
1162 618 1188 644 in
1201 618 1323 644 civitatem
1336 637 1343 649 ,
1361 621 1489 652 sequentes
1511 625 1567 644 eum
1578 637 1586 649 ,
1611 617 1734 644 videlicet
1748 625 1806 644 eum
1817 638 1824 649 ,
1846 617 1884 652 qui

1110 663 1185 697 signa
1201 663 1288 697 posuit
1300 671 1382 697 super
1398 663 1516 695 frontes;
1532 667 1554 689 et
1568 664 1696 696 percntite,
1720 667 1743 690 et
1756 671 1785 690 ne
1803 663 1887 698 parcite

1110 708 1190 735 oculis
1204 709 1298 741 vestris,
1321 717 1398 743 neque
1412 709 1579 735 misereamini
1587 716 1597 735 :
1611 716 1703 741 senem,
1719 708 1884 736 adolescentu-

1111 753 1180 786 lum,
1199 754 1330 788 virginem,
1345 754 1473 788 parvulos,
1499 758 1522 780 et
1542 753 1658 781 mulieres
1673 754 1802 788 interﬁcite
1817 760 1886 788 usque

1111 800 1144 826 ad
1159 800 1362 828 internecionem.
1379 800 1419 826 Ad
1433 808 1518 827 omnes
1536 805 1629 833 autent,
1653 808 1729 835 super
1741 808 1799 835 quos
1812 804 1844 826 est
1856 799 1887 825 si-

1111 856 1200 883 gnum,
1215 855 1246 874 ne
1258 847 1377 880 accedite,
1392 851 1415 874 et
1428 855 1443 873 α
1455 846 1548 873 sanctis
1561 847 1620 873 meis
1635 846 1747 881 incipite.
1767 845 1889 880 Cmpernnt

1112 902 1169 928 ergo
1194 902 1209 919 (ι
1230 893 1289 919 viris
1312 892 1467 924 senioribus,
1492 892 1535 926 qui
1558 896 1628 918 erant
1643 893 1669 918 in
1694 892 1769 919 domo
1794 890 1889 917 Domini

1113 938 1217 975 (Ezeclt.
1241 939 1268 966 9.
1285 938 1360 974 1-6).
1376 937 1403 965 Si
1417 938 1475 973 quis
1496 943 1584 965 autem
1598 942 1671 973 putet
1686 938 1744 965 bace
1756 937 1788 965 de
1801 936 1890 964 Judzeis

1114 990 1213 1012 tanttun
1225 984 1344 1019 prtedici,
1361 984 1382 1011 is
1394 983 1543 1011 Servatoris
1556 983 1698 1011 adventum
1711 983 1814 1010 videtur
1825 982 1892 1017 igno-

1116 1038 1175 1057 rare
1188 1039 1194 1056 :
1207 1038 1259 1056 non
1273 1030 1344 1057 enim
1359 1034 1420 1056 ante
1439 1029 1617 1063 captivitatem
1630 1028 1780 1056 sacerdotio
1797 1027 1893 1054 iunctus

1113 1080 1154 1102 cst
1169 1075 1302 1102 Ezechiel.
1316 1074 1409 1101 Adhuc
1420 1074 1489 1101 enim
1507 1081 1572 1108 puer
1590 1073 1734 1101 admodum
1756 1081 1816 1100 cum
1829 1072 1892 1100 tribu

1114 1120 1175 1147 Levi
1189 1120 1214 1147 in
1229 1120 1406 1154 captivitatem
1421 1119 1549 1146 abductus
1564 1123 1623 1151 est;
1642 1127 1689 1154 per
1701 1118 1748 1146 Dei
1761 1119 1892 1153 dispensa-

1115 1167 1211 1193 tionem
1221 1165 1354 1200 trlgesimo
1367 1172 1437 1192 anno
1449 1165 1550 1192 visione
1561 1164 1705 1192 futurorum
1719 1165 1812 1200 dignus
1824 1162 1894 1189 habi-

1114 1216 1155 1238 tus
1169 1216 1209 1238 est
1220 1232 1226 1243 ,
1248 1210 1373 1237 sacerdos
1387 1211 1412 1237 in
1426 1211 1481 1245 ipsa
1496 1211 1660 1245 captivitate,
1677 1215 1705 1237 ut
1722 1211 1778 1245 ipse
1791 1213 1893 1237 narrat:

1114 1257 1147 1284 Et
1159 1259 1254 1293 factum
1268 1262 1304 1284 est
1315 1257 1339 1283 in
1351 1257 1477 1291 trigesimo
1487 1265 1564 1289 anno,
1577 1256 1602 1283 in
1615 1265 1697 1283 mense
1706 1261 1806 1292 quarto,
1816 1255 1896 1290 quinta

1114 1303 1221 1329 mensis:
1234 1307 1255 1329 et
1266 1310 1311 1337 ego
1324 1311 1392 1329 erant
1403 1302 1428 1328 in
1444 1302 1524 1329 medio
1537 1302 1688 1337 captivitatis
1701 1310 1778 1338 super
1800 1301 1896 1336 fluvium

1114 1347 1213 1375 Cltabar
1227 1347 1336 1384 (Ezeclt.
1355 1348 1378 1375 l.
1397 1346 1446 1382 l):
1464 1352 1491 1379 et,
1505 1354 1596 1374 rursus
1610 1347 1688 1381 paulo
1710 1351 1786 1381 post:
1809 1344 1896 1372 Fartus

1115 1397 1149 1420 est
1163 1401 1243 1420 sermo
1252 1392 1354 1419 Domini
1369 1393 1401 1418 ad
1415 1391 1581 1424 Ezechielem,
1597 1392 1678 1426 ﬁlium
1692 1391 1768 1423 Buzi,
1784 1389 1895 1418 sacerdo-

1115 1444 1162 1465 tent
1173 1439 1199 1465 in
1209 1444 1276 1465 terra
1285 1438 1460 1465 C/taldworam
1471 1438 1504 1464 ad
1515 1438 1607 1472 flumen
1617 1437 1718 1466 Cltobar
1732 1436 1812 1472 (Ibid.
1826 1444 1850 1463 v.
1859 1435 1894 1470 5).

1114 1484 1141 1512 Si
1157 1485 1216 1518 quis
1228 1489 1315 1511 autem
1332 1484 1393 1510 hinc
1408 1484 1432 1510 in
1448 1483 1583 1517 angustias
1596 1483 1731 1515 redactus,
1747 1481 1841 1509 dixerit
1853 1486 1898 1506 no-

1115 1530 1154 1557 bis
1166 1530 1244 1557 :Cum
1255 1530 1418 1564 praecesserit
1431 1529 1562 1560 Servatur,
1578 1529 1654 1563 quiet
1667 1529 1756 1556 crucis
1764 1529 1863 1562 signum
1876 1526 1900 1552 in

1115 1575 1200 1602 fronte
1208 1574 1287 1606 dedit,
1301 1582 1382 1609 quare
1392 1573 1529 1601 advenisse
1541 1573 1656 1600 creditus
1664 1581 1718 1600 non
1731 1578 1772 1600 est
1783 1573 1901 1600 Servatur

1115 1621 1160 1656 qui
1179 1621 1339 1655 Vespasiano
1359 1620 1484 1646 Romanis
1499 1619 1660 1653 imperante,
1675 1618 1777 1646 delevit.
1793 1616 1901 1651 quadra-

1114 1667 1217 1701 gesimo
1230 1671 1288 1700 post
1300 1673 1370 1692 anno
1383 1672 1554 1700 synagogam,
1568 1672 1626 1699 qum
1641 1664 1729 1698 iniqua
1743 1660 1903 1698 patraveral'.’

1115 1711 1278 1745 suscepimus
1288 1711 1394 1745 quidem
1406 1710 1453 1736 ista
1465 1710 1623 1737 sentientem
1636 1729 1643 1740 ,
1661 1708 1748 1743 ipsum
1771 1712 1859 1735 autem
1873 1708 1900 1731 ut

1116 1757 1177 1784 novi
1200 1756 1360 1783 Tcstamenti
1373 1756 1474 1788 lilium,
1497 1762 1623 1787 oramtts,
1639 1759 1667 1780 ut
1690 1753 1772 1780 ﬁdem
1796 1752 1904 1779 habeant

1116 1803 1196 1830 l‘auio
1210 1802 1300 1829 talium
1312 1803 1446 1837 magistro,
1459 1801 1502 1836 qui
1516 1801 1548 1828 de
1559 1800 1682 1827 omnibus
1692 1799 1824 1834 ejusmodi
1835 1798 1860 1824 lil
1871 1797 1905 1824 ris

1115 1849 1194 1875 dicit:
1213 1847 1276 1874 Ila'c
1291 1853 1373 1874 autent
1395 1848 1420 1874 in
1435 1848 1517 1882 ﬁgura
1537 1846 1712 1880 contingebant
1726 1846 1797 1878 illis;
1816 1844 1906 1876 scripta

1116 1901 1171 1920 vero
1182 1897 1239 1918 sunt
1252 1892 1285 1918 ad
1298 1892 1479 1926 correptionem
1494 1897 1615 1922 nostram,
1632 1892 1657 1918 in
1668 1899 1732 1926 quos
1748 1891 1812 1925 lines
1826 1897 1903 1916 siccu-

1105 1937 1203 1964 .lorttnt
1229 1936 1385 1964 devenerunt
1407 1937 1443 1973 (Ι.
1456 1936 1514 1964 Cor.
1532 1937 1575 1964 10.
1593 1935 1646 1972 Η).
1662 1936 1724 1964 llazc
1738 1940 1826 1963 autem
1840 1934 1906 1966 dicti,

1117 1989 1280 2017 nequaquam
1293 1989 1448 2016 apprecans,
1463 1986 1491 2009 ut
1501 1982 1602 2017 gladius
1614 1981 1717 2008 ferreus
1729 1981 1821 2008 veniat
1830 1985 1907 2014 super

1117 2029 1237 2056 inimicos
1253 2028 1308 2060 Dei,
1323 2028 1401 2055 absit.
1419 2028 1508 2062 Neque
1523 2028 1592 2055 enim
1607 2027 1640 2055 de
1655 2027 1745 2062 gladio
1768 2027 1858 2054 ferreo
1871 2025 1907 2052 lo-

1117 2074 1205 2108 quitur
1218 2073 1355 2108 propheta,
1368 2073 1413 2100 sed
1425 2073 1457 2099 de
1469 2073 1520 2099 alia
1536 2073 1648 2108 quadam
1658 2073 1793 2108 punitrice
1804 2072 1908 2102 virtute,

1117 2120 1150 2147 de
1164 2127 1214 2154 qua
1228 2118 1351 2146 Ezechiel
1362 2118 1439 2145 dicit:
1455 2118 1534 2145 Terra
1548 2126 1622 2153 super
1644 2126 1720 2153 quam
1739 2118 1855 2154 gladium
1870 2116 1908 2142 in-

1118 2167 1209 2193 ducam
1233 2166 1368 2201 (inducam
1391 2173 1454 2192 vero
1474 2165 1499 2192 id
1513 2169 1554 2192 est
1569 2165 1750 2200 permittant),
1775 2169 1798 2192 et
1822 2162 1911 2198 ceperit

1118 2213 1226 2247 populus
1237 2217 1309 2239 terrm
1321 2212 1401 2250 virum
1414 2219 1502 2243 unum,
1513 2216 1536 2238 et
1550 2216 1643 2246 ponent
1654 2210 1701 2238 sibi
1714 2210 1911 2245 speculatorem,

1117 2265 1140 2286 et
1152 2259 1237 2286 viderit
1248 2258 1389 2293 speculator
1403 2257 1515 2292 gladium
1525 2258 1671 2290 venientem,
1683 2261 1706 2283 et
1717 2257 1779 2283 tuba
1792 2254 1911 2284 sonueril,

1118 2311 1141 2332 et
1154 2306 1253 2340 signum
1265 2304 1360 2331 dederit
1373 2304 1466 2339 populo
1477 2323 1484 2334 ,
1506 2307 1580 2335 atque
1599 2303 1707 2329 audierit
1727 2302 1773 2333 qui
1788 2300 1877 2331 audit,
1892 2302 1913 2325 et

1118 2359 1167 2377 non
1176 2350 1276 2382 caverit;
1284 2349 1382 2376 veniens
1390 2354 1471 2375 autent
1483 2348 1582 2384 gladius
1589 2346 1784 2383 apprehenderit
1794 2345 1914 2380 aliquem:

1119 2396 1266 2431 sanguinem
1280 2396 1335 2430 ejus
1353 2395 1384 2422 ab
1393 2403 1422 2421 eo
1434 2395 1569 2428 requiram,
1583 2394 1642 2428 quia
1655 2401 1704 2420 non
1718 2392 1819 2419 audivit
1833 2397 1915 2418 vocem

1119 2442 1193 2468 labre.
1209 2441 1242 2468 Et
1259 2448 1368 2467 rursus:
1384 2440 1414 2467 Si
1426 2444 1509 2466 autent
1518 2440 1659 2472 speculator
1673 2437 1763 2465 viderit
1777 2437 1915 2464 venientem

1118 2489 1241 2524 gladium,
1249 2493 1271 2514 et
1281 2486 1338 2513 tuba
1347 2495 1395 2512 non
1403 2486 1528 2518 cecinerit,
1537 2493 1615 2520 neque
1623 2484 1715 2517 popula
1721 2482 1917 2518 signiﬁcaverit;

1120 2533 1218 2560 veniens
1234 2537 1317 2558 autent
1336 2531 1437 2566 gladius
1455 2530 1649 2566 apprehenderit
1666 2529 1796 2563 aliquem:
1812 2525 1917 2562 sangui-

1120 2587 1175 2605 nem
1189 2579 1243 2612 ejus
1257 2578 1287 2603 de
1302 2585 1376 2603 unum
1390 2576 1553 2611 speculatoris
1569 2575 1695 2611 requirant
1707 2595 1713 2606 ,
1725 2574 1790 2609 quia
1805 2581 1865 2600 cum
1883 2571 1919 2597 vi-

1121 2623 1189 2650 deret
1214 2623 1345 2657 gladium,
1371 2622 1429 2648 tuba
1444 2629 1492 2647 non
1520 2621 1609 2647 cecinit
1631 2619 1744 2655 (Ezeclz.
1773 2619 1820 2646 55.
1834 2616 1917 2650 ἰι-ὓ).

1123 2667 1260 2702 Ejusmodi
1276 2667 1419 2701 periculum
1434 2687 1440 2698 ,
1465 2673 1630 2700 nequaquam
1645 2664 1785 2692 dormiens
1803 2662 1918 2691 inﬁdeli-

1123 2713 1183 2739 tatis
1203 2719 1306 2744 somno,
1330 2719 1415 2746 nequc
1439 2710 1580 2746 voluptatis
1596 2710 1698 2745 pigritia
1710 2709 1791 2745 piger
1802 2731 1810 2743 ,
1826 2709 1920 2737 beatus

1120 2757 1236 2786 Joannes
1247 2761 1306 2784 ante
1315 2757 1405 2784 oculos
1417 2756 1527 2787 habens,
1543 2756 1621 2783 altius
1634 2756 1695 2783 tuba
1706 2755 1857 2787 clamabat,
1867 2761 1919 2780 non

1122 2804 1262 2832 obscurum
1278 2802 1358 2830 cdcns
1372 2809 1475 2835 sonum,
1492 2800 1537 2828 sed
1552 2806 1669 2836 apertam
1684 2800 1763 2835 plane
1776 2799 1922 2829 scientiam

1996 36 2003 64 κ
