2076 3112
191 157 226 185 65
690 155 734 183 DE
755 154 834 183 VITA
853 153 873 182 S
903 152 1043 182 JOANNIS
1060 152 1307 184 CllBYSOSTOMl.
1790 164 1825 193 αδ

189 214 256 241 dans
264 213 389 241 diabolici
398 212 487 248 gladii.
498 212 587 248 lugere
593 218 686 239 omnes
694 211 857 242 hortabatur.
865 210 985 244 Quicum.

190 266 241 294 que
247 263 336 286 autem
347 257 537 286 conscientiam
543 264 648 293 puram,
655 257 734 285 veluti
742 257 846 292 signum
855 256 881 283 in
889 255 984 283 anima:

192 306 288 337 l'ronte,
304 304 473 336 habuerunt,
488 311 534 338 per
547 303 657 338 gratiam
673 302 718 329 Dei
731 309 790 337 cum
802 301 876 329 vobis
887 301 984 328 Roma—

192 350 233 377 nis
239 349 359 376 tldelibus
370 349 467 376 servati
476 352 537 376 sunt
547 356 554 375 :
566 348 611 383 qui
620 356 682 376 vero
692 347 864 382 inquinatam,
872 347 983 381 populos

191 403 221 423 ac
242 396 395 423 sacerdotes
417 395 442 422 in
464 400 582 421 tnutuum
596 399 730 421 certamen
745 393 939 424 accenderunt,
956 399 981 419 ul

192 441 303 475 publicis
317 440 394 467 malis
414 448 460 466 sua
485 439 684 466 obumbrarent.
704 439 777 465 Duc.
794 439 857 465 Miro
876 438 980 473 quidem

192 487 296 514 dixisti.
319 486 429 513 Constat
450 490 536 512 atttem
552 485 606 512 ﬁeri
623 493 674 511 non
695 492 787 519 posse,
814 490 841 510 ut
861 484 941 510 homo
956 484 980 510 in

193 532 240 560 hac
251 537 353 560 terrena
366 532 417 559 vita
435 531 675 566 irreprehensibilis
689 538 796 565 prorsus
812 529 960 556 invenimur
972 550 978 562 ,

192 578 295 606 dicente
314 577 434 612 pluribus
455 578 481 603 in
497 577 565 603 locis
578 576 713 610 Scriptura
731 584 737 602 :
754 576 815 607 Quis
833 575 981 610 gloriabitur

192 624 311 650 mundum
324 631 350 650 se
363 623 453 649 habere
463 623 525 648 cor?
537 628 579 648 aut
598 622 653 656 quis
666 621 785 655 ﬁduciam
806 620 901 647 Itubtbit
910 640 916 652 ,
933 628 980 655 pu-

191 677 245 695 rum
255 677 281 695 se
293 677 371 696 esset:
385 674 487 703 peccato
498 667 588 704 (Prov.
602 668 647 695 20.
662 668 707 701 9)?
724 667 819 694 Verum
836 676 886 693 non
908 668 980 694 ttovit

191 715 228 742 uti
240 720 358 749 tentpore
372 714 398 740 Β
413 714 530 741 Joannes
546 723 551 740 :
569 721 611 740 res
625 714 694 741 enim
708 713 865 740 constitutas
880 718 979 740 temere

191 767 297 787 movere
311 767 362 786 non
379 764 492 793 οιιοτιθι.
507 759 594 786 Emsc.
610 759 710 786 Videris
725 758 799 790 mihi,
814 759 882 786 bone
892 758 979 784 Theo-

190 804 264 837 dore,
279 804 387 831 nimium
402 810 504 831 astutus
521 812 590 831 esse.
603 804 669 831 Cum
684 804 754 830 enim
775 804 849 830 initio
868 804 978 830 misera-

190 850 289 877 tionem
301 870 309 882 ,
326 855 353 878 ut
378 850 488 881 decuit,
505 850 582 876 nobis
605 849 756 876 exhibueris
779 856 839 875 cum
865 849 976 883 quadam

188 896 392 928 compnnctione
407 916 414 927 ,
429 895 490 921 inde
502 895 626 929 paulatim
648 894 723 921 dicax
745 895 835 921 irrisor
853 894 977 920 inveniris

185 940 246 961 esse
258 944 266 962 :
276 942 365 968 neque
376 934 422 968 qui
432 935 597 968 putabantur
606 934 720 969 inimici,
730 940 784 963 tam
794 937 893 964 acriter
902 937 979 964 illum

187 980 388 1013 vituperat-unt.
400 979 474 1005 Duc.
484 979 555 1012 Quid
564 980 674 1015 indigna
680 981 820 1014 ris,Pater,
829 983 875 1017 qui
884 984 981 1010 verita-

187 1024 222 1051 tis
232 1025 425 1058 atnansaudis,
436 1025 507 1060 quod
515 1025 630 1052 dixerim
641 1035 694 1053 non
704 1030 866 1055 observasse
873 1032 980 1063 tempus

187 1069 294 1096 beatum
306 1069 459 1097 Joannem?
470 1078 531 1097 cum
544 1070 684 1105 Scriptura
698 1072 786 1098 dicat:
805 1072 837 1098 In
855 1074 918 1100 locis
934 1083 980 1108 po-

187 1116 295 1142 tentium
307 1125 339 1143 ne
353 1116 484 1143 subsistat
498 1117 590 1151 (Prov.
605 1116 649 1143 23.
663 1118 701 1153 6.)
714 1128 719 1144 :
736 1124 762 1146 et
778 1127 885 1152 rursus,
901 1120 981 1147 Redi-

186 1166 283 1188 mentes
293 1166 393 1195 tentpus
403 1162 509 1197 (Ep/tes.
519 1164 546 1195 5,
558 1163 602 1197 lF;
613 1165 740 1199 €01.45).
753 1167 901 1199 praesertim
911 1167 936 1193 in
947 1168 979 1194 iis

185 1207 231 1242 qui
242 1209 344 1234 monita
357 1209 558 1245 utilitatemque
568 1219 621 1238 nou
633 1212 789 1238 adtnittunt.
803 1212 892 1241 Ense.
903 1213 977 1240 Beati

184 1254 262 1285 estis,
274 1255 319 1288 qui
330 1255 370 1281 sic
381 1254 538 1290 Scripturas
549 1257 776 1292 interpretantini.
790 1258 816 1286 ld
825 1260 896 1286 enim
906 1261 977 1294 apud

184 1297 383 1332 Ecclesiasten.
398 1300 432 1327 1η
444 1302 509 1329 locis
520 1308 656 1336 potentum
669 1312 700 1331 ne
713 1306 827 1338 steteris,
843 1305 976 1334 adversus

184 1343 311 1379 indigntes
322 1349 350 1371 et
363 1345 508 1380 incapaces
524 1347 671 1375 sacerdotii
683 1348 785 1376 dictum
797 1355 849 1382 est,
863 1359 896 1378 ne
910 1352 976 1378 illud

183 1389 300 1425 rapiant.
310 1389 440 1418 Potentes
455 1392 539 1425 enim,
551 1393 660 1421 virtutis
668 1396 888 1430 magistrosdicit
902 1407 908 1424 :
921 1399 976 1432 pri-

184 1441 257 1461 mum
269 1435 380 1470 quidem
394 1437 545 1471 apostolos,
561 1438 607 1473 qui
620 1444 699 1466 erant
716 1444 851 1474 potentes,
864 1441 974 1468 virtutis

182 1479 307 1514 spiritum
319 1481 428 1508 induti:
446 1482 544 1511 deinde
553 1491 648 1511 eorum
662 1485 822 1513 imitatores.
844 1486 875 1512 Et
888 1487 953 1514 illud
965 1509 972 1521 ,

181 1525 316 1554 Redimere
325 1533 437 1561 (corpus,
449 1529 562 1564 perinde
569 1535 611 1558 est
619 1538 661 1563 ac,
670 1530 708 1559 Ne
715 1532 862 1567 hypocrita:
874 1533 959 1560 simus
965 1554 971 1565 ,

180 1575 240 1595 cum
255 1568 355 1595 l'uribus
369 1573 506 1596 currentes
519 1590 526 1603 ,
540 1574 637 1597 etcum
651 1570 777 1597 adulteris
798 1576 898 1606 partem
919 1580 968 1606 po-

180 1617 292 1646 nentes;
306 1613 353 1640 scd
367 1618 397 1640 ut
416 1618 536 1649 tempore
554 1622 602 1642 suo
627 1620 731 1650 tempus
750 1617 851 1651 peccati
872 1617 968 1644 virtute

179 1657 340 1686 redimamus
351 1680 359 1692 ,
371 1666 423 1686 non
437 1659 500 1687 illud
514 1664 622 1695 peccato
636 1661 791 1688 vendentes.
806 1661 857 1695 Qui
879 1666 967 1689 autem

179 1704 231 1732 hoc
251 1705 330 1732 modo
354 1705 481 1741 paulatim
500 1710 604 1741 tempus
626 1706 743 1740 redimit,
760 1711 841 1734 totam
863 1708 968 1735 redimit

180 1751 259 1778 vitam
274 1759 349 1779 suam
359 1773 367 1786 ,
382 1757 411 1780 ut
422 1752 530 1780 omissis
547 1753 636 1780 saeculi
655 1753 834 1789 voluptatibus
851 1754 966 1782 cazlestia

179 1798 247 1826 dona
259 1799 427 1826 nanciscatur
440 1807 446 1826 :
457 1799 590 1834 quomodo
600 1804 627 1827 et
637 1804 767 1835 martyres
779 1800 909 1834 fecerunt,
922 1800 966 1836 qui

179 1843 247 1871 banc
253 1851 410 1880 corpoream
419 1845 499 1872 vitam
511 1850 684 1879 exponentes,
693 1846 966 1881 incorruptibilitatem

179 1890 314 1917 consecuti
336 1895 522 1923 sunt,rcvera
545 1891 594 1925 ipsi
617 1896 720 1925 tempus
744 1891 913 1919 redimentes.
937 1893 965 1919 Si

179 1943 242 1963 vero
255 1935 304 1962 ista
318 1943 371 1962 non
385 1936 423 1963 sic
435 1935 616 1971 intelliguntur
628 1956 635 1968 ,
649 1936 754 1972 Moyses
766 1943 839 1965 certe
853 1943 878 1965 et
895 1938 966 1966 Elias

178 1984 206 2007 ct
218 1980 342 2008 Micltmas
361 1985 388 2008 et
404 1981 494 2008 Daniel
510 1986 538 2009 et
550 1981 667 2009 Joannes
680 1982 796 2017 Baptista
808 1987 834 2010 et
848 1982 927 2010 Isaias
939 1988 966 2011 et

179 2021 272 2053 Petrus
284 2030 362 2060 atque
373 2025 479 2058 Paulus,
492 2033 525 2053 ne
535 2026 624 2061 plures
634 2034 851 2061 commemorem,
863 2034 965 2064 tempus

177 2079 255 2099 suum
264 2071 400 2106 ignorasse
410 2072 588 2099 invenientur:
596 2072 720 2107 quoniam
733 2073 776 2100 ille
785 2073 843 2109 fuga
854 2074 964 2101 salutem

178 2117 228 2144 sibi
242 2117 335 2152 quaerit
349 2117 383 2144 ob
396 2118 629 2152 reprehensionem
644 2119 772 2153 alicujus,
784 2118 845 2146 dum
859 2120 965 2154 gentilis

178 2162 314 2197 cujusdam
329 2170 396 2190 oves
408 2163 434 2189 in
446 2167 536 2191 monte
551 2169 670 2198 pasceret
682 2173 687 2189 :
700 2163 767 2191 alius
780 2172 834 2198 pra:
848 2170 961 2199 torpore,

178 2208 268 2237 dolore
280 2217 435 2244 oppressas,
452 2209 478 2237 in
492 2217 613 2237 somnum
628 2211 744 2244 decidit;
758 2219 841 2246 neque
856 2213 963 2246 parietis

177 2259 220 2282 aut
234 2255 289 2282 saxi
301 2255 438 2282 inveniens
453 2256 584 2289 umbram,
599 2256 645 2283 sed
657 2257 828 2292 subjuuiperi
840 2259 962 2293 virgulto,

177 2300 245 2335 quod
258 2306 285 2328 et
298 2301 384 2336 ipsttm
399 2301 467 2329 exile
478 2307 544 2335 erat,
557 2310 587 2329 se
599 2303 710 2330 collocat
722 2304 759 2339 (5
773 2304 835 2338 Reg.
849 2304 891 2331 19.
906 2306 921 2331 4
933 2304 942 2340 )
955 2314 961 2332 :

177 2347 242 2374 alius
262 2354 336 2374 serra
362 2347 524 2376 secabatur:
541 2348 607 2376 alius
623 2356 670 2383 pro
693 2352 789 2383 pietate
810 2351 834 2377 in
860 2350 963 2378 foveam

178 2391 282 2419 leonum
301 2392 491 2420 demittebatur
504 2402 511 2419 :
524 2393 592 2420 alius
610 2394 634 2420 in
655 2401 778 2426 carcere,
795 2395 844 2422 hoc
864 2400 904 2422 est
916 2416 922 2428 ,
937 2396 961 2422 in

176 2444 254 2471 specu
263 2438 376 2473 quodam
385 2438 489 2465 vinetus
498 2439 663 2471 servabatur,
672 2447 765 2474 panem
777 2440 960 2474 tribulationis,

177 2486 202 2509 et
216 2490 311 2518 aquam
331 2484 460 2518 angustia:
484 2492 589 2512 sumere
613 2485 802 2513 condemnatus
815 2507 821 2517 ,
835 2491 862 2513 ut
883 2487 962 2521 longo

177 2533 294 2563 tempore
305 2530 498 2557 contabescens
509 2551 516 2564 ,
528 2531 608 2558 vitam
622 2531 646 2558 vi
660 2531 839 2566 abrumperet,
855 2539 962 2567 propter

175 2582 246 2602 suam
260 2576 390 2604 adversus
401 2584 489 2611 regem
507 2577 647 2612 quemdam
663 2578 786 2612 loquendi
802 2579 959 2606 libertatem.

173 2620 241 2654 Quid
263 2625 352 2648 autem
375 2621 440 2648 mibi
454 2621 526 2648 dices
546 2622 579 2649 de
598 2622 715 2655 Joanne,
733 2623 777 2657 qui
802 2624 870 2650 inter
886 2629 960 2652 natos

173 2666 310 2693 mulierum
324 2674 418 2702 parem
427 2674 478 2693 non
490 2667 585 2694 habet?
595 2675 628 2694 an
638 2668 744 2694 minimc
755 2673 830 2694 norat
844 2673 960 2703 tempore

173 2713 221 2742 uti.
233 2712 359 2747 quoniam
373 2717 482 2748 propter
491 2718 607 2748 apertam
621 2717 648 2740 et
658 2713 766 2740 minime
779 2714 960 2741 adumbratam

172 2760 292 2787 adulterii
317 2759 433 2787 Herodis
447 2759 651 2794 incrcpationem
668 2759 754 2794 capite
772 2760 887 2788 minutus
899 2765 957 2793 est,

172 2810 308 2838 curans,ut
317 2805 573 2835 medicusllerodem
581 2805 717 2833 insanabili
727 2806 957 2839 morboalTectum,

171 2858 213 2879 aut
225 2859 313 2884 urens,
325 2857 371 2879 :tut
380 2852 489 2879 secans?
497 2852 552 2886 Qua
561 2854 661 2880 ratione
671 2858 696 2880 ct
707 2853 821 2881 Joannes
831 2854 958 2881 miserans

1041 214 1068 237 ct
1085 218 1177 239 amans
1191 231 1200 245 ,
1216 212 1369 247 increpabat
1392 213 1522 243 inﬁrmos.
1544 214 1573 243 Si
1599 220 1688 245 autem
1709 217 1824 248 Joannes

1038 257 1157 291 Baptista
1179 262 1284 293 tempus
1307 267 1360 287 non
1387 265 1487 297 norat,
1509 262 1642 296 quomodo
1666 265 1823 295 satculorum

1036 303 1158 336 opiﬁcem
1181 309 1208 336 et
1230 304 1359 334 {actorem
1378 306 1485 342 agnovit
1499 328 1507 338 .
1523 308 1637 336 dicens:
1653 309 1717 338 Ecce
1737 311 1823 346 Agnus

1035 347 1084 374 Dei
1095 367 1102 380 ,
1116 349 1158 382 qui
1172 349 1237 376 tollit
1252 356 1353 384 peccata
1365 352 1453 379 rutundi
1467 352 1554 388 (lacn.
1568 354 1593 381 1.
1608 354 1652 389 56)
1667 355 1677 382 ?
1690 356 1823 390 quomodo

1036 392 1131 419 Paulus
1146 399 1171 420 et
1184 394 1288 426 Petrus,
1305 396 1434 423 columnae
1450 398 1586 430 Ecclesire,
1601 404 1702 434 tempus
1719 401 1821 435 ignora-

1035 438 1097 465 bant
1111 459 1118 470 ,
1135 440 1177 473 qui
1200 440 1277 467 etiam
1294 446 1352 475 post
1374 447 1485 469 mortem
1504 445 1654 472 volentibus
1671 451 1750 480 atque
1766 446 1822 481 pulo

1034 484 1152 510 sanlibns
1165 486 1306 519 aperiunt,
1322 490 1347 512 ct
1361 487 1485 514 claudunt
1502 490 1661 522 paenitentia:
1681 492 1822 526 tempora?

1033 530 1155 562 quoniam
1172 531 1285 558 maxime
1308 532 1350 558 hic
1364 533 1436 560 cruri
1457 533 1554 561 alTixus
1566 540 1623 569 est,
1638 537 1749 571 pedibus
1771 538 1819 565 ob-

1033 575 1126 607 versis,
1144 576 1210 602 viam
1226 577 1251 603 in
1268 577 1360 604 cadum
1375 579 1542 613 signiﬁcans;
1560 581 1602 609 ille
1614 583 1698 616 capite
1714 589 1819 611 trunca-

1033 626 1074 647 tur
1090 622 1123 648 ob
1138 630 1211 649 suam
1228 623 1252 649 in
1265 623 1369 650 Christo
1381 625 1503 659 loquendi
1513 626 1670 660 libertatem,
1683 637 1714 656 ne
1730 637 1744 656 a
1758 637 1820 656 vero

1032 666 1164 693 excideret
1177 669 1270 702 capite.
1282 669 1319 695 Ne
1328 669 1406 703 igitur
1414 670 1552 698 admiseris
1560 680 1615 704 cos,
1625 674 1667 707 qui
1682 681 1741 700 cum
1755 683 1819 709 qua-

1031 711 1090 738 dam
1103 714 1280 747 increpatione
1291 720 1444 743 sanctorum
1460 717 1582 752 loquendi
1596 719 1745 747 libertatem
1765 721 1819 747 cul-

1032 762 1103 792 pant.
1112 758 1252 786 Gentilium
1263 761 1332 787 enim
1345 761 1477 795 etjndicio
1485 770 1533 788 suo
1542 763 1689 798 sapientum
1699 765 1746 791 ista
1756 772 1819 792 con-

1030 803 1141 830 suetudo
1148 809 1198 836 est,
1208 805 1251 839 qui
1263 813 1353 832 amore
1363 806 1440 840 hujus
1449 807 1507 833 vine
1517 808 1594 834 etiam
1606 814 1750 844 martyrum
1759 818 1818 837 con-

1029 848 1152 874 stantiam
1166 848 1284 876 irrident.
1301 850 1392 884 Neque
1405 852 1475 877 cnim
1489 852 1529 878 vel
1545 853 1659 886 gladium
1674 854 1795 881 obtusum
1808 877 1815 887 ,

1028 894 1070 920 vel
1095 894 1206 921 otiosam
1235 903 1294 922 esse
1322 897 1445 931 loquendi
1474 898 1619 925 libertatem
1647 906 1760 934 oportet.
1784 901 1817 928 Et

1028 940 1247 974 quemadmodum
1267 942 1301 968 ab
1316 948 1449 976 unguento
1465 943 1604 978 fragrantia
1627 947 1743 980 separari
1764 956 1815 974 non

1029 990 1132 1019 potest,
1147 988 1185 1014 sic
1209 996 1292 1022 neque
1309 996 1322 1014 τι
1344 989 1466 1023 l0quendi
1483 991 1604 1018 libertate
1622 992 1813 1020 benevolentia.

1028 1030 1064 1056 Ac
1086 1030 1107 1057 si
1126 1032 1230 1065 quidem
1253 1041 1342 1060 coram
1359 1035 1462 1061 iattiulis
1474 1056 1481 1068 ,
1498 1040 1543 1062 aut
1557 1037 1664 1070 amicis,
1680 1043 1723 1065 aut
1739 1039 1794 1066 suis
1805 1061 1813 1072 ν

1026 1076 1197 1110 reprehensio
1207 1078 1290 1111 ﬁeret,
1302 1086 1392 1105 coram
1403 1080 1497 1114 quibus
1506 1081 1662 1109 erubescere
1673 1084 1811 1112 molestum

1025 1125 1064 1146 est
1080 1129 1086 1146 :
1100 1120 1167 1148 forte
1182 1123 1347 1150 accusandus
1363 1129 1433 1151 esset
1456 1126 1499 1159 qui
1521 1126 1602 1154 libere
1626 1128 1811 1163 redargueret,

1024 1166 1121 1200 qu'ppe
1135 1168 1180 1201 qui
1195 1173 1296 1202 tempus
1311 1173 1337 1196 et
1357 1169 1442 1196 locum
1465 1170 1596 1205 ignoraret
1611 1172 1656 1199 :Si
1675 1179 1761 1201 autem
1786 1176 1812 1202 itt

1025 1212 1153 1244 Ecclesia,
1166 1214 1237 1240 velut
1247 1214 1272 1240 in
1284 1215 1404 1247 macello,
1416 1216 1558 1249 proborum
1569 1218 1688 1245 cncomia
1701 1219 1774 1253 liunt,
1788 1226 1814 1248 et

1024 1257 1216 1292 increpationcs
1224 1260 1485 1295 negligentiumzqnid
1492 1265 1813 1297 exasperatum-adversus

1023 1303 1225 1338 increpatioues,
1232 1312 1291 1339 qua:
1299 1306 1356 1332 sine
1364 1306 1480 1339 nomine,
1490 1311 1516 1334 et
1524 1308 1622 1335 utiliter
1631 1308 1707 1336 ﬁunt?
1714 1310 1813 1338 alentes

1022 1349 1142 1381 crimina,
1155 1358 1203 1378 nec
1210 1351 1424 1386 obtemperantes
1434 1353 1468 1385 ei,
1477 1353 1521 1388 qui
1532 1353 1607 1387 dixit,
1621 1354 1701 1381 Omne
1708 1356 1776 1391 quod
1785 1357 1811 1384 in

1021 1395 1125 1422 macello
1134 1397 1207 1429 venit,
1220 1398 1378 1431 nmnducate,
1391 1398 1455 1425 m'ltil
1469 1399 1636 1426 discernentes
1645 1400 1668 1434 (Ι
1695 1400 1753 1429 Car.
1766 1402 1809 1430 ιο.

1020 1440 1078 1476 25).
1091 1441 1165 1474 Quod
1176 1443 1226 1470 nisi
1235 1443 1269 1470 ita
1276 1443 1405 1476 sit,sancti
1418 1445 1510 1471 iterum
1518 1445 1687 1473 invenientur
1693 1448 1811 1476 civitates

1020 1486 1144 1520 quasdam
1158 1492 1203 1514 aut
1218 1488 1337 1522 regiones
1350 1489 1542 1517 scandalizasse
1556 1491 1590 1518 ob
1605 1491 1809 1527 increpationes,

1020 1531 1086 1557 alias
1106 1539 1168 1558 vero
1185 1532 1305 1559 laudibus
1319 1534 1373 1560 suis
1393 1534 1562 1562 subvenisse.
1578 1536 1681 1564 Primus
1703 1543 1810 1565 sanctus

1019 1575 1069 1603 Job
1084 1577 1227 1604 Pltceuicen
1243 1578 1381 1612 quamdam
1403 1579 1540 1615 regionem
1555 1581 1696 1616 objurgans
1709 1603 1718 1615 ,
1734 1584 1807 1617 quasi

1017 1618 1145 1648 Satanam
1154 1621 1257 1650 hostem
1272 1630 1347 1650 suum
1372 1624 1397 1651 in
1413 1632 1441 1652 se
1455 1626 1631 1653 attrahentem
1647 1647 1654 1659 ,
1669 1628 1707 1654 sic
1720 1628 1782 1655 dicit
1800 1637 1806 1655 :

1020 1664 1123 1692 Partem
1135 1671 1218 1693 autem
1229 1667 1252 1693 ei
1266 1668 1328 1694 dant
1348 1673 1432 1702 gente:
1458 1669 1605 1697 I’ltwnicum
1622 1671 1690 1707 (Job
1703 1672 1748 1700 40.
1760 1672 1805 1700 25.

1019 1710 1045 1738 in
1068 1711 1155 1738 erco
1169 1714 1188 1744 ).
1210 1712 1309 1740 Deinde
1333 1713 1434 1748 Moyses
1455 1720 1482 1742 et
1504 1716 1639 1750 propheta
1663 1716 1808 1752 Egyptutn

1019 1757 1192 1784 criminantur
1203 1779 1211 1790 ,
1226 1757 1358 1786 fornaCcm
1375 1759 1486 1787 ferream
1509 1761 1673 1795 appellantes
1691 1766 1718 1788 et
1734 1765 1808 1789 tene-

1019 1802 1089 1835 bras,
1101 1807 1180 1837 atque
1194 1803 1360 1830 Pala-stinam
1376 1804 1496 1832 laudibus
1506 1805 1645 1839 extollunt,
1657 1810 1808 1841 terramque

1019 1848 1199 1882 promissionis
1213 1854 1307 1876 vocant
1323 1858 1329 1876 :
1346 1858 1405 1877 cum
1421 1850 1551 1886 Egyptus
1562 1851 1709 1878 inveniatur
1722 1852 1806 1886 probo

1018 1893 1123 1928 quidem
1138 1899 1206 1921 terra
1223 1895 1416 1929 promissionis,
1431 1896 1526 1930 ignavo
1538 1901 1626 1923 autem
1643 1897 1780 1924 Palaestina
1796 1918 1803 1930 ,

1018 1945 1070 1965 non
1095 1939 1182 1965 solum
1199 1939 1290 1966 l'ornax
1313 1940 1398 1967 ferrea
1411 1962 1418 1972 ,
1430 1940 1475 1968 sed
1489 1945 1515 1968 et
1531 1941 1645 1968 tenebrm
1660 1942 1806 1970 exteriores

1018 1984 1180 2011 inlidelitatis
1198 1993 1275 2012 causa
1291 1994 1298 2012 :
1312 1987 1435 2020 quoniam
1452 1994 1502 2012 non
1519 1986 1575 2013 loca
1593 1987 1723 2021 vituperio
1736 2008 1743 2019 ,
1759 1991 1805 2014 aut

1018 2029 1094 2057 laude
1115 2030 1192 2065 digna
1210 2035 1269 2057 sunt
1281 2052 1288 2063 ,
1304 2032 1349 2058 scd
1366 2031 1499 2058 hominum
1522 2032 1618 2059 studia.
1632 2033 1699 2066 Quid
1716 2038 1804 2060 autem

1018 2084 1126 2103 necesse
1140 2076 1203 2103 mihi
1219 2081 1259 2103 est
1272 2084 1421 2103 sermonem
1439 2077 1463 2103 in
1479 2077 1584 2112 longum
1601 2078 1743 2105 extendere
1755 2100 1762 2111 ,
1778 2084 1805 2106 et

1017 2130 1068 2148 non
1083 2129 1097 2147 a
1112 2122 1234 2148 brevibus
1257 2122 1317 2155 inci;
1328 2123 1389 2149 ere?
1404 2122 1539 2157 Numquid
1557 2122 1652 2150 l’aulus
1672 2124 1804 2151 mendaces

1016 2167 1143 2194 Cretenses
1159 2167 1220 2202 (Tit.
1236 2168 1260 2195 l.
1283 2168 1327 2201 l2)
1342 2168 1477 2202 appellans
1489 2189 1497 2201 ,
1510 2173 1536 2195 et
1547 2168 1652 2196 Galatas
1666 2170 1804 2197 insensato:

1018 2213 1086 2249 (Gal.
1102 2214 1127 2241 5.
1144 2214 1179 2248 1),
1191 2218 1217 2240 et
1231 2214 1381 2240 Corinthios
1395 2214 1495 2248 inﬂatos
1509 2214 1546 2249 (i.
1559 2214 1616 2241 Cor.
1627 2215 1653 2242 5.
1666 2215 1695 2250 2)
1706 2235 1712 2247 ,
1726 2220 1803 2250 atque

1016 2260 1081 2287 alios
1102 2261 1178 2288 aliter
1192 2281 1199 2292 ,
1217 2260 1257 2287 his
1279 2260 1341 2287 solis
1363 2260 1424 2286 vitia
1448 2260 1607 2287 condonavit
1621 2281 1628 2293 ,
1642 2261 1715 2295 qttasi
1741 2261 1803 2295 ipsis

1016 2306 1079 2333 solis
1094 2306 1327 2340 reprehensionem
1342 2305 1471 2333 adhibens
1483 2327 1490 2338 ,
1502 2314 1590 2333 nonne
1612 2310 1639 2333 et
1658 2307 1779 2334 omnibus
1792 2308 1803 2334 ?

1015 2356 1058 2377 aut
1073 2357 1163 2378 contra
1179 2359 1237 2378 cum
1255 2352 1387 2378 Romanos
1402 2352 1490 2385 ﬁdeles
1511 2351 1598 2386 (Rom.
1616 2352 1640 2378 l.
1658 2351 1684 2386 6)
1701 2357 1775 2378 vocat
1793 2372 1801 2384 ,

1015 2400 1040 2421 et
1060 2395 1189 2429 Ephesios
1208 2401 1302 2430 mystas
1317 2395 1453 2431 (EphesJ.
1464 2395 1624 2430 l8),quibus
1634 2396 1803 2423 etsublimius

1014 2439 1517 2475 scribit,elfratrummnanlesUT/tcss.
1536 2442 1561 2468 5.
1580 2441 1622 2477 Η)
1637 2441 1804 2469 Thessaloni-

1014 2494 1116 2517 censes,
1130 2486 1169 2513 his
1181 2487 1244 2513 solis
1255 2486 1346 2513 laudes
1356 2486 1497 2521 adscripsit
1510 2488 1521 2513 ?
1536 2486 1643 2514 Minime
1657 2495 1720 2514 sane
1735 2495 1742 2520 ;
1756 2487 1802 2515 sed

1014 2536 1041 2559 ut
1056 2532 1167 2566 Spiritus
1180 2532 1261 2559 sancti
1278 2533 1379 2567 plenus,
1392 2537 1418 2559 et
1432 2533 1558 2567 vituperio
1574 2539 1598 2561 et
1614 2534 1705 2560 laudes
1717 2542 1800 2568 appo-

1013 2578 1082 2608 suit,
1097 2582 1124 2603 ut
1139 2578 1181 2611 qni
1197 2585 1224 2604 se
1239 2577 1314 2605 laudo
1329 2577 1435 2612 dignum
1451 2579 1598 2612 agnoverit,
1614 2579 1706 2612 majori
1720 2579 1799 2605 animi

1013 2622 1150 2649 alacritate
1164 2622 1311 2648 rohorctur.
1328 2623 1400 2649 Alius
1413 2631 1475 2649 vero
1487 2623 1613 2657 vituperia
1628 2624 1726 2657 legens,
1739 2624 1799 2649 sui»

1016 2668 1131 2694 monitus
1144 2667 1249 2699 doleat,
1265 2672 1291 2693 et
1306 2667 1392 2701 probri
1406 2675 1513 2694 causam
1527 2668 1643 2701 abjiciat.
1656 2667 1711 2693 Non
1724 2668 1802 2700 igitur

1012 2713 1059 2739 soli
1074 2712 1173 2740 ϐίιιηιω
1188 2712 1312 2739 insensati
1324 2733 1331 2744 ,
1349 2720 1397 2738 nec
1415 2713 1554 2739 Cretenses
1571 2712 1710 2738 mendaces
1726 2731 1733 2743 ,
1753 2719 1801 2738 nec

1011 2759 1139 2786 Corinthii
1154 2758 1277 2793 superbi:
1289 2758 1385 2793 ubique
1399 2758 1468 2785 enim
1484 2758 1540 2785 hrc
1555 2758 1642 2784 omnia
1657 2762 1727 2789 sunt,
1740 2765 1798 2783 eum

1012 2813 1061 2831 una
1085 2806 1118 2831 sit
1141 2810 1232 2832 natura
1248 2825 1255 2838 ,
1271 2812 1329 2839 qua:
1345 2809 1371 2831 et
1386 2810 1474 2838 peccat
1491 2810 1514 2831 et
1531 2808 1602 2830 recte.
1616 2803 1688 2838 agit,
1705 2808 1731 2829 ct
1746 2805 1801 2829 sive

1015 2852 1064 2879 hoc
1076 2851 1130 2879 sive
1145 2850 1207 2878 illud
1220 2852 1244 2877 in
1258 2858 1285 2877 sc
1299 2850 1483 2882 sit,volunt.ue
1498 2857 1552 2876 sua.
1568 2849 1620 2875 llor
1634 2849 1711 2883 igitur
1723 2849 1801 2874 modo
