2076 3112
256 171 290 198 δ’]
869 159 1027 190 PALLAltll
1048 159 1215 188 DIALOGUS
1850 162 1884 189 es

256 228 282 255 in
306 227 422 255 Ecclesia
437 226 518 253 libere
539 223 694 259 loquebatur
708 217 823 249 Joannes
840 228 846 246 :
862 219 942 246 immo
955 218 1042 253 potius

253 273 431 301 esurientibus
456 270 619 307 particbatur
643 267 748 296 virtutis
772 266 860 294 cibum
875 285 882 297 ,
905 269 1042 300 peceatum

254 318 400 346 manifestis
415 314 665 351 reprehensionibus
683 313 863 340 exterminans
875 333 882 344 ,
898 317 925 339 et
938 312 1042 338 obtem-

254 372 351 400 perans
369 363 451 400 l’aulo
464 361 560 390 dicenti
577 369 583 387 :
599 360 748 387 Peccantem
763 367 847 386 coram
868 358 981 385 omnibus
1003 366 1044 384 ar-

254 419 312 446 gue,
324 416 351 437 ut
364 415 385 437 et
398 405 481 436 imm
491 409 602 434 timorem
613 406 719 433 habeant
728 406 765 442 (Ι.
778 405 843 432 Tim.
854 404 880 433 5.
893 404 950 440 20).
962 404 1044 430 Porro

255 457 276 482 si
292 456 335 490 qui
349 453 480 489 superbia:
495 457 541 480 aut
551 452 666 479 vesania:
679 451 773 479 morbo
786 450 947 480 laborantes,
960 447 1044 475 velint

254 501 333 527 etiam
344 500 493 534 voluptates
505 506 567 526 suas
579 506 638 526 cum
655 498 774 524 laudibus
785 496 890 528 ell‘erre,
899 495 967 522 hanc
981 501 1047 520 eon-

255 546 420 574 suetudinem
433 554 484 573 non
497 545 594 572 habent
603 544 648 571 Dei
657 543 789 576 servi.Qui
797 543 866 569 enim
876 541 1044 575 indignantur

257 593 291 619 ob
306 594 478 626 vituperatam
490 591 625 617 avaritiam
639 594 665 617 ct
680 588 890 620 fomicationem,
907 590 952 613 aut
965 585 1042 612 aliam

257 638 377 672 quamvis
393 637 489 665 fmdam
505 636 659 666 libidinem,
676 634 741 662 nihil
754 633 825 660 aliud
840 633 925 666 reipsa
941 631 1041 662 dicunt,

255 689 333 718 qnam
344 681 492 717 huiusmodi
505 681 680 715 perniciosum
697 679 768 705 virus
783 677 880 704 debere
893 676 1042 703 admittere.

292 728 354 754 Car.
373 735 428 754 xix.
445 741 480 747 -—
496 727 569 752 Duc.
584 725 739 755 Maximam,
755 722 849 753 Pater.
873 721 957 748 haben
983 728 1045 754 gra-

257 773 319 799 tiam
344 772 404 798 huic
423 771 455 798 ad
483 779 531 797 nos
560 768 750 796 humanissimo
770 766 893 794 adventui
916 771 962 793 tuo
976 775 982 791 :
997 766 1044 792 fuit

257 820 326 845 cnim
339 817 413 844 nobis
424 816 494 843 utilis
505 820 530 843 et
542 814 673 845 salutaris,
683 819 761 848 atque
771 813 830 839 vitm
842 812 1042 839 munimentum.

256 863 322 891 Cum
337 867 424 889 autem
443 866 502 896 post
523 861 636 895 prolixus
657 859 746 886 Iaudes
762 858 916 886 Theodorus
930 858 1045 892 quievis-

258 914 307 942 set,
333 917 363 936 ex
385 907 549 934 adstantibus
571 905 663 940 aliquis
684 905 771 939 erupit
793 904 818 931 in
841 904 908 930 hanc
930 911 1019 930 vocem
1037 912 1042 929 :

257 954 395 988 Quomodo
419 953 515 988 igitur,
539 951 638 986 inquit,
661 950 740 976 tantis
762 955 905 976 exornatus
928 948 1042 981 dntibus,

257 1000 387 1035 superbus
407 998 481 1025 erat?
506 997 590 1024 EPISC.
619 997 658 1022 An
683 996 738 1030 ipse
760 1002 878 1029 pnescus
902 993 1043 1028 superbum

256 1054 316 1073 eum
331 1044 536 1079 deprehendisti,
548 1051 580 1069 an
594 1043 660 1069 alius
672 1043 715 1068 tibi
731 1041 866 1068 narravit?
881 1041 925 1068 Ille
936 1048 1045 1075 respon-

256 1091 295 1118 dit
310 1099 316 1117 :
332 1089 390 1116 Non
406 1089 465 1116 novi
487 1089 582 1121 virum,
599 1088 649 1120 ait;
671 1087 717 1115 sed
737 1087 823 1114 audivi
840 1095 854 1114 a
867 1087 980 1121 quodam
1001 1094 1046 1113 co-

257 1136 347 1166 riario,
366 1135 408 1169 qui
431 1134 555 1161 narrabat
576 1141 635 1160 raro
655 1134 740 1167 ipsum
759 1133 798 1159 sui
822 1132 926 1166 copiam
949 1132 1045 1165 facere,

257 1182 306 1209 nisi
322 1182 348 1208 in
364 1180 486 1212 ecclesia,
500 1185 526 1207 et
537 1179 647 1206 moleste
658 1178 727 1206 ferre
742 1178 785 1205 diu
800 1178 914 1212 colloqui
926 1185 985 1205 cum
997 1185 1045 1204 vo-

257 1227 382 1254 lentibus.
403 1225 459 1252 lloc
475 1232 538 1252 vero
552 1225 686 1258 specimen
706 1228 746 1251 est
766 1222 896 1257 superbia:
910 1226 936 1249 ct
951 1222 1043 1254 fastus,

257 1272 347 1307 fugere
370 1278 527 1306 congressus
551 1270 706 1296 volentium.
735 1269 822 1296 Ertsc.
850 1268 883 1295 Et
906 1268 1044 1302 cujusnam

256 1319 323 1345 alius
339 1322 394 1344 erat
406 1316 514 1344 Joannis
528 1315 683 1350 sapientiam
698 1315 856 1349 vituperare,
868 1321 946 1349 quam
960 1314 1046 1341 coria-

255 1364 298 1395 rii,
312 1364 356 1398 qui
379 1363 498 1391 fauorem
519 1362 633 1389 officina:
653 1369 708 1388 sure
723 1361 802 1388 relnti
817 1360 972 1388 familiarem
986 1367 1043 1386 am-

256 1409 395 1444 plectitur?
409 1409 435 1435 Si
449 1412 537 1435 autem
553 1407 643 1441 fugere
658 1406 757 1438 turbas,
773 1406 903 1440 superbizc
917 1406 1043 1433 indicium

255 1459 306 1488 est,
323 1455 373 1482 erit
383 1459 408 1481 et
422 1453 537 1480 Joannes
551 1453 664 1488 Baptista
679 1453 817 1487 superbtts,
832 1452 975 1480 secundum
987 1459 1044 1479 ser-

257 1508 363 1528 monem
378 1505 461 1532 tnum;
474 1499 517 1534 qui
532 1499 557 1525 in
573 1506 691 1526 eremttm
705 1498 845 1525 secedebat
860 1507 865 1524 :
879 1498 928 1525 erit
942 1502 968 1525 et
979 1497 1043 1525 Scr-

257 1552 334 1573 vator
349 1555 355 1572 :
369 1545 496 1579 scriptutn
510 1544 580 1572 enim
593 1547 649 1575 est,
666 1543 734 1578 qttod
756 1543 847 1570 Viden:
861 1543 944 1570 turbas
957 1543 1042 1576 Jesns,

255 1591 367 1619 ascendit
389 1591 416 1617 in
434 1595 558 1622 montem;
578 1595 600 1616 et
619 1598 674 1616 cum
698 1590 818 1621 sedisset,
839 1594 993 1616 accesserunt
1012 1590 1045 1616 ad

256 1647 311 1665 eum
326 1637 442 1672 discipuli
453 1638 507 1672 ejus
524 1636 628 1673 (Matth.
645 1636 671 1664 5.
684 1635 721 1671 1),
737 1644 788 1662 non
801 1640 887 1662 attlent
902 1636 995 1662 turbat.
1013 1636 1045 1662 Et

257 1691 348 1711 rursus
363 1693 369 1710 :
389 1683 480 1710 Videas
491 1684 585 1716 turbas,
599 1683 697 1709 secessit
713 1691 824 1709 seorsum
844 1681 929 1718 (Ibid.
944 1682 969 1709 8.
984 1682 1042 1718 18).

258 1730 341 1761 Quem
352 1735 401 1763 pro
413 1729 511 1756 viribus
521 1729 625 1756 imitans
633 1728 747 1762 optimus
756 1728 881 1759 Joannes,
892 1733 919 1755 et
929 1728 983 1762 ipse
994 1733 1044 1755 tur-

258 1774 298 1801 bis
307 1781 336 1800 se
343 1773 515 1806 subducebat,
526 1773 616 1807 eisque
626 1772 739 1799 maxime
747 1772 937 1805 delectabatur,
947 1773 990 1808 qui
1001 1781 1045 1800 ve-

257 1820 353 1846 raciter
376 1818 473 1853 aliquid
495 1819 598 1845 discere
620 1818 725 1844 vellent.
749 1818 823 1846 Duc.
846 1819 917 1846 Bene
938 1819 1043 1854 quidem

258 1866 400 1900 Scriptura:
414 1865 541 1899 exemplis
556 1864 706 1898 persuades.
720 1864 786 1898 Quid
800 1869 886 1892 autem
898 1865 929 1892 ad
943 1865 993 1893 ltoc
1005 1865 1044 1892 di-

258 1919 320 1943 ces,
342 1911 410 1946 quod
435 1911 640 1938 contumeliosus
662 1910 743 1938 fuisse
762 1911 873 1943 dicitur,
891 1919 940 1939 nec
958 1911 1043 1939 solum

259 1957 451 1984 multitudinem
473 1957 578 1991 fugisse,
592 1956 639 1983 sed
653 1956 692 1983 vel
710 1964 788 1983 unum
802 1961 846 1983 aut
858 1957 941 1984 duos?
956 1958 1043 1985 Ertsc.

259 2001 329 2029 liene
342 2002 448 2036 quidem
462 2002 556 2029 :etiaut
568 2008 636 2027 unus
649 2001 748 2028 inutilis
762 2005 785 2028 el
799 2006 889 2036 agyrta
901 2001 975 2028 turba
988 2007 1043 2035 est;

258 2047 341 2081 qualis
359 2050 415 2073 erat
437 2046 459 2072 is
477 2046 520 2080 qui
542 2045 608 2072 dixit
625 2044 750 2072 Christo:
764 2045 894 2081 Magister,
909 2055 998 2081 sequar
1011 2051 1043 2080 te,

258 2100 410 2126 quoctnuque
422 2091 480 2118 ieris
497 2089 549 2126 (Ib.
567 2097 590 2116 υ.
603 2090 645 2118 19.
657 2096 681 2117 et
693 2090 728 2118 90
738 2090 758 2126 ).
773 2091 864 2118 Nonne
876 2091 977 2126 fugiens
991 2096 1046 2118 tur-

260 2136 306 2163 bas
315 2136 449 2167 Servatur,
461 2135 546 2162 dixit:
561 2135 652 2171 Vulpes
667 2137 750 2171 foveas
770 2136 873 2169 habent,
889 2142 916 2163 et
931 2137 1046 2172 reliqua?

261 2181 376 2208 Probare
388 2187 475 2208 autem
491 2181 554 2208 mihi
568 2189 619 2208 non
635 2185 720 2216 potes,
736 2181 874 2213 Joannem,
888 2190 919 2208 ex
934 2190 985 2216 quo
1001 2183 1046 2210 ba-

259 2226 371 2261 ptizatus
385 2231 434 2259 est,
451 2231 496 2252 aut
511 2226 633 2260 jurasse,
650 2231 695 2253 attt
711 2234 869 2261 quemquam
890 2227 1025 2262 adjurasse
1036 2249 1044 2260 ,

259 2277 304 2299 aut
319 2272 494 2302 maledixisse,
510 2276 554 2298 aut
566 2272 713 2304 mentitum,
729 2277 774 2298 aut
790 2272 960 2306 imprecatum
974 2281 1044 2306 esse,

262 2323 305 2345 aut
315 2318 422 2346 facetias
432 2318 604 2345 sustinuisse?
623 2318 696 2344 Duc.
712 2317 765 2352 Ego
779 2318 884 2353 quidem
899 2326 983 2353 neque
999 2318 1046 2345 ho-

262 2371 318 2392 rum
333 2364 472 2399 quidquam
486 2363 554 2395 dico,
574 2363 620 2390 sed
638 2362 811 2390 contumelias
831 2362 932 2390 fecisse.
957 2364 1003 2390 Er.
1024 2364 1046 2391 υ

261 2410 370 2444 optitne,
384 2408 526 2443 quomodo,
540 2409 583 2443 qui
596 2408 660 2435 nihil
675 2408 768 2435 horum
780 2409 901 2444 patravit,
914 2414 1046 2438 contume-

261 2454 321 2482 liam
338 2454 456 2486 faciebat,
469 2454 563 2488 lingua:
577 2461 632 2480 sua:
645 2453 753 2480 minime
769 2454 895 2488 parcens?
917 2454 961 2481 Est
976 2455 1046 2482 enim

261 2500 287 2527 in
298 2507 328 2526 re
338 2507 426 2534 parva,
441 2503 469 2525 ut
481 2499 508 2526 in
522 2506 614 2533 magna
628 2520 635 2532 ,
656 2507 702 2533 par
722 2504 868 2534 peceatum.
886 2501 958 2528 Duc.
978 2501 1046 2535 Quid

261 2553 324 2580 ergo
334 2549 384 2577 est,
400 2552 498 2580 qua-so,
511 2544 579 2579 qttod
596 2545 738 2579 loquuntur
751 2545 888 2572 homines?
902 2551 929 2573 et
941 2547 1046 2581 quando

263 2591 333 2625 loqui
348 2589 485 2617 desinent?
499 2590 545 2617 ΕΡ.
563 2590 601 2617 De
615 2590 725 2624 singulis
744 2590 822 2625 igitur
834 2591 905 2623 audi.
922 2596 949 2618 et
964 2600 1046 2626 nugas

260 2635 410 2670 huiusmodi
425 2635 478 2662 noli
489 2635 602 2670 amplius
613 2636 687 2670 sequi
705 2644 712 2663 :
727 2636 824 2662 nullam
838 2637 907 2663 enittt
924 2644 1046 2671 umquam

260 2682 363 2709 veniant
385 2681 545 2717 impetrabis.
563 2682 697 2714 llomiues,
717 2682 761 2717 qui
780 2689 851 2710 recte
873 2691 924 2710 non
946 2683 1044 2717 vivunt,

262 2733 331 2754 recta
343 2727 442 2762 opinari
458 2735 508 2754 non
522 2732 647 2762 possunt;
664 2735 768 2763 semper
779 2733 878 2756 temere
886 2729 1045 2763 eil‘utientes,

261 2777 288 2800 et
309 2773 334 2800 in
355 2773 381 2800 id
405 2773 567 2800 insumentes
588 2778 700 2808 tempus,
716 2779 743 2800 et
765 2775 878 2801 maxime
894 2783 973 2807 nunc,
987 2783 1046 2803 cum

262 2819 349 2846 nullus
360 2823 451 2845 contra
464 2819 606 2854 quidquam
618 2819 720 2846 hiscere
730 2819 816 2846 audet.
832 2819 896 2846 Nam
910 2825 935 2847 et
947 2820 980 2848 de
990 2820 1047 2848 Ser-

262 2870 362 2897 vatore,
378 2864 421 2899 qui
439 2865 507 2892 Deus
521 2869 587 2898 erat,
603 2869 627 2891 et
640 2872 720 2900 supra
733 2865 866 2893 hominem
887 2870 914 2893 ct
934 2867 1047 2901 prophe-

1096 221 1148 244 tam
1169 217 1289 252 quemvis
1307 217 1412 245 virebat
1431 221 1510 254 atque
1531 218 1687 253 loquebatur
1708 225 1738 246 ac
1757 217 1883 252 faciebat,

1094 262 1208 289 absurda
1227 262 1404 297 loquebantur
1416 284 1423 297 ,
1443 270 1583 299 porcorum
1598 264 1681 290 instar
1694 268 1720 291 et
1733 271 1885 292 muscarum

1095 307 1151 334 luce
1173 308 1206 334 de
1227 315 1259 334 eo
1278 314 1465 336 eoacervautes
1481 309 1563 335 :illud
1586 309 1657 336 enhn
1670 317 1700 336 ea
1716 313 1833 343 tempora
1849 317 1887 338 re-

1094 355 1243 389 quirebant.
1256 354 1306 381 Alii
1321 355 1391 382 enim
1406 354 1540 388 dicebant,
1553 355 1651 390 Decipit
1661 356 1782 382 mundum
1796 355 1885 392 (Joau.

1096 400 1120 425 'i.
1144 400 1190 434 12)
1203 408 1210 426 :
1225 400 1269 427 alii
1288 407 1359 433 vero,
1374 400 1406 427 1η
1424 400 1559 428 Beelzebub
1577 401 1691 436 pn‘nripe
1705 401 1887 428 dwmouiorum

1095 445 1162 480 ejitit
1175 446 1298 473 dtemania
1310 446 1384 482 (Luc.
1401 447 1444 474 11.
1457 447 1498 475 15‘
1517 456 1523 473 :
1539 447 1595 480 alii,
1608 447 1673 474 Ecce
1687 448 1761 474 homo
1776 457 1853 475 corax
1864 453 1887 475 et

1096 491 1145 517 υἱιιὶ
1161 496 1260 526 potator
1272 492 1379 526 (Matth.
1401 493 1444 520 11.
1460 491 1527 529 19):
1543 493 1602 525 alii,
1619 493 1797 521 Samaritanus
1810 499 1843 520 est
1864 499 1886 521 et

1096 536 1246 563 dwmam’um
1268 537 1340 564 habet
1360 537 1454 573 (Joan.
1467 538 1493 565 8.
1508 539 1572 573 43).
1594 538 1627 566 Et
1645 539 1706 574 qttid
1730 547 1772 566 me
1794 540 1888 567 attinet

1097 581 1201 608 illorum
1215 582 1326 617 ineptias
1341 583 1465 618 colligere
1479 591 1510 611 ac
1528 585 1684 611 recensere?
1699 585 1774 612 Adeo
1790 590 1817 612 ut
1831 586 1887 620 ipse

1097 627 1231 661 Servator,
1247 629 1295 655 ista
1307 630 1403 662 sciens,
1418 630 1488 657 dicat
1501 631 1628 664 apostolis
1640 640 1645 657 :
1660 631 1738 663 Quem
1752 639 1790 658 me
1802 632 1887 659 dicunt

1098 672 1208 700 homines
1223 682 1276 700 esse
1287 673 1382 701 Filium
1393 675 1499 702 hominis
1513 677 1521 710 (
1534 675 1627 704 Matth.
1643 677 1685 704 16.
1705 677 1748 704 13.
1767 682 1790 704 et
1817 678 1888 712 1-1)?

1096 719 1144 746 Cui
1166 721 1327 754 respondent
1346 721 1478 756 discipuli,
1501 723 1623 750 meliores
1644 723 1677 751 de
1695 731 1728 751 eo
1749 724 1888 758 opiniones

1097 765 1263 794 referentes:
1279 767 1330 794 Alii
1350 769 1450 803 quidem
1473 769 1570 802 Etiam,
1593 771 1637 796 alii
1655 779 1712 798 vero
1730 770 1867 798 Jeremiant
1879 793 1886 804 ,

1098 813 1142 838 alii
1170 812 1295 840 Joannem
1321 813 1461 849 Baptistam
1489 815 1575 842 dicunt
1599 823 1608 842 :
1632 815 1888 850 improbissimorum

1097 859 1195 886 scilicet
1217 867 1354 887 sermones
1377 861 1582 896 supprimentes.
1602 863 1674 896 Quos
1696 871 1787 890 rursus
1803 864 1888 890 inter-

1098 908 1191 938 rogat,
1211 913 1257 932 eos
1278 905 1311 932 ab
1333 905 1483 933 hominibus
1503 914 1646 942 segregans
1665 907 1735 944 (non
1751 909 1819 935 enim
1833 914 1890 935 am-

1098 950 1166 984 plius
1178 955 1252 976 erant
1266 955 1353 978 tuente
1365 952 1557 986 etcogitatione
1570 953 1699 986 ltontiucs,
1709 954 1754 980 sed
1768 954 1811 980 lilii
1825 953 1887 981 [)ei:

1099 995 1173 1022 Dedit
1196 997 1266 1023 enim
1288 997 1364 1024 nobis
1380 997 1495 1024 Verbum
1513 1003 1658 1034 potestatem
1675 999 1742 1033 ﬁlios
1766 999 1813 1026 Dei
1834 1000 1888 1034 ﬁeri

1099 1040 1195 1077 [.Ioan.
1210 1043 1233 1069 l.
1251 1041 1312 1078 12])
1327 1051 1333 1070 :
1349 1043 1399 1070 Vos
1412 1049 1494 1070 autem
1511 1053 1584 1079 quem
1599 1054 1637 1071 me
1654 1054 1706 1072 esse
1715 1046 1816 1073 dicitis?
1835 1045 1888 1073 Re-

1098 1089 1229 1122 spondent
1238 1097 1290 1116 non
1298 1098 1400 1121 omnes,
1409 1090 1455 1116 sed
1462 1090 1535 1118 solus
1544 1090 1648 1122 Petrus,
1659 1096 1760 1118 utentes
1770 1092 1887 1119 omnium

1099 1135 1274 1170 interpretans
1287 1145 1293 1162 :
1309 1135 1346 1163 Tu
1353 1144 1379 1163 es
1390 1136 1512 1169 Christus,
1524 1137 1607 1164 Filius
1619 1137 1667 1164 Dei
1684 1138 1741 1165 vivi.
1753 1138 1834 1172 Cujus
1844 1146 1888 1166 rc-

1098 1182 1187 1215 sp0nsi
1207 1182 1391 1209 rectitudinem
1407 1183 1520 1217 probans
1535 1182 1671 1216 Servator,
1688 1184 1867 1217 pronuntiarit
1880 1204 1887 1217 ,

1097 1226 1207 1254 dicens:
1225 1226 1262 1253 Tu
1277 1235 1302 1254 es
1322 1226 1429 1259 Petrus,
1444 1233 1467 1254 et
1479 1236 1554 1263 super
1568 1229 1633 1255 hanc
1646 1233 1758 1263 petram,
1773 1228 1823 1256 hoc
1836 1234 1887 1261 est,

1098 1272 1292 1299 confessionem
1301 1272 1377 1304 hanc,
1388 1273 1518 1307 mdiﬁcabo
1530 1273 1669 1301 Ecclesium
1678 1282 1767 1305 meam,
1778 1278 1801 1300 ct
1809 1280 1889 1308 portas

1098 1316 1191 1352 inferni
1215 1326 1265 1344 non
1282 1318 1450 1352 pne-valebunt
1465 1319 1582 1346 adem-sus
1596 1327 1650 1345 eam
1666 1319 1770 1353 (Matth.
1784 1320 1826 1347 16.
1844 1319 1887 1347 15.

1099 1363 1142 1390 16.
1161 1367 1184 1389 et
1204 1363 1263 1398 18).
1286 1363 1326 1390 Ad
1349 1364 1416 1390 lianc
1444 1364 1522 1397 igitur
1543 1365 1660 1399 regulam
1684 1366 1827 1392 etiamnum
1850 1366 1888 1391 iu~

1097 1409 1198 1441 venies,
1214 1416 1266 1435 non
1280 1409 1304 1435 in
1319 1409 1419 1436 Joanne
1432 1410 1527 1442 solum,
1544 1410 1589 1437 sed
1604 1410 1629 1436 in
1644 1410 1765 1437 omnibus
1778 1415 1805 1437 et
1818 1410 1889 1436 vitu-

1098 1455 1171 1490 pcria
1186 1459 1212 1482 et
1227 1454 1328 1482 laudes.
1350 1455 1382 1481 Et
1394 1455 1461 1482 sicut
1476 1462 1523 1489 per
1535 1455 1560 1482 id
1576 1455 1701 1488 letnporis
1714 1455 1782 1482 tnale
1794 1455 1888 1490 loque-

1098 1500 1193 1527 bantur
1207 1500 1240 1527 de
1249 1501 1356 1528 Christo
1367 1505 1444 1535 atqtte
1459 1501 1585 1535 apostolis
1602 1501 1708 1535 Ephesii
1723 1501 1867 1528 clamantes
1880 1510 1887 1528 :

1101 1545 1137 1572 lli
1148 1550 1214 1578 sunt,
1231 1545 1273 1580 qui
1288 1545 1458 1572 subverteruut
1475 1546 1559 1573 orbem
1573 1550 1695 1573 terrarum
1707 1546 1773 1580 (Act.
1791 1546 1886 1581 17.6),

1098 1599 1167 1618 nunc
1180 1596 1267 1619 autem
1292 1596 1432 1619 cessarunt
1446 1592 1514 1619 tnale
1535 1592 1620 1626 loqui,
1640 1591 1792 1627 glorificatis
1806 1591 1887 1626 ipsis:

1099 1637 1137 1663 sic
1157 1637 1274 1671 reperies
1297 1642 1356 1672 post
1377 1637 1445 1664 hanc
1468 1638 1684 1672 generationem,
1709 1636 1838 1665 Joannem
1861 1642 1889 1666 ut

1099 1687 1242 1718 martyrem
1258 1684 1415 1710 honoratum
1439 1683 1487 1716 iri,
1509 1683 1620 1710 mortuis
1633 1682 1681 1716 iis,
1702 1684 1747 1718 qui
1761 1684 1818 1718 ejus
1833 1684 1885 1711 lae—

1098 1728 1174 1756 dibus
1196 1728 1325 1756 adversati
1340 1733 1419 1755 sunt:
1435 1733 1460 1756 et
1475 1728 1632 1764 quicumque
1646 1729 1716 1756 suilli
1736 1734 1783 1756 aut
1802 1727 1887 1756 canim

1097 1778 1169 1806 sunt,
1183 1774 1286 1807 dicent,
1302 1774 1399 1809 Decipit
1415 1775 1547 1807 mundum,
1562 1778 1589 1802 et
1600 1779 1694 1802 extera
1708 1783 1714 1801 :
1730 1774 1889 1810 quicumque

1097 1823 1185 1846 autem
1198 1819 1338 1853 discipuli,
1357 1827 1419 1847 vere
1438 1823 1464 1847 et
1477 1820 1591 1847 scienter
1610 1820 1694 1854 ipsttm
1712 1819 1886 1855 perquirunt,

1097 1863 1227 1897 dicentes,
1241 1864 1280 1891 Tu
1290 1873 1316 1892 es
1326 1864 1449 1897 Christus,
1462 1864 1545 1892 Filius
1559 1864 1605 1891 Dei
1621 1865 1678 1892 vivi.
1694 1864 1722 1891 Si
1737 1870 1824 1892 autem
1839 1862 1889 1891 sub

1098 1909 1238 1937 Servatore
1254 1909 1360 1937 Christo
1379 1909 1446 1937 inter
1468 1914 1506 1937 tot
1522 1910 1604 1936 millia
1622 1909 1768 1942 hominum,
1788 1909 1888 1936 duode-

1098 1955 1148 1982 citn
1165 1955 1238 1982 initio
1253 1955 1351 1982 inventi
1371 1959 1449 1987 sunt,
1468 1956 1512 1990 qui
1527 1954 1660 1982 Clu-istum
1679 1955 1793 1982 scienter
1807 1962 1888 1989 agno-

1098 2000 1183 2026 verint
1193 2021 1200 2033 ,
1215 2007 1273 2027 cum
1288 1999 1404 2034 plerique
1417 2008 1510 2028 omnes
1523 2000 1666 2027 etiamnum
1679 2000 1808 2027 delirent:
1825 1997 1887 2034 quid

1097 2046 1131 2073 de
1142 2045 1244 2073 Joanne
1264 2047 1340 2073 anxie
1360 2045 1546 2081 disquirimus,
1561 2045 1682 2076 homine,
1699 2045 1743 2080 qui
1764 2045 1795 2072 ad
1809 2044 1887 2072 Citri-

1098 2093 1131 2119 sti
1146 2092 1254 2119 salivam
1274 2100 1326 2120 non
1346 2093 1467 2120 accessit.
1486 2092 1553 2126 Quid
1575 2097 1663 2120 autem
1682 2092 1756 2125 dico,
1774 2093 1805 2119 ad
1825 2093 1887 2119 sali.

1098 2138 1176 2164 vam?
1191 2145 1224 2164 ne
1238 2137 1270 2164 ad
1286 2137 1415 2165 fimbriam
1429 2137 1546 2173 quidem,
1569 2137 1668 2165 Omnes
1692 2138 1762 2165 enim
1784 2143 1886 2173 gentes,

1099 2187 1126 2209 ut
1139 2183 1175 2209 ait
1190 2182 1279 2216 Isaias,
1291 2182 1431 2218 Tamquam
1450 2182 1517 2210 stilla
1537 2183 1628 2216 situlae,
1643 2188 1667 2210 et
1680 2189 1707 2210 ut
1722 2183 1800 2210 saliva
1813 2192 1888 2218 repu-

1099 2229 1216 2255 tabuntur
1231 2228 1306 2264 (Isai.
1324 2229 1368 2256 40.
1383 2228 1438 2264 15).
1453 2228 1511 2262 Quo
1528 2233 1615 2256 autetn
1632 2229 1711 2256 tnodo
1724 2229 1810 2255 dixisti
1824 2236 1888 2256 con-

1100 2274 1233 2301 tumeliam
1247 2282 1308 2300 eum
1330 2273 1434 2306 fecisse,
1451 2273 1579 2308 ejusmodi
1593 2278 1635 2300 est
1653 2282 1659 2300 ε
1676 2273 1762 2308 primo
1781 2273 1887 2308 quidem

1100 2328 1242 2355 numquam
1252 2324 1429 2347 consueverat
1437 2319 1522 2346 cuivis
1534 2319 1611 2346 obvio
1624 2318 1723 2346 facetus
1735 2324 1761 2346 et
1772 2319 1888 2346 urbanus

1099 2373 1167 2398 esse,
1181 2365 1263 2392 multo
1277 2365 1362 2392 minus
1373 2365 1560 2392 contumeliam
1572 2365 1658 2392 facere
1674 2373 1680 2391 :
1693 2365 1714 2391 si
1729 2373 1792 2391 vero
1806 2372 1887 2399 quos-

1099 2412 1158 2439 dam
1172 2420 1186 2438 e
1197 2412 1329 2447 germanis
1347 2411 1482 2446 discipulis
1495 2411 1561 2444 suis,
1573 2414 1617 2438 aut
1637 2410 1755 2443 clericis,
1771 2417 1815 2437 aut
1833 2410 1887 2445 epi-

1099 2457 1196 2491 scopis,
1207 2457 1325 2489 vidisset,
1336 2461 1444 2491 propter
1459 2456 1569 2490 aliCujus
1583 2456 1620 2484 rei
1630 2456 1826 2488 abstinentiam,
1843 2460 1888 2482 aut

1101 2510 1207 2538 propter
1216 2507 1317 2530 rectum
1326 2510 1461 2537 corporeae
1475 2502 1585 2537 alicujus
1598 2502 1702 2529 virtutis
1717 2509 1783 2537 opus
1792 2509 1888 2536 supcr-

1101 2548 1171 2580 hire;
1188 2548 1258 2581 ipsos
1277 2547 1429 2582 obiurgans,
1443 2547 1584 2574 contrariis
1605 2546 1756 2573 notninihus
1772 2545 1889 2580 appella—

1100 2593 1143 2620 bat
1158 2602 1164 2620 :
1179 2592 1258 2619 veluti
1281 2600 1355 2627 aqua:
1376 2597 1494 2627 potorem
1516 2593 1660 2624 ebriosum,
1675 2597 1701 2619 et
1716 2592 1779 2619 nihil
1805 2591 1887 2626 possi-

1100 2639 1205 2667 dentem
1221 2637 1335 2665 habendi
1351 2638 1407 2672 plus
1417 2638 1585 2672 cupidum,et
1596 2638 1793 2665 misericordem
1803 2637 1888 2665 furem

1102 2686 1251 2712 nominans.
1268 2685 1329 2712 llam
1338 2686 1407 2714 enim
1420 2686 1533 2721 gratiosa
1548 2691 1589 2712 est
1608 2686 1781 2714 institutionis
1805 2686 1888 2713 forma

1101 2741 1161 2767 erga
1173 2739 1250 2759 veros
1261 2732 1414 2767 discipulos,
1429 2740 1476 2767 per
1486 2740 1516 2759 ea
1532 2740 1590 2767 qua:
1602 2741 1653 2760 non
1670 2733 1769 2765 insunt,
1783 2740 1813 2760 ea
1829 2741 1888 2768 qua!

1102 2776 1498 2812 insuntapprobare.Cieterutn
1522 2777 1573 2805 ltoc
1592 2782 1693 2805 eertum
1718 2783 1768 2812 est,
1789 2782 1889 2812 tempe-

1103 2829 1204 2850 rantem
1218 2822 1413 2850 adolescentem
1429 2823 1509 2858 pluris
1524 2823 1682 2856 :estimabat,
1698 2831 1776 2858 quain
1791 2825 1886 2850 intem-

1102 2873 1237 2905 perantem
1249 2876 1350 2903 senem,
1362 2874 1387 2897 et
1398 2876 1487 2898 senem
1512 2869 1628 2897 discendi
1649 2870 1784 2906 cupidum,
1808 2876 1886 2906 quam
