2076 3112
121 131 155 160 69
640 129 685 157 DE
705 129 783 157 VlTA
803 129 833 157 S.
852 127 993 157 JOANNIS
1011 127 1258 159 CHRYSOSTOMI.
1731 133 1766 161 7.

124 188 324 215 adolescentem
341 187 522 223 indoctum,“
534 187 640 215 idiotam
655 187 719 215 nihil
728 186 919 223 possidentem.

124 242 202 269 quam
215 234 325 262 doctum
339 234 461 270 pecunia:
473 233 589 265 avidum,
604 238 684 268 atque
699 234 852 261 seculi-rem
867 233 921 259 vir-

125 285 182 308 tttte
198 281 350 316 prmditum,
365 289 445 317 quam
456 280 613 309 monacham
628 281 740 308 inertem
753 288 785 308 c
793 281 919 308 otiosum.

124 329 190 362 Quze
203 326 272 355 forte
278 327 607 362 contumeliasvocantqui
616 327 874 354 honoressectantur
881 335 888 353 :
896 331 923 354 et

125 373 308 405 quidem,cum
315 372 453 407 Scriptura
459 372 803 406 eontumeliasaliquatenus
812 371 920 404 habeat,

126 419 226 446 Jonane
237 416 346 454 quidem
362 419 468 446 dicente
489 419 537 451 iis,
552 419 595 453 qui
611 418 644 445 ad
664 426 693 445 se
707 417 877 449 acredcbant,
894 421 921 443 ut

127 466 294 493 docerentur.
315 464 450 492 Cent'mt'na
471 465 629 499 viperarum,
651 464 705 498 quis
727 464 794 490 vobis
815 463 922 489 ostendi!

128 515 214 547 fugere
227 520 242 537 a
264 516 367 538 uentura
388 511 427 537 ira
444 509 516 545 (Luc.
534 510 559 537 5.
576 510 619 544 7)?
634 514 661 536 et
681 509 762 535 l‘aulo
784 516 875 535 rursus
896 508 921 534 in

128 558 200 584 Actis
211 557 399 592 Apostolorum
411 557 514 584 dicente
526 556 641 591 pontifici
654 565 659 582 :
675 556 798 582 Percutiet
809 560 831 582 te
842 554 921 586 Deus,

128 604 210 638 paries
227 603 343 629 denlbale
355 602 422 637 (Act.
442 603 485 630 23.
499 604 527 637 5)
540 612 546 629 :
563 607 589 629 et
603 602 707 629 dicente
722 602 817 629 alicubi
832 602 923 629 Serva-

128 653 184 675 tore
198 647 316 674 ludatis:
332 647 466 674 Gener/tria
479 655 556 682 praua
571 651 594 673 et
613 646 728 674 adultera
739 647 838 680 signum
855 654 923 680 qure-

127 693 159 718 rit
173 691 279 728 (Manli.
294 693 336 720 l2.
350 693 394 727 59)
409 701 416 719 :
431 697 457 719 et
470 692 531 719 alibi
543 693 645 719 cunctis
656 692 781 725 apostolis
794 701 801 718 ι
819 691 841 717 0
853 692 924 718 stulti

127 743 151 764 el
164 738 231 764 tardi
245 738 320 765 corde
333 738 409 772 (Luc.
425 737 470 764 9.4.
486 737 530 773 25)
544 747 550 764 :
564 743 590 764 et
604 737 666 764 alibi
681 735 921 764 PetrumSatanam

128 784 283 811 nominanle
294 793 302 810 :
321 783 390 810 Vade
403 789 459 819 post
474 783 634 815 me,Salana,
646 783 763 814 quoniam
774 782 922 808 scandalum

128 830 191 856 mihi
201 839 227 857 es
240 828 345 866 (Matth.
359 830 403 856 16.
416 829 462 865 9.3)
477 838 483 855 :
497 836 556 856 cum
569 828 639 855 nulla
652 828 739 862 gravis
750 835 827 854 causa
840 832 921 859 esset,

128 875 164 902 ob
178 883 257 910 quam
272 874 314 902 ha:
328 875 496 902 contumelire
514 874 619 901 fierent.
634 874 721 908 Itaque
735 881 794 900 cum
818 872 923 899 silentio

128 921 250 949 discendi
265 921 426 948 desiderium
441 920 643 954 amplectantur,
658 921 702 954 qui
716 927 767 946 non
781 925 923 954 possumus

128 967 263 1001 spiritales
277 967 431 1002 dijudicarc.
446 965 535 1001 Neque
553 967 623 993 enim
643 965 704 992 odio
717 965 844 992 habentes
860 972 924 991 con-

128 1013 252 1039 tumelias
275 1011 389 1043 faciunt,
410 1019 496 1046 neque
518 1010 598 1038 inflati
621 1010 791 1037 solitudinem
812 1014 922 1037 sectan-

128 1063 182 1091 tur,
198 1057 286 1084 omnia
309 1057 384 1084 utilia
405 1065 436 1084 ex
456 1056 566 1084 caritate
586 1055 722 1083 facientes.
743 1055 826 1089 Hujus
846 1055 924 1089 igitur

129 1104 168 1130 rei
190 1103 274 1138 gratia
295 1104 375 1130 etiam
398 1103 433 1134 ii,
463 1103 506 1137 qui
529 1102 554 1129 in
578 1102 660 1128 sacris
680 1101 824 1135 Seripturis
848 1100 924 1135 probi

130 1154 158 1175 ct
176 1148 289 1176 studiosi
310 1148 386 1176 nobis
411 1148 486 1175 relati
511 1152 590 1180 sunt,
612 1146 778 1174 indoctorum
804 1153 925 1180 congres~

130 1202 189 1222 sum
203 1194 304 1230 fugisse
318 1199 344 1221 et
356 1194 504 1221 declinasse
523 1194 700 1225 inveniuntur,
716 1201 748 1220 ne
765 1193 839 1227 lapsu
859 1197 925 1219 tem-

131 1240 204 1274 poris
224 1240 261 1267 ob
278 1247 336 1266 eam
351 1239 567 1266 consuetudinem
583 1243 628 1265 aut
642 1238 740 1273 aliquid
754 1238 859 1265 virtutis
876 1237 924 1265 de-

130 1286 288 1320 pcrderent,
310 1291 354 1313 aut
377 1286 511 1321 quidpiam
535 1293 626 1312 eorum
647 1284 824 1320 improbitatis
847 1285 873 1312 in
896 1291 925 1312 se

130 1333 305 1360 attralterenz.
319 1332 399 1360 Sarra
416 1333 465 1367 prii
475 1341 488 1359 r
510 1336 633 1367 precatur
646 1332 731 1359 virum
753 1339 829 1359 suum
844 1332 925 1360 Abra-

132 1378 257 1410 hamum,
284 1383 314 1405 ut
344 1378 426 1405 lilium
456 1378 557 1405 ancilla:
583 1378 669 1405 adhuc
696 1378 923 1406 adolescentulum

131 1423 265 1451 communi
280 1423 336 1451 lare
350 1428 455 1451 arceret
469 1433 475 1450 :
493 1423 628 1459 indignum
646 1424 716 1451 enim
733 1423 859 1458 putabat,
879 1425 925 1460 qui

133 1477 193 1496 eum
209 1469 264 1497 filio
282 1476 331 1498 suo
351 1469 442 1496 lsaaeo
455 1469 575 1502 luderet,
597 1478 630 1497 ne
650 1469 718 1497 forte
739 1470 837 1498 mutuis
850 1470 925 1498 oble-

131 1515 273 1542 ctamentis
286 1515 313 1542 in
325 1515 386 1549 ejus
401 1523 488 1543 mores
501 1523 533 1542 ac
545 1515 631 1542 studia
645 1516 832 1543 attraheretur.
844 1516 926 1544 Jacnb

133 1568 198 1588 vero
209 1565 237 1588 et
254 1560 310 1595 ipse
325 1560 387 1596 fuga
399 1561 511 1588 salutem
533 1561 639 1595 quaerit,
662 1561 687 1588 in
710 1561 925 1596 Mesopotamiam

135 1605 374 1640 peregrinationem
386 1606 546 1640 suscipiens.
563 1607 595 1633 Et
608 1605 658 1633 Lot
672 1606 705 1633 ab
717 1607 818 1641 angelis
832 1606 927 1634 suade—

133 1656 176 1678 tur
190 1651 339 1687 demigrare
351 1652 386 1679 ab
400 1652 489 1687 impiis
509 1652 662 1680 Sodomitis.
687 1651 738 1680 Sed
762 1657 789 1680 et
810 1653 925 1689 Moyses,

135 1704 161 1724 ut
172 1698 246 1732 prius
259 1698 327 1731 dixi,
342 1706 456 1734 magnus
465 1700 508 1733 qui
525 1699 583 1729 fuit.
606 1704 633 1726 et
647 1699 716 1726 filius
734 1699 794 1727 filia:
810 1700 927 1728 Pharao-

135 1744 175 1771 nis
185 1744 236 1770 dici
253 1744 396 1777 recusavit,
407 1750 540 1774 monetur,
551 1749 580 1771 ut
591 1745 697 1772 secedat
709 1753 723 1771 a
735 1749 848 1780 tyranno
857 1746 928 1780 ejus-

133 1797 185 1823 que
199 1789 349 1821 satellibus,
365 1794 392 1817 et
406 1789 548 1822 excitatur,
563 1795 591 1817 ut
603 1790 652 1817 sibi
668 1792 867 1819 consentientes
883 1799 928 1819 sc-

134 1843 193 1862 cum
206 1835 331 1869 abducat,
345 1841 373 1863 et
386 1835 420 1863 de
433 1835 505 1862 exitu
519 1836 626 1871 cogitet.
637 1836 692 1863 lmo
702 1837 781 1864 etiam
792 1838 928 1872 propheta:

135 1880 316 1915 improborum
331 1881 524 1908 multitudinem
539 1882 679 1914 evitantes,
696 1882 722 1909 in
736 1882 848 1910 desertis
861 1883 929 1910 locis

134 1928 232 1960 schius
242 1927 376 1960 vixerunt,
389 1926 422 1953 de
429 1926 528 1961 quibus
537 1926 678 1960 Apostolus
691 1928 728 1954 ait
740 1935 747 1953 :
760 1927 793 1954 In
809 1928 928 1955 solitudi-

134 1971 206 1998 nibus
215 1976 340 2004 errantes,
356 1971 518 1998 initiantibus
531 1977 553 1998 et
563 1972 699 2006 speluncis,
713 1976 787 2007 atque
799 1973 825 1999 in
843 1981 929 2000 caver-

134 2017 173 2043 nis
184 2022 258 2044 terra:
269 2016 347 2052 (Πεὺ.
361 2017 404 2048 ll,
418 2016 475 2051 58),
487 2017 521 2043 oh
533 2017 674 2052 impiorum
688 2017 789 2045 scilicet
800 2019 929 2046 commix-

134 2063 234 2091 tionem
249 2072 256 2089 :
270 2062 389 2098 alioquin
402 2063 612 2097 scientes,quam
628 2062 705 2090 facile
719 2065 804 2098 possit
813 2071 928 2092 consuc-

134 2108 198 2136 ludo
213 2108 317 2141 fallere,
331 2112 358 2135 ct
371 2108 449 2135 simul
463 2113 652 2136 conversantes
669 2109 695 2136 in
709 2109 803 2137 eadem
824 2115 928 2144 pertra-

135 2156 211 2183 here.
229 2155 322 2191 Neque
335 2154 360 2182 id
374 2155 471 2187 modo;
485 2163 578 2183 verum
598 2155 659 2190 quia
675 2156 731 2190 ipse
747 2163 795 2190 per
815 2163 844 2183 se
867 2164 930 2184 con-

134 2208 244 2235 gressus
252 2200 436 2236 vituperabilis
446 2206 487 2228 est
506 2205 584 2235 atque
595 2201 732 2232 exitiosus,
742 2206 869 2236 praeterea
884 2210 930 2228 au-

136 2254 190 2276 tem
211 2251 241 2275 et
260 2249 354 2284 turpis.
367 2247 424 2275 Non
439 2248 509 2275 enim
520 2255 535 2275 a
548 2252 640 2275 natura
653 2248 741 2281 habet,
753 2248 778 2275 id
794 2248 863 2284 quod
877 2256 929 2276 non

134 2294 265 2327 oblectat,
279 2294 423 2326 sustinere,
439 2295 492 2320 imo
506 2301 540 2321 ne
553 2294 594 2321 vel
619 2293 752 2321 modicum
779 2294 816 2321 illi
840 2294 930 2321 immo-

135 2340 190 2367 rari
206 2349 214 2367 :
231 2348 292 2367 nam
308 2340 396 2367 simile
405 2339 486 2367 simili
499 2347 605 2374 semper
616 2347 707 2367 carum
721 2343 808 2372 est,ut
822 2340 928 2368 dicitur:

137 2385 220 2413 Omne
229 2384 708 2420 animafsimiledt'ligit(Eccli.l3.l9);
715 2385 835 2412 dissimili
842 2389 929 2412 autem

136 2431 275 2459 inimicum
287 2435 338 2464 cst,
345 2435 426 2466 atque
435 2431 561 2458 alienum.
573 2430 637 2463 Quis
644 2431 714 2458 enim
724 2438 847 2465 umquam
860 2430 932 2457 indu-

135 2482 180 2504 cet
187 2477 412 2513 co!umbam,qu:e
421 2484 501 2512 grana
513 2477 583 2512 legit,
591 2481 636 2504 aut
645 2477 859 2511 turturem,pasci
870 2485 930 2504 cum

136 2522 227 2551 milviu
235 2527 282 2550 aut
288 2523 379 2550 corvis
385 2523 541 2555 earnivorts,
547 2526 593 2549 aut
600 2522 771 2549 herbivorum
779 2529 899 2550 anserem
906 2527 932 2550 et

136 2576 229 2602 gruem
243 2576 304 2596 cum
317 2567 464 2595 vulturibus
479 2568 578 2595 ossium
601 2567 740 2594 voraeibtm
755 2567 909 2602 ccugregari
921 2568 932 2594 τ

138 2615 202 2647 Quae
213 2613 286 2642 enim
300 2614 416 2642 societas
431 2613 482 2641 luci
493 2613 525 2641 ad
537 2613 673 2644 tenebras,
685 2617 731 2639 aut
743 2613 831 2640 virtuti
845 2613 876 2639 ad
890 2614 930 2639 vi-

140 2661 220 2690 tium,
233 2663 261 2686 et
274 2659 368 2695 probis
381 2659 414 2686 ad
428 2659 582 2693 improbos?
597 2659 672 2686 Duc.
693 2658 831 2692 Quomodo
854 2659 932 2692 igitur

140 2702 373 2738 Apostolusdicit:
391 2703 484 2731 Fat-lus
505 2713 560 2731 sum
580 2703 694 2730 omnibus
715 2704 819 2735 omnia;
833 2703 931 2731 Judaei:

141 2756 266 2777 tamquam
283 2750 395 2777 ludens
407 2770 414 2782 ,
429 2755 455 2777 ut
473 2749 579 2777 Iudico:
608 2750 801 2784 lucrifacerem;
824 2749 931 2783 inﬁrmis

142 2801 264 2832 utinquam
279 2796 410 2831 inﬁrmus,
422 2800 448 2822 ut
458 2796 630 2830 lucrifacere":
640 2795 770 2829 inﬁrmos;
784 2795 816 2821 iis
823 2795 865 2829 qui
879 2795 931 2821 sine

143 2845 192 2876 k9!
208 2846 291 2873 erunt,
307 2846 436 2875 tamquam
452 2841 472 2866 si
486 2841 539 2867 sine
552 2841 605 2874 lege
619 2848 706 2870 essem,
719 2844 744 2866 ut
758 2840 931 2873 lurrifanrrm

976 195 1028 221 eos,
1043 188 1086 223 qui
1097 188 1151 215 sine
1164 189 1219 223 lege
1237 193 1308 215 erant
1320 189 1360 223 (Ι.
1381 188 1439 215 Cor.
1454 189 1481 216 9.
1491 189 1536 217 9.0.
1546 189 1614 219 illi
1634 190 1679 218 Ειι.
1695 191 1765 218 Istud

976 235 1168 265 testimonium,
1177 241 1194 260 ο
1209 234 1325 262 virorum
1338 235 1449 270 optimc,
1461 235 1526 263 nihil
1539 235 1572 263 ad
1586 244 1618 263 ea
1629 244 1688 270 quae
1696 236 1767 264 dicta

976 282 1055 311 lunt,
1069 278 1182 306 confert.
1202 279 1258 306 Non
1286 280 1356 308 enim
1377 280 1475 309 Paulus
1493 281 1576 314 dixit,
1589 281 1684 310 Factus
1707 289 1766 310 sum

978 324 1171 359 negligentibus
1186 325 1337 360 negligens,
1348 331 1394 353 aut
1403 327 1515 361 garrulis
1527 327 1649 362 garrulus
1658 347 1666 360 ,
1680 328 1768 355 avaris

977 376 1083 401 avarus,
1097 374 1141 396 aut
1164 370 1225 405 quid
1242 370 1411 405 huiusmodi;
1427 372 1492 404 sed,
1507 372 1606 400 Factus
1624 380 1684 400 sum
1696 377 1768 400 tam~

977 423 1057 448 quam
1070 414 1120 442 hoc
1134 415 1174 442 vel
1201 416 1283 450 illud,
1303 424 1355 443 non
1377 417 1426 444 hoc
1438 418 1611 450 :illuilenim,
1628 418 1768 453 Tamquam

978 460 1037 492 hoc,
1052 468 1103 487 non
1120 460 1190 488 idem
1205 466 1246 488 est
1256 483 1263 494 ,
1275 469 1306 488 ac
1321 462 1381 489 hoc.
1397 462 1460 489 Tale
1479 469 1566 491 autem
1581 469 1636 498 est,
1651 465 1720 500 quod
1734 465 1768 492 ab

979 508 1206 541 Apostolotit,aut
1218 507 1314 534 dicitur
1326 517 1332 534 :
1346 508 1420 542 cujus
1435 509 1639 542 condesceusus,
1650 510 1700 537 etsi
1713 518 1766 538 non

977 560 1100 587 magnum
1113 553 1320 580 emolumentum
1333 554 1357 580 in
1371 562 1399 581 se
1412 554 1526 582 habebat
1538 575 1544 586 ,
1559 556 1658 581 nullum
1673 556 1765 583 saltem

978 597 1106 624 inferebat
1119 598 1317 625 detrimentum.
1336 598 1430 625 Factus
1445 599 1509 626 enim
1524 608 1578 625 sum
1591 599 1688 627 Juda'is
1701 605 1767 626 laut-

976 651 1051 677 qmtm
1072 643 1197 677 Judrrus,
1223 644 1363 671 "(Iudicas
1381 645 1563 680 lucrifacerem.
1580 646 1682 673 Etenim
1706 654 1766 672 cum

978 697 1010 716 cx
1023 689 1121 717 Judtcis
1141 695 1226 721 esset,
1247 691 1420 718 circumcisus
1443 697 1519 719 erat:
1535 692 1668 726 quomodo
1691 692 1769 726 igitur

979 735 1057 768 dicit,
1073 735 1214 771 Tamquam
1230 735 1352 769 Juda'tts,
1368 742 1395 764 ct
1416 737 1609 768 non,Jud:cus?
1622 737 1676 765 Una
1696 738 1766 764 cuitu

978 782 1116 809 sabbatum
1129 783 1267 810 celebrans
1281 788 1308 810 ct
1325 791 1376 809 una
1392 784 1515 818 jejunaus
1536 784 1632 818 smpius
1649 784 1767 811 iuveuie-

978 828 1064 860 batur,
1089 836 1141 855 nou
1170 832 1258 855 tamen
1278 829 1378 855 violans
1392 834 1522 864 prmcepta
1544 829 1715 856 Servatoris:
1739 834 1768 856 ut

976 874 1165 901 consuetudine
1178 882 1237 900 cum
1251 874 1290 901 eis
1304 878 1329 901 et
1343 876 1469 901 comitati:
1482 875 1514 901 ad
1532 874 1714 909 perfectiorem
1724 881 1769 901 eo-

976 921 1119 955 gnitionem
1138 927 1184 947 eos
1204 920 1349 947 attraheret
1363 928 1369 946 ε
1384 920 1452 947 sicut
1470 920 1565 947 medici
1587 919 1702 952 faciunt,
1723 921 1766 953 qui

977 965 1056 999 :egris
1071 972 1123 991 non
1137 973 1242 1000 semper
1254 965 1366 997 adsunt,
1384 973 1432 993 nec
1444 965 1537 992 codctn
1549 973 1600 1000 quo
1615 966 1662 1000 ipsi
1674 965 1768 992 morbo

977 1010 1098 1038 laborant
1110 1031 1117 1042 ,
1134 1019 1219 1045 neque
1234 1010 1325 1038 iisdem
1340 1011 1543 1046 appetitionibus
1555 1012 1696 1046 agitantur.
1711 1011 1767 1039 Hoc

977 1056 1048 1083 enim
1064 1057 1123 1083 vim:
1135 1056 1282 1083 institutum
1298 1057 1423 1091 magistro
1435 1057 1574 1089 convenit,
1591 1062 1694 1091 tempus
1707 1064 1766 1084 euut

978 1102 1145 1129 multitudine
1166 1110 1217 1128 non
1244 1106 1338 1134 terere,
1358 1101 1405 1129 sed
1427 1102 1513 1136 quiete
1528 1106 1555 1128 ct
1579 1103 1689 1128 sollicite
1705 1110 1767 1137 per-

977 1148 1082 1181 quirere
1103 1147 1202 1174 variam
1229 1155 1332 1174 morum
1357 1152 1434 1181 atque
1457 1147 1620 1181 ingeniorum
1643 1147 1765 1174 differen-

978 1192 1061 1223 tiam,
1091 1192 1158 1219 sicut
1184 1193 1259 1227 periti
1287 1193 1380 1219 medici
1413 1192 1521 1220 faciunt.
1550 1192 1614 1219 Nam
1640 1193 1674 1219 illi
1698 1200 1768 1227 stupe

977 1238 1052 1265 libris
1084 1239 1270 1272 immorantes,
1294 1240 1447 1266 morborum
1477 1247 1571 1266 causas
1600 1239 1768 1274 prmdicuut.

978 1289 1005 1311 et
1026 1284 1142 1311 remedia
1171 1285 1286 1316 tradunt,
1305 1289 1407 1312 tantum
1432 1292 1492 1312 cum
1514 1284 1592 1318 :egris
1611 1290 1767 1315 versantes.

978 1333 1105 1364 quantutu
1121 1329 1218 1356 sufficit
1228 1329 1260 1356 ad
1274 1329 1458 1358 inveniendam
1472 1337 1578 1357 causam
1593 1330 1688 1362 morbi,
1701 1336 1726 1357 et
1736 1330 1769 1356 ad

978 1375 1124 1402 remedium
1141 1375 1319 1402 adhibendum
1331 1395 1339 1408 ,
1356 1383 1405 1402 nec
1423 1382 1482 1401 cum
1500 1375 1564 1409 ipsis
1579 1375 1698 1402 ludentes
1720 1382 1770 1402 nec

978 1420 1148 1456 prandentes.
1165 1420 1226 1448 Haec
1240 1421 1310 1447 enim
1325 1420 1435 1447 medicae
1449 1420 1552 1447 virtutis
1573 1420 1701 1454 professio
1717 1427 1769 1447 non

978 1471 1029 1498 est,
1038 1473 1097 1493 eum
1106 1465 1322 1501 argrisconvivari
1331 1470 1376 1492 aut
1391 1465 1490 1498 ludere,
1502 1466 1548 1493 sed
1555 1470 1725 1501 tegrotantem
1735 1467 1769 1493 ad

979 1510 1117 1538 sanitatem
1132 1511 1371 1538 reduCcre.Desiue
1383 1511 1471 1546 igitur,
1480 1519 1581 1547 quaaso,
1595 1516 1622 1540 et
1636 1511 1669 1538 de
1684 1512 1725 1538 his
1735 1519 1769 1539 ue

979 1557 1093 1592 amplius
1102 1557 1218 1592 disquire
1228 1578 1234 1587 .
1249 1564 1308 1584 eum
1323 1557 1407 1584 virtus
1426 1565 1569 1592 numquam
1581 1557 1701 1584 vincatur
1713 1558 1770 1585 oris

978 1602 1086 1631 effrenis
1102 1602 1238 1631 hominum
1252 1602 1402 1639 vituperiis;
1419 1604 1464 1631 sed
1489 1603 1576 1639 potius
1597 1603 1660 1630 mihi
1678 1603 1769 1635 crede,

979 1653 1005 1676 et
1025 1649 1132 1676 auribus
1158 1649 1208 1676 tuis
1233 1650 1359 1676 ostiarum
1382 1649 1532 1683 prmstilue,
1552 1653 1581 1675 ut
1605 1656 1639 1676 ne
1662 1656 1769 1676 omnem

979 1702 1128 1722 sermonem
1153 1694 1309 1726 admittant,
1331 1699 1410 1729 atque
1434 1694 1501 1721 intra
1529 1694 1662 1728 [tentetrale
1688 1694 1770 1721 susci-

981 1739 1063 1774 piant,
1077 1739 1122 1775 qui
1139 1744 1254 1766 mentem
1267 1743 1339 1766 tuam
1353 1739 1498 1773 perturbet.
1511 1739 1543 1765 Et
1558 1738 1621 1766 mihi
1637 1740 1771 1773 permitte,

980 1793 1010 1812 ea
1021 1793 1081 1820 qua:
1092 1785 1152 1812 huic
1163 1785 1307 1812 narrationi
1316 1785 1413 1812 desunt
1423 1784 1568 1820 adimplere
1578 1794 1584 1811 :
1594 1784 1689 1811 festino
1700 1785 1769 1812 enim

981 1831 1032 1858 iter
1041 1838 1128 1858 meum
1140 1830 1279 1865 perficere.
1294 1830 1368 1857 Tunc
1383 1830 1538 1857 Theodorus
1548 1830 1646 1864 inquit:
1658 1830 1770 1857 Ubinam

981 1884 1043 1905 sunt
1055 1877 1170 1912 episcopi
1184 1897 1191 1909 ,
1207 1877 1251 1912 qui
1264 1884 1324 1904 cum
1336 1877 1434 1903 nostris
1450 1876 1521 1902 missi
1537 1880 1612 1908 sunt,
1628 1876 1751 1912 Eulysiun
1761 1896 1769 1909 ,

983 1923 1124 1955 Palladius,
1134 1922 1259 1957 Cyriacus
1273 1926 1300 1949 et
1311 1921 1481 1949 Demetrius?
1494 1921 1606 1948 obscure
1618 1922 1714 1956 quippe
1723 1928 1769 1948 au-

981 1968 1094 1995 divimus
1104 1968 1129 1995 in
1142 1968 1263 1994 exsilium
1275 1967 1369 1994 missos
1383 1974 1452 1994 esse.
1466 1967 1552 1994 Errsc.
1568 1966 1596 1993 Si
1607 1967 1692 2001 priora
1705 1966 1746 1992 illa
1757 1987 1764 1997 ,

984 2022 1043 2048 qua:
1054 2021 1067 2040 a
1077 2014 1153 2041 nobis
1161 2013 1306 2040 audiistide
1317 2013 1393 2040 beato
1399 2013 1584 2045 Joannc,clara
1593 2017 1616 2040 et
1626 2012 1764 2041 manifesta

984 2061 1029 2087 tibi
1039 2060 1184 2093 sunt,nihil
1201 2060 1322 2087 habentia
1333 2059 1473 2092 mendacii,
1484 2064 1562 2094 atque
1577 2059 1598 2085 si
1612 2066 1704 2086 eorum
1716 2067 1768 2085 me-

983 2106 1081 2133 ministi
1094 2125 1102 2139 ,
1118 2106 1232 2133 narrabo
1246 2106 1325 2133 etiam
1336 2112 1383 2136 ea.
1396 2105 1429 2133 de
1445 2105 1540 2140 quibus
1554 2112 1597 2132 tne
1612 2106 1769 2140 interrogas.

1018 2152 1083 2179 Car.
1098 2159 1142 2178 xx.
1157 2166 1192 2171 —
1204 2152 1277 2179 Duc.
1295 2151 1331 2178 Ita
1345 2151 1451 2178 abunde
1464 2158 1605 2186 persuasus
1621 2159 1692 2185 sum,
1704 2156 1771 2179 tam~

983 2205 1061 2232 quam
1071 2197 1092 2225 si
1100 2205 1216 2233 prtesens
1225 2198 1288 2224 locis
1299 2198 1362 2232 ipsis
1372 2197 1525 2225 adfuissem.
1533 2198 1673 2226 Sufficiens
1681 2203 1768 2226 autem

985 2252 1051 2271 mea:
1062 2244 1241 2279 persuasionis
1256 2244 1381 2271 indicium
1394 2244 1440 2271 tibi
1452 2244 1487 2271 sit
1501 2244 1612 2272 attentio
1625 2244 1658 2271 ad
1669 2252 1698 2271 ea
1711 2252 1769 2279 qua:

983 2291 1052 2318 dicta
1064 2295 1135 2322 sunt,
1146 2298 1259 2326 quorum
1273 2291 1358 2318 adhuc
1369 2291 1476 2318 auribus
1487 2291 1652 2318 insonantem
1669 2299 1769 2318 memo.

984 2337 1050 2363 riam
1065 2336 1165 2363 habens
1177 2356 1184 2367 ,
1199 2335 1265 2363 forte
1279 2336 1378 2370 scripto
1390 2344 1420 2364 ea
1432 2336 1563 2363 mandabo
1579 2336 1604 2362 in
1618 2336 1769 2363 membrana

984 2383 1081 2416 optima
1093 2387 1241 2410 atramento
1258 2382 1400 2417 descripta,
1415 2382 1448 2409 ad
1464 2383 1616 2409 memoriam
1633 2382 1769 2409 hominum

984 2428 1070 2455 :etatis
1079 2433 1188 2460 nostrat,
1200 2433 1277 2463 atqtte
1286 2428 1424 2455 utilitatem
1436 2435 1527 2455 eorum
1537 2427 1580 2462 qui
1590 2428 1769 2462 episcopatum

983 2473 1152 2505 desiderant;
1165 2478 1193 2501 ut
1202 2474 1254 2501 sint
1269 2474 1415 2501 secundum
1427 2473 1533 2500 beatum
1544 2473 1672 2501 Joannem
1686 2478 1714 2501 et
1725 2481 1771 2502 eos

986 2519 1062 2553 hujus
1083 2519 1220 2554 temporis,
1245 2519 1289 2553 qui
1315 2526 1364 2553 pro
1391 2519 1502 2546 veritate
1524 2523 1670 2555 martyrum
1699 2518 1770 2547 viam

989 2565 1099 2591 nmulati
1121 2568 1193 2595 sunt.
1220 2569 1265 2590 aut
1288 2564 1414 2591 desinant
1434 2570 1503 2590 onus
1524 2570 1605 2599 supra
1618 2563 1689 2592 vires
1708 2571 1770 2590 suas

986 2616 1100 2643 portare,
1121 2610 1213 2637 laieam
1236 2614 1263 2636 ct
1278 2609 1388 2643 periculi
1409 2612 1546 2643 expertem
1570 2609 1650 2635 vitam
1670 2609 1770 2643 amplc-

985 2661 1096 2683 ttentes.
1110 2655 1221 2683 Prtestat
1229 2655 1299 2682 enim
1310 2655 1379 2690 apud
1388 2655 1487 2689 peritos
1499 2655 1699 2690 gubernatores,
1708 2655 1770 2682 datu

987 2702 1064 2728 naulo
1077 2706 1196 2729 vectores
1209 2702 1296 2729 salvos
1308 2701 1433 2734 evadere,
1444 2709 1523 2735 quam
1537 2701 1769 2736 gubernatorislo-

986 2754 1044 2774 cum
1058 2752 1192 2774 sumentes
1202 2764 1209 2778 .
1224 2754 1317 2774 navem
1330 2754 1391 2773 cum
1409 2746 1541 2773 mercibus
1554 2745 1690 2780 naufragio
1709 2753 1770 2781 per-

986 2793 1059 2819 dere.
1076 2792 1121 2819 llis
1135 2792 1213 2827 igitur
1230 2792 1263 2819 de
1279 2793 1356 2820 beato
1367 2791 1470 2818 Joanne
1484 2792 1621 2826 expositis.
1637 2793 1771 2826 quomodo

987 2839 1146 2865 severioi'cm
1161 2838 1241 2864 vitam
1254 2837 1411 2866 exercuerit.
1425 2841 1451 2863 et
1461 2836 1595 2870 quomodo
1607 2836 1634 2864 in
1648 2836 1774 2865 Ecclesia
