2076 3112
202 113 234 143 13
715 111 758 143 tm
780 114 859 143 VlTA
879 114 908 143 ς.
928 110 1067 143 maritus
1086 116 1331 148 cnnvsosront.
1801 124 1837 151 τά

201 174 273 199 viros
296 176 403 198 sanctos
425 167 534 198 omnino
553 171 767 206 appropinquare
786 177 838 198 non
855 166 992 203 ﬂuebant,

201 218 365 244 diverteutes
379 220 425 243 aut
438 216 463 243 lu
479 216 594 249 stabula,
610 216 653 243 ubi
667 221 816 243 scortorum
830 220 887 242 erat
903 216 977 243 multi

201 263 283 296 tudo;
298 267 343 289 aut
357 263 382 289 iu
397 262 634 294 Samaritanorum,
651 261 693 289 vel
713 261 865 289 .ludaeorum
878 268 993 297 synago-

200 317 258 345 gas,
272 309 404 344 praecipue
419 308 494 336 Tarsi
510 318 516 335 :
531 308 567 335 ita
581 313 608 336 ut
624 308 678 336 illic
693 308 719 335 in
734 308 869 342 angustias
882 308 992 340 redacti,

200 357 278 382 etiam
292 354 365 381 aliud
380 354 442 389 quid
458 354 621 389 cogitarent,
638 353 707 389 quod
723 357 782 380 erat
802 353 911 379 minime
927 360 993 386 pra:-

202 400 367 428 tueditatum.
384 400 458 428 Unus
480 405 567 427 autem
583 408 613 427 ex
628 400 761 434 episcopis
775 399 841 426 dixit
856 408 862 426 :
878 399 945 433 Quid
959 399 992 426 ob

201 446 346 474 diversoria
369 446 526 473 tristamur?
548 454 610 473 num
629 446 700 473 enim
723 446 750 472 in
774 446 850 472 nobis
870 450 927 478 est,
948 446 992 472 ubi

201 491 376 524 dirersemur,
399 497 428 519 ut
450 493 555 527 propria
567 492 703 519 voluntate
725 492 848 518 indecore
872 496 991 526 agentes,

202 542 293 573 [unas
308 538 423 565 demus?
437 545 472 565 an
485 538 611 573 ignoratis
623 538 679 565 haec
689 538 776 564 omnia
785 538 840 572 jam
851 537 993 572 contigisse

199 592 230 612 ac
244 583 332 611 futura
346 591 414 617 esse,
428 592 488 611 cum
501 585 569 612 Dens
584 585 612 611 in
623 584 664 611 his
678 584 800 611 omnibus
810 582 992 618 gloritieelur?

199 630 285 664 Quam
296 629 385 657 multa:
398 637 430 657 ex
445 630 496 657 illis
509 630 692 657 meretricibus
704 638 764 665 qua:
776 630 820 657 Dei
832 630 991 658 oblivionem

199 683 336 714 ceperant,
351 683 397 706 aut
408 679 442 706 ab
456 679 531 705 initio
544 686 606 706 eum
619 686 652 705 ne
672 683 767 705 norant
782 678 898 713 quidem,
916 678 993 705 nobis

201 726 265 752 visis
278 725 313 752 ita
329 725 441 756 vetatis,
459 725 485 752 in
499 725 621 752 timorem
638 726 682 751 Dei
703 730 728 752 et
744 726 930 759 cogitationem
945 733 992 752 ve-

201 776 305 803 nerunt,
325 771 435 797 fortasse
450 771 475 797 in
490 771 582 798 melitts
597 779 745 803 conversm,
758 776 803 797 aut
824 771 917 798 saltem
938 780 991 800 non

201 816 332 851 prolapsae
352 817 378 843 in
398 815 495 850 pejus?
509 815 566 843 Non
586 823 678 850 parum
693 821 735 843 est
748 816 870 843 rationali
884 818 989 852 animae,

201 869 260 897 qua:
272 870 287 889 α
304 862 547 897 perturbationibus
560 868 683 895 vexatur,
701 862 742 889 vel
756 863 888 890 modicum
903 865 990 898 respi—

201 914 272 941 rare,
283 907 353 941 quod
365 912 406 934 est
415 908 579 934 castimoniae
590 907 735 935 fomentum
749 917 755 934 :
768 908 834 936 adeo
846 914 872 935 ut
883 909 989 942 dixerit,

199 954 244 988 qui
259 953 316 980 luce
327 954 460 984 sustinuit,
472 961 609 980 sacrorum
629 954 759 988 interpres
773 954 886 981 Paulus:
898 955 991 982 Christi

200 999 278 1025 (tonus
291 999 354 1025 odor
365 1007 450 1026 sumus
461 999 486 1025 in
497 999 535 1025 Itis
548 1000 590 1034 qui
603 999 666 1026 salvi
676 1001 751 1034 ﬁunt,
761 1005 784 1027 et
797 1001 822 1027 in
832 1001 870 1027 his
884 1002 926 1036 qui
935 1010 992 1036 per-

199 1050 258 1072 eunt
275 1044 314 1080 (‘3.
325 1044 382 1072 Cor.
399 1046 423 1071 Ξ.
438 1046 481 1079 15)
495 1066 501 1077 ,
519 1054 547 1072 eo
560 1046 627 1080 quod
644 1047 812 1081 Spei-torulum
833 1047 892 1080 facti
905 1056 990 1075 sumus

199 1090 296 1126 angelis
316 1095 339 1116 et
359 1090 499 1117 hominibus
513 1091 521 1126 (
535 1091 558 1118 l.
570 1091 629 1118 Cor.
642 1092 669 1119 4.
684 1092 731 1128 9).
747 1093 786 1119 Eo
806 1097 893 1119 autent
907 1101 990 1128 usque

198 1135 365 1162 crudelitatis
377 1141 557 1170 proruperunt
570 1137 687 1164 locorum
704 1138 809 1165 illorum
825 1139 940 1173 episcopi
957 1139 990 1165 de

198 1180 385 1207 communione
408 1181 549 1216 Theophili
575 1190 621 1215 per
643 1187 726 1209 lotutn
748 1183 897 1216 Orientem,
922 1184 990 1211 sicut

197 1225 289 1254 ntulit
310 1226 456 1254 monachus
475 1227 518 1262 qui
540 1227 600 1255 inde
613 1228 701 1261 rediit,
718 1233 746 1255 ut
762 1229 881 1263 plerique
896 1237 989 1256 eorum

199 1277 250 1297 non
271 1270 350 1298 modo
372 1270 488 1298 debitam
504 1271 695 1300 lmmauitatem
712 1274 809 1300 nostris
833 1282 884 1301 non
908 1275 987 1302 exhi—

198 1316 321 1349 buerint,
343 1324 433 1343 verum
448 1317 516 1344 datis
531 1319 684 1346 muneribus
699 1319 875 1346 Prmtorianos
891 1320 988 1348 milites

197 1361 370 1396 intluserint,
395 1368 423 1390 ut
445 1370 492 1391 eos
515 1365 588 1392 ocius
607 1373 622 1392 e
642 1365 791 1392 civitatibus
814 1367 986 1400 expellerent.

196 1405 266 1436 Sunt
279 1413 368 1435 autem
384 1409 427 1443 qui
445 1410 500 1436 lucc
513 1411 647 1445 pra-cipue
659 1411 755 1444 fecere,
768 1411 842 1438 Tarsi
857 1417 884 1439 et
896 1413 990 1440 Antio-

196 1454 263 1482 chiae
277 1455 411 1490 episcopi,
426 1460 505 1491 atque
526 1456 653 1491 Eulogius
667 1458 796 1485 (Its-sarem
818 1458 985 1491 Palmslinte;

197 1503 258 1528 ante
281 1508 374 1528 omnes
397 1505 486 1529 autem
509 1502 649 1538 episcopus
666 1505 776 1539 Ancyra:
791 1509 817 1530 et
831 1505 987 1533 Ammonius

195 1544 305 1579 Pelusii,
320 1547 415 1581 partim
429 1547 515 1581 donis,
531 1549 625 1583 partim
640 1549 730 1581 minis,
745 1549 903 1578 ded'uctores
917 1551 986 1578 mili-

195 1596 236 1619 tes
256 1592 385 1620 adversus
406 1600 453 1621 eos
475 1595 558 1629 magis
580 1601 786 1629 exasperantes,
811 1601 838 1623 ut
857 1604 889 1624 ne
913 1597 986 1624 laicis

145 1641 149 1645 ”
194 1638 302 1673 quidem
328 1646 375 1666 eos
401 1639 525 1675 excipere
552 1641 700 1668 volentibus
726 1641 752 1668 id
780 1643 983 1676 permitterent:

195 1684 263 1712 sicut
284 1684 311 1712 in
323 1683 467 1713 Catholicis
481 1687 573 1714 scribit
596 1687 628 1714 ad
641 1687 733 1715 Caium
756 1689 848 1716 beatus
870 1689 985 1717 Joannes

194 1729 321 1758 adversus
342 1731 483 1766 quemdam
504 1733 674 1768 episcopum,
700 1733 906 1768 hospitalitatem
930 1736 985 1763 Caii

195 1776 306 1803 laudans
316 1797 322 1807 ,
337 1784 451 1812 eumque
466 1786 555 1810 orans,
571 1788 604 1807 ne
619 1780 754 1814 improbos
771 1781 909 1816 episcopos
922 1782 984 1809 imi-

194 1827 273 1850 tetur.
299 1824 342 1851 Sic
363 1829 450 1851 autent
467 1825 545 1852 verba
566 1834 594 1853 se
618 1826 717 1854 habent
734 1836 740 1853 :
759 1826 820 1855 Caio
842 1829 982 1862 carissimo,

192 1876 265 1903 quem
280 1877 325 1904 ego
338 1869 416 1905 diligo
429 1870 454 1897 in
467 1872 578 1897 veritate.
593 1872 737 1906 Carissime,
753 1874 783 1900 de
796 1874 909 1901 omnibus
923 1883 982 1901 ora-

193 1915 284 1941 tionem
297 1915 363 1949 facio
376 1925 494 1951 prospere
505 1922 527 1944 te
539 1918 637 1953 ingredi
650 1925 671 1946 et
687 1920 776 1951 valere,
789 1922 850 1948 sicut
865 1931 983 1957 prospere

193 1959 244 1995 agit
258 1961 342 1987 anima
358 1967 410 1988 tua.
427 1962 534 1990 {Invisus
554 1973 608 1990 sum
624 1965 697 1991 valde
710 1967 862 1994 venientibus
877 1968 981 2002 quibus-

192 2006 261 2039 dam,
275 2011 302 2033 et
310 2008 469 2036 narrantibus
485 2010 563 2041 mihi,
579 2011 646 2045 quod
660 2011 684 2037 in
700 2012 801 2039 veritate
814 2013 928 2041 ambul/is
939 2036 945 2046 ,
960 2020 982 2042 et

191 2052 218 2079 in
227 2052 315 2087 quibus
324 2058 424 2080 sanctas
433 2055 550 2087 refecisti.
567 2055 651 2088 Mujtts
662 2056 700 2083 Itis
712 2066 760 2084 non
773 2058 850 2085 lmbeo
860 2060 982 2094 gaudium

193 2098 230 2131 (3.
240 2097 316 2125 lacn.
333 2100 410 2134 1-4).
425 2100 459 2127 Et
471 2100 544 2127 addit
559 2110 564 2127 :
583 2101 681 2136 Scripsi
698 2102 835 2136 Ecclesite;
847 2106 891 2131 sed
905 2107 926 2132 is
938 2109 981 2141 qui

192 2148 259 2169 amat
279 2145 418 2179 primatum
438 2154 522 2181 gerere
541 2147 567 2173 in
587 2147 622 2173 eis
638 2146 796 2183 Diotrepltes,
821 2158 869 2176 non
894 2151 980 2185 recipit

192 2197 246 2222 uos,
266 2190 344 2217 verbis
363 2191 479 2226 malignis
495 2193 617 2227 garricns,
635 2198 657 2219 ct
672 2195 743 2228 quasi
761 2203 811 2221 non
823 2196 846 2221 ei
863 2197 910 2222 ista
922 2196 979 2231 suf-

192 2235 294 2268 ﬁciant;
313 2244 391 2271 neque
404 2237 457 2271 ipse
472 2238 576 2272 suscipit
590 2240 691 2272 fratres,
707 2245 729 2266 et
742 2249 784 2267 eos
798 2241 840 2275 qui
852 2243 979 2276 suscipere

192 2279 286 2314 volunt,
299 2282 422 2316 prohibet,
436 2282 498 2309 etde
510 2283 613 2310 ecrlesia
628 2285 703 2320 ejicit.
719 2286 818 2314 Deinde
831 2295 922 2314 rursus
932 2288 979 2315 ad-

191 2330 280 2353 mouet
295 2335 303 2354 :
317 2325 459 2359 Carissime,
475 2328 527 2355 noli
539 2329 633 2355 imitari
646 2330 740 2357 malum
753 2339 761 2357 :
780 2332 824 2366 qui
841 2333 906 2359 enim
918 2333 978 2360 bene

191 2370 260 2405 facit,
281 2379 312 2398 ea:
331 2371 386 2399 Deo
411 2377 465 2405 est;
480 2374 524 2408 qui
550 2375 617 2402 male
640 2376 715 2409 facit,
742 2385 792 2404 non
812 2378 873 2404 vidit
895 2378 977 2405 Deum

190 2415 268 2450 (Ibid.
278 2423 303 2445 υ.
315 2417 379 2445 9-H
394 2418 414 2453 ).
436 2419 510 2446 Hunc
523 2425 610 2447 autem
625 2425 723 2448 textum
738 2422 770 2449 de
782 2424 865 2451 veteri
877 2424 977 2452 malitia

189 2461 318 2497 integrum
338 2463 483 2497 attulimus,
510 2469 537 2492 ut
557 2465 636 2501 hujus
658 2468 786 2502 temporis
804 2469 975 2504 Diotrephum

186 2508 319 2544 ingenium
335 2517 540 2545 exponeremus.
561 2513 692 2540 Cteterum
709 2513 831 2542 laudabat
846 2521 872 2543 et
893 2517 974 2544 mira-

185 2553 263 2582 batur
275 2555 400 2583 secunda:
413 2556 587 2591 Cappadocia:
609 2558 767 2593 episcopos,
781 2565 809 2587 ut
828 2561 871 2596 qui
891 2562 973 2596 pluri-

183 2599 234 2626 mis
247 2607 307 2628 cum
328 2601 452 2637 lacrymis
473 2603 671 2631 eondoluissent
685 2605 819 2633 exsulibus
831 2607 974 2642 episcopis,

183 2646 333 2679 presset-tim
352 2646 521 2674 mitissimum
538 2648 726 2682 Theodorum,
743 2650 892 2685 Tyanorum
916 2653 974 2686 epi~

180 2697 302 2726 scopum,
318 2696 344 2719 et
358 2691 514 2727 Bosporium
530 2694 647 2721 Colonia:
657 2716 664 2728 ,
683 2695 725 2730 qui
741 2696 971 2732 quadragesumun

181 2739 303 2763 octavum
315 2737 341 2763 iu
353 2738 505 2773 episcopatu
516 2739 609 2774 agebat
621 2747 736 2775 annum;
751 2745 777 2768 et
788 2742 969 2776 Serapionem,

180 2780 329 2810 Ostracine;
341 2783 506 2818 episcopum,
519 2785 563 2819 qui
577 2785 750 2821 quadraginta
761 2786 876 2822 quinque
887 2795 971 2814 annos

178 2835 277 2855 manus
296 2827 466 2863 episcopatus
487 2829 602 2866 gerebat.
619 2830 684 2858 Cum
701 2831 860 2867 aliquamdiu
881 2832 970 2860 Τιιωσ

1046 175 1127 203 dorus
1141 184 1195 211 pra:
1208 183 1315 212 stultior.
1328 178 1513 210 obmutuisset,
1528 178 1594 206 dixit
1608 189 1615 207 :
1629 178 1697 213 Quid
1710 180 1789 215 Igitur
1802 181 1834 208 :nl

1046 220 1103 248 hac
1116 221 1235 249 dicemus
1246 243 1252 254 ,
1262 222 1362 251 Pater?
1382 222 1449 251 Nunt
1464 224 1529 252 hora
1549 225 1604 259 jam
1620 226 1762 254 novissima
1782 233 1833 259 est,

1046 270 1073 293 et
1085 265 1209 300 defectio,
1222 268 1366 296 secundum
1378 269 1499 302 Paulum,
1512 278 1558 305 per
1571 271 1619 298 ista
1631 271 1733 298 initium
1746 273 1832 307 capit:

1048 309 1082 338 Ut
1105 311 1211 339 demum
1239 314 1361 341 reveletur
1386 315 1454 348 ﬁlius
1486 315 1650 350 perditionis,
1677 316 1835 344 ltdtet'oarius

1046 358 1084 392 (‘2.
1099 358 1186 385 Thess.
1201 360 1227 385 ‘2.
1241 360 1290 394 3)?
1310 360 1374 387 Nam
1391 362 1475 388 malos
1489 370 1615 396 prospere
1629 370 1721 397 agere,
1735 367 1763 390 ct
1778 364 1834 390 haec

1046 408 1167 437 patrare,
1184 409 1210 431 et
1224 405 1320 432 durare
1337 411 1365 432 et
1379 408 1539 440 prmvalere,
1556 413 1582 434 et
1600 408 1684 435 bonos
1703 410 1788 444 premi
1804 417 1833 435 ae

1046 449 1163 483 spoliari,
1177 449 1250 476 illttm
1266 451 1478 485 appropinquare
1492 460 1550 479 eum
1565 453 1675 480 horrore
1690 462 1732 480 me
1742 454 1834 481 admo-

1046 499 1099 520 net.
1116 494 1203 522 Ertsc.
1219 495 1358 522 Proximus
1371 496 1477 530 quidem
1491 501 1533 523 est
1549 497 1607 524 linis
1618 518 1624 529 ,
1641 498 1834 532 sapientissimo

1046 539 1194 571 Theodore,
1209 541 1282 575 juxta
1297 549 1357 568 eum
1373 542 1415 575 qui
1432 542 1468 568 ait
1483 551 1488 567 :
1505 542 1608 574 Filioti,
1624 545 1757 571 novissima
1772 546 1834 572 hom

1045 590 1080 612 est
1094 586 1101 619 (
1115 586 1139 612 1.
1152 585 1229 612 Jotm.
1242 586 1268 612 Ξ.
1282 586 1330 620 18)
1347 595 1352 613 :
1371 592 1396 614 et
1409 587 1487 621 juxta
1504 588 1567 614 illud
1581 597 1586 614 :
1603 588 1671 615 Exiit
1686 591 1834 624 paterfami-

1046 630 1093 657 lias
1116 631 1182 657 circa
1205 632 1364 657 undecimum
1389 632 1477 658 [torum
1501 633 1641 660 conducere
1660 635 1788 668 operarios
1809 636 1835 661 in

1045 677 1142 703 vineam
1162 685 1233 703 suam
1251 676 1356 712 (Matth.
1370 677 1414 704 20.
1428 678 1454 712 1)
1469 687 1475 705 :
1492 678 1555 705 hora
1576 683 1663 706 autem
1679 680 1834 707 duodecima

1046 722 1135 749 ultima
1155 728 1205 750 est.
1222 723 1251 750 Si
1271 731 1333 750 vero
1354 728 1414 751 ante
1436 724 1643 760 quadringentos
1663 733 1746 753 annos
1765 725 1834 753 dicta

1045 773 1084 794 est
1100 767 1132 794 ab
1148 769 1275 802 Apostolo
1299 769 1406 801 ultima,
1431 770 1514 796 tnulto
1530 771 1613 805 magis
1635 779 1705 798 ntmc
1728 776 1835 806 propter

1046 814 1102 840 hzee
1115 815 1212 841 omnia.
1229 815 1328 842 Deinde
1343 815 1399 842 hmo
1413 815 1445 841 ab
1457 816 1531 842 initio
1544 817 1712 851 contigerunt
1724 818 1835 843 Domino

1045 860 1225 894 permittente,
1247 861 1279 887 ad
1300 861 1463 888 exercendus
1477 867 1598 893 sanctos,
1621 870 1680 889 cum
1693 871 1739 890 eos
1753 872 1836 897 expc-4

1045 909 1111 932 teret
1133 905 1263 937 diabolus,
1285 906 1353 933 sicut
1374 906 1410 933 ait
1431 907 1557 933 Servatur
1577 916 1582 933 :
1606 907 1712 938 Simon,
1735 908 1833 939 Simon,

1044 951 1160 985 expolivit
1179 960 1221 977 vos
1234 951 1356 983 Satanas,
1380 957 1406 977 ut
1428 952 1546 978 cribrurct
1562 953 1626 979 sicut
1648 954 1755 978 triticum
1768 962 1777 979 :
1791 962 1835 987 ego

1044 1002 1125 1022 autem
1139 997 1225 1032 rogavi
1245 1006 1290 1031 pro
1303 1003 1335 1030 te,
1349 1002 1375 1024 ut
1392 1006 1442 1024 non
1457 998 1558 1031 deﬁciat
1576 999 1638 1032 fides
1652 1004 1693 1025 tua
1705 999 1779 1033 (Luc.
1790 999 1834 1026 ‘22.

1043 1042 1086 1068 3i.
1099 1043 1155 1077 5'2).
1178 1042 1267 1077 Neque
1280 1050 1342 1070 vero
1356 1051 1403 1078 pro
1419 1044 1475 1071 solo
1492 1044 1570 1071 Petro
1591 1045 1692 1080 rogavit
1703 1045 1837 1078 Christus,

1043 1087 1088 1114 sed
1114 1095 1160 1121 pro
1184 1088 1308 1115 ontuihus
1334 1088 1431 1116 Christi
1456 1090 1534 1116 iidem
1557 1090 1715 1118 habentibus
1740 1101 1746 1117 :
1770 1090 1835 1118 nihil

1042 1133 1112 1159 aliud
1126 1133 1291 1168 significante
1307 1134 1405 1166 cribro,
1426 1143 1505 1169 quam
1519 1135 1611 1163 orbem
1630 1141 1769 1167 terrarum.
1788 1146 1834 1163 vo-

1043 1178 1170 1212 luplatum
1195 1187 1225 1206 ac
1248 1179 1371 1206 dolorum
1396 1180 1520 1214 plenum,
1545 1189 1591 1215 per
1609 1190 1668 1216 qua:
1689 1183 1767 1209 veluti
1789 1191 1837 1218 per

1042 1224 1170 1251 foramina
1202 1226 1300 1253 terreni
1332 1226 1454 1253 homines
1478 1226 1503 1253 in
1536 1234 1627 1254 orcum
1653 1228 1778 1255 excidunt
1802 1231 1835 1256 ab

1041 1271 1128 1298 alente
1143 1272 1238 1304 tritico,
1252 1272 1314 1299 dum
1330 1273 1401 1300 velut
1415 1280 1430 1299 a
1448 1272 1621 1301 foraminibus
1635 1280 1811 1302 secernuntur
1827 1285 1832 1301 :

1041 1317 1100 1343 aliis
1121 1317 1228 1351 quidem
1243 1317 1424 1345 diffluentibus
1439 1319 1519 1345 veluti
1535 1327 1582 1353 per
1608 1319 1725 1347 foramen
1749 1321 1833 1356 inglu-

1042 1362 1102 1388 vici.
1125 1362 1237 1394 Quorum
1249 1362 1318 1390 Deus
1335 1368 1419 1390 venter
1439 1369 1474 1390 est
1494 1363 1629 1399 (Philipp.
1643 1366 1668 1392 3.
1686 1366 1753 1401 l9);
1776 1368 1833 1394 aliis

1040 1412 1127 1434 autem
1142 1415 1189 1442 per
1204 1408 1366 1442 voluptatum
1381 1409 1530 1442 illecebras,
1546 1409 1578 1437 de
1590 1411 1684 1444 quibus
1699 1412 1829 1446 propheta

1039 1453 1085 1484 ait,
1095 1451 1193 1487 Spiritu
1201 1454 1374 1488 fornicationis
1382 1454 1477 1480 seducti
1483 1462 1540 1481 sunt
1549 1463 1557 1481 :
1566 1464 1645 1489 neque
1652 1457 1717 1482 enim
1727 1458 1833 1491 fornica-

1040 1503 1104 1525 tores
1113 1519 1120 1531 ,
1132 1507 1210 1529 neque
1220 1499 1339 1531 adulteri,
1351 1508 1430 1533 neque
1441 1500 1538 1533 molles,
1551 1509 1654 1535 regnum
1665 1502 1711 1528 Dei
1722 1504 1832 1536 posside-

1039 1544 1098 1570 bunt
1111 1544 1148 1578 (1.
1161 1544 1218 1571 Cor.
1231 1545 1256 1571 ϐ.
1272 1545 1315 1580 10)
1329 1554 1335 1570 :
1348 1546 1406 1572 aliis
1420 1554 1466 1580 per
1479 1546 1616 1573 avaritiam
1631 1556 1636 1572 :
1651 1548 1752 1575 scilicet
1769 1549 1829 1582 qni-

1039 1598 1151 1624 cumque
1165 1590 1321 1618 idololatrire
1331 1591 1471 1626 coujugem
1484 1592 1533 1619 sibi
1545 1592 1738 1627 desponsaruut
1752 1603 1758 1621 ε
1772 1594 1831 1622 aliis

1039 1643 1085 1670 per
1101 1636 1165 1663 iram
1178 1640 1206 1663 et
1217 1636 1342 1669 furorem,
1358 1638 1402 1671 qui
1418 1637 1513 1664 ferales
1527 1638 1649 1665 tenebras
1666 1645 1831 1672 amaverunt,

1038 1682 1071 1709 de
1087 1682 1182 1716 quibus
1197 1682 1313 1710 Joannes
1328 1692 1334 1709 :
1349 1683 1398 1715 Qui
1411 1684 1462 1710 odit
1476 1686 1579 1719 fratrem
1592 1693 1674 1717 suum,
1685 1686 1711 1712 in
1726 1687 1831 1713 tenebris

1036 1732 1073 1754 est
1094 1735 1170 1762 usque
1182 1727 1265 1754 adhuc
1279 1729 1314 1763 (1.
1326 1727 1403 1755 Joun.
1427 1727 1452 1754 2.
1469 1729 1513 1762 9):
1528 1729 1572 1756 Ira
1584 1730 1665 1762 enim,
1678 1737 1704 1757 ut
1716 1732 1751 1758 ait
1765 1731 1832 1759 Pro-

1037 1774 1187 1800 verbiorum
1203 1779 1305 1807 auctor,
1319 1774 1400 1809 perdit
1411 1775 1483 1801 etiam
1494 1776 1714 1811 sapientes(Prov.
1726 1777 1768 1805 15.
1784 1778 1827 1812 l):

1037 1819 1094 1846 aliis
1108 1827 1155 1853 per
1170 1820 1297 1847 incuriam
1311 1825 1338 1847 et
1361 1821 1521 1848 oblivionem
1535 1842 1542 1853 ,
1559 1822 1583 1848 in
1601 1824 1736 1850 memoria:
1759 1824 1828 1859 vigi-

1037 1864 1116 1891 lantia
1139 1873 1190 1892 non
1216 1865 1389 1900 perdurantes
1403 1887 1410 1898 ,
1436 1872 1462 1894 et
1480 1867 1542 1893 illud
1566 1872 1704 1902 precantes
1720 1868 1828 1896 dicunt:

1037 1910 1186 1938 Dormituuit
1208 1912 1293 1938 anima
1310 1921 1364 1939 mea
1387 1921 1439 1947 pro:
1466 1913 1540 1939 (tertio
1568 1914 1575 1947 (
1594 1913 1662 1940 Psal.
1679 1914 1739 1941 HS.
1758 1914 1792 1942 28
1807 1916 1827 1949 ).

1036 1959 1107 1993 Quos
1125 1959 1254 1986 miserans
1271 1959 1418 1993 Scriptura,
1434 1959 1487 1986 ait:
1507 1959 1550 1986 Vw
1565 1960 1632 1987 vobis
1650 1961 1692 1994 qui
1715 1962 1828 1995 perdidi-

1035 2006 1079 2032 stis
1092 2006 1257 2040 patientium!
1272 2012 1294 2032 et
1312 2006 1376 2040 quid'
1383 2006 1478 2040 facietis
1490 2027 1496 2039 ,
1509 2015 1565 2033 cum
1584 2007 1691 2033 visitttbit
1699 2006 1823 2034 Dominus

1035 2050 1126 2085 (Ιίςείὶ.
1138 2051 1164 2078 2.
1181 2051 1362 2086 16.l7)?aliis
1380 2059 1426 2085 per
1449 2051 1656 2078 irrationabilem
1668 2053 1824 2079 ostentatio-

1034 2105 1106 2129 nem,
1122 2097 1154 2124 de
1167 2098 1262 2132 quibus
1275 2097 1414 2124 Psalmista
1432 2097 1590 2131 praedicebat
1606 2106 1611 2124 :
1630 2098 1753 2130 Quoniam
1773 2098 1824 2125 dis-

1033 2143 1123 2178 sipavit
1136 2142 1205 2169 Deus
1218 2151 1274 2169 ossa
1287 2142 1429 2169 hominibus
1449 2142 1620 2177 placcttlium(
1636 2143 1709 2170 Psnl.
1721 2141 1764 2170 52.
1780 2144 1824 2180 6);

1032 2188 1090 2215 aliis
1112 2196 1159 2222 per
1171 2189 1348 2223 arrogantiam
1364 2193 1389 2215 et
1407 2187 1502 2214 fastum
1514 2209 1521 2221 ,
1534 2188 1602 2223 quod
1623 2194 1663 2215 est
1679 2190 1800 2224 superbia
1817 2199 1825 2217 ς

1032 2243 1100 2270 quos
1112 2235 1192 2262 veluti
1217 2234 1318 2261 ordinis
1341 2233 1494 2261 desertores
1514 2234 1642 2268 propltela
1668 2235 1823 2262 insimulat:

1030 2281 1141 2316 Superbi
1154 2281 1238 2315 inique
1252 2281 1357 2316 agebant
1375 2288 1550 2315 usquequaque
1563 2290 1571 2312 ,'
1585 2288 1600 2307 α
1619 2279 1672 2316 lege
1687 2286 1771 2308 autem
1781 2286 1825 2308 tua

1031 2336 1081 2354 non
1089 2327 1210 2354 declinari
1220 2327 1302 2362 (Psal.
1314 2326 1374 2354 118.
1386 2327 1440 2361 51).
1452 2326 1665 2361 Unumquodque
1674 2333 1761 2354 autem
1773 2327 1822 2354 lto-

1030 2380 1089 2400 rum
1105 2373 1228 2400 vitiorum
1245 2373 1320 2407 plura
1340 2372 1391 2398 alia
1413 2372 1610 2406 subseqmtntnr
1625 2381 1630 2398 :
1646 2372 1741 2399 fusum
1757 2373 1824 2399 invi—

1029 2419 1083 2453 dia,
1095 2419 1230 2446 avaritiam
1247 2419 1347 2451 odium,
1364 2418 1526 2445 “liberalitas
1547 2418 1710 2445 mendacium
1727 2427 1733 2451 ;
1749 2419 1823 2446 furo-

1029 2473 1085 2494 rem
1100 2465 1138 2492 ira
1153 2465 1194 2493 vel
1210 2464 1440 2497 excandescentia,
1456 2464 1632 2495 contumeliae,
1648 2464 1820 2497 inridentitn;

1029 2511 1230 2539 fornicationem
1254 2511 1352 2538 oblivio
1363 2531 1371 2544 ,
1398 2511 1527 2538 securitas
1539 2532 1545 2543 ,
1561 2511 1674 2546 pigritia,
1691 2511 1740 2538 zeli
1758 2511 1818 2539 houl

1027 2558 1155 2590 delectus,
1171 2557 1323 2591 inutilisque
1346 2557 1451 2591 vigilia;
1474 2565 1566 2583 vanam
1599 2557 1708 2591 gloriam
1731 2558 1820 2585 curio-

1029 2605 1103 2636 sitas,
1121 2603 1259 2638 perceptio
1272 2603 1415 2635 donornm,
1432 2610 1537 2637 pompa,
1553 2603 1746 2635 simulationes,
1759 2611 1820 2637 per-

1027 2657 1152 2676 sonarum
1172 2648 1350 2682 acceptiones,
1367 2647 1494 2679 fallaciae;
1510 2647 1661 2682 superbiam
1674 2647 1818 2676 dementia.

1028 2694 1262 2726 immisericordiae,
1278 2695 1357 2728 impia
1372 2693 1450 2725 facta,
1465 2693 1562 2719 mentis
1570 2692 1727 2724 eumtiunos,
1740 2697 1819 2727 atque

1027 2741 1093 2767 alias
1107 2741 1175 2773 alia),
1193 2748 1225 2767 ne
1238 2740 1324 2774 plures
1339 2747 1491 2771 recensens,
1502 2745 1652 2765 sermonem
1669 2737 1738 2764 hunc
1754 2745 1805 2764 oue

1029 2793 1083 2812 rem
1097 2806 1104 2817 ,
1130 2792 1189 2812 cum
1214 2785 1318 2812 abunde
1334 2784 1543 2812 demonstratum
1566 2782 1609 2814 sit,
1631 2782 1701 2817 quod
1716 2783 1815 2810 dietnn.

1030 2836 1077 2860 cst.
1104 2831 1249 2866 UniCuique
1273 2836 1359 2859 autem
1383 2830 1476 2857 horum
1508 2829 1629 2855 vitiorum
1657 2829 1823 2857 contrarium
