2076 3112
228 170 260 199 77
718 166 761 195 DE
780 167 860 195 VITA
879 167 906 195 S.
927 165 1066 195 JOANNlS
1084 166 1327 197 CHRYSOSTUML
1825 173 1859 200 78

227 228 347 262 expulsos
362 247 369 258 ,
385 226 508 262 quoniam
539 224 664 252 Ecclesiis
681 224 775 259 privati
803 231 905 251 sumus.
932 223 1014 255 Idem,

228 273 288 301 mihi
310 273 363 307 pati
391 271 488 299 videris
501 292 507 302 ,
523 270 593 305 quod
620 270 731 303 rustici,
747 270 791 305 qui
817 269 938 304 Olympia
957 277 1017 304 spe—

227 323 297 346 claui.
311 326 318 343 :
336 317 373 344 illi
388 317 459 344 enim
473 324 520 344 ore
534 316 616 348 hiant,
633 315 795 350 perlibenter
814 315 939 342 videntes
952 323 1018 349 [tne—

227 365 276 391 mia
291 385 298 394 ,
324 364 502 398 Iacrymautur
525 367 613 389 autent
641 361 831 388 miserabiliter
852 360 886 388 ad
911 365 1017 388 certan-

227 411 288 436 tiutn
304 409 401 443 plagas.
427 407 488 434 Mihi
511 412 598 434 autem
620 411 729 442 pra-stat
747 407 828 433 valles
842 410 869 434 et
895 406 974 433 silvas
991 410 1018 433 et

227 455 309 482 maria
324 455 461 489 pervagari
473 461 532 481 cutn
546 454 656 480 veritate
668 474 675 486 ,
691 461 768 487 quam
782 453 892 479 multam
907 452 1016 486 gloriam

227 501 363 535 prtesentis
383 500 515 527 fclicitatis
540 499 681 527 habentem
698 520 705 531 ,
720 499 857 526 mendacio
871 498 1016 533 subiacere.

230 545 374 573 Veritatem
389 546 460 572 enim
482 545 583 572 habens
593 566 600 577 ,
615 544 718 571 habebo
732 544 819 571 omnia
834 552 841 577 ;
855 544 952 571 etenim
968 544 1016 578 ipsi

226 592 342 619 serviunt
369 592 457 618 omnia
480 599 486 617 :
500 591 674 621 mendacium
690 597 753 617 vero
765 589 913 625 possidens,
928 597 961 615 ne
975 597 1018 616 me

227 637 310 671 ipsum
327 636 434 671 quidem
449 635 561 667 habebo,
577 643 636 662 cum
658 635 727 662 illius
742 643 794 661 non
810 634 869 661 sim.
887 634 1017 661 therum

226 682 363 708 veritatem
380 681 483 709 habens
495 702 502 714 ,
519 689 571 708 non
591 680 746 716 simpliciter
756 687 814 707 eam
827 680 925 707 habere
939 681 1014 713 volo,

227 732 255 754 ut
268 727 402 754 dominam
418 732 463 754 aut
474 734 577 754 servam
591 731 636 753 aut
646 726 770 758 vicinam,
782 726 830 753 sed
844 731 873 752 ut
886 734 1014 758 sororem,

225 778 252 800 et
266 774 287 800 si
311 773 368 800 fieri
385 774 477 808 possit,
490 777 520 801 ut
538 773 691 808 conjugem,
708 774 790 807 ipsius
800 773 933 806 voluptate
947 773 994 799 frui
1007 795 1014 807 ,

225 823 252 845 et
265 823 357 854 postea
372 819 496 846 heredem
507 840 513 852 ,
528 824 662 853 tamquam
685 818 817 853 propriam
836 826 955 845 uxorem.
971 817 1016 845 Fi-

226 864 258 891 lia
271 865 341 892 enitn
356 869 397 891 est
411 864 521 891 sincera:
542 864 613 891 illius
638 864 756 890 veritatis
771 884 777 897 ,
794 863 869 898 cujus
882 871 963 898 gener
977 863 1016 891 vir

226 909 334 944 probus.
349 909 398 943 Qui
413 909 483 936 cuitu
495 909 547 936 hoc
569 909 732 944 signaculum
747 909 864 943 possidet
878 930 885 941 ,
904 909 1016 943 repube-

225 955 285 988 scit,
295 963 437 990 numquam
451 955 565 983 senescit
578 963 627 982 nec
641 956 791 988 marcescit,
806 956 865 990 igne
880 955 1015 982 ardentio-

226 1009 281 1027 rent
293 999 396 1028 habens
411 1002 509 1033 zelum,
526 1002 671 1029 acutiorem
685 1002 772 1036 gladio
787 1009 936 1028 sermonem
947 1022 954 1033 ,
978 1002 1015 1029 le-

224 1046 324 1072 viorem
336 1045 421 1080 aquila
435 1047 514 1073 vitam
531 1055 538 1073 :
552 1046 661 1081 impigre
674 1046 757 1073 currit
771 1046 803 1072 ad
817 1046 1014 1080 Scripturarum

224 1090 444 1124 meditationem,
462 1091 534 1118 velut
554 1091 587 1118 ad
614 1096 724 1118 matrem
745 1091 839 1117 domus
858 1091 1012 1119 custodem:

225 1134 304 1162 ﬂoret
317 1135 415 1169 jugiter
428 1135 504 1162 hctus
515 1156 521 1167 ,
536 1143 587 1163 non
602 1136 703 1170 capitur
719 1140 790 1162 metu
804 1155 811 1169 ,
830 1136 956 1170 gloriatur
972 1136 1012 1162 in-

224 1179 352 1214 trepidus,
366 1187 443 1206 sacro
462 1179 551 1207 furore
575 1180 713 1215 tripudiat,
732 1181 865 1208 neminem
887 1181 949 1213 odit,
963 1181 1013 1208 mi—

222 1228 326 1251 seratur
347 1232 394 1251 cos
413 1224 457 1258 qui
483 1225 581 1252 SlL'CUlO
605 1226 763 1258 abutuntur,
781 1226 872 1252 beatos
886 1226 949 1253 dicit
969 1226 1013 1260 qui

221 1268 274 1295 sibi
288 1269 378 1295 vivunt
393 1270 522 1302 contenti,
538 1270 657 1297 tristatur
671 1270 782 1305 spiritali
802 1271 907 1298 tristitia
920 1272 954 1298 ob
967 1279 1012 1298 ee-

221 1314 434 1342 clesiasticorum
450 1316 598 1342 socordiam
617 1323 624 1341 :
645 1316 679 1343 de
701 1316 797 1351 quibus
806 1317 1010 1352 aitApostolus:

223 1359 259 1386 Et
273 1359 397 1394 Spiritum
410 1366 522 1386 sanctum
543 1361 620 1387 nolite
637 1361 784 1388 contristare
794 1383 801 1393 ,
824 1362 849 1388 in
861 1370 908 1396 quo
922 1362 1013 1397 signati

219 1405 282 1431 alia
297 1405 324 1431 in
339 1404 404 1432 diem
419 1405 596 1440 redemptionis
607 1405 617 1442 (
628 1405 721 1441 Ephes.
739 1407 766 1434 4.
781 1407 832 1442 50)
852 1415 859 1433 :
875 1408 1012 1434 contristat

217 1455 311 1477 autem
325 1450 451 1485 Spiritum
475 1451 519 1486 qui
542 1455 615 1486 terga
637 1452 661 1479 ei
680 1451 726 1479 dat
739 1460 787 1486 per
807 1452 1003 1487 negligentiam.

219 1495 324 1531 Ecquid
338 1496 425 1523 omnia
442 1498 607 1531 percenseo?
622 1498 734 1525 moritur
752 1505 812 1525 cum
835 1499 956 1526 libertate
970 1499 1009 1525 lo-

216 1541 319 1575 quendi
332 1562 339 1573 ,
355 1542 460 1569 nemine
485 1543 640 1569 contristato
655 1547 750 1577 printer
764 1542 898 1570 dmmoncs
908 1564 916 1576 ,
931 1547 958 1570 et
967 1543 1010 1578 qui

216 1586 286 1621 ipsis
298 1587 409 1621 proximi
424 1592 484 1614 sunt
496 1595 502 1613 :
518 1588 633 1615 abundat
647 1588 683 1615 illi
695 1593 808 1623 tempus,
823 1596 875 1615 non
887 1596 1010 1616 consum-

218 1632 273 1665 psit
286 1632 344 1660 dies
361 1633 387 1660 in
409 1633 554 1660 malefactis
570 1642 576 1660 :
591 1634 736 1668 duplicavit
749 1634 837 1661 datam
853 1634 1007 1669 pecuniam,

220 1677 406 1713 bonorumque
426 1685 535 1712 operum
551 1678 677 1712 prirmisit
696 1685 808 1711 usuras,
825 1678 929 1706 modico
944 1683 1009 1706 tem-

220 1731 286 1756 porc
307 1724 440 1759 longaevos
453 1723 571 1759 implevit
589 1731 673 1751 annos
689 1732 696 1757 ;
721 1728 907 1752 testamentum
926 1723 1009 1751 bono-

219 1775 280 1794 rum
295 1776 347 1795 non
362 1769 471 1802 scribit;
495 1770 584 1797 vivens
599 1769 680 1803 enim,
696 1775 723 1797 ct
735 1769 853 1796 sentiens
865 1776 895 1797 ea
908 1769 1011 1805 disper-

218 1813 263 1839 sit.
290 1813 404 1841 Polsavit
425 1822 497 1842 mors
518 1816 667 1850 corpusculi
690 1815 811 1843 ostium?
838 1816 909 1849 prius
932 1823 1008 1850 quain

218 1863 334 1886 mortem
358 1859 451 1887 viderit
469 1868 528 1894 qua:
541 1860 605 1887 foris
626 1865 685 1894 est,
699 1860 806 1892 clamat,
834 1860 1004 1888 Discedamus

219 1903 292 1936 hinc,
308 1904 432 1931 accinctis
447 1913 454 1930 :
472 1904 530 1932 IIeu
551 1905 622 1938 mihi,
650 1906 709 1940 quia
721 1905 844 1934 incolatu:
863 1913 931 1932 utens
948 1914 1008 1940 pro-

217 1949 334 1983 longata:
355 1954 390 1976 est
409 1950 418 1986 (
431 1949 501 1977 Psal.
515 1951 576 1978 119.
592 1952 608 1978 5
623 1952 632 1986 )
645 1952 651 1978 l
673 1959 703 1979 ac
732 1951 781 1979 nisi
795 1958 902 1987 propter
925 1951 1006 1980 [lcum

217 1994 264 2028 qui
277 2001 334 2020 eam
353 1994 478 2027 miserat,
490 1995 540 2030 ipsi
558 1996 617 2023 lites
633 1997 797 2030 intenderet,
817 1998 924 2032 exigens
936 1998 1006 2033 quod

216 2039 305 2066 serius
319 2040 399 2067 venit.
421 2041 572 2076 Acquiescit
589 2041 696 2069 deruunt
715 2043 841 2070 liberatus
855 2044 889 2071 ab
907 2052 1006 2072 terum-

217 2091 286 2111 noso
298 2092 419 2119 corpore,
431 2090 483 2112 uta
495 2085 588 2113 vitioso
600 2087 742 2122 hospitiolo
756 2089 857 2116 ruinam
872 2090 1004 2117 minante:

217 2137 310 2156 aurem
324 2131 425 2157 arrexit
438 2131 471 2157 ad
484 2139 544 2158 cum
559 2133 602 2166 qui
624 2132 690 2159 dixit
701 2141 709 2160 ι
722 2133 805 2168 Euge,
825 2142 894 2160 serve
908 2135 970 2161 boue
982 2140 1005 2161 et

218 2174 302 2207 ﬁdelis
312 2174 415 2209 (Matth.
426 2175 470 2202 25.
483 2176 540 2212 21),
550 2177 687 2205 auditurus
702 2183 729 2205 et
741 2178 851 2213 reliqua.
864 2178 902 2206 Sit
917 2185 1005 2206 autem

218 2219 265 2246 tibi
280 2228 372 2247 eorum
395 2229 453 2256 qua:
468 2222 579 2249 dicimus
596 2229 697 2251 certum
720 2224 844 2251 indiciunt
864 2225 1004 2252 verbormn

218 2264 294 2299 copia
310 2274 317 2292 :
331 2263 374 2292 Ex
396 2266 551 2293 abundantia
572 2268 637 2294 enim
661 2269 744 2295 cordis
758 2277 785 2296 os
800 2269 908 2304 loquitur
923 2270 1003 2305 (Ibid.

217 2311 264 2339 l2.
278 2311 335 2345 54).
358 2311 441 2339 Porro
454 2313 497 2347 qui
512 2320 571 2340 cum
591 2313 728 2341 mendacio
743 2315 814 2348 vivit,
831 2315 909 2342 vitam
925 2315 1005 2343 habet

218 2357 398 2391 perturbatatu
409 2378 416 2391 ,
439 2359 579 2393 aliquando
592 2360 698 2394 quidem
717 2360 856 2388 immodice
871 2361 1003 2395 gaudens,

218 2401 254 2428 ob
269 2401 460 2430 incrementum
476 2405 593 2438 pecunia:
608 2409 653 2431 aut
667 2413 753 2439 parva:
766 2406 895 2440 gloriolse,
911 2411 955 2433 attt
970 2409 1004 2434 ob

217 2455 336 2474 atuoretn
350 2449 534 2482 meretriculze,
548 2455 591 2476 aut
606 2451 883 2484 proptcrinimicnrum
897 2460 1003 2480 suorum

217 2492 358 2519 adversam
372 2493 502 2520 fortunam
516 2502 522 2520 ε
535 2494 675 2529 aliquando
689 2500 776 2522 autem
791 2496 908 2523 tristatur
920 2505 1004 2531 usque

216 2537 250 2564 ad
274 2543 397 2572 mortem,
422 2539 484 2566 dum
511 2541 671 2567 mutationes
698 2541 812 2568 somniat
840 2545 866 2569 et
890 2542 1006 2569 incertos

218 2587 328 2610 eventus
339 2603 348 2616 ,
365 2589 508 2619 noctesque
522 2585 600 2612 babct
613 2586 757 2620 insomnes,
772 2594 803 2614 ac
816 2588 883 2614 male
897 2588 1004 2615 dormit.

216 2628 284 2660 Quin
306 2633 333 2655 ct
355 2629 499 2656 amicorum
524 2630 630 2657 insidias
651 2631 707 2665 ipse
728 2633 884 2667 suspicatur,
905 2642 937 2660 uc
956 2634 1005 2661 sibi

216 2672 323 2706 quidcnt
339 2673 489 2707 conlidens,
511 2676 633 2702 omnibus
650 2676 779 2711 derogans
793 2677 869 2704 lidetu
886 2684 911 2705 ut
932 2687 1006 2707 tuen-

216 2717 335 2744 dacibus.
357 2718 409 2751 Qui
434 2719 582 2754 hujusmodi
602 2725 652 2753 cst,
674 2721 781 2749 timidus
800 2728 840 2750 cst
862 2729 889 2751 ut
914 2724 1004 2759 lepus,

215 2762 303 2788 audax
320 2768 348 2789 ut
372 2772 483 2798 porcus,
507 2765 585 2792 fallax
603 2772 628 2793 ut
644 2766 787 2794 chamtelco
800 2788 808 2801 ,
830 2768 956 2804 deceptor
979 2775 1006 2797 ut

219 2806 322 2840 perdix,
336 2808 524 2837 itutuiscricors
538 2815 566 2837 ut
579 2811 667 2846 lupus,
683 2812 872 2840 immansuetus
887 2819 914 2840 ut
928 2822 986 2841 mus
998 2823 1004 2840 :

215 2851 343 2886 iaiipsius
367 2852 506 2890 inimicus,
533 2855 712 2884 indesinenter
734 2857 863 2892 invidens,
889 2859 1003 2894 seipsutn

1074 226 1223 252 necessario
1237 226 1374 260 crucians,
1390 234 1439 254 nec
1452 226 1478 253 id
1492 227 1572 254 sentit
1585 237 1589 254 :
1602 235 1662 255 cum
1674 227 1743 255 enim
1760 230 1857 255 malum

1071 275 1162 296 contra
1179 271 1258 297 alium
1273 271 1381 306 cogitat,
1398 271 1513 307 seipsum
1530 273 1602 307 prius
1616 272 1729 307 pessime
1744 278 1857 308 torquet.

1072 315 1184 343 Pulsavit
1200 317 1290 344 mors?
1305 318 1393 345 omnia
1409 318 1464 351 dat,
1481 324 1509 345 ut
1523 318 1654 346 modicntn
1668 318 1754 346 adhuc
1767 319 1857 352 duret,

1071 360 1181 394 cupidus
1196 362 1256 388 vitm
1269 371 1275 388 :
1288 362 1418 389 indultum
1432 363 1482 390 sibi
1500 368 1603 397 tempus
1619 363 1714 390 frustra
1734 371 1857 390 consum-

1068 404 1134 439 psit:
1142 409 1270 439 praeterea
1278 407 1413 434 denarium
1428 416 1480 435 non
1495 408 1647 442 duplicavit,
1659 416 1744 443 ucqtte
1756 408 1856 435 salvum

1071 452 1220 478 custodivit.
1231 452 1334 486 iugiter
1347 452 1436 479 tretnit
1447 460 1473 480 ut
1489 453 1589 486 loliutn,
1602 461 1742 481 senescere
1752 453 1854 486 nolens,

1070 502 1096 523 et
1108 505 1167 531 qttte
1176 497 1342 524 delirantium
1352 505 1444 525 senum
1455 503 1517 524 sunt
1527 499 1638 533 patitur:
1649 505 1760 526 mortem
1771 499 1855 530 timet,

1071 547 1098 569 ut
1109 542 1186 570 deutu
1201 543 1283 570 :(leus
1296 543 1333 570 illi
1343 548 1384 571 est
1397 544 1506 571 visibilis
1518 545 1641 571 mundus.
1652 545 1686 572 Et
1696 545 1757 579 quid
1769 544 1857 571 ultra?

1070 588 1205 621 pallescit,
1221 589 1329 622 horret,
1344 589 1437 616 anxius
1452 589 1634 616 estzdiviuutn
1647 590 1773 623 judicium
1790 598 1857 624 pra:-

1069 633 1195 665 venicus,
1217 633 1333 668 seipsum
1349 634 1443 668 punit,
1463 634 1625 662 conscientia
1646 635 1719 662 illutn
1732 635 1857 662 atrociter

1070 681 1225 712 torquente,
1250 683 1276 706 et
1291 679 1496 713 unumquodque
1511 684 1646 714 peccatqu
1662 679 1688 705 in
1702 679 1856 706 memoriam

1070 730 1221 755 revocante,
1231 723 1352 757 graviora
1368 725 1476 758 patitur,
1489 732 1568 759 quam
1584 724 1601 751 ii
1616 732 1727 758 quorum
1742 732 1854 760 corpora

1068 769 1222 797 verberibus
1231 769 1404 797 concidantur
1415 779 1422 797 τ
1433 770 1565 798 serviliter
1576 778 1605 798 se
1617 770 1731 798 demittit
1743 770 1775 797 ad
1788 775 1855 797 tctu-

1069 815 1173 848 porales
1187 819 1345 849 potestates,
1370 815 1439 842 finde
1454 815 1585 843 blanditur
1599 816 1696 843 mundo
1707 837 1714 849 ,
1737 824 1786 851 pro
1803 824 1856 843 uno

1069 859 1178 887 domino
1190 860 1307 887 intinitos
1319 860 1398 888 habet
1414 860 1501 893 heros,
1517 865 1546 888 ut
1560 869 1612 888 non
1626 862 1723 889 serviat
1735 862 1854 889 veritati:

1074 903 1159 931 timeri
1175 905 1259 939 cupit,
1272 913 1331 932 cum
1343 906 1399 940 ipse
1409 913 1503 933 omnes
1521 906 1612 933 timeat
1623 906 1670 941 (a).
1692 906 1754 934 Haec
1766 911 1854 934 autem

1069 949 1113 977 tibi
1130 958 1177 984 pro
1192 951 1259 977 virili
1273 959 1287 977 a
1301 952 1378 979 nobis
1389 951 1458 979 dicta
1469 951 1533 979 sint.
1548 952 1577 979 Si
1593 953 1651 987 quis
1665 957 1752 979 autent
1767 952 1855 980 verius

1067 1000 1093 1022 et
1106 996 1252 1030 elegantius
1264 996 1374 1029 dicens,
1396 997 1602 1024 imbecillitatem
1626 1002 1742 1024 nosti-ant
1764 1005 1854 1025 cmen-

1068 1040 1169 1068 daverit
1179 1062 1185 1073 ,
1203 1041 1272 1068 lnmc
1291 1042 1403 1069 libenter
1418 1042 1577 1076 accipienms
1595 1047 1622 1069 ut
1636 1047 1813 1070 correctorem
1828 1047 1854 1070 et

1066 1085 1178 1113 fratrum
1200 1092 1351 1119 amantem,
1376 1092 1454 1122 atqtte
1474 1087 1606 1115 Servatori
1631 1087 1727 1122 gratias
1746 1095 1854 1122 agemus

1067 1135 1174 1166 propter
1187 1133 1284 1159 omnia.
1303 1132 1399 1159 Verum
1415 1132 1470 1167 ipse
1484 1133 1547 1160 mihi
1564 1141 1666 1167 expone
1679 1133 1853 1160 Ocridcntalis

1066 1177 1164 1212 Synodi
1180 1185 1288 1211 scoputn
1304 1185 1334 1204 ac
1349 1178 1483 1205 decretum
1494 1198 1500 1210 ,
1517 1183 1544 1205 ct
1558 1178 1665 1212 obsigna
1679 1179 1758 1205 Vt‘l'lm
1774 1186 1831 1205 mea
1844 1199 1852 1210 ,

1065 1223 1195 1257 siquidem
1209 1223 1254 1250 tibi
1269 1223 1430 1257 placuerunt,
1447 1229 1473 1250 ut
1485 1223 1583 1250 utiliter
1593 1223 1671 1250 dicta.
1685 1223 1749 1250 Cum
1764 1229 1851 1250 autem

1066 1267 1135 1302 loqui
1159 1268 1290 1301 desiisset,
1317 1269 1374 1296 lucc
1394 1270 1431 1296 ait
1456 1269 1612 1296 Theodorus
1628 1279 1634 1296 :
1650 1269 1707 1296 Tibi
1729 1270 1851 1304 quidem,

1065 1313 1108 1347 qni
1126 1313 1183 1340 lucc
1203 1314 1330 1347 narrasti,
1348 1314 1392 1341 det
1416 1314 1485 1342 Deus
1502 1314 1708 1341 miscricordiam
1727 1316 1850 1350 consequi

1065 1357 1091 1385 in
1102 1358 1144 1385 illa
1156 1358 1209 1391 die,
1222 1363 1275 1385 tum
1288 1359 1347 1393 quia
1360 1367 1374 1385 a
1387 1359 1476 1386 talium
1492 1359 1677 1386 communione
1691 1359 1850 1394 abstinuisti,

1065 1408 1119 1431 tum
1134 1404 1194 1439 quia
1209 1404 1284 1432 nobis
1298 1405 1354 1431 haec
1367 1410 1456 1439 aperte
1475 1405 1633 1432 disseruisti.
1649 1405 1778 1432 Cat-turum
1799 1406 1851 1432 Do—

1064 1452 1150 1479 minus
1165 1453 1314 1479 utentinerit
1324 1453 1409 1479 omnis
1423 1452 1543 1478 sacriﬁcii
1554 1452 1672 1483 Joannis,
1683 1452 1725 1486 qui
1735 1452 1767 1479 ad
1779 1461 1852 1479 tuor—

1065 1501 1117 1523 tetu
1136 1505 1218 1531 usque
1232 1497 1354 1532 loquendi
1368 1497 1515 1524 libertatem
1539 1505 1590 1524 nou
1615 1497 1721 1532 abiecit.
1749 1497 1851 1532 Sceptra

1064 1542 1190 1569 Ecclesim
1198 1541 1322 1569 Romana:
1333 1542 1382 1568 istc
1394 1546 1444 1574 est,
1455 1550 1506 1568 non
1517 1542 1713 1581 communicare
1726 1550 1849 1576 umquam

1063 1588 1240 1615 Orientalibus
1259 1588 1399 1623 episcopis,
1425 1588 1570 1623 prtcsertitn
1592 1587 1750 1622 'l‘ltcophilo,
1764 1588 1849 1616 donec

1064 1633 1190 1660 Dominus
1203 1633 1305 1660 dederit
1317 1633 1402 1660 locutu
1415 1633 1553 1660 universali
1562 1633 1677 1668 Synodo,
1688 1641 1746 1667 qua:
1758 1638 1847 1668 putre-

1063 1678 1136 1706 factis
1151 1679 1277 1706 membris
1291 1686 1392 1710 corutu,
1409 1678 1454 1712 qui
1470 1678 1525 1705 lucc
1540 1683 1686 1713 patrarunt,
1701 1678 1846 1705 medeatur.

1063 1723 1118 1750 Etsi
1131 1724 1201 1751 cuitu
1216 1724 1314 1751 dormit
1328 1723 1421 1750 beatus
1434 1723 1564 1756 Joannes,
1585 1723 1675 1758 vigilat
1694 1728 1781 1751 tamen
1801 1732 1846 1751 vc-

1062 1768 1126 1796 ritas
1139 1789 1145 1800 ,
1167 1772 1275 1803 propter
1294 1776 1372 1803 quam
1388 1768 1521 1803 inquisitio
1534 1769 1593 1795 erit.
1615 1769 1667 1796 lius
1689 1774 1787 1800 autem,
1803 1769 1846 1804 qui

1062 1814 1122 1840 talia
1132 1814 1157 1840 in
1169 1814 1282 1841 Ecclesia
1296 1817 1488 1848 perpetrat-unt,
1504 1813 1615 1840 libenter
1629 1815 1808 1847 convenitetu,
1820 1816 1846 1842 itt

1062 1859 1154 1886 facium
1174 1858 1406 1886 dicenszUbinam
1422 1858 1618 1886 sacerdotium?
1640 1859 1683 1886 ubi
1705 1860 1845 1891 sanctitas,

1062 1905 1104 1931 ubi
1123 1905 1296 1931 mansuetudo
1311 1909 1337 1931 et
1352 1905 1503 1931 communio
1517 1905 1685 1932 natura:?tthi
1699 1905 1846 1932 Servatoris

1060 1951 1202 1977 mandata?
1217 1951 1260 1977 ubi
1283 1950 1346 1978 illud
1359 1959 1366 1976 :
1378 1951 1409 1978 Si
1430 1950 1505 1983 o/fcrs
1520 1959 1610 1977 uiuum
1627 1956 1713 1982 tuum,
1728 1956 1750 1977 et
1764 1959 1846 1977 τίων-

1059 1996 1134 2025 datus
1159 1996 1236 2030 fueris
1252 1996 1310 2030 quia
1330 1996 1408 2030 frater
1431 2000 1488 2022 tuus
1510 1996 1581 2023 liabet
1600 1996 1695 2031 aliquid
1714 1997 1845 2024 adversum

1059 2050 1091 2076 te,
1112 2044 1182 2076 vade,
1201 2043 1270 2078 prius
1285 2042 1446 2068 reconciliare
1458 2042 1533 2076 fratri
1546 2047 1605 2075 tuo,
1619 2048 1642 2069 et
1663 2044 1698 2069 sic
1713 2042 1776 2076 affer
1789 2052 1845 2070 mu—

1059 2099 1105 2117 nus
1120 2096 1188 2116 tuum
1198 2089 1301 2125 (Maltlt.
1314 2090 1340 2118 5.
1350 2090 1396 2117 ‘25.
1409 2087 1476 2125 ‘25)?
1492 2088 1533 2115 ubi
1552 2088 1615 2115 illud
1628 2097 1634 2114 :
1647 2088 1678 2115 Si
1687 2089 1741 2123 quis
1752 2094 1775 2115 te
1786 2097 1844 2124 pcr-

1059 2135 1161 2162 cusscrit
1182 2135 1208 2161 in
1229 2134 1360 2161 maxillam
1379 2135 1509 2166 dextram,
1530 2132 1626 2159 obrerte
1641 2133 1679 2159 illi
1698 2138 1721 2159 et
1739 2133 1844 2160 alteram

1059 2179 1135 2213 (Ibid.
1157 2188 1181 2206 «ι.
1204 2180 1267 2215 59)?
1281 2180 1323 2206 ubi
1341 2180 1535 2214 Scriptor-arum
1556 2178 1706 2206 meditatio?
1722 2183 1748 2205 et
1769 2179 1842 2212 illud,

1058 2224 1124 2252 Ecce
1141 2233 1215 2259 quam
1236 2225 1326 2252 bonum
1347 2229 1370 2252 ct
1383 2233 1456 2259 quam
1465 2224 1616 2260 jucundum,
1631 2224 1742 2251 [cubitare
1754 2226 1844 2260 fratres

1057 2270 1084 2296 in
1097 2278 1173 2296 unum
1183 2269 1265 2305 (Paul.
1283 2269 1340 2296 152.
1356 2269 1398 2304 l)?
1413 2269 1456 2296 ubi
1471 2269 1544 2302 illud,
1555 2269 1657 2296 Fratres
1671 2270 1697 2296 in
1710 2270 1843 2296 necessita-

1058 2314 1122 2341 tibus
1140 2315 1212 2341 utiles
1224 2314 1293 2341 sint?
1310 2323 1357 2341 cur
1372 2315 1434 2341 illud
1460 2325 1466 2342 :
1487 2313 1583 2340 Frater
1610 2315 1654 2349 qui
1668 2323 1683 2340 a
1704 2317 1782 2350 fratre
1795 2315 1843 2341 ad—

1053 2359 1172 2394 juvatur,
1196 2364 1222 2385 ut
1240 2360 1324 2386 ciuitas
1339 2359 1433 2385 munita
1456 2358 1544 2394 (Prov.
1560 2359 1603 2385 17.
1619 2359 1662 2391 17,
1677 2365 1699 2385 et
1715 2359 1758 2386 18.
1776 2360 1819 2395 19)
1835 2380 1841 2392 ,

1058 2405 1237 2440 pervenistis,
1265 2409 1292 2432 et
1314 2405 1352 2431 sic
1374 2403 1489 2431 fecistis?
1513 2403 1623 2436 Frater,
1647 2404 1692 2439 qui
1716 2413 1731 2430 a
1763 2404 1843 2431 fratre

1058 2455 1169 2477 vexatur
1181 2454 1226 2476 aut
1239 2449 1384 2484 spoliatur,
1408 2453 1436 2476 ut
1457 2449 1550 2476 civitas
1571 2449 1729 2476 miserabilis
1745 2453 1771 2477 et
1786 2450 1843 2476 sine

1058 2494 1150 2521 muris.
1164 2493 1230 2527 Quid
1247 2494 1350 2521 tandem
1367 2494 1446 2529 igitur
1459 2494 1538 2521 veluti
1554 2502 1610 2522 retu
1630 2503 1682 2521 non
1701 2495 1843 2522 concilian-

1058 2540 1118 2567 dam
1131 2539 1284 2574 persequuti
1299 2540 1373 2573 estis,
1390 2548 1405 2567 ο
1424 2545 1473 2574 ter,
1490 2546 1516 2568 et
1534 2549 1586 2568 non
1606 2542 1686 2568 scincl
1703 2541 1844 2569 infelices?

1058 2594 1108 2621 qua
1123 2587 1226 2613 tandem
1241 2587 1342 2613 ratione
1356 2586 1483 2613 adversus
1503 2587 1586 2619 illum,
1605 2592 1735 2620 tamquam
1752 2587 1844 2614 adver-

1058 2640 1102 2660 sus
1118 2633 1251 2660 initnicum
1261 2653 1269 2664 ,
1284 2633 1382 2660 cwdem
1397 2633 1527 2660 intentare
1542 2641 1593 2660 non
1609 2633 1761 2667 rcfugistia?
1775 2641 1842 2668 quo-

1059 2678 1137 2705 modo
1159 2678 1230 2704 venit
1255 2680 1279 2704 iit
1307 2683 1422 2705 tncutcm
1444 2683 1558 2705 vestram
1582 2679 1622 2705 sic
1645 2678 1771 2706 adversus
1796 2686 1843 2706 vos

1059 2724 1170 2751 invicem
1192 2723 1312 2751 efferari?
1339 2724 1408 2751 unde
1436 2729 1533 2751 lautam
1558 2725 1731 2751 mutationem
1753 2729 1842 2751 ostenp

1059 2770 1134 2796 distis
1147 2790 1154 2802 ,
1177 2775 1203 2796 ut
1222 2778 1236 2796 a
1259 2775 1396 2797 unmsucto
1419 2771 1451 2797 ad
1473 2771 1572 2797 immite
1592 2776 1619 2798 ct
1639 2771 1842 2798 immansuetum

1061 2815 1224 2841 trausirctis?
1239 2815 1372 2847 Admiror,
1383 2821 1407 2842 et
1419 2815 1484 2842 haut:
1496 2815 1694 2844 conversionem
1708 2815 1843 2844 admirans

1091 2866 1126 2895 (α)
1144 2865 1184 2889 ttic
1195 2864 1283 2891 desiuit
1296 2865 1463 2895 fragmcnttuu.
