  <div class='ocr_page' id='page_1' title='image "/cluster/home/n/w/nwhite01/storage/ocr_20150623/47-48/njp.32101077772612/135.png"; bbox 0 0 2034 3109; ppageno 0'>
   <div class='ocr_carea' id='block_1_1' title="bbox 185 162 1825 198">
    <p class='ocr_par' dir='ltr' id='par_1_1' title="bbox 185 162 1825 198">
     <span class='ocr_line' id='line_1_1' title="bbox 185 162 1825 198; baseline -0.006 0"><span class='ocrx_word' id='word_1_1' title='bbox 185 172 220 198; x_wconf 73' lang='lat' dir='ltr'><strong>&#39;lt&#39;i</strong></span> <span class='ocrx_word' id='word_1_2' title='bbox 830 162 988 194; x_wconf 60' lang='lat' dir='ltr'><strong>PALLADH</strong></span> <span class='ocrx_word' id='word_1_3' title='bbox 1010 162 1178 192; x_wconf 81' lang='lat' dir='ltr'><strong>DI.\LOGUS</strong></span> <span class='ocrx_word' id='word_1_4' title='bbox 1791 165 1825 193; x_wconf 79' lang='lat'><strong>80</strong></span> 
     </span>
    </p>
   </div>
   <div class='ocr_carea' id='block_1_2' title="bbox 187 223 979 264">
    <p class='ocr_par' dir='ltr' id='par_1_2' title="bbox 187 223 979 264">
     <span class='ocr_line' id='line_1_2' title="bbox 187 223 979 264; baseline -0.01 -7"><span class='ocrx_word' id='word_1_5' title='bbox 187 241 193 254; x_wconf 87' lang='grc' dir='ltr'><strong>ι</strong></span> <span class='ocrx_word' id='word_1_6' title='bbox 205 231 358 264; x_wconf 65' lang='grc' dir='ltr'><strong>ὺοιιιιιρξεο,</strong></span> <span class='ocrx_word' id='word_1_7' title='bbox 374 229 480 255; x_wconf 80' lang='lat' dir='ltr'><strong>intuens</strong></span> <span class='ocrx_word' id='word_1_8' title='bbox 492 227 580 254; x_wconf 84' lang='lat' dir='ltr'><strong>omnia</strong></span> <span class='ocrx_word' id='word_1_9' title='bbox 595 227 628 254; x_wconf 83' lang='lat' dir='ltr'><strong>ob</strong></span> <span class='ocrx_word' id='word_1_10' title='bbox 642 226 666 252; x_wconf 87' lang='lat' dir='ltr'><strong>id</strong></span> <span class='ocrx_word' id='word_1_11' title='bbox 680 225 757 253; x_wconf 87' lang='lat' dir='ltr'><strong>nimis</strong></span> <span class='ocrx_word' id='word_1_12' title='bbox 769 228 911 251; x_wconf 79' lang='lat' dir='ltr'><strong>cottitnola.</strong></span> <span class='ocrx_word' id='word_1_13' title='bbox 926 223 979 250; x_wconf 86' lang='lat' dir='ltr'><strong>Cur</strong></span> 
     </span>
    </p>
   </div>
   <div class='ocr_carea' id='block_1_3' title="bbox 187 271 979 306">
    <p class='ocr_par' dir='ltr' id='par_1_3' title="bbox 187 271 979 306">
     <span class='ocr_line' id='line_1_3' title="bbox 187 271 979 306; baseline -0.009 -4"><span class='ocrx_word' id='word_1_14' title='bbox 187 280 258 302; x_wconf 77' lang='lat' dir='ltr'><strong>tmta</strong></span> <span class='ocrx_word' id='word_1_15' title='bbox 276 274 384 301; x_wconf 79' lang='lat' dir='ltr'><strong>audacia</strong></span> <span class='ocrx_word' id='word_1_16' title='bbox 405 273 482 304; x_wconf 85' lang='lat' dir='ltr'><strong>elati,</strong></span> <span class='ocrx_word' id='word_1_17' title='bbox 507 273 637 300; x_wconf 82' lang='lat' dir='ltr'><strong>mmuillas</strong></span> <span class='ocrx_word' id='word_1_18' title='bbox 660 271 821 306; x_wconf 83' lang='lat' dir='ltr'><strong>pra-bentem</strong></span> <span class='ocrx_word' id='word_1_19' title='bbox 837 275 862 297; x_wconf 85' lang='lat' dir='ltr'><strong>et</strong></span> <span class='ocrx_word' id='word_1_20' title='bbox 883 277 979 304; x_wconf 80' lang='lat' dir='ltr'><strong>pueros</strong></span> 
     </span>
    </p>
   </div>
   <div class='ocr_carea' id='block_1_4' title="bbox 186 317 978 353">
    <p class='ocr_par' dir='ltr' id='par_1_4' title="bbox 186 317 978 353">
     <span class='ocr_line' id='line_1_4' title="bbox 186 317 978 353; baseline -0.008 -4"><span class='ocrx_word' id='word_1_21' title='bbox 186 330 235 349; x_wconf 77' lang='lat' dir='ltr'><strong>vos</strong></span> <span class='ocrx_word' id='word_1_22' title='bbox 246 322 417 353; x_wconf 83' lang='lat' dir='ltr'><strong>nutrientem,</strong></span> <span class='ocrx_word' id='word_1_23' title='bbox 432 321 476 347; x_wconf 85' lang='lat' dir='ltr'><strong>Dei</strong></span> <span class='ocrx_word' id='word_1_24' title='bbox 491 319 645 350; x_wconf 78' lang='lat' dir='ltr'><strong>Ecclesium,</strong></span> <span class='ocrx_word' id='word_1_25' title='bbox 658 324 685 345; x_wconf 89' lang='lat' dir='ltr'><strong>ut</strong></span> <span class='ocrx_word' id='word_1_26' title='bbox 699 317 847 345; x_wconf 60' lang='lat' dir='ltr'><strong>fu‘cundam</strong></span> <span class='ocrx_word' id='word_1_27' title='bbox 861 317 978 343; x_wconf 81' lang='lat' dir='ltr'><strong>vulvam.</strong></span> 
     </span>
    </p>
   </div>
   <div class='ocr_carea' id='block_1_5' title="bbox 186 361 979 396">
    <p class='ocr_par' dir='ltr' id='par_1_5' title="bbox 186 361 979 396">
     <span class='ocr_line' id='line_1_5' title="bbox 186 361 979 396; baseline -0.009 -2"><span class='ocrx_word' id='word_1_28' title='bbox 186 367 354 394; x_wconf 86' lang='lat' dir='ltr'><strong>contumeliis</strong></span> <span class='ocrx_word' id='word_1_29' title='bbox 371 366 495 393; x_wconf 70' lang='lat' dir='ltr'><strong>affecistis</strong></span> <span class='ocrx_word' id='word_1_30' title='bbox 510 370 535 390; x_wconf 86' lang='lat' dir='ltr'><strong>et</strong></span> <span class='ocrx_word' id='word_1_31' title='bbox 550 364 720 390; x_wconf 85' lang='lat' dir='ltr'><strong>etmeidislis?</strong></span> <span class='ocrx_word' id='word_1_32' title='bbox 736 368 764 390; x_wconf 92' lang='lat' dir='ltr'><strong>ut</strong></span> <span class='ocrx_word' id='word_1_33' title='bbox 785 363 936 396; x_wconf 84' lang='lat' dir='ltr'><strong>impleretur</strong></span> <span class='ocrx_word' id='word_1_34' title='bbox 954 361 979 387; x_wconf 91' lang='lat' dir='ltr'><strong>in</strong></span> 
     </span>
    </p>
   </div>
   <div class='ocr_carea' id='block_1_6' title="bbox 189 408 980 446">
    <p class='ocr_par' dir='ltr' id='par_1_6' title="bbox 189 408 980 446">
     <span class='ocr_line' id='line_1_6' title="bbox 189 408 980 446; baseline -0.01 -7"><span class='ocrx_word' id='word_1_35' title='bbox 189 411 264 439; x_wconf 77' lang='lat' dir='ltr'><strong>vobis</strong></span> <span class='ocrx_word' id='word_1_36' title='bbox 290 411 472 446; x_wconf 81' lang='lat' dir='ltr'><strong>prophetirum</strong></span> <span class='ocrx_word' id='word_1_37' title='bbox 494 410 557 436; x_wconf 87' lang='lat' dir='ltr'><strong>illud</strong></span> <span class='ocrx_word' id='word_1_38' title='bbox 572 419 577 436; x_wconf 89' lang='lat'>:</span> <span class='ocrx_word' id='word_1_39' title='bbox 593 410 644 436; x_wconf 83' lang='lat' dir='ltr'><strong>Pro</strong></span> <span class='ocrx_word' id='word_1_40' title='bbox 657 409 746 443; x_wconf 74' lang='lat' dir='ltr'><strong>quibus</strong></span> <span class='ocrx_word' id='word_1_41' title='bbox 766 408 907 443; x_wconf 72' lang='lat' dir='ltr'><strong>pct&#39;seqttttti</strong></span> <span class='ocrx_word' id='word_1_42' title='bbox 923 411 980 433; x_wconf 80' lang='lat' dir='ltr'><strong>sinit</strong></span> 
     </span>
    </p>
   </div>
   <div class='ocr_carea' id='block_1_7' title="bbox 186 452 979 493">
    <p class='ocr_par' dir='ltr' id='par_1_7' title="bbox 186 452 979 493">
     <span class='ocr_line' id='line_1_7' title="bbox 186 452 979 493; baseline -0.009 -9"><span class='ocrx_word' id='word_1_43' title='bbox 186 458 212 484; x_wconf 79' lang='lat' dir='ltr'><strong>in</strong></span> <span class='ocrx_word' id='word_1_44' title='bbox 233 457 318 493; x_wconf 80' lang='lat' dir='ltr'><strong>gladio</strong></span> <span class='ocrx_word' id='word_1_45' title='bbox 339 459 442 491; x_wconf 74' lang='lat' dir='ltr'><strong>fratrem</strong></span> <span class='ocrx_word' id='word_1_46' title='bbox 465 464 538 482; x_wconf 78' lang='lat' dir='ltr'><strong>suum</strong></span> <span class='ocrx_word' id='word_1_47' title='bbox 553 477 560 488; x_wconf 89' lang='lat'><strong>,</strong></span> <span class='ocrx_word' id='word_1_48' title='bbox 584 460 606 481; x_wconf 81' lang='lat' dir='ltr'><strong>et</strong></span> <span class='ocrx_word' id='word_1_49' title='bbox 627 455 726 481; x_wconf 73' lang='lat' dir='ltr'><strong>vulvam</strong></span> <span class='ocrx_word' id='word_1_50' title='bbox 749 454 932 488; x_wconf 78' lang='lat' dir='ltr'><strong>Iubefucturuut</strong></span> <span class='ocrx_word' id='word_1_51' title='bbox 954 452 979 477; x_wconf 86' lang='lat' dir='ltr'><strong>in</strong></span> 
     </span>
    </p>
   </div>
   <div class='ocr_carea' id='block_1_8' title="bbox 187 498 980 537">
    <p class='ocr_par' dir='ltr' id='par_1_8' title="bbox 187 498 980 537">
     <span class='ocr_line' id='line_1_8' title="bbox 187 498 980 537; baseline -0.006 -8"><span class='ocrx_word' id='word_1_52' title='bbox 187 507 253 530; x_wconf 73' lang='lat' dir='ltr'><strong>terra</strong></span> <span class='ocrx_word' id='word_1_53' title='bbox 266 502 353 537; x_wconf 78' lang='lat' dir='ltr'><strong>(Amos</strong></span> <span class='ocrx_word' id='word_1_54' title='bbox 367 503 389 529; x_wconf 83' lang='grc' dir='ltr'><strong>Ι.</strong></span> <span class='ocrx_word' id='word_1_55' title='bbox 408 501 459 536; x_wconf 86' lang='grc' dir='ltr'><strong>Η).</strong></span> <span class='ocrx_word' id='word_1_56' title='bbox 469 501 534 528; x_wconf 91' lang='lat' dir='ltr'><strong>Cum</strong></span> <span class='ocrx_word' id='word_1_57' title='bbox 551 501 599 527; x_wconf 89' lang='lat' dir='ltr'><strong>hac</strong></span> <span class='ocrx_word' id='word_1_58' title='bbox 613 501 688 527; x_wconf 90' lang='lat' dir='ltr'><strong>vnlva</strong></span> <span class='ocrx_word' id='word_1_59' title='bbox 703 507 861 534; x_wconf 69' lang='lat' dir='ltr'><strong>congrcsms</strong></span> <span class='ocrx_word' id='word_1_60' title='bbox 875 498 980 524; x_wconf 80' lang='lat' dir='ltr'><strong>divinus</strong></span> 
     </span>
    </p>
   </div>
   <div class='ocr_carea' id='block_1_9' title="bbox 185 545 979 581">
    <p class='ocr_par' dir='ltr' id='par_1_9' title="bbox 185 545 979 581">
     <span class='ocr_line' id='line_1_9' title="bbox 185 545 979 581; baseline -0.008 -6"><span class='ocrx_word' id='word_1_61' title='bbox 185 553 212 576; x_wconf 88' lang='lat' dir='ltr'><strong>et</strong></span> <span class='ocrx_word' id='word_1_62' title='bbox 233 549 356 575; x_wconf 64' lang='lat' dir='ltr'><strong>salutans</strong></span> <span class='ocrx_word' id='word_1_63' title='bbox 380 555 478 579; x_wconf 85' lang='lat' dir='ltr'><strong>sermo,</strong></span> <span class='ocrx_word' id='word_1_64' title='bbox 505 555 552 574; x_wconf 88' lang='lat' dir='ltr'><strong>vos</strong></span> <span class='ocrx_word' id='word_1_65' title='bbox 573 551 652 581; x_wconf 87' lang='lat' dir='ltr'><strong>atque</strong></span> <span class='ocrx_word' id='word_1_66' title='bbox 676 546 749 572; x_wconf 89' lang='lat' dir='ltr'><strong>illum</strong></span> <span class='ocrx_word' id='word_1_67' title='bbox 772 545 929 576; x_wconf 66' lang='lat' dir='ltr'><strong>seminavit,</strong></span> <span class='ocrx_word' id='word_1_68' title='bbox 954 549 979 570; x_wconf 89' lang='lat' dir='ltr'><strong>et</strong></span> 
     </span>
    </p>
   </div>
   <div class='ocr_carea' id='block_1_10' title="bbox 187 589 978 628">
    <p class='ocr_par' dir='ltr' id='par_1_10' title="bbox 187 589 978 628">
     <span class='ocr_line' id='line_1_10' title="bbox 187 589 978 628; baseline -0.008 -8"><span class='ocrx_word' id='word_1_69' title='bbox 187 593 314 628; x_wconf 70' lang='lat' dir='ltr'><strong>plantavit</strong></span> <span class='ocrx_word' id='word_1_70' title='bbox 331 595 355 619; x_wconf 94' lang='lat' dir='ltr'><strong>in</strong></span> <span class='ocrx_word' id='word_1_71' title='bbox 372 593 448 619; x_wconf 63' lang='lat' dir='ltr'><strong>bonis</strong></span> <span class='ocrx_word' id='word_1_72' title='bbox 470 592 614 618; x_wconf 67' lang='lat' dir='ltr'><strong>imutmeris</strong></span> <span class='ocrx_word' id='word_1_73' title='bbox 630 599 660 618; x_wconf 87' lang='lat' dir='ltr'><strong>ac</strong></span> <span class='ocrx_word' id='word_1_74' title='bbox 678 591 786 617; x_wconf 89' lang='lat' dir='ltr'><strong>nlililms</strong></span> <span class='ocrx_word' id='word_1_75' title='bbox 808 590 896 616; x_wconf 74' lang='lat' dir='ltr'><strong>rebus.</strong></span> <span class='ocrx_word' id='word_1_76' title='bbox 913 589 978 616; x_wconf 81' lang='lat' dir='ltr'><strong>Nam</strong></span> 
     </span>
    </p>
   </div>
   <div class='ocr_carea' id='block_1_11' title="bbox 185 636 979 671">
    <p class='ocr_par' dir='ltr' id='par_1_11' title="bbox 185 636 979 671">
     <span class='ocr_line' id='line_1_11' title="bbox 185 636 979 671; baseline -0.006 -5"><span class='ocrx_word' id='word_1_77' title='bbox 185 647 245 667; x_wconf 89' lang='lat' dir='ltr'><strong>cum</strong></span> <span class='ocrx_word' id='word_1_78' title='bbox 269 639 402 666; x_wconf 87' lang='lat' dir='ltr'><strong>deberetis</strong></span> <span class='ocrx_word' id='word_1_79' title='bbox 416 639 491 665; x_wconf 88' lang='lat' dir='ltr'><strong>vobis</strong></span> <span class='ocrx_word' id='word_1_80' title='bbox 505 638 619 664; x_wconf 77' lang='lat' dir='ltr'><strong>invicem</strong></span> <span class='ocrx_word' id='word_1_81' title='bbox 640 645 717 671; x_wconf 87' lang='lat' dir='ltr'><strong>opem</strong></span> <span class='ocrx_word' id='word_1_82' title='bbox 743 638 812 663; x_wconf 85' lang='lat' dir='ltr'><strong>ferre</strong></span> <span class='ocrx_word' id='word_1_83' title='bbox 825 636 856 662; x_wconf 86' lang='lat' dir='ltr'><strong>ad</strong></span> <span class='ocrx_word' id='word_1_84' title='bbox 871 643 901 662; x_wconf 89' lang='lat' dir='ltr'><strong>ea</strong></span> <span class='ocrx_word' id='word_1_85' title='bbox 920 643 979 670; x_wconf 74' lang='lat' dir='ltr'><strong>qua:</strong></span> 
     </span>
    </p>
   </div>
   <div class='ocr_carea' id='block_1_12' title="bbox 185 683 978 719">
    <p class='ocr_par' dir='ltr' id='par_1_12' title="bbox 185 683 978 719">
     <span class='ocr_line' id='line_1_12' title="bbox 185 683 978 719; baseline -0.008 -7"><span class='ocrx_word' id='word_1_86' title='bbox 185 684 313 717; x_wconf 83' lang='lat' dir='ltr'><strong>decebat;</strong></span> <span class='ocrx_word' id='word_1_87' title='bbox 338 684 399 719; x_wconf 91' lang='lat' dir='ltr'><strong>quid</strong></span> <span class='ocrx_word' id='word_1_88' title='bbox 421 692 508 711; x_wconf 65' lang='lat' dir='ltr'><strong>causa:</strong></span> <span class='ocrx_word' id='word_1_89' title='bbox 528 688 584 716; x_wconf 88' lang='lat' dir='ltr'><strong>est,</strong></span> <span class='ocrx_word' id='word_1_90' title='bbox 607 691 654 710; x_wconf 86' lang='lat' dir='ltr'><strong>cur</strong></span> <span class='ocrx_word' id='word_1_91' title='bbox 675 683 812 717; x_wconf 81' lang='lat' dir='ltr'><strong>quiescere</strong></span> <span class='ocrx_word' id='word_1_92' title='bbox 837 686 863 708; x_wconf 89' lang='lat' dir='ltr'><strong>et</strong></span> <span class='ocrx_word' id='word_1_93' title='bbox 887 686 978 716; x_wconf 77' lang='lat' dir='ltr'><strong>pacate</strong></span> 
     </span>
    </p>
   </div>
   <div class='ocr_carea' id='block_1_13' title="bbox 184 728 977 766">
    <p class='ocr_par' dir='ltr' id='par_1_13' title="bbox 184 728 977 766">
     <span class='ocr_line' id='line_1_13' title="bbox 184 728 977 766; baseline -0.008 -7"><span class='ocrx_word' id='word_1_94' title='bbox 184 731 281 766; x_wconf 82' lang='lat' dir='ltr'><strong>degere</strong></span> <span class='ocrx_word' id='word_1_95' title='bbox 295 731 389 758; x_wconf 84' lang='lat' dir='ltr'><strong>saltem</strong></span> <span class='ocrx_word' id='word_1_96' title='bbox 406 731 430 757; x_wconf 90' lang='lat' dir='ltr'><strong>in</strong></span> <span class='ocrx_word' id='word_1_97' title='bbox 449 735 583 765; x_wconf 80' lang='lat' dir='ltr'><strong>pastorum</strong></span> <span class='ocrx_word' id='word_1_98' title='bbox 601 738 653 756; x_wconf 83' lang='lat' dir='ltr'><strong>non</strong></span> <span class='ocrx_word' id='word_1_99' title='bbox 668 729 831 756; x_wconf 77' lang='lat' dir='ltr'><strong>censuistis?</strong></span> <span class='ocrx_word' id='word_1_100' title='bbox 846 728 884 755; x_wconf 78' lang='lat' dir='ltr'><strong>Ad</strong></span> <span class='ocrx_word' id='word_1_101' title='bbox 901 735 977 754; x_wconf 87' lang='lat' dir='ltr'><strong>usum</strong></span> 
     </span>
    </p>
   </div>
   <div class='ocr_carea' id='block_1_14' title="bbox 186 774 978 811">
    <p class='ocr_par' dir='ltr' id='par_1_14' title="bbox 186 774 978 811">
     <span class='ocr_line' id='line_1_14' title="bbox 186 774 978 811; baseline -0.006 -7"><span class='ocrx_word' id='word_1_102' title='bbox 186 777 265 811; x_wconf 80' lang='lat' dir='ltr'><strong>igitur</strong></span> <span class='ocrx_word' id='word_1_103' title='bbox 286 782 312 804; x_wconf 89' lang='lat' dir='ltr'><strong>et</strong></span> <span class='ocrx_word' id='word_1_104' title='bbox 336 781 456 803; x_wconf 85' lang='lat' dir='ltr'><strong>mutuum</strong></span> <span class='ocrx_word' id='word_1_105' title='bbox 477 776 602 802; x_wconf 73' lang='lat' dir='ltr'><strong>auxilium</strong></span> <span class='ocrx_word' id='word_1_106' title='bbox 623 774 736 805; x_wconf 85' lang='lat' dir='ltr'><strong>conditi,</strong></span> <span class='ocrx_word' id='word_1_107' title='bbox 758 774 820 809; x_wconf 84' lang='lat' dir='ltr'><strong>quid</strong></span> <span class='ocrx_word' id='word_1_108' title='bbox 844 781 903 800; x_wconf 79' lang='lat' dir='ltr'><strong>eam</strong></span> <span class='ocrx_word' id='word_1_109' title='bbox 930 781 978 800; x_wconf 87' lang='lat' dir='ltr'><strong>nc-</strong></span> 
     </span>
    </p>
   </div>
   <div class='ocr_carea' id='block_1_15' title="bbox 184 818 979 856">
    <p class='ocr_par' dir='ltr' id='par_1_15' title="bbox 184 818 979 856">
     <span class='ocr_line' id='line_1_15' title="bbox 184 818 979 856; baseline -0.006 -7"><span class='ocrx_word' id='word_1_110' title='bbox 184 822 302 856; x_wconf 75' lang='lat' dir='ltr'><strong>glexistis</strong></span> <span class='ocrx_word' id='word_1_111' title='bbox 319 822 447 856; x_wconf 75' lang='lat' dir='ltr'><strong>gratiam,</strong></span> <span class='ocrx_word' id='word_1_112' title='bbox 473 829 524 847; x_wconf 84' lang='lat' dir='ltr'><strong>non</strong></span> <span class='ocrx_word' id='word_1_113' title='bbox 548 821 627 847; x_wconf 87' lang='lat' dir='ltr'><strong>modo</strong></span> <span class='ocrx_word' id='word_1_114' title='bbox 653 828 705 846; x_wconf 88' lang='lat' dir='ltr'><strong>non</strong></span> <span class='ocrx_word' id='word_1_115' title='bbox 730 819 901 846; x_wconf 79' lang='lat' dir='ltr'><strong>sublevantes</strong></span> <span class='ocrx_word' id='word_1_116' title='bbox 927 818 979 845; x_wconf 79' lang='lat' dir='ltr'><strong>fra-</strong></span> 
     </span>
    </p>
   </div>
   <div class='ocr_carea' id='block_1_16' title="bbox 184 865 978 902">
    <p class='ocr_par' dir='ltr' id='par_1_16' title="bbox 184 865 978 902">
     <span class='ocr_line' id='line_1_16' title="bbox 184 865 978 902; baseline -0.005 -7"><span class='ocrx_word' id='word_1_117' title='bbox 184 868 232 895; x_wconf 90' lang='lat' dir='ltr'><strong>tris</strong></span> <span class='ocrx_word' id='word_1_118' title='bbox 248 868 375 898; x_wconf 81' lang='lat' dir='ltr'><strong>laborem,</strong></span> <span class='ocrx_word' id='word_1_119' title='bbox 399 867 446 894; x_wconf 84' lang='lat' dir='ltr'><strong>sed</strong></span> <span class='ocrx_word' id='word_1_120' title='bbox 461 871 487 894; x_wconf 81' lang='lat' dir='ltr'><strong>ct</strong></span> <span class='ocrx_word' id='word_1_121' title='bbox 503 867 660 902; x_wconf 80' lang='lat' dir='ltr'><strong>repellentes</strong></span> <span class='ocrx_word' id='word_1_122' title='bbox 679 870 758 900; x_wconf 88' lang='lat' dir='ltr'><strong>atque</strong></span> <span class='ocrx_word' id='word_1_123' title='bbox 777 873 790 892; x_wconf 93' lang='lat' dir='ltr'><strong>a</strong></span> <span class='ocrx_word' id='word_1_124' title='bbox 810 865 918 900; x_wconf 79' lang='lat' dir='ltr'><strong>propria</strong></span> <span class='ocrx_word' id='word_1_125' title='bbox 933 872 978 891; x_wconf 89' lang='lat' dir='ltr'><strong>co-</strong></span> 
     </span>
    </p>
   </div>
   <div class='ocr_carea' id='block_1_17' title="bbox 183 910 975 947">
    <p class='ocr_par' dir='ltr' id='par_1_17' title="bbox 183 910 975 947">
     <span class='ocr_line' id='line_1_17' title="bbox 183 910 975 947; baseline -0.003 -9"><span class='ocrx_word' id='word_1_126' title='bbox 183 913 308 947; x_wconf 66' lang='lat' dir='ltr'><strong>gnatione</strong></span> <span class='ocrx_word' id='word_1_127' title='bbox 322 913 525 940; x_wconf 74' lang='lat' dir='ltr'><strong>abscindeules?</strong></span> <span class='ocrx_word' id='word_1_128' title='bbox 539 920 598 939; x_wconf 91' lang='lat' dir='ltr'><strong>cum</strong></span> <span class='ocrx_word' id='word_1_129' title='bbox 616 911 742 946; x_wconf 78' lang='lat' dir='ltr'><strong>propheta</strong></span> <span class='ocrx_word' id='word_1_130' title='bbox 757 910 852 938; x_wconf 87' lang='lat' dir='ltr'><strong>clamet</strong></span> <span class='ocrx_word' id='word_1_131' title='bbox 864 911 895 937; x_wconf 91' lang='lat' dir='ltr'><strong>ad</strong></span> <span class='ocrx_word' id='word_1_132' title='bbox 911 918 975 937; x_wconf 81' lang='lat' dir='ltr'><strong>vos:</strong></span> 
     </span>
    </p>
   </div>
   <div class='ocr_carea' id='block_1_18' title="bbox 184 957 977 986">
    <p class='ocr_par' dir='ltr' id='par_1_18' title="bbox 184 957 977 986">
     <span class='ocr_line' id='line_1_18' title="bbox 184 957 977 986; baseline -0.005 0"><span class='ocrx_word' id='word_1_133' title='bbox 184 960 278 986; x_wconf 72' lang='lat' dir='ltr'><strong>Nonne</strong></span> <span class='ocrx_word' id='word_1_134' title='bbox 291 959 367 986; x_wconf 74' lang='lat' dir='ltr'><strong>l’uter</strong></span> <span class='ocrx_word' id='word_1_135' title='bbox 380 968 444 986; x_wconf 75' lang='lat' dir='ltr'><strong>mins</strong></span> <span class='ocrx_word' id='word_1_136' title='bbox 455 961 566 985; x_wconf 72' lang='lat' dir='ltr'><strong>omnium</strong></span> <span class='ocrx_word' id='word_1_137' title='bbox 582 959 716 985; x_wconf 78' lang='lat' dir='ltr'><strong>nostrum?</strong></span> <span class='ocrx_word' id='word_1_138' title='bbox 737 966 818 984; x_wconf 83' lang='lat' dir='ltr'><strong>nonne</strong></span> <span class='ocrx_word' id='word_1_139' title='bbox 833 957 899 983; x_wconf 71' lang='lat' dir='ltr'><strong>Deus</strong></span> <span class='ocrx_word' id='word_1_140' title='bbox 912 965 977 983; x_wconf 78' lang='lat' dir='ltr'><strong>unus</strong></span> 
     </span>
    </p>
   </div>
   <div class='ocr_carea' id='block_1_19' title="bbox 183 1003 976 1040">
    <p class='ocr_par' dir='ltr' id='par_1_19' title="bbox 183 1003 976 1040">
     <span class='ocr_line' id='line_1_19' title="bbox 183 1003 976 1040; baseline -0.004 -9"><span class='ocrx_word' id='word_1_141' title='bbox 183 1006 295 1032; x_wconf 80' lang='lat' dir='ltr'><strong>rouditlit</strong></span> <span class='ocrx_word' id='word_1_142' title='bbox 309 1014 354 1032; x_wconf 75' lang='lat' dir='ltr'><strong>nos</strong></span> <span class='ocrx_word' id='word_1_143' title='bbox 370 1005 494 1040; x_wconf 65' lang='grc' dir='ltr'><strong>(ναῖκι-ὴ.</strong></span> <span class='ocrx_word' id='word_1_144' title='bbox 509 1005 536 1031; x_wconf 73' lang='lat'><strong>2.</strong></span> <span class='ocrx_word' id='word_1_145' title='bbox 553 1004 596 1040; x_wconf 88' lang='lat' dir='ltr'><strong>f0)</strong></span> <span class='ocrx_word' id='word_1_146' title='bbox 604 1005 621 1031; x_wconf 81' lang='lat'><strong>?‘</strong></span> <span class='ocrx_word' id='word_1_147' title='bbox 630 1004 681 1032; x_wconf 86' lang='lat' dir='ltr'><strong>Sed</strong></span> <span class='ocrx_word' id='word_1_148' title='bbox 700 1004 793 1031; x_wconf 88' lang='lat' dir='ltr'><strong>dicetis</strong></span> <span class='ocrx_word' id='word_1_149' title='bbox 811 1003 894 1030; x_wconf 81' lang='lat' dir='ltr'><strong>mihi:</strong></span> <span class='ocrx_word' id='word_1_150' title='bbox 910 1003 976 1030; x_wconf 82' lang='lat' dir='ltr'><strong>Pee-</strong></span> 
     </span>
    </p>
   </div>
   <div class='ocr_carea' id='block_1_20' title="bbox 182 1050 975 1087">
    <p class='ocr_par' dir='ltr' id='par_1_20' title="bbox 182 1050 975 1087">
     <span class='ocr_line' id='line_1_20' title="bbox 182 1050 975 1087; baseline -0.003 -10"><span class='ocrx_word' id='word_1_151' title='bbox 182 1053 251 1078; x_wconf 82' lang='lat' dir='ltr'><strong>ravit</strong></span> <span class='ocrx_word' id='word_1_152' title='bbox 265 1052 290 1079; x_wconf 88' lang='lat' dir='ltr'><strong>in</strong></span> <span class='ocrx_word' id='word_1_153' title='bbox 307 1053 402 1087; x_wconf 77' lang='lat' dir='ltr'><strong>legem.</strong></span> <span class='ocrx_word' id='word_1_154' title='bbox 417 1051 546 1085; x_wconf 84' lang='lat' dir='ltr'><strong>Qualem?</strong></span> <span class='ocrx_word' id='word_1_155' title='bbox 559 1059 636 1086; x_wconf 90' lang='lat' dir='ltr'><strong>quam</strong></span> <span class='ocrx_word' id='word_1_156' title='bbox 651 1058 698 1077; x_wconf 86' lang='lat' dir='ltr'><strong>vos</strong></span> <span class='ocrx_word' id='word_1_157' title='bbox 711 1050 885 1077; x_wconf 86' lang='lat' dir='ltr'><strong>conculcaslis</strong></span> <span class='ocrx_word' id='word_1_158' title='bbox 896 1071 902 1081; x_wconf 87' lang='lat'><strong>,</strong></span> <span class='ocrx_word' id='word_1_159' title='bbox 917 1057 975 1076; x_wconf 90' lang='lat' dir='ltr'><strong>eam</strong></span> 
     </span>
    </p>
   </div>
   <div class='ocr_carea' id='block_1_21' title="bbox 182 1097 976 1133">
    <p class='ocr_par' dir='ltr' id='par_1_21' title="bbox 182 1097 976 1133">
     <span class='ocr_line' id='line_1_21' title="bbox 182 1097 976 1133; baseline -0.004 -10"><span class='ocrx_word' id='word_1_160' title='bbox 182 1107 229 1132; x_wconf 81' lang='lat' dir='ltr'><strong>per</strong></span> <span class='ocrx_word' id='word_1_161' title='bbox 244 1099 385 1133; x_wconf 89' lang='lat' dir='ltr'><strong>nequitiam</strong></span> <span class='ocrx_word' id='word_1_162' title='bbox 401 1099 569 1132; x_wconf 79' lang='lat' dir='ltr'><strong>dissipantes.</strong></span> <span class='ocrx_word' id='word_1_163' title='bbox 589 1097 635 1125; x_wconf 81' lang='lat' dir='ltr'><strong>Ubi</strong></span> <span class='ocrx_word' id='word_1_164' title='bbox 652 1105 714 1131; x_wconf 74' lang='lat' dir='ltr'><strong>ergo</strong></span> <span class='ocrx_word' id='word_1_165' title='bbox 731 1101 831 1123; x_wconf 76' lang='lat' dir='ltr'><strong>natura:</strong></span> <span class='ocrx_word' id='word_1_166' title='bbox 847 1097 898 1128; x_wconf 79' lang='lat' dir='ltr'><strong>lex,</strong></span> <span class='ocrx_word' id='word_1_167' title='bbox 915 1103 976 1121; x_wconf 84' lang='lat' dir='ltr'><strong>cor-</strong></span> 
     </span>
    </p>
   </div>
   <div class='ocr_carea' id='block_1_22' title="bbox 181 1141 976 1177">
    <p class='ocr_par' dir='ltr' id='par_1_22' title="bbox 181 1141 976 1177">
     <span class='ocr_line' id='line_1_22' title="bbox 181 1141 976 1177; baseline -0.005 -7"><span class='ocrx_word' id='word_1_168' title='bbox 181 1145 268 1177; x_wconf 71' lang='lat' dir='ltr'><strong>rigere</strong></span> <span class='ocrx_word' id='word_1_169' title='bbox 288 1151 347 1171; x_wconf 90' lang='lat' dir='ltr'><strong>cum</strong></span> <span class='ocrx_word' id='word_1_170' title='bbox 361 1144 488 1170; x_wconf 83' lang='lat' dir='ltr'><strong>lenitate?</strong></span> <span class='ocrx_word' id='word_1_171' title='bbox 502 1143 581 1176; x_wconf 83' lang='lat' dir='ltr'><strong>Quid,</strong></span> <span class='ocrx_word' id='word_1_172' title='bbox 598 1150 698 1177; x_wconf 70' lang='lat' dir='ltr'><strong>quaeso,</strong></span> <span class='ocrx_word' id='word_1_173' title='bbox 714 1143 770 1176; x_wconf 86' lang='lat' dir='ltr'><strong>lege</strong></span> <span class='ocrx_word' id='word_1_174' title='bbox 787 1141 901 1168; x_wconf 90' lang='lat' dir='ltr'><strong>hostium</strong></span> <span class='ocrx_word' id='word_1_175' title='bbox 930 1141 976 1166; x_wconf 86' lang='lat' dir='ltr'><strong>ab-</strong></span> 
     </span>
    </p>
   </div>
   <div class='ocr_carea' id='block_1_23' title="bbox 182 1187 975 1222">
    <p class='ocr_par' dir='ltr' id='par_1_23' title="bbox 182 1187 975 1222">
     <span class='ocr_line' id='line_1_23' title="bbox 182 1187 975 1222; baseline -0.005 -7"><span class='ocrx_word' id='word_1_176' title='bbox 182 1194 296 1219; x_wconf 82' lang='lat' dir='ltr'><strong>utentes,</strong></span> <span class='ocrx_word' id='word_1_177' title='bbox 313 1189 501 1222; x_wconf 74' lang='lat' dir='ltr'><strong>prrsctnimini</strong></span> <span class='ocrx_word' id='word_1_178' title='bbox 514 1209 520 1220; x_wconf 87' lang='lat'><strong>,</strong></span> <span class='ocrx_word' id='word_1_179' title='bbox 536 1188 597 1214; x_wconf 87' lang='lat' dir='ltr'><strong>dum</strong></span> <span class='ocrx_word' id='word_1_180' title='bbox 614 1187 751 1214; x_wconf 70' lang='lat' dir='ltr'><strong>consulitis</strong></span> <span class='ocrx_word' id='word_1_181' title='bbox 772 1191 799 1213; x_wconf 89' lang='lat' dir='ltr'><strong>cl</strong></span> <span class='ocrx_word' id='word_1_182' title='bbox 818 1187 894 1220; x_wconf 70' lang='lat' dir='ltr'><strong>agitis</strong></span> <span class='ocrx_word' id='word_1_183' title='bbox 916 1194 975 1220; x_wconf 80' lang='lat' dir='ltr'><strong>qua:</strong></span> 
     </span>
    </p>
   </div>
   <div class='ocr_carea' id='block_1_24' title="bbox 180 1233 975 1268">
    <p class='ocr_par' dir='ltr' id='par_1_24' title="bbox 180 1233 975 1268">
     <span class='ocr_line' id='line_1_24' title="bbox 180 1233 975 1268; baseline 0 -8"><span class='ocrx_word' id='word_1_184' title='bbox 180 1235 313 1261; x_wconf 63' lang='lat' dir='ltr'><strong>contraria</strong></span> <span class='ocrx_word' id='word_1_185' title='bbox 335 1239 396 1260; x_wconf 87' lang='lat' dir='ltr'><strong>sunt</strong></span> <span class='ocrx_word' id='word_1_186' title='bbox 419 1239 446 1261; x_wconf 88' lang='lat' dir='ltr'><strong>et</strong></span> <span class='ocrx_word' id='word_1_187' title='bbox 469 1234 612 1261; x_wconf 90' lang='lat' dir='ltr'><strong>inimicitiis</strong></span> <span class='ocrx_word' id='word_1_188' title='bbox 632 1234 732 1267; x_wconf 77' lang='lat' dir='ltr'><strong>digna?</strong></span> <span class='ocrx_word' id='word_1_189' title='bbox 754 1234 857 1268; x_wconf 81' lang='lat' dir='ltr'><strong>Quanto</strong></span> <span class='ocrx_word' id='word_1_190' title='bbox 880 1233 975 1260; x_wconf 84' lang='lat' dir='ltr'><strong>melius</strong></span> 
     </span>
    </p>
   </div>
   <div class='ocr_carea' id='block_1_25' title="bbox 181 1280 976 1315">
    <p class='ocr_par' dir='ltr' id='par_1_25' title="bbox 181 1280 976 1315">
     <span class='ocr_line' id='line_1_25' title="bbox 181 1280 976 1315; baseline 0 -9"><span class='ocrx_word' id='word_1_191' title='bbox 181 1280 281 1311; x_wconf 86' lang='lat' dir='ltr'><strong>fuerat,</strong></span> <span class='ocrx_word' id='word_1_192' title='bbox 300 1285 327 1306; x_wconf 90' lang='lat' dir='ltr'><strong>ut</strong></span> <span class='ocrx_word' id='word_1_193' title='bbox 342 1280 421 1308; x_wconf 87' lang='lat' dir='ltr'><strong>simul</strong></span> <span class='ocrx_word' id='word_1_194' title='bbox 438 1280 602 1313; x_wconf 82' lang='lat' dir='ltr'><strong>habitantes,</strong></span> <span class='ocrx_word' id='word_1_195' title='bbox 618 1286 697 1315; x_wconf 89' lang='lat' dir='ltr'><strong>atqttc</strong></span> <span class='ocrx_word' id='word_1_196' title='bbox 712 1281 738 1306; x_wconf 91' lang='lat' dir='ltr'><strong>in</strong></span> <span class='ocrx_word' id='word_1_197' title='bbox 754 1288 834 1306; x_wconf 86' lang='lat' dir='ltr'><strong>unum</strong></span> <span class='ocrx_word' id='word_1_198' title='bbox 851 1280 976 1306; x_wconf 69' lang='lat' dir='ltr'><strong>victitan-</strong></span> 
     </span>
    </p>
   </div>
   <div class='ocr_carea' id='block_1_26' title="bbox 181 1326 975 1358">
    <p class='ocr_par' dir='ltr' id='par_1_26' title="bbox 181 1326 975 1358">
     <span class='ocr_line' id='line_1_26' title="bbox 181 1326 975 1358; baseline 0 -6"><span class='ocrx_word' id='word_1_199' title='bbox 181 1331 236 1358; x_wconf 81' lang='lat' dir='ltr'><strong>tes,</strong></span> <span class='ocrx_word' id='word_1_200' title='bbox 252 1327 399 1353; x_wconf 88' lang='lat' dir='ltr'><strong>communia</strong></span> <span class='ocrx_word' id='word_1_201' title='bbox 415 1332 440 1352; x_wconf 83' lang='lat' dir='ltr'><strong>et</strong></span> <span class='ocrx_word' id='word_1_202' title='bbox 454 1326 521 1353; x_wconf 87' lang='lat' dir='ltr'><strong>bona</strong></span> <span class='ocrx_word' id='word_1_203' title='bbox 535 1327 646 1353; x_wconf 80' lang='lat' dir='ltr'><strong>consilia</strong></span> <span class='ocrx_word' id='word_1_204' title='bbox 663 1326 774 1353; x_wconf 83' lang='lat' dir='ltr'><strong>invicem</strong></span> <span class='ocrx_word' id='word_1_205' title='bbox 795 1326 975 1353; x_wconf 84' lang='lat' dir='ltr'><strong>cnmmnnica—</strong></span> 
     </span>
    </p>
   </div>
   <div class='ocr_carea' id='block_1_27' title="bbox 181 1371 973 1406">
    <p class='ocr_par' dir='ltr' id='par_1_27' title="bbox 181 1371 973 1406">
     <span class='ocr_line' id='line_1_27' title="bbox 181 1371 973 1406; baseline -0.001 -8"><span class='ocrx_word' id='word_1_206' title='bbox 181 1371 262 1403; x_wconf 73' lang='lat' dir='ltr'><strong>retis,</strong></span> <span class='ocrx_word' id='word_1_207' title='bbox 279 1372 310 1398; x_wconf 91' lang='lat' dir='ltr'><strong>ad</strong></span> <span class='ocrx_word' id='word_1_208' title='bbox 332 1372 443 1406; x_wconf 74' lang='lat' dir='ltr'><strong>glorianti</strong></span> <span class='ocrx_word' id='word_1_209' title='bbox 460 1377 486 1399; x_wconf 88' lang='lat' dir='ltr'><strong>et</strong></span> <span class='ocrx_word' id='word_1_210' title='bbox 505 1372 615 1406; x_wconf 76' lang='lat' dir='ltr'><strong>gratiam</strong></span> <span class='ocrx_word' id='word_1_211' title='bbox 631 1372 716 1398; x_wconf 80' lang='lat' dir='ltr'><strong>Patris</strong></span> <span class='ocrx_word' id='word_1_212' title='bbox 731 1371 830 1398; x_wconf 84' lang='lat' dir='ltr'><strong>vestri?</strong></span> <span class='ocrx_word' id='word_1_213' title='bbox 846 1371 973 1398; x_wconf 82' lang='lat' dir='ltr'><strong>Filiomm</strong></span> 
     </span>
    </p>
   </div>
   <div class='ocr_carea' id='block_1_28' title="bbox 179 1416 975 1451">
    <p class='ocr_par' dir='ltr' id='par_1_28' title="bbox 179 1416 975 1451">
     <span class='ocr_line' id='line_1_28' title="bbox 179 1416 975 1451; baseline 0 -8"><span class='ocrx_word' id='word_1_214' title='bbox 179 1417 249 1443; x_wconf 79' lang='lat' dir='ltr'><strong>enim</strong></span> <span class='ocrx_word' id='word_1_215' title='bbox 269 1417 352 1443; x_wconf 87' lang='lat' dir='ltr'><strong>virtus</strong></span> <span class='ocrx_word' id='word_1_216' title='bbox 367 1422 392 1444; x_wconf 87' lang='lat' dir='ltr'><strong>t-t</strong></span> <span class='ocrx_word' id='word_1_217' title='bbox 414 1417 557 1451; x_wconf 82' lang='lat' dir='ltr'><strong>gratiarum</strong></span> <span class='ocrx_word' id='word_1_218' title='bbox 581 1422 725 1444; x_wconf 87' lang='lat' dir='ltr'><strong>concentus</strong></span> <span class='ocrx_word' id='word_1_219' title='bbox 747 1417 822 1444; x_wconf 83' lang='lat' dir='ltr'><strong>valde</strong></span> <span class='ocrx_word' id='word_1_220' title='bbox 842 1416 975 1450; x_wconf 85' lang='lat' dir='ltr'><strong>jucundus</strong></span> 
     </span>
    </p>
   </div>
   <div class='ocr_carea' id='block_1_29' title="bbox 180 1463 975 1497">
    <p class='ocr_par' dir='ltr' id='par_1_29' title="bbox 180 1463 975 1497">
     <span class='ocr_line' id='line_1_29' title="bbox 180 1463 975 1497; baseline 0 -8"><span class='ocrx_word' id='word_1_221' title='bbox 180 1467 220 1490; x_wconf 72' lang='lat' dir='ltr'><strong>est</strong></span> <span class='ocrx_word' id='word_1_222' title='bbox 235 1463 388 1496; x_wconf 69' lang='lat' dir='ltr'><strong>parentibus</strong></span> <span class='ocrx_word' id='word_1_223' title='bbox 399 1485 405 1494; x_wconf 86' lang='lat'><strong>,</strong></span> <span class='ocrx_word' id='word_1_224' title='bbox 423 1463 466 1496; x_wconf 79' lang='lat' dir='ltr'><strong>qui</strong></span> <span class='ocrx_word' id='word_1_225' title='bbox 484 1463 548 1490; x_wconf 88' lang='lat' dir='ltr'><strong>nihil</strong></span> <span class='ocrx_word' id='word_1_226' title='bbox 563 1463 632 1490; x_wconf 86' lang='lat' dir='ltr'><strong>aliud</strong></span> <span class='ocrx_word' id='word_1_227' title='bbox 647 1471 660 1489; x_wconf 90' lang='lat' dir='ltr'><strong>a</strong></span> <span class='ocrx_word' id='word_1_228' title='bbox 676 1463 765 1490; x_wconf 83' lang='lat' dir='ltr'><strong>liberis</strong></span> <span class='ocrx_word' id='word_1_229' title='bbox 778 1464 833 1489; x_wconf 69' lang='lat' dir='ltr'><strong>suis</strong></span> <span class='ocrx_word' id='word_1_230' title='bbox 848 1468 975 1497; x_wconf 77' lang='lat' dir='ltr'><strong>expetunt</strong></span> 
     </span>
    </p>
   </div>
   <div class='ocr_carea' id='block_1_30' title="bbox 179 1508 974 1543">
    <p class='ocr_par' dir='ltr' id='par_1_30' title="bbox 179 1508 974 1543">
     <span class='ocr_line' id='line_1_30' title="bbox 179 1508 974 1543; baseline 0.001 -10"><span class='ocrx_word' id='word_1_231' title='bbox 179 1516 257 1542; x_wconf 86' lang='lat' dir='ltr'><strong>quam</strong></span> <span class='ocrx_word' id='word_1_232' title='bbox 272 1508 344 1534; x_wconf 91' lang='lat' dir='ltr'><strong>illud.</strong></span> <span class='ocrx_word' id='word_1_233' title='bbox 362 1508 416 1535; x_wconf 80' lang='lat' dir='ltr'><strong>Hoc</strong></span> <span class='ocrx_word' id='word_1_234' title='bbox 432 1508 510 1535; x_wconf 81' lang='lat' dir='ltr'><strong>etiam</strong></span> <span class='ocrx_word' id='word_1_235' title='bbox 529 1509 610 1542; x_wconf 86' lang='lat' dir='ltr'><strong>probe</strong></span> <span class='ocrx_word' id='word_1_236' title='bbox 626 1509 694 1535; x_wconf 71' lang='lat' dir='ltr'><strong>nosti</strong></span> <span class='ocrx_word' id='word_1_237' title='bbox 707 1530 713 1540; x_wconf 92' lang='lat'><strong>,</strong></span> <span class='ocrx_word' id='word_1_238' title='bbox 730 1508 798 1543; x_wconf 80' lang='lat' dir='ltr'><strong>quod</strong></span> <span class='ocrx_word' id='word_1_239' title='bbox 815 1509 937 1535; x_wconf 69' lang='lat' dir='ltr'><strong>amicitia:</strong></span> <span class='ocrx_word' id='word_1_240' title='bbox 948 1514 974 1535; x_wconf 88' lang='lat' dir='ltr'><strong>et</strong></span> 
     </span>
    </p>
   </div>
   <div class='ocr_carea' id='block_1_31' title="bbox 180 1553 973 1588">
    <p class='ocr_par' dir='ltr' id='par_1_31' title="bbox 180 1553 973 1588">
     <span class='ocr_line' id='line_1_31' title="bbox 180 1553 973 1588; baseline 0.001 -9"><span class='ocrx_word' id='word_1_241' title='bbox 180 1554 370 1581; x_wconf 70' lang='lat' dir='ltr'><strong>benevolentia:</strong></span> <span class='ocrx_word' id='word_1_242' title='bbox 393 1554 525 1580; x_wconf 80' lang='lat' dir='ltr'><strong>vinculum</strong></span> <span class='ocrx_word' id='word_1_243' title='bbox 551 1553 616 1580; x_wconf 91' lang='lat' dir='ltr'><strong>nihil</strong></span> <span class='ocrx_word' id='word_1_244' title='bbox 641 1553 712 1580; x_wconf 83' lang='lat' dir='ltr'><strong>aliud</strong></span> <span class='ocrx_word' id='word_1_245' title='bbox 735 1554 786 1584; x_wconf 78' lang='lat' dir='ltr'><strong>sit.</strong></span> <span class='ocrx_word' id='word_1_246' title='bbox 808 1562 886 1588; x_wconf 89' lang='lat' dir='ltr'><strong>quam</strong></span> <span class='ocrx_word' id='word_1_247' title='bbox 910 1554 973 1580; x_wconf 89' lang='lat' dir='ltr'><strong>eniti</strong></span> 
     </span>
    </p>
   </div>
   <div class='ocr_carea' id='block_1_32' title="bbox 179 1599 974 1634">
    <p class='ocr_par' dir='ltr' id='par_1_32' title="bbox 179 1599 974 1634">
     <span class='ocr_line' id='line_1_32' title="bbox 179 1599 974 1634; baseline -0.003 -7"><span class='ocrx_word' id='word_1_248' title='bbox 179 1605 205 1627; x_wconf 91' lang='lat' dir='ltr'><strong>ct</strong></span> <span class='ocrx_word' id='word_1_249' title='bbox 218 1600 305 1627; x_wconf 87' lang='lat' dir='ltr'><strong>omnia</strong></span> <span class='ocrx_word' id='word_1_250' title='bbox 329 1599 416 1627; x_wconf 84' lang='lat' dir='ltr'><strong>facere</strong></span> <span class='ocrx_word' id='word_1_251' title='bbox 431 1608 489 1634; x_wconf 69' lang='lat' dir='ltr'><strong>qum</strong></span> <span class='ocrx_word' id='word_1_252' title='bbox 505 1600 626 1634; x_wconf 86' lang='lat' dir='ltr'><strong>placeant</strong></span> <span class='ocrx_word' id='word_1_253' title='bbox 640 1599 726 1633; x_wconf 81' lang='lat' dir='ltr'><strong>patri,</strong></span> <span class='ocrx_word' id='word_1_254' title='bbox 740 1603 823 1629; x_wconf 71' lang='lat' dir='ltr'><strong>ortus,</strong></span> <span class='ocrx_word' id='word_1_255' title='bbox 837 1599 974 1626; x_wconf 84' lang='lat' dir='ltr'><strong>educatio-</strong></span> 
     </span>
    </p>
   </div>
   <div class='ocr_carea' id='block_1_33' title="bbox 180 1644 973 1680">
    <p class='ocr_par' dir='ltr' id='par_1_33' title="bbox 180 1644 973 1680">
     <span class='ocr_line' id='line_1_33' title="bbox 180 1644 973 1680; baseline -0.003 -8"><span class='ocrx_word' id='word_1_256' title='bbox 180 1646 221 1673; x_wconf 88' lang='lat' dir='ltr'><strong>nis</strong></span> <span class='ocrx_word' id='word_1_257' title='bbox 241 1651 319 1680; x_wconf 86' lang='lat' dir='ltr'><strong>atque</strong></span> <span class='ocrx_word' id='word_1_258' title='bbox 344 1645 554 1672; x_wconf 84' lang='lat' dir='ltr'><strong>conservationis</strong></span> <span class='ocrx_word' id='word_1_259' title='bbox 575 1646 686 1672; x_wconf 81' lang='lat' dir='ltr'><strong>aucturi.</strong></span> <span class='ocrx_word' id='word_1_260' title='bbox 712 1646 794 1677; x_wconf 81' lang='lat' dir='ltr'><strong>Quem</strong></span> <span class='ocrx_word' id='word_1_261' title='bbox 812 1650 840 1671; x_wconf 91' lang='lat' dir='ltr'><strong>ut</strong></span> <span class='ocrx_word' id='word_1_262' title='bbox 861 1644 973 1671; x_wconf 73' lang='lat' dir='ltr'><strong>delirant</strong></span> 
     </span>
    </p>
   </div>
   <div class='ocr_carea' id='block_1_34' title="bbox 179 1689 974 1723">
    <p class='ocr_par' dir='ltr' id='par_1_34' title="bbox 179 1689 974 1723">
     <span class='ocr_line' id='line_1_34' title="bbox 179 1689 974 1723; baseline -0.004 -5"><span class='ocrx_word' id='word_1_263' title='bbox 179 1695 398 1723; x_wconf 80' lang='lat' dir='ltr'><strong>contemnentes,</strong></span> <span class='ocrx_word' id='word_1_264' title='bbox 424 1691 490 1717; x_wconf 88' lang='lat' dir='ltr'><strong>bella</strong></span> <span class='ocrx_word' id='word_1_265' title='bbox 515 1692 541 1716; x_wconf 90' lang='lat' dir='ltr'><strong>in</strong></span> <span class='ocrx_word' id='word_1_266' title='bbox 567 1691 682 1717; x_wconf 58' lang='lat' dir='ltr'><strong>Ecclesia</strong></span> <span class='ocrx_word' id='word_1_267' title='bbox 703 1690 879 1722; x_wconf 86' lang='lat' dir='ltr'><strong>acccndistis,</strong></span> <span class='ocrx_word' id='word_1_268' title='bbox 900 1689 974 1723; x_wconf 70' lang='lat' dir='ltr'><strong>juxta</strong></span> 
     </span>
    </p>
   </div>
   <div class='ocr_carea' id='block_1_35' title="bbox 181 1735 977 1771">
    <p class='ocr_par' dir='ltr' id='par_1_35' title="bbox 181 1735 977 1771">
     <span class='ocr_line' id='line_1_35' title="bbox 181 1735 977 1771; baseline -0.001 -9"><span class='ocrx_word' id='word_1_269' title='bbox 181 1737 347 1771; x_wconf 84' lang='lat' dir='ltr'><strong>prophetam,</strong></span> <span class='ocrx_word' id='word_1_270' title='bbox 363 1737 406 1770; x_wconf 88' lang='lat' dir='ltr'><strong>qui</strong></span> <span class='ocrx_word' id='word_1_271' title='bbox 425 1735 506 1763; x_wconf 84' lang='lat' dir='ltr'><strong>dicit:</strong></span> <span class='ocrx_word' id='word_1_272' title='bbox 523 1735 654 1762; x_wconf 80' lang='lat' dir='ltr'><strong>Insaniam</strong></span> <span class='ocrx_word' id='word_1_273' title='bbox 669 1737 695 1762; x_wconf 85' lang='lat' dir='ltr'><strong>in</strong></span> <span class='ocrx_word' id='word_1_274' title='bbox 706 1736 779 1762; x_wconf 85' lang='lat' dir='ltr'><strong>domo</strong></span> <span class='ocrx_word' id='word_1_275' title='bbox 795 1735 896 1762; x_wconf 80' lang='lat' dir='ltr'><strong>Domini</strong></span> <span class='ocrx_word' id='word_1_276' title='bbox 912 1735 977 1769; x_wconf 70' lang='lat' dir='ltr'><strong>[ire-</strong></span> 
     </span>
    </p>
   </div>
   <div class='ocr_carea' id='block_1_36' title="bbox 180 1781 977 1818">
    <p class='ocr_par' dir='ltr' id='par_1_36' title="bbox 180 1781 977 1818">
     <span class='ocr_line' id='line_1_36' title="bbox 180 1781 977 1818; baseline -0.003 -9"><span class='ocrx_word' id='word_1_277' title='bbox 180 1788 238 1809; x_wconf 87' lang='lat' dir='ltr'><strong>runt</strong></span> <span class='ocrx_word' id='word_1_278' title='bbox 256 1782 331 1818; x_wconf 73' lang='lat' dir='ltr'><strong>(Osee</strong></span> <span class='ocrx_word' id='word_1_279' title='bbox 343 1782 368 1809; x_wconf 85' lang='lat'><strong>9.</strong></span> <span class='ocrx_word' id='word_1_280' title='bbox 386 1782 429 1816; x_wconf 86' lang='lat'><strong>8);</strong></span> <span class='ocrx_word' id='word_1_281' title='bbox 447 1790 505 1808; x_wconf 92' lang='lat' dir='ltr'><strong>cum</strong></span> <span class='ocrx_word' id='word_1_282' title='bbox 527 1781 642 1808; x_wconf 73' lang='lat' dir='ltr'><strong>excitare</strong></span> <span class='ocrx_word' id='word_1_283' title='bbox 667 1786 745 1815; x_wconf 88' lang='lat' dir='ltr'><strong>atque</strong></span> <span class='ocrx_word' id='word_1_284' title='bbox 767 1781 866 1807; x_wconf 90' lang='lat' dir='ltr'><strong>hortari</strong></span> <span class='ocrx_word' id='word_1_285' title='bbox 883 1786 977 1807; x_wconf 89' lang='lat' dir='ltr'><strong>mutuo</strong></span> 
     </span>
    </p>
   </div>
   <div class='ocr_carea' id='block_1_37' title="bbox 179 1826 973 1864">
    <p class='ocr_par' dir='ltr' id='par_1_37' title="bbox 179 1826 973 1864">
     <span class='ocr_line' id='line_1_37' title="bbox 179 1826 973 1864; baseline -0.001 -10"><span class='ocrx_word' id='word_1_286' title='bbox 179 1827 332 1855; x_wconf 76' lang='lat' dir='ltr'><strong>deberetis:</strong></span> <span class='ocrx_word' id='word_1_287' title='bbox 349 1827 443 1854; x_wconf 82' lang='lat' dir='ltr'><strong>deinde</strong></span> <span class='ocrx_word' id='word_1_288' title='bbox 459 1832 555 1861; x_wconf 75' lang='lat' dir='ltr'><strong>przrter</strong></span> <span class='ocrx_word' id='word_1_289' title='bbox 573 1832 687 1853; x_wconf 87' lang='lat' dir='ltr'><strong>mentem</strong></span> <span class='ocrx_word' id='word_1_290' title='bbox 706 1830 732 1853; x_wconf 83' lang='lat' dir='ltr'><strong>rt</strong></span> <span class='ocrx_word' id='word_1_291' title='bbox 747 1826 905 1853; x_wconf 84' lang='lat' dir='ltr'><strong>sententiam</strong></span> <span class='ocrx_word' id='word_1_292' title='bbox 923 1826 973 1864; x_wconf 75' lang='lat' dir='ltr'><strong>Pa-</strong></span> 
     </span>
    </p>
   </div>
   <div class='ocr_carea' id='block_1_38' title="bbox 182 1871 973 1907">
    <p class='ocr_par' dir='ltr' id='par_1_38' title="bbox 182 1871 973 1907">
     <span class='ocr_line' id='line_1_38' title="bbox 182 1871 973 1907; baseline -0.003 -7"><span class='ocrx_word' id='word_1_293' title='bbox 182 1874 229 1900; x_wconf 82' lang='lat' dir='ltr'><strong>tris</strong></span> <span class='ocrx_word' id='word_1_294' title='bbox 242 1873 308 1900; x_wconf 75' lang='lat' dir='ltr'><strong>bella</strong></span> <span class='ocrx_word' id='word_1_295' title='bbox 326 1873 499 1907; x_wconf 55' lang='lat' dir='ltr'><strong>implacabilia</strong></span> <span class='ocrx_word' id='word_1_296' title='bbox 517 1873 585 1899; x_wconf 89' lang='lat' dir='ltr'><strong>inter</strong></span> <span class='ocrx_word' id='word_1_297' title='bbox 604 1879 650 1898; x_wconf 85' lang='lat' dir='ltr'><strong>vos</strong></span> <span class='ocrx_word' id='word_1_298' title='bbox 664 1876 795 1906; x_wconf 76' lang='lat' dir='ltr'><strong>gerentes.</strong></span> <span class='ocrx_word' id='word_1_299' title='bbox 814 1871 889 1898; x_wconf 78' lang='lat' dir='ltr'><strong>Addo</strong></span> <span class='ocrx_word' id='word_1_300' title='bbox 903 1872 973 1906; x_wconf 92' lang='lat' dir='ltr'><strong>quod</strong></span> 
     </span>
    </p>
   </div>
   <div class='ocr_carea' id='block_1_39' title="bbox 180 1917 974 1952">
    <p class='ocr_par' dir='ltr' id='par_1_39' title="bbox 180 1917 974 1952">
     <span class='ocr_line' id='line_1_39' title="bbox 180 1917 974 1952; baseline -0.003 -7"><span class='ocrx_word' id='word_1_301' title='bbox 180 1924 206 1945; x_wconf 78' lang='lat' dir='ltr'><strong>rt</strong></span> <span class='ocrx_word' id='word_1_302' title='bbox 221 1919 303 1945; x_wconf 78' lang='lat' dir='ltr'><strong>Deum</strong></span> <span class='ocrx_word' id='word_1_303' title='bbox 318 1923 344 1945; x_wconf 87' lang='lat' dir='ltr'><strong>et</strong></span> <span class='ocrx_word' id='word_1_304' title='bbox 357 1926 449 1944; x_wconf 72' lang='lat' dir='ltr'><strong>omnes</strong></span> <span class='ocrx_word' id='word_1_305' title='bbox 464 1918 508 1952; x_wconf 91' lang='lat' dir='ltr'><strong>qtti</strong></span> <span class='ocrx_word' id='word_1_306' title='bbox 529 1917 561 1943; x_wconf 89' lang='lat' dir='ltr'><strong>ad</strong></span> <span class='ocrx_word' id='word_1_307' title='bbox 585 1925 643 1944; x_wconf 87' lang='lat' dir='ltr'><strong>cmn</strong></span> <span class='ocrx_word' id='word_1_308' title='bbox 659 1917 803 1950; x_wconf 78' lang='lat' dir='ltr'><strong>accedunt,</strong></span> <span class='ocrx_word' id='word_1_309' title='bbox 819 1917 900 1952; x_wconf 83' lang='lat' dir='ltr'><strong>ipsius</strong></span> <span class='ocrx_word' id='word_1_310' title='bbox 914 1918 974 1952; x_wconf 91' lang='lat' dir='ltr'><strong>qui-</strong></span> 
     </span>
    </p>
   </div>
   <div class='ocr_carea' id='block_1_40' title="bbox 180 1963 974 1997">
    <p class='ocr_par' dir='ltr' id='par_1_40' title="bbox 180 1963 974 1997">
     <span class='ocr_line' id='line_1_40' title="bbox 180 1963 974 1997; baseline 0 -7"><span class='ocrx_word' id='word_1_311' title='bbox 180 1965 240 1991; x_wconf 91' lang='lat' dir='ltr'><strong>dem</strong></span> <span class='ocrx_word' id='word_1_312' title='bbox 257 1964 340 1996; x_wconf 86' lang='lat' dir='ltr'><strong>filios,</strong></span> <span class='ocrx_word' id='word_1_313' title='bbox 358 1969 459 1991; x_wconf 75' lang='lat' dir='ltr'><strong>vestros</strong></span> <span class='ocrx_word' id='word_1_314' title='bbox 473 1971 537 1990; x_wconf 88' lang='lat' dir='ltr'><strong>vero</strong></span> <span class='ocrx_word' id='word_1_315' title='bbox 553 1963 647 1990; x_wconf 80' lang='lat' dir='ltr'><strong>fratres</strong></span> <span class='ocrx_word' id='word_1_316' title='bbox 661 1963 833 1990; x_wconf 82' lang='lat' dir='ltr'><strong>vehementer</strong></span> <span class='ocrx_word' id='word_1_317' title='bbox 846 1963 974 1997; x_wconf 87' lang='lat' dir='ltr'><strong>obstupe-</strong></span> 
     </span>
    </p>
   </div>
   <div class='ocr_carea' id='block_1_41' title="bbox 181 2009 973 2043">
    <p class='ocr_par' dir='ltr' id='par_1_41' title="bbox 181 2009 973 2043">
     <span class='ocr_line' id='line_1_41' title="bbox 181 2009 973 2043; baseline -0.001 -7"><span class='ocrx_word' id='word_1_318' title='bbox 181 2010 242 2036; x_wconf 88' lang='lat' dir='ltr'><strong>facit</strong></span> <span class='ocrx_word' id='word_1_319' title='bbox 259 2017 290 2036; x_wconf 88' lang='lat' dir='ltr'><strong>ac</strong></span> <span class='ocrx_word' id='word_1_320' title='bbox 313 2013 417 2040; x_wconf 90' lang='lat' dir='ltr'><strong>movet,</strong></span> <span class='ocrx_word' id='word_1_321' title='bbox 443 2016 490 2036; x_wconf 90' lang='lat' dir='ltr'><strong>nec</strong></span> <span class='ocrx_word' id='word_1_322' title='bbox 515 2013 602 2036; x_wconf 86' lang='lat' dir='ltr'><strong>lacere.</strong></span> <span class='ocrx_word' id='word_1_323' title='bbox 626 2009 772 2042; x_wconf 83' lang='lat' dir='ltr'><strong>permittit:</strong></span> <span class='ocrx_word' id='word_1_324' title='bbox 794 2017 879 2043; x_wconf 84' lang='lat' dir='ltr'><strong>neque</strong></span> <span class='ocrx_word' id='word_1_325' title='bbox 902 2009 973 2035; x_wconf 90' lang='lat' dir='ltr'><strong>enim</strong></span> 
     </span>
    </p>
   </div>
   <div class='ocr_carea' id='block_1_42' title="bbox 181 2054 974 2089">
    <p class='ocr_par' dir='ltr' id='par_1_42' title="bbox 181 2054 974 2089">
     <span class='ocr_line' id='line_1_42' title="bbox 181 2054 974 2089; baseline 0 -8"><span class='ocrx_word' id='word_1_326' title='bbox 181 2055 294 2081; x_wconf 86' lang='lat' dir='ltr'><strong>filiorum</strong></span> <span class='ocrx_word' id='word_1_327' title='bbox 307 2055 424 2081; x_wconf 86' lang='lat' dir='ltr'><strong>utilitatis</strong></span> <span class='ocrx_word' id='word_1_328' title='bbox 437 2055 572 2089; x_wconf 76' lang='lat' dir='ltr'><strong>negligens</strong></span> <span class='ocrx_word' id='word_1_329' title='bbox 583 2059 621 2081; x_wconf 50' lang='lat' dir='ltr'><strong>e‘t</strong></span> <span class='ocrx_word' id='word_1_330' title='bbox 633 2059 660 2081; x_wconf 82' lang='lat' dir='ltr'><strong>et</strong></span> <span class='ocrx_word' id='word_1_331' title='bbox 672 2054 857 2081; x_wconf 74' lang='lat' dir='ltr'><strong>Sollicitudiuis</strong></span> <span class='ocrx_word' id='word_1_332' title='bbox 867 2062 974 2088; x_wconf 80' lang='lat' dir='ltr'><strong>expers.</strong></span> 
     </span>
    </p>
   </div>
   <div class='ocr_carea' id='block_1_43' title="bbox 180 2100 973 2136">
    <p class='ocr_par' dir='ltr' id='par_1_43' title="bbox 180 2100 973 2136">
     <span class='ocr_line' id='line_1_43' title="bbox 180 2100 973 2136; baseline 0 -9"><span class='ocrx_word' id='word_1_333' title='bbox 180 2102 301 2128; x_wconf 73' lang='lat' dir='ltr'><strong>Vestram</strong></span> <span class='ocrx_word' id='word_1_334' title='bbox 318 2101 396 2136; x_wconf 80' lang='lat' dir='ltr'><strong>igitur</strong></span> <span class='ocrx_word' id='word_1_335' title='bbox 409 2101 568 2128; x_wconf 86' lang='lat' dir='ltr'><strong>dementiam</strong></span> <span class='ocrx_word' id='word_1_336' title='bbox 585 2109 654 2135; x_wconf 80' lang='lat' dir='ltr'><strong>:rgre</strong></span> <span class='ocrx_word' id='word_1_337' title='bbox 668 2100 755 2127; x_wconf 82' lang='lat' dir='ltr'><strong>ferens</strong></span> <span class='ocrx_word' id='word_1_338' title='bbox 766 2122 772 2133; x_wconf 90' lang='lat'><strong>,</strong></span> <span class='ocrx_word' id='word_1_339' title='bbox 788 2105 866 2135; x_wconf 89' lang='lat' dir='ltr'><strong>atquc</strong></span> <span class='ocrx_word' id='word_1_340' title='bbox 881 2108 973 2127; x_wconf 90' lang='lat' dir='ltr'><strong>corum</strong></span> 
     </span>
    </p>
   </div>
   <div class='ocr_carea' id='block_1_44' title="bbox 181 2145 974 2181">
    <p class='ocr_par' dir='ltr' id='par_1_44' title="bbox 181 2145 974 2181">
     <span class='ocr_line' id='line_1_44' title="bbox 181 2145 974 2181; baseline 0.003 -10"><span class='ocrx_word' id='word_1_341' title='bbox 181 2146 400 2181; x_wconf 70' lang='lat' dir='ltr'><strong>oppressionem,</strong></span> <span class='ocrx_word' id='word_1_342' title='bbox 416 2145 460 2180; x_wconf 89' lang='lat' dir='ltr'><strong>qui</strong></span> <span class='ocrx_word' id='word_1_343' title='bbox 479 2145 602 2179; x_wconf 71' lang='lat' dir='ltr'><strong>iniuriam</strong></span> <span class='ocrx_word' id='word_1_344' title='bbox 617 2145 770 2180; x_wconf 87' lang='lat' dir='ltr'><strong>patiuntur:</strong></span> <span class='ocrx_word' id='word_1_345' title='bbox 786 2146 845 2173; x_wconf 83' lang='lat' dir='ltr'><strong>ideo</strong></span> <span class='ocrx_word' id='word_1_346' title='bbox 866 2146 974 2179; x_wconf 85' lang='lat' dir='ltr'><strong>impune</strong></span> 
     </span>
    </p>
   </div>
   <div class='ocr_carea' id='block_1_45' title="bbox 180 2191 974 2226">
    <p class='ocr_par' dir='ltr' id='par_1_45' title="bbox 180 2191 974 2226">
     <span class='ocr_line' id='line_1_45' title="bbox 180 2191 974 2226; baseline -0.001 -7"><span class='ocrx_word' id='word_1_347' title='bbox 180 2201 229 2219; x_wconf 77' lang='lat' dir='ltr'><strong>vos</strong></span> <span class='ocrx_word' id='word_1_348' title='bbox 248 2191 361 2220; x_wconf 82' lang='lat' dir='ltr'><strong>evadere</strong></span> <span class='ocrx_word' id='word_1_349' title='bbox 372 2191 472 2226; x_wconf 89' lang='lat' dir='ltr'><strong>justum</strong></span> <span class='ocrx_word' id='word_1_350' title='bbox 495 2199 545 2218; x_wconf 89' lang='lat' dir='ltr'><strong>non</strong></span> <span class='ocrx_word' id='word_1_351' title='bbox 568 2196 657 2226; x_wconf 83' lang='lat' dir='ltr'><strong>putat,</strong></span> <span class='ocrx_word' id='word_1_352' title='bbox 683 2191 752 2218; x_wconf 81' lang='lat' dir='ltr'><strong>sicut</strong></span> <span class='ocrx_word' id='word_1_353' title='bbox 773 2192 862 2226; x_wconf 74' lang='lat' dir='ltr'><strong>rmpit.</strong></span> <span class='ocrx_word' id='word_1_354' title='bbox 884 2191 974 2226; x_wconf 84' lang='lat' dir='ltr'><strong>Neque</strong></span> 
     </span>
    </p>
   </div>
   <div class='ocr_carea' id='block_1_46' title="bbox 180 2237 974 2272">
    <p class='ocr_par' dir='ltr' id='par_1_46' title="bbox 180 2237 974 2272">
     <span class='ocr_line' id='line_1_46' title="bbox 180 2237 974 2272; baseline 0.001 -8"><span class='ocrx_word' id='word_1_355' title='bbox 180 2238 251 2265; x_wconf 84' lang='lat' dir='ltr'><strong>enim</strong></span> <span class='ocrx_word' id='word_1_356' title='bbox 265 2238 313 2272; x_wconf 69' lang='lat' dir='ltr'><strong>ip~i</strong></span> <span class='ocrx_word' id='word_1_357' title='bbox 325 2237 461 2269; x_wconf 84' lang='lat' dir='ltr'><strong>decorum,</strong></span> <span class='ocrx_word' id='word_1_358' title='bbox 475 2245 561 2272; x_wconf 84' lang='lat' dir='ltr'><strong>neque</strong></span> <span class='ocrx_word' id='word_1_359' title='bbox 573 2238 646 2264; x_wconf 78' lang='lat' dir='ltr'><strong>vobis</strong></span> <span class='ocrx_word' id='word_1_360' title='bbox 659 2242 742 2264; x_wconf 87' lang='lat' dir='ltr'><strong>tntum</strong></span> <span class='ocrx_word' id='word_1_361' title='bbox 754 2241 795 2265; x_wconf 90' lang='lat' dir='ltr'><strong>est</strong></span> <span class='ocrx_word' id='word_1_362' title='bbox 808 2247 813 2264; x_wconf 95' lang='lat'>:</span> <span class='ocrx_word' id='word_1_363' title='bbox 829 2242 856 2264; x_wconf 86' lang='lat' dir='ltr'><strong>et</strong></span> <span class='ocrx_word' id='word_1_364' title='bbox 867 2238 974 2265; x_wconf 82' lang='lat' dir='ltr'><strong>morbus</strong></span> 
     </span>
    </p>
   </div>
   <div class='ocr_carea' id='block_1_47' title="bbox 182 2283 973 2318">
    <p class='ocr_par' dir='ltr' id='par_1_47' title="bbox 182 2283 973 2318">
     <span class='ocr_line' id='line_1_47' title="bbox 182 2283 973 2318; baseline -0.001 -8"><span class='ocrx_word' id='word_1_365' title='bbox 182 2288 268 2310; x_wconf 70' lang='lat' dir='ltr'><strong>vester</strong></span> <span class='ocrx_word' id='word_1_366' title='bbox 280 2283 426 2311; x_wconf 84' lang='lat' dir='ltr'><strong>tolerabilis</strong></span> <span class='ocrx_word' id='word_1_367' title='bbox 441 2291 492 2309; x_wconf 81' lang='lat' dir='ltr'><strong>neu</strong></span> <span class='ocrx_word' id='word_1_368' title='bbox 509 2288 559 2315; x_wconf 87' lang='lat' dir='ltr'><strong>cst,</strong></span> <span class='ocrx_word' id='word_1_369' title='bbox 577 2291 624 2310; x_wconf 78' lang='lat' dir='ltr'><strong>nec</strong></span> <span class='ocrx_word' id='word_1_370' title='bbox 639 2291 709 2311; x_wconf 75' lang='lat' dir='ltr'><strong>curm</strong></span> <span class='ocrx_word' id='word_1_371' title='bbox 720 2283 871 2315; x_wconf 82' lang='lat' dir='ltr'><strong>cujuslibet.</strong></span> <span class='ocrx_word' id='word_1_372' title='bbox 887 2283 973 2318; x_wconf 79' lang='lat' dir='ltr'><strong>Plagis</strong></span> 
     </span>
    </p>
   </div>
   <div class='ocr_carea' id='block_1_48' title="bbox 181 2328 973 2363">
    <p class='ocr_par' dir='ltr' id='par_1_48' title="bbox 181 2328 973 2363">
     <span class='ocr_line' id='line_1_48' title="bbox 181 2328 973 2363; baseline 0.001 -8"><span class='ocrx_word' id='word_1_373' title='bbox 181 2329 251 2355; x_wconf 61' lang='lat' dir='ltr'><strong>enim</strong></span> <span class='ocrx_word' id='word_1_374' title='bbox 272 2334 299 2357; x_wconf 85' lang='lat' dir='ltr'><strong>et</strong></span> <span class='ocrx_word' id='word_1_375' title='bbox 322 2328 468 2356; x_wconf 88' lang='lat' dir='ltr'><strong>innumeris</strong></span> <span class='ocrx_word' id='word_1_376' title='bbox 492 2329 570 2356; x_wconf 72' lang='lat' dir='ltr'><strong>etiam</strong></span> <span class='ocrx_word' id='word_1_377' title='bbox 592 2329 733 2363; x_wconf 65' lang='lat' dir='ltr'><strong>exstigatos</strong></span> <span class='ocrx_word' id='word_1_378' title='bbox 749 2329 875 2355; x_wconf 81' lang='lat' dir='ltr'><strong>vibicibus</strong></span> <span class='ocrx_word' id='word_1_379' title='bbox 898 2328 973 2356; x_wconf 84' lang='lat' dir='ltr'><strong>dete-</strong></span> 
     </span>
    </p>
   </div>
   <div class='ocr_carea' id='block_1_49' title="bbox 181 2373 974 2402">
    <p class='ocr_par' dir='ltr' id='par_1_49' title="bbox 181 2373 974 2402">
     <span class='ocr_line' id='line_1_49' title="bbox 181 2373 974 2402; baseline 0.004 -4"><span class='ocrx_word' id='word_1_380' title='bbox 181 2373 265 2400; x_wconf 83' lang='lat' dir='ltr'><strong>riores</strong></span> <span class='ocrx_word' id='word_1_381' title='bbox 284 2374 367 2401; x_wconf 76' lang='lat' dir='ltr'><strong>factos</strong></span> <span class='ocrx_word' id='word_1_382' title='bbox 382 2381 442 2400; x_wconf 84' lang='lat' dir='ltr'><strong>esse</strong></span> <span class='ocrx_word' id='word_1_383' title='bbox 457 2381 505 2400; x_wconf 82' lang='lat' dir='ltr'><strong>vos</strong></span> <span class='ocrx_word' id='word_1_384' title='bbox 518 2375 597 2401; x_wconf 89' lang='lat' dir='ltr'><strong>videt.</strong></span> <span class='ocrx_word' id='word_1_385' title='bbox 613 2374 720 2400; x_wconf 77' lang='lat' dir='ltr'><strong>Multum</strong></span> <span class='ocrx_word' id='word_1_386' title='bbox 735 2375 805 2401; x_wconf 87' lang='lat' dir='ltr'><strong>enim</strong></span> <span class='ocrx_word' id='word_1_387' title='bbox 821 2375 974 2402; x_wconf 85' lang='lat' dir='ltr'><strong>insensibile</strong></span> 
     </span>
    </p>
   </div>
   <div class='ocr_carea' id='block_1_50' title="bbox 181 2419 975 2455">
    <p class='ocr_par' dir='ltr' id='par_1_50' title="bbox 181 2419 975 2455">
     <span class='ocr_line' id='line_1_50' title="bbox 181 2419 975 2455; baseline 0.001 -9"><span class='ocrx_word' id='word_1_388' title='bbox 181 2425 208 2446; x_wconf 90' lang='lat' dir='ltr'><strong>ct</strong></span> <span class='ocrx_word' id='word_1_389' title='bbox 222 2419 363 2446; x_wconf 70' lang='lat' dir='ltr'><strong>inflexibile</strong></span> <span class='ocrx_word' id='word_1_390' title='bbox 379 2420 404 2446; x_wconf 91' lang='lat' dir='ltr'><strong>iu</strong></span> <span class='ocrx_word' id='word_1_391' title='bbox 421 2420 494 2447; x_wconf 89' lang='lat' dir='ltr'><strong>vobis</strong></span> <span class='ocrx_word' id='word_1_392' title='bbox 508 2420 652 2452; x_wconf 81' lang='lat' dir='ltr'><strong>redundat,</strong></span> <span class='ocrx_word' id='word_1_393' title='bbox 668 2420 761 2447; x_wconf 76' lang='lat' dir='ltr'><strong>fratres</strong></span> <span class='ocrx_word' id='word_1_394' title='bbox 772 2441 778 2451; x_wconf 87' lang='lat'><strong>,</strong></span> <span class='ocrx_word' id='word_1_395' title='bbox 794 2428 932 2455; x_wconf 76' lang='lat' dir='ltr'><strong>germanos</strong></span> <span class='ocrx_word' id='word_1_396' title='bbox 948 2425 975 2448; x_wconf 87' lang='lat' dir='ltr'><strong>et</strong></span> 
     </span>
    </p>
   </div>
   <div class='ocr_carea' id='block_1_51' title="bbox 181 2465 974 2500">
    <p class='ocr_par' dir='ltr' id='par_1_51' title="bbox 181 2465 974 2500">
     <span class='ocr_line' id='line_1_51' title="bbox 181 2465 974 2500; baseline 0.001 -9"><span class='ocrx_word' id='word_1_397' title='bbox 181 2465 397 2495; x_wconf 75' lang='lat' dir='ltr'><strong>contubernales,</strong></span> <span class='ocrx_word' id='word_1_398' title='bbox 415 2470 541 2499; x_wconf 82' lang='lat' dir='ltr'><strong>pr.rterea</strong></span> <span class='ocrx_word' id='word_1_399' title='bbox 555 2470 582 2492; x_wconf 84' lang='lat' dir='ltr'><strong>ct</strong></span> <span class='ocrx_word' id='word_1_400' title='bbox 594 2465 798 2497; x_wconf 68' lang='lat' dir='ltr'><strong>eonftrdcratos,</strong></span> <span class='ocrx_word' id='word_1_401' title='bbox 813 2471 891 2500; x_wconf 84' lang='lat' dir='ltr'><strong>atque</strong></span> <span class='ocrx_word' id='word_1_402' title='bbox 904 2466 974 2499; x_wconf 85' lang='lat' dir='ltr'><strong>ejus-</strong></span> 
     </span>
    </p>
   </div>
   <div class='ocr_carea' id='block_1_52' title="bbox 182 2511 974 2547">
    <p class='ocr_par' dir='ltr' id='par_1_52' title="bbox 182 2511 974 2547">
     <span class='ocr_line' id='line_1_52' title="bbox 182 2511 974 2547; baseline 0.004 -10"><span class='ocrx_word' id='word_1_403' title='bbox 182 2512 242 2538; x_wconf 84' lang='lat' dir='ltr'><strong>detu</strong></span> <span class='ocrx_word' id='word_1_404' title='bbox 260 2519 358 2538; x_wconf 59' lang='lat' dir='ltr'><strong>mensae</strong></span> <span class='ocrx_word' id='word_1_405' title='bbox 374 2519 404 2537; x_wconf 87' lang='lat' dir='ltr'><strong>ac</strong></span> <span class='ocrx_word' id='word_1_406' title='bbox 421 2511 479 2538; x_wconf 86' lang='lat' dir='ltr'><strong>lecti</strong></span> <span class='ocrx_word' id='word_1_407' title='bbox 504 2513 643 2545; x_wconf 84' lang='lat' dir='ltr'><strong>participes</strong></span> <span class='ocrx_word' id='word_1_408' title='bbox 663 2517 689 2538; x_wconf 88' lang='lat' dir='ltr'><strong>ct</strong></span> <span class='ocrx_word' id='word_1_409' title='bbox 712 2513 788 2540; x_wconf 89' lang='lat' dir='ltr'><strong>unius</strong></span> <span class='ocrx_word' id='word_1_410' title='bbox 802 2512 974 2547; x_wconf 75' lang='lat' dir='ltr'><strong>ejusdemque</strong></span> 
     </span>
    </p>
   </div>
   <div class='ocr_carea' id='block_1_53' title="bbox 181 2556 973 2592">
    <p class='ocr_par' dir='ltr' id='par_1_53' title="bbox 181 2556 973 2592">
     <span class='ocr_line' id='line_1_53' title="bbox 181 2556 973 2592; baseline 0.003 -9"><span class='ocrx_word' id='word_1_411' title='bbox 181 2557 357 2591; x_wconf 62' lang='lat' dir='ltr'><strong>cognationis,</strong></span> <span class='ocrx_word' id='word_1_412' title='bbox 374 2556 442 2583; x_wconf 88' lang='lat' dir='ltr'><strong>adeo</strong></span> <span class='ocrx_word' id='word_1_413' title='bbox 457 2556 482 2583; x_wconf 92' lang='lat' dir='ltr'><strong>in</strong></span> <span class='ocrx_word' id='word_1_414' title='bbox 497 2557 585 2583; x_wconf 89' lang='lat' dir='ltr'><strong>odimn</strong></span> <span class='ocrx_word' id='word_1_415' title='bbox 602 2557 779 2591; x_wconf 86' lang='lat' dir='ltr'><strong>turpissimum</strong></span> <span class='ocrx_word' id='word_1_416' title='bbox 793 2558 973 2592; x_wconf 75' lang='lat' dir='ltr'><strong>pervenistis,</strong></span> 
     </span>
    </p>
   </div>
   <div class='ocr_carea' id='block_1_54' title="bbox 183 2602 975 2637">
    <p class='ocr_par' dir='ltr' id='par_1_54' title="bbox 183 2602 975 2637">
     <span class='ocr_line' id='line_1_54' title="bbox 183 2602 975 2637; baseline -0.001 -7"><span class='ocrx_word' id='word_1_417' title='bbox 183 2609 208 2631; x_wconf 90' lang='lat' dir='ltr'><strong>ut</strong></span> <span class='ocrx_word' id='word_1_418' title='bbox 225 2611 271 2630; x_wconf 87' lang='lat' dir='ltr'><strong>eos</strong></span> <span class='ocrx_word' id='word_1_419' title='bbox 286 2603 365 2630; x_wconf 85' lang='lat' dir='ltr'><strong>etiam</strong></span> <span class='ocrx_word' id='word_1_420' title='bbox 388 2609 401 2627; x_wconf 88' lang='lat' dir='ltr'><strong>a</strong></span> <span class='ocrx_word' id='word_1_421' title='bbox 424 2602 519 2628; x_wconf 85' lang='lat' dir='ltr'><strong>finibus</strong></span> <span class='ocrx_word' id='word_1_422' title='bbox 534 2602 646 2637; x_wconf 82' lang='lat' dir='ltr'><strong>prepriis</strong></span> <span class='ocrx_word' id='word_1_423' title='bbox 663 2608 687 2629; x_wconf 88' lang='lat' dir='ltr'><strong>cl</strong></span> <span class='ocrx_word' id='word_1_424' title='bbox 704 2603 836 2630; x_wconf 87' lang='lat' dir='ltr'><strong>communi</strong></span> <span class='ocrx_word' id='word_1_425' title='bbox 853 2603 908 2630; x_wconf 88' lang='lat' dir='ltr'><strong>lare</strong></span> <span class='ocrx_word' id='word_1_426' title='bbox 929 2611 975 2629; x_wconf 83' lang='lat' dir='ltr'><strong>ex-</strong></span> 
     </span>
    </p>
   </div>
   <div class='ocr_carea' id='block_1_55' title="bbox 183 2647 973 2683">
    <p class='ocr_par' dir='ltr' id='par_1_55' title="bbox 183 2647 973 2683">
     <span class='ocr_line' id='line_1_55' title="bbox 183 2647 973 2683; baseline 0.003 -10"><span class='ocrx_word' id='word_1_427' title='bbox 183 2648 305 2683; x_wconf 83' lang='lat' dir='ltr'><strong>pulcrilis</strong></span> <span class='ocrx_word' id='word_1_428' title='bbox 319 2653 344 2674; x_wconf 89' lang='lat' dir='ltr'><strong>et.</strong></span> <span class='ocrx_word' id='word_1_429' title='bbox 360 2647 450 2682; x_wconf 78' lang='lat' dir='ltr'><strong>procul</strong></span> <span class='ocrx_word' id='word_1_430' title='bbox 474 2647 604 2680; x_wconf 72' lang='lat' dir='ltr'><strong>eieceritis</strong></span> <span class='ocrx_word' id='word_1_431' title='bbox 615 2668 621 2679; x_wconf 98' lang='lat'><strong>,</strong></span> <span class='ocrx_word' id='word_1_432' title='bbox 638 2648 693 2675; x_wconf 86' lang='lat' dir='ltr'><strong>sine</strong></span> <span class='ocrx_word' id='word_1_433' title='bbox 707 2649 810 2676; x_wconf 87' lang='lat' dir='ltr'><strong>civitate</strong></span> <span class='ocrx_word' id='word_1_434' title='bbox 832 2657 864 2676; x_wconf 91' lang='lat' dir='ltr'><strong>ac</strong></span> <span class='ocrx_word' id='word_1_435' title='bbox 877 2649 973 2680; x_wconf 87' lang='lat' dir='ltr'><strong>domo;</strong></span> 
     </span>
    </p>
   </div>
   <div class='ocr_carea' id='block_1_56' title="bbox 183 2694 973 2729">
    <p class='ocr_par' dir='ltr' id='par_1_56' title="bbox 183 2694 973 2729">
     <span class='ocr_line' id='line_1_56' title="bbox 183 2694 973 2729; baseline -0.001 -7"><span class='ocrx_word' id='word_1_436' title='bbox 183 2695 297 2729; x_wconf 85' lang='lat' dir='ltr'><strong>denique</strong></span> <span class='ocrx_word' id='word_1_437' title='bbox 308 2694 430 2725; x_wconf 76' lang='lat' dir='ltr'><strong>exsules,</strong></span> <span class='ocrx_word' id='word_1_438' title='bbox 445 2699 571 2726; x_wconf 89' lang='lat' dir='ltr'><strong>quantutu</strong></span> <span class='ocrx_word' id='word_1_439' title='bbox 593 2694 617 2720; x_wconf 92' lang='lat' dir='ltr'><strong>in</strong></span> <span class='ocrx_word' id='word_1_440' title='bbox 635 2695 706 2721; x_wconf 72' lang='lat' dir='ltr'><strong>vobis</strong></span> <span class='ocrx_word' id='word_1_441' title='bbox 722 2695 769 2722; x_wconf 91' lang='lat' dir='ltr'><strong>fuit</strong></span> <span class='ocrx_word' id='word_1_442' title='bbox 783 2704 790 2721; x_wconf 67' lang='grc' dir='ltr'><strong><em>ξ</em></strong></span> <span class='ocrx_word' id='word_1_443' title='bbox 806 2701 832 2722; x_wconf 89' lang='lat' dir='ltr'><strong>et</strong></span> <span class='ocrx_word' id='word_1_444' title='bbox 848 2695 904 2722; x_wconf 82' lang='lat' dir='ltr'><strong>ha-c</strong></span> <span class='ocrx_word' id='word_1_445' title='bbox 918 2703 973 2721; x_wconf 85' lang='lat' dir='ltr'><strong>mo-</strong></span> 
     </span>
    </p>
   </div>
   <div class='ocr_carea' id='block_1_57' title="bbox 185 2738 974 2773">
    <p class='ocr_par' dir='ltr' id='par_1_57' title="bbox 185 2738 974 2773">
     <span class='ocr_line' id='line_1_57' title="bbox 185 2738 974 2773; baseline 0.004 -8"><span class='ocrx_word' id='word_1_446' title='bbox 185 2740 233 2772; x_wconf 84' lang='lat' dir='ltr'><strong>|i:i,</strong></span> <span class='ocrx_word' id='word_1_447' title='bbox 249 2747 301 2766; x_wconf 91' lang='lat' dir='ltr'><strong>non</strong></span> <span class='ocrx_word' id='word_1_448' title='bbox 317 2740 348 2765; x_wconf 91' lang='lat' dir='ltr'><strong>ad</strong></span> <span class='ocrx_word' id='word_1_449' title='bbox 364 2738 471 2772; x_wconf 75' lang='lat' dir='ltr'><strong>aliquod</strong></span> <span class='ocrx_word' id='word_1_450' title='bbox 487 2743 589 2773; x_wconf 83' lang='lat' dir='ltr'><strong>tempus</strong></span> <span class='ocrx_word' id='word_1_451' title='bbox 603 2740 722 2767; x_wconf 71' lang='lat' dir='ltr'><strong>exsilium</strong></span> <span class='ocrx_word' id='word_1_452' title='bbox 736 2741 974 2773; x_wconf 74' lang='lat' dir='ltr'><strong>terminantes,srd</strong></span> 
     </span>
    </p>
   </div>
   <div class='ocr_carea' id='block_1_58' title="bbox 184 2783 974 2820">
    <p class='ocr_par' dir='ltr' id='par_1_58' title="bbox 184 2783 974 2820">
     <span class='ocr_line' id='line_1_58' title="bbox 184 2783 974 2820; baseline 0.004 -10"><span class='ocrx_word' id='word_1_453' title='bbox 184 2785 209 2810; x_wconf 86' lang='lat' dir='ltr'><strong>iu</strong></span> <span class='ocrx_word' id='word_1_454' title='bbox 225 2789 351 2818; x_wconf 90' lang='lat' dir='ltr'><strong>quantum</strong></span> <span class='ocrx_word' id='word_1_455' title='bbox 366 2783 497 2818; x_wconf 74' lang='lat' dir='ltr'><strong>potuistis.</strong></span> <span class='ocrx_word' id='word_1_456' title='bbox 510 2783 534 2810; x_wconf 92' lang='lat' dir='ltr'><strong>in</strong></span> <span class='ocrx_word' id='word_1_457' title='bbox 552 2784 680 2811; x_wconf 90' lang='lat' dir='ltr'><strong>infiniunn</strong></span> <span class='ocrx_word' id='word_1_458' title='bbox 697 2786 785 2819; x_wconf 84' lang='lat' dir='ltr'><strong>etiam,</strong></span> <span class='ocrx_word' id='word_1_459' title='bbox 803 2794 848 2820; x_wconf 89' lang='lat' dir='ltr'><strong>per</strong></span> <span class='ocrx_word' id='word_1_460' title='bbox 859 2786 974 2813; x_wconf 88' lang='lat' dir='ltr'><strong>crudeli-</strong></span> 
     </span>
    </p>
   </div>
   <div class='ocr_carea' id='block_1_59' title="bbox 184 2828 974 2865">
    <p class='ocr_par' dir='ltr' id='par_1_59' title="bbox 184 2828 974 2865">
     <span class='ocr_line' id='line_1_59' title="bbox 184 2828 974 2865; baseline 0.005 -11"><span class='ocrx_word' id='word_1_461' title='bbox 184 2834 264 2854; x_wconf 74' lang='lat' dir='ltr'><strong>tatem</strong></span> <span class='ocrx_word' id='word_1_462' title='bbox 284 2835 314 2855; x_wconf 86' lang='lat' dir='ltr'><strong>ac</strong></span> <span class='ocrx_word' id='word_1_463' title='bbox 330 2828 436 2854; x_wconf 90' lang='lat' dir='ltr'><strong>nimiam</strong></span> <span class='ocrx_word' id='word_1_464' title='bbox 453 2830 549 2855; x_wconf 91' lang='lat' dir='ltr'><strong>mentis</strong></span> <span class='ocrx_word' id='word_1_465' title='bbox 567 2834 660 2856; x_wconf 87' lang='lat' dir='ltr'><strong>vestra:</strong></span> <span class='ocrx_word' id='word_1_466' title='bbox 674 2832 843 2858; x_wconf 88' lang='lat' dir='ltr'><strong>etnotionctn.</strong></span> <span class='ocrx_word' id='word_1_467' title='bbox 858 2831 932 2865; x_wconf 66' lang='lat' dir='ltr'><strong>Quod</strong></span> <span class='ocrx_word' id='word_1_468' title='bbox 949 2831 974 2858; x_wconf 91' lang='lat' dir='ltr'><strong>iu</strong></span> 
     </span>
    </p>
   </div>
   <div class='ocr_carea' id='block_1_60' title="bbox 184 2871 972 2908">
    <p class='ocr_par' dir='ltr' id='par_1_60' title="bbox 184 2871 972 2908">
     <span class='ocr_line' id='line_1_60' title="bbox 184 2871 972 2908; baseline 0.003 -9"><span class='ocrx_word' id='word_1_469' title='bbox 184 2873 224 2904; x_wconf 69' lang='lat' dir='ltr'><strong>his</strong></span> <span class='ocrx_word' id='word_1_470' title='bbox 245 2876 273 2900; x_wconf 83' lang='lat' dir='ltr'><strong>et</strong></span> <span class='ocrx_word' id='word_1_471' title='bbox 294 2871 319 2899; x_wconf 83' lang='lat' dir='ltr'><strong>in</strong></span> <span class='ocrx_word' id='word_1_472' title='bbox 344 2872 420 2899; x_wconf 86' lang='lat' dir='ltr'><strong>beato</strong></span> <span class='ocrx_word' id='word_1_473' title='bbox 445 2871 547 2900; x_wconf 74' lang='lat' dir='ltr'><strong>Juannc</strong></span> <span class='ocrx_word' id='word_1_474' title='bbox 572 2873 682 2908; x_wconf 72' lang='lat' dir='ltr'><strong>fecistis,</strong></span> <span class='ocrx_word' id='word_1_475' title='bbox 709 2876 861 2903; x_wconf 80' lang='lat' dir='ltr'><strong>intestinum</strong></span> <span class='ocrx_word' id='word_1_476' title='bbox 884 2876 972 2903; x_wconf 88' lang='lat' dir='ltr'><strong>odium</strong></span> 
     </span>
    </p>
   </div>
   <div class='ocr_carea' id='block_1_61' title="bbox 1032 222 1827 261">
    <p class='ocr_par' dir='ltr' id='par_1_61' title="bbox 1032 222 1827 261">
     <span class='ocr_line' id='line_1_61' title="bbox 1032 222 1827 261; baseline 0.01 -14"><span class='ocrx_word' id='word_1_477' title='bbox 1032 222 1255 253; x_wconf 81' lang='lat' dir='ltr'><strong>reacccndentes.</strong></span> <span class='ocrx_word' id='word_1_478' title='bbox 1279 230 1309 249; x_wconf 89' lang='lat' dir='ltr'><strong>ac</strong></span> <span class='ocrx_word' id='word_1_479' title='bbox 1326 223 1406 250; x_wconf 83' lang='lat' dir='ltr'><strong>veluti</strong></span> <span class='ocrx_word' id='word_1_480' title='bbox 1430 229 1536 251; x_wconf 87' lang='lat' dir='ltr'><strong>acutum</strong></span> <span class='ocrx_word' id='word_1_481' title='bbox 1562 224 1677 261; x_wconf 70' lang='lat' dir='ltr'><strong>gladium</strong></span> <span class='ocrx_word' id='word_1_482' title='bbox 1701 225 1732 254; x_wconf 74' lang='lat' dir='ltr'><strong>ad</strong></span> <span class='ocrx_word' id='word_1_483' title='bbox 1757 227 1827 255; x_wconf 90' lang='lat' dir='ltr'><strong>hunc</strong></span> 
     </span>
    </p>
   </div>
   <div class='ocr_carea' id='block_1_62' title="bbox 1033 267 1826 305">
    <p class='ocr_par' dir='ltr' id='par_1_62' title="bbox 1033 267 1826 305">
     <span class='ocr_line' id='line_1_62' title="bbox 1033 267 1826 305; baseline 0.01 -13"><span class='ocrx_word' id='word_1_484' title='bbox 1033 275 1115 301; x_wconf 88' lang='lat' dir='ltr'><strong>usque</strong></span> <span class='ocrx_word' id='word_1_485' title='bbox 1128 267 1195 293; x_wconf 89' lang='lat' dir='ltr'><strong>diem</strong></span> <span class='ocrx_word' id='word_1_486' title='bbox 1211 267 1337 294; x_wconf 85' lang='lat' dir='ltr'><strong>adversus</strong></span> <span class='ocrx_word' id='word_1_487' title='bbox 1350 277 1410 295; x_wconf 88' lang='lat' dir='ltr'><strong>eum</strong></span> <span class='ocrx_word' id='word_1_488' title='bbox 1430 270 1544 304; x_wconf 69' lang='lat' dir='ltr'><strong>lingua.”</strong></span> <span class='ocrx_word' id='word_1_489' title='bbox 1564 271 1746 305; x_wconf 84' lang='lat' dir='ltr'><strong>immittcntes,</strong></span> <span class='ocrx_word' id='word_1_490' title='bbox 1761 274 1826 300; x_wconf 79' lang='lat' dir='ltr'><strong>itala</strong></span> 
     </span>
    </p>
   </div>
   <div class='ocr_carea' id='block_1_63' title="bbox 1031 313 1826 348">
    <p class='ocr_par' dir='ltr' id='par_1_63' title="bbox 1031 313 1826 348">
     <span class='ocr_line' id='line_1_63' title="bbox 1031 313 1826 348; baseline 0.009 -9"><span class='ocrx_word' id='word_1_491' title='bbox 1031 313 1219 347; x_wconf 80' lang='lat' dir='ltr'><strong>amplectimini</strong></span> <span class='ocrx_word' id='word_1_492' title='bbox 1241 321 1288 348; x_wconf 89' lang='lat' dir='ltr'><strong>pro</strong></span> <span class='ocrx_word' id='word_1_493' title='bbox 1303 315 1357 341; x_wconf 88' lang='lat' dir='ltr'><strong>utili</strong></span> <span class='ocrx_word' id='word_1_494' title='bbox 1372 315 1491 342; x_wconf 82' lang='lat' dir='ltr'><strong>docttina</strong></span> <span class='ocrx_word' id='word_1_495' title='bbox 1502 337 1509 348; x_wconf 85' lang='lat'><strong>,</strong></span> <span class='ocrx_word' id='word_1_496' title='bbox 1524 318 1710 345; x_wconf 83' lang='lat' dir='ltr'><strong>contumeliam</strong></span> <span class='ocrx_word' id='word_1_497' title='bbox 1733 319 1757 345; x_wconf 92' lang='lat' dir='ltr'><strong>in</strong></span> <span class='ocrx_word' id='word_1_498' title='bbox 1774 319 1826 346; x_wconf 83' lang='lat' dir='ltr'><strong>Ec-</strong></span> 
     </span>
    </p>
   </div>
   <div class='ocr_carea' id='block_1_64' title="bbox 1032 359 1826 395">
    <p class='ocr_par' dir='ltr' id='par_1_64' title="bbox 1032 359 1826 395">
     <span class='ocr_line' id='line_1_64' title="bbox 1032 359 1826 395; baseline 0.01 -11"><span class='ocrx_word' id='word_1_499' title='bbox 1032 359 1111 385; x_wconf 82' lang='lat' dir='ltr'><strong>clesia</strong></span> <span class='ocrx_word' id='word_1_500' title='bbox 1126 359 1158 385; x_wconf 89' lang='lat' dir='ltr'><strong>ad</strong></span> <span class='ocrx_word' id='word_1_501' title='bbox 1180 359 1343 387; x_wconf 84' lang='lat' dir='ltr'><strong>audientium</strong></span> <span class='ocrx_word' id='word_1_502' title='bbox 1360 361 1588 395; x_wconf 85' lang='lat' dir='ltr'><strong>inquinamentum</strong></span> <span class='ocrx_word' id='word_1_503' title='bbox 1603 363 1779 392; x_wconf 80' lang='lat' dir='ltr'><strong>effundcutcs.</strong></span> <span class='ocrx_word' id='word_1_504' title='bbox 1794 365 1826 392; x_wconf 79' lang='lat' dir='ltr'><strong>Et</strong></span> 
     </span>
    </p>
   </div>
   <div class='ocr_carea' id='block_1_65' title="bbox 1034 405 1826 442">
    <p class='ocr_par' dir='ltr' id='par_1_65' title="bbox 1034 405 1826 442">
     <span class='ocr_line' id='line_1_65' title="bbox 1034 405 1826 442; baseline 0.009 -13"><span class='ocrx_word' id='word_1_505' title='bbox 1034 405 1089 430; x_wconf 50' lang='lat' dir='ltr'><strong>Ita-c</strong></span> <span class='ocrx_word' id='word_1_506' title='bbox 1103 405 1208 438; x_wconf 75' lang='lat' dir='ltr'><strong>quidem</strong></span> <span class='ocrx_word' id='word_1_507' title='bbox 1226 405 1277 432; x_wconf 91' lang='lat' dir='ltr'><strong>illis</strong></span> <span class='ocrx_word' id='word_1_508' title='bbox 1289 406 1358 433; x_wconf 87' lang='lat' dir='ltr'><strong>dicta</strong></span> <span class='ocrx_word' id='word_1_509' title='bbox 1372 407 1434 436; x_wconf 79' lang='lat' dir='ltr'><strong>sint.</strong></span> <span class='ocrx_word' id='word_1_510' title='bbox 1451 408 1547 442; x_wconf 87' lang='lat' dir='ltr'><strong>qnibtts</strong></span> <span class='ocrx_word' id='word_1_511' title='bbox 1562 408 1688 436; x_wconf 81' lang='lat' dir='ltr'><strong>Dominus</strong></span> <span class='ocrx_word' id='word_1_512' title='bbox 1702 410 1727 437; x_wconf 87' lang='lat' dir='ltr'><strong>in</strong></span> <span class='ocrx_word' id='word_1_513' title='bbox 1744 411 1826 438; x_wconf 85' lang='lat' dir='ltr'><strong>mise-</strong></span> 
     </span>
    </p>
   </div>
   <div class='ocr_carea' id='block_1_66' title="bbox 1033 449 1824 490">
    <p class='ocr_par' dir='ltr' id='par_1_66' title="bbox 1033 449 1824 490">
     <span class='ocr_line' id='line_1_66' title="bbox 1033 449 1824 490; baseline 0.011 -15"><span class='ocrx_word' id='word_1_514' title='bbox 1033 449 1146 476; x_wconf 80' lang='lat' dir='ltr'><strong>ricordia</strong></span> <span class='ocrx_word' id='word_1_515' title='bbox 1163 455 1189 476; x_wconf 93' lang='lat' dir='ltr'><strong>et</strong></span> <span class='ocrx_word' id='word_1_516' title='bbox 1209 451 1318 478; x_wconf 82' lang='lat' dir='ltr'><strong>lenitate</strong></span> <span class='ocrx_word' id='word_1_517' title='bbox 1340 452 1462 479; x_wconf 78' lang='lat' dir='ltr'><strong>retribuit</strong></span> <span class='ocrx_word' id='word_1_518' title='bbox 1485 455 1630 482; x_wconf 80' lang='lat' dir='ltr'><strong>secundum</strong></span> <span class='ocrx_word' id='word_1_519' title='bbox 1652 463 1743 490; x_wconf 85' lang='lat' dir='ltr'><strong>opera.</strong></span> <span class='ocrx_word' id='word_1_520' title='bbox 1767 457 1824 484; x_wconf 74' lang='lat' dir='ltr'><strong>Tibi</strong></span> 
     </span>
    </p>
   </div>
   <div class='ocr_carea' id='block_1_67' title="bbox 1033 496 1824 532">
    <p class='ocr_par' dir='ltr' id='par_1_67' title="bbox 1033 496 1824 532">
     <span class='ocr_line' id='line_1_67' title="bbox 1033 496 1824 532; baseline 0.011 -11"><span class='ocrx_word' id='word_1_521' title='bbox 1033 503 1105 528; x_wconf 85' lang='lat' dir='ltr'><strong>vero,</strong></span> <span class='ocrx_word' id='word_1_522' title='bbox 1122 496 1153 523; x_wconf 84' lang='lat' dir='ltr'><strong>B.</strong></span> <span class='ocrx_word' id='word_1_523' title='bbox 1170 496 1302 529; x_wconf 77' lang='lat' dir='ltr'><strong>Joannes,</strong></span> <span class='ocrx_word' id='word_1_524' title='bbox 1317 499 1412 532; x_wconf 87' lang='lat' dir='ltr'><strong>quibus</strong></span> <span class='ocrx_word' id='word_1_525' title='bbox 1426 507 1457 526; x_wconf 76' lang='lat' dir='ltr'><strong>ex</strong></span> <span class='ocrx_word' id='word_1_526' title='bbox 1473 500 1562 527; x_wconf 82' lang='lat' dir='ltr'><strong>verbis</strong></span> <span class='ocrx_word' id='word_1_527' title='bbox 1579 502 1824 530; x_wconf 72' lang='lat' dir='ltr'><strong>inmarcescibilem</strong></span> 
     </span>
    </p>
   </div>
   <div class='ocr_carea' id='block_1_68' title="bbox 1033 542 1827 582">
    <p class='ocr_par' dir='ltr' id='par_1_68' title="bbox 1033 542 1827 582">
     <span class='ocr_line' id='line_1_68' title="bbox 1033 542 1827 582; baseline 0.013 -16"><span class='ocrx_word' id='word_1_528' title='bbox 1033 549 1157 568; x_wconf 81' lang='lat' dir='ltr'><strong>coronam</strong></span> <span class='ocrx_word' id='word_1_529' title='bbox 1186 542 1325 570; x_wconf 81' lang='lat' dir='ltr'><strong>conficiam</strong></span> <span class='ocrx_word' id='word_1_530' title='bbox 1355 550 1559 580; x_wconf 76' lang='lat' dir='ltr'><strong>contextumque</strong></span> <span class='ocrx_word' id='word_1_531' title='bbox 1589 547 1741 581; x_wconf 75' lang='lat' dir='ltr'><strong>imponam,</strong></span> <span class='ocrx_word' id='word_1_532' title='bbox 1767 555 1827 582; x_wconf 70' lang='lat' dir='ltr'><strong>poet</strong></span> 
     </span>
    </p>
   </div>
   <div class='ocr_carea' id='block_1_69' title="bbox 1032 588 1823 623">
    <p class='ocr_par' dir='ltr' id='par_1_69' title="bbox 1032 588 1823 623">
     <span class='ocr_line' id='line_1_69' title="bbox 1032 588 1823 623; baseline 0.008 -8"><span class='ocrx_word' id='word_1_533' title='bbox 1032 588 1132 615; x_wconf 77' lang='lat' dir='ltr'><strong>exitum</strong></span> <span class='ocrx_word' id='word_1_534' title='bbox 1146 597 1161 616; x_wconf 88' lang='lat' dir='ltr'><strong>c</strong></span> <span class='ocrx_word' id='word_1_535' title='bbox 1177 589 1235 615; x_wconf 66' lang='lat' dir='ltr'><strong>vita:</strong></span> <span class='ocrx_word' id='word_1_536' title='bbox 1251 590 1328 623; x_wconf 81' lang='lat' dir='ltr'><strong>|.ojus</strong></span> <span class='ocrx_word' id='word_1_537' title='bbox 1341 591 1428 617; x_wconf 83' lang='lat' dir='ltr'><strong>stadio</strong></span> <span class='ocrx_word' id='word_1_538' title='bbox 1444 596 1468 618; x_wconf 85' lang='lat' dir='ltr'><strong>te</strong></span> <span class='ocrx_word' id='word_1_539' title='bbox 1482 592 1602 619; x_wconf 83' lang='lat' dir='ltr'><strong>laudibus</strong></span> <span class='ocrx_word' id='word_1_540' title='bbox 1615 593 1710 621; x_wconf 81' lang='lat' dir='ltr'><strong>efferre</strong></span> <span class='ocrx_word' id='word_1_541' title='bbox 1725 602 1776 621; x_wconf 88' lang='lat' dir='ltr'><strong>non</strong></span> <span class='ocrx_word' id='word_1_542' title='bbox 1791 595 1823 621; x_wconf 91' lang='lat' dir='ltr'><strong>ti-</strong></span> 
     </span>
    </p>
   </div>
   <div class='ocr_carea' id='block_1_70' title="bbox 1032 634 1824 669">
    <p class='ocr_par' dir='ltr' id='par_1_70' title="bbox 1032 634 1824 669">
     <span class='ocr_line' id='line_1_70' title="bbox 1032 634 1824 669; baseline 0.009 -10"><span class='ocrx_word' id='word_1_543' title='bbox 1032 634 1127 660; x_wconf 86' lang='lat' dir='ltr'><strong>mens?</strong></span> <span class='ocrx_word' id='word_1_544' title='bbox 1143 635 1249 661; x_wconf 84' lang='lat' dir='ltr'><strong>evasisti</strong></span> <span class='ocrx_word' id='word_1_545' title='bbox 1266 636 1336 662; x_wconf 89' lang='lat' dir='ltr'><strong>enim</strong></span> <span class='ocrx_word' id='word_1_546' title='bbox 1352 637 1504 669; x_wconf 77' lang='lat' dir='ltr'><strong>procellam.</strong></span> <span class='ocrx_word' id='word_1_547' title='bbox 1520 637 1561 664; x_wconf 83' lang='lat' dir='ltr'><strong>An</strong></span> <span class='ocrx_word' id='word_1_548' title='bbox 1575 637 1748 666; x_wconf 76' lang='lat' dir='ltr'><strong>Mosaicornm</strong></span> <span class='ocrx_word' id='word_1_549' title='bbox 1765 640 1824 666; x_wconf 89' lang='lat' dir='ltr'><strong>illo-</strong></span> 
     </span>
    </p>
   </div>
   <div class='ocr_carea' id='block_1_71' title="bbox 1031 679 1825 720">
    <p class='ocr_par' dir='ltr' id='par_1_71' title="bbox 1031 679 1825 720">
     <span class='ocr_line' id='line_1_71' title="bbox 1031 679 1825 720; baseline 0.009 -15"><span class='ocrx_word' id='word_1_550' title='bbox 1031 687 1089 706; x_wconf 90' lang='lat' dir='ltr'><strong>rtttn</strong></span> <span class='ocrx_word' id='word_1_551' title='bbox 1106 679 1275 707; x_wconf 84' lang='lat' dir='ltr'><strong>flosculorum</strong></span> <span class='ocrx_word' id='word_1_552' title='bbox 1289 689 1415 708; x_wconf 72' lang='lat' dir='ltr'><strong>coromtn</strong></span> <span class='ocrx_word' id='word_1_553' title='bbox 1429 687 1529 716; x_wconf 74' lang='lat' dir='ltr'><strong>texam,</strong></span> <span class='ocrx_word' id='word_1_554' title='bbox 1545 692 1611 718; x_wconf 89' lang='lat' dir='ltr'><strong>qttos</strong></span> <span class='ocrx_word' id='word_1_555' title='bbox 1623 685 1695 711; x_wconf 87' lang='lat' dir='ltr'><strong>dedit</strong></span> <span class='ocrx_word' id='word_1_556' title='bbox 1711 685 1772 718; x_wconf 55' lang='lat' dir='ltr'><strong>ille,</strong></span> <span class='ocrx_word' id='word_1_557' title='bbox 1780 687 1825 720; x_wconf 91' lang='lat' dir='ltr'><strong>qui</strong></span> 
     </span>
    </p>
   </div>
   <div class='ocr_carea' id='block_1_72' title="bbox 1032 724 1824 764">
    <p class='ocr_par' dir='ltr' id='par_1_72' title="bbox 1032 724 1824 764">
     <span class='ocr_line' id='line_1_72' title="bbox 1032 724 1824 764; baseline 0.009 -14"><span class='ocrx_word' id='word_1_558' title='bbox 1032 724 1167 752; x_wconf 57' lang='lat' dir='ltr'><strong>benedixit</strong></span> <span class='ocrx_word' id='word_1_559' title='bbox 1187 730 1324 753; x_wconf 85' lang='lat' dir='ltr'><strong>actnosnm</strong></span> <span class='ocrx_word' id='word_1_560' title='bbox 1340 727 1436 762; x_wconf 45' lang='lat' dir='ltr'><strong>Joxeph</strong></span> <span class='ocrx_word' id='word_1_561' title='bbox 1449 750 1455 758; x_wconf 84' lang='lat'><strong>,</strong></span> <span class='ocrx_word' id='word_1_562' title='bbox 1472 732 1499 755; x_wconf 87' lang='lat' dir='ltr'><strong>et</strong></span> <span class='ocrx_word' id='word_1_563' title='bbox 1512 730 1746 764; x_wconf 81' lang='lat' dir='ltr'><strong>coutcmplativum</strong></span> <span class='ocrx_word' id='word_1_564' title='bbox 1761 731 1824 759; x_wconf 82' lang='lat' dir='ltr'><strong>Levi</strong></span> 
     </span>
    </p>
   </div>
   <div class='ocr_carea' id='block_1_73' title="bbox 1031 771 1820 809">
    <p class='ocr_par' dir='ltr' id='par_1_73' title="bbox 1031 771 1820 809">
     <span class='ocr_line' id='line_1_73' title="bbox 1031 771 1820 809; baseline 0.01 -13"><span class='ocrx_word' id='word_1_565' title='bbox 1031 771 1218 798; x_wconf 66' lang='lat' dir='ltr'><strong>sacci-doletur?</strong></span> <span class='ocrx_word' id='word_1_566' title='bbox 1234 773 1259 799; x_wconf 84' lang='lat' dir='ltr'><strong>in</strong></span> <span class='ocrx_word' id='word_1_567' title='bbox 1276 777 1300 800; x_wconf 88' lang='lat' dir='ltr'><strong>te</strong></span> <span class='ocrx_word' id='word_1_568' title='bbox 1320 773 1390 800; x_wconf 82' lang='lat' dir='ltr'><strong>enim</strong></span> <span class='ocrx_word' id='word_1_569' title='bbox 1406 780 1546 809; x_wconf 84' lang='lat' dir='ltr'><strong>utrumque</strong></span> <span class='ocrx_word' id='word_1_570' title='bbox 1565 775 1651 803; x_wconf 79' lang='lat' dir='ltr'><strong>video.</strong></span> <span class='ocrx_word' id='word_1_571' title='bbox 1676 776 1706 803; x_wconf 88' lang='lat' dir='ltr'><strong>In</strong></span> <span class='ocrx_word' id='word_1_572' title='bbox 1721 777 1820 804; x_wconf 73' lang='lat' dir='ltr'><strong>benedi-</strong></span> 
     </span>
    </p>
   </div>
   <div class='ocr_carea' id='block_1_74' title="bbox 1030 815 1822 852">
    <p class='ocr_par' dir='ltr' id='par_1_74' title="bbox 1030 815 1822 852">
     <span class='ocr_line' id='line_1_74' title="bbox 1030 815 1822 852; baseline 0.01 -10"><span class='ocrx_word' id='word_1_573' title='bbox 1030 816 1113 843; x_wconf 84' lang='lat' dir='ltr'><strong>ctione</strong></span> <span class='ocrx_word' id='word_1_574' title='bbox 1127 815 1230 844; x_wconf 79' lang='lat' dir='ltr'><strong>Domini</strong></span> <span class='ocrx_word' id='word_1_575' title='bbox 1244 823 1310 845; x_wconf 81' lang='lat' dir='ltr'><strong>terra</strong></span> <span class='ocrx_word' id='word_1_576' title='bbox 1325 824 1379 852; x_wconf 80' lang='lat' dir='ltr'><strong>tua,</strong></span> <span class='ocrx_word' id='word_1_577' title='bbox 1400 825 1422 846; x_wconf 76' lang='grc' dir='ltr'>ει</span> <span class='ocrx_word' id='word_1_578' title='bbox 1443 829 1458 846; x_wconf 84' lang='lat' dir='ltr'><strong>a</strong></span> <span class='ocrx_word' id='word_1_579' title='bbox 1481 821 1605 848; x_wconf 71' lang='lat' dir='ltr'><strong>montibus</strong></span> <span class='ocrx_word' id='word_1_580' title='bbox 1618 823 1674 849; x_wconf 74' lang='lat' dir='ltr'><strong>mali</strong></span> <span class='ocrx_word' id='word_1_581' title='bbox 1688 828 1712 849; x_wconf 80' lang='lat' dir='ltr'><strong>et</strong></span> <span class='ocrx_word' id='word_1_582' title='bbox 1727 832 1783 850; x_wconf 75' lang='lat' dir='ltr'><strong>rore</strong></span> <span class='ocrx_word' id='word_1_583' title='bbox 1801 829 1822 850; x_wconf 71' lang='lat' dir='ltr'><strong>et</strong></span> 
     </span>
    </p>
   </div>
   <div class='ocr_carea' id='block_1_75' title="bbox 1027 862 1822 902">
    <p class='ocr_par' dir='ltr' id='par_1_75' title="bbox 1027 862 1822 902">
     <span class='ocr_line' id='line_1_75' title="bbox 1027 862 1822 902; baseline 0.01 -15"><span class='ocrx_word' id='word_1_584' title='bbox 1027 862 1119 896; x_wconf 76' lang='lat' dir='ltr'><strong>abysso</strong></span> <span class='ocrx_word' id='word_1_585' title='bbox 1133 863 1240 897; x_wconf 80' lang='lat' dir='ltr'><strong>fontium</strong></span> <span class='ocrx_word' id='word_1_586' title='bbox 1254 864 1412 898; x_wconf 75' lang='lat' dir='ltr'><strong>sultjut&#39;ente,</strong></span> <span class='ocrx_word' id='word_1_587' title='bbox 1427 870 1449 892; x_wconf 88' lang='lat' dir='ltr'><strong>et</strong></span> <span class='ocrx_word' id='word_1_588' title='bbox 1463 871 1574 901; x_wconf 78' lang='lat' dir='ltr'><strong>tempore</strong></span> <span class='ocrx_word' id='word_1_589' title='bbox 1587 868 1727 902; x_wconf 83' lang='lat' dir='ltr'><strong>germinum</strong></span> <span class='ocrx_word' id='word_1_590' title='bbox 1739 889 1746 900; x_wconf 83' lang='lat'><strong>,</strong></span> <span class='ocrx_word' id='word_1_591' title='bbox 1761 869 1822 895; x_wconf 68' lang='lat' dir='ltr'><strong>solis</strong></span> 
     </span>
    </p>
   </div>
   <div class='ocr_carea' id='block_1_76' title="bbox 1029 911 1823 944">
    <p class='ocr_par' dir='ltr' id='par_1_76' title="bbox 1029 911 1823 944">
     <span class='ocr_line' id='line_1_76' title="bbox 1029 911 1823 944; baseline 0.009 -11"><span class='ocrx_word' id='word_1_592' title='bbox 1029 911 1217 934; x_wconf 74' lang='lat' dir='ltr'><strong>ccuversioumn</strong></span> <span class='ocrx_word' id='word_1_593' title='bbox 1229 913 1251 934; x_wconf 87' lang='lat' dir='ltr'><strong>et</strong></span> <span class='ocrx_word' id='word_1_594' title='bbox 1268 917 1445 944; x_wconf 73' lang='lat' dir='ltr'><strong>congressutttn</strong></span> <span class='ocrx_word' id='word_1_595' title='bbox 1460 911 1580 937; x_wconf 74' lang='lat' dir='ltr'><strong>mensium</strong></span> <span class='ocrx_word' id='word_1_596' title='bbox 1591 932 1597 943; x_wconf 86' lang='lat'><strong>,</strong></span> <span class='ocrx_word' id='word_1_597' title='bbox 1618 921 1634 938; x_wconf 81' lang='grc' dir='ltr'>(ι</span> <span class='ocrx_word' id='word_1_598' title='bbox 1647 913 1736 939; x_wconf 67' lang='lat' dir='ltr'><strong>tertiae</strong></span> <span class='ocrx_word' id='word_1_599' title='bbox 1750 921 1823 940; x_wconf 83' lang='lat' dir='ltr'><strong>mou-</strong></span> 
     </span>
    </p>
   </div>
   <div class='ocr_carea' id='block_1_77' title="bbox 1029 952 1817 988">
    <p class='ocr_par' dir='ltr' id='par_1_77' title="bbox 1029 952 1817 988">
     <span class='ocr_line' id='line_1_77' title="bbox 1029 952 1817 988; baseline 0.009 -10"><span class='ocrx_word' id='word_1_600' title='bbox 1029 952 1091 978; x_wconf 81' lang='lat' dir='ltr'><strong>tt&#39;ttm</strong></span> <span class='ocrx_word' id='word_1_601' title='bbox 1105 954 1233 988; x_wconf 78' lang='lat' dir='ltr'><strong>principii,</strong></span> <span class='ocrx_word' id='word_1_602' title='bbox 1248 959 1270 980; x_wconf 86' lang='lat' dir='ltr'><strong>et</strong></span> <span class='ocrx_word' id='word_1_603' title='bbox 1284 963 1299 980; x_wconf 85' lang='grc' dir='ltr'><em>α</em></span> <span class='ocrx_word' id='word_1_604' title='bbox 1311 955 1399 982; x_wconf 75' lang='lat' dir='ltr'><strong>vertice</strong></span> <span class='ocrx_word' id='word_1_605' title='bbox 1412 956 1514 982; x_wconf 77' lang='lat' dir='ltr'><strong>collium</strong></span> <span class='ocrx_word' id='word_1_606' title='bbox 1529 961 1678 983; x_wconf 74' lang='lat' dir='ltr'><strong>reternorum</strong></span> <span class='ocrx_word' id='word_1_607' title='bbox 1692 964 1764 984; x_wconf 85' lang='lat' dir='ltr'><strong>erunt</strong></span> <span class='ocrx_word' id='word_1_608' title='bbox 1776 967 1817 986; x_wconf 60' lang='lat' dir='ltr'><strong>su&lt;</strong></span> 
     </span>
    </p>
   </div>
   <div class='ocr_carea' id='block_1_78' title="bbox 1029 998 1823 1039">
    <p class='ocr_par' dir='ltr' id='par_1_78' title="bbox 1029 998 1823 1039">
     <span class='ocr_line' id='line_1_78' title="bbox 1029 998 1823 1039; baseline 0.01 -16"><span class='ocrx_word' id='word_1_609' title='bbox 1029 1006 1074 1032; x_wconf 75' lang='lat' dir='ltr'><strong>per</strong></span> <span class='ocrx_word' id='word_1_610' title='bbox 1088 1004 1162 1033; x_wconf 81' lang='lat' dir='ltr'><strong>caput</strong></span> <span class='ocrx_word' id='word_1_611' title='bbox 1176 998 1272 1034; x_wconf 71' lang='lat' dir='ltr'><strong>JOSI’p/t</strong></span> <span class='ocrx_word' id='word_1_612' title='bbox 1289 1000 1325 1036; x_wconf 81' lang='lat' dir='ltr'><strong>(et</strong></span> <span class='ocrx_word' id='word_1_613' title='bbox 1341 1001 1361 1026; x_wconf 81' lang='lat' dir='ltr'><strong>si</strong></span> <span class='ocrx_word' id='word_1_614' title='bbox 1384 1001 1447 1035; x_wconf 76' lang='lat' dir='ltr'><strong>quis</strong></span> <span class='ocrx_word' id='word_1_615' title='bbox 1464 1002 1558 1028; x_wconf 81' lang='lat' dir='ltr'><strong>similis</strong></span> <span class='ocrx_word' id='word_1_616' title='bbox 1576 1002 1695 1039; x_wconf 74' lang='lat' dir='ltr'><strong>Joscplt),</strong></span> <span class='ocrx_word' id='word_1_617' title='bbox 1712 1009 1734 1031; x_wconf 81' lang='lat' dir='ltr'><strong>et</strong></span> <span class='ocrx_word' id='word_1_618' title='bbox 1747 1013 1823 1038; x_wconf 64' lang='lat' dir='ltr'><strong>super</strong></span> 
     </span>
    </p>
   </div>
   <div class='ocr_carea' id='block_1_79' title="bbox 1028 1045 1823 1085">
    <p class='ocr_par' dir='ltr' id='par_1_79' title="bbox 1028 1045 1823 1085">
     <span class='ocr_line' id='line_1_79' title="bbox 1028 1045 1823 1085; baseline 0.009 -15"><span class='ocrx_word' id='word_1_619' title='bbox 1028 1045 1142 1071; x_wconf 48' lang='lat' dir='ltr'><strong>rrrtiz‘em</strong></span> <span class='ocrx_word' id='word_1_620' title='bbox 1156 1045 1263 1079; x_wconf 82' lang='lat' dir='ltr'><strong>fratrum</strong></span> <span class='ocrx_word' id='word_1_621' title='bbox 1283 1047 1370 1081; x_wconf 71' lang='lat' dir='ltr'><strong>I/u&#39;btts</strong></span> <span class='ocrx_word' id='word_1_622' title='bbox 1393 1048 1492 1082; x_wconf 71' lang='lat' dir='ltr'><strong>pne/itit</strong></span> <span class='ocrx_word' id='word_1_623' title='bbox 1503 1068 1509 1080; x_wconf 86' lang='lat'><strong>,</strong></span> <span class='ocrx_word' id='word_1_624' title='bbox 1526 1049 1684 1083; x_wconf 68' lang='lat' dir='ltr'><strong>gloriﬁcatus</strong></span> <span class='ocrx_word' id='word_1_625' title='bbox 1699 1051 1823 1085; x_wconf 70' lang='lat' dir='ltr'><strong>primoge-</strong></span> 
     </span>
    </p>
   </div>
   <div class='ocr_carea' id='block_1_80' title="bbox 1029 1090 1822 1129">
    <p class='ocr_par' dir='ltr' id='par_1_80' title="bbox 1029 1090 1822 1129">
     <span class='ocr_line' id='line_1_80' title="bbox 1029 1090 1822 1129; baseline 0.01 -14"><span class='ocrx_word' id='word_1_626' title='bbox 1029 1090 1096 1117; x_wconf 84' lang='lat' dir='ltr'><strong>nitus</strong></span> <span class='ocrx_word' id='word_1_627' title='bbox 1108 1091 1172 1118; x_wconf 79' lang='lat' dir='ltr'><strong>inter</strong></span> <span class='ocrx_word' id='word_1_628' title='bbox 1186 1092 1286 1126; x_wconf 58' lang='lat' dir='ltr'><strong>fratres.</strong></span> <span class='ocrx_word' id='word_1_629' title='bbox 1304 1092 1380 1119; x_wconf 80' lang='lat' dir='ltr'><strong>Tauri</strong></span> <span class='ocrx_word' id='word_1_630' title='bbox 1396 1093 1559 1128; x_wconf 76' lang='lat' dir='ltr'><strong>pulchritudo</strong></span> <span class='ocrx_word' id='word_1_631' title='bbox 1571 1095 1626 1129; x_wconf 78' lang='lat' dir='ltr'><strong>ejus</strong></span> <span class='ocrx_word' id='word_1_632' title='bbox 1641 1104 1746 1128; x_wconf 75' lang='lat' dir='ltr'><strong>cornua,</strong></span> <span class='ocrx_word' id='word_1_633' title='bbox 1764 1105 1822 1123; x_wconf 85' lang='lat' dir='ltr'><strong>um-</strong></span> 
     </span>
    </p>
   </div>
   <div class='ocr_carea' id='block_1_81' title="bbox 1027 1136 1822 1175">
    <p class='ocr_par' dir='ltr' id='par_1_81' title="bbox 1027 1136 1822 1175">
     <span class='ocr_line' id='line_1_81' title="bbox 1027 1136 1822 1175; baseline 0.01 -14"><span class='ocrx_word' id='word_1_634' title='bbox 1027 1136 1111 1163; x_wconf 70' lang='grc' dir='ltr'><strong>(οι-υἷε</strong></span> <span class='ocrx_word' id='word_1_635' title='bbox 1133 1145 1228 1164; x_wconf 68' lang='lat' dir='ltr'><strong>cornua</strong></span> <span class='ocrx_word' id='word_1_636' title='bbox 1253 1138 1321 1164; x_wconf 72' lang='lat' dir='ltr'><strong>illius</strong></span> <span class='ocrx_word' id='word_1_637' title='bbox 1336 1146 1344 1165; x_wconf 91' lang='lat'><em>:</em></span> <span class='ocrx_word' id='word_1_638' title='bbox 1359 1139 1385 1165; x_wconf 88' lang='lat' dir='ltr'><strong>in</strong></span> <span class='ocrx_word' id='word_1_639' title='bbox 1406 1139 1467 1172; x_wconf 74' lang='lat' dir='ltr'><strong>ipsis</strong></span> <span class='ocrx_word' id='word_1_640' title='bbox 1492 1140 1617 1166; x_wconf 77' lang='lat' dir='ltr'><strong>rrntilubit</strong></span> <span class='ocrx_word' id='word_1_641' title='bbox 1639 1146 1723 1175; x_wconf 70' lang='lat' dir='ltr'><strong>gente;</strong></span> <span class='ocrx_word' id='word_1_642' title='bbox 1747 1142 1822 1169; x_wconf 73' lang='lat' dir='ltr'><strong>simul</strong></span> 
     </span>
    </p>
   </div>
   <div class='ocr_carea' id='block_1_82' title="bbox 1028 1182 1820 1220">
    <p class='ocr_par' dir='ltr' id='par_1_82' title="bbox 1028 1182 1820 1220">
     <span class='ocr_line' id='line_1_82' title="bbox 1028 1182 1820 1220; baseline 0.011 -14"><span class='ocrx_word' id='word_1_643' title='bbox 1028 1189 1106 1216; x_wconf 73' lang='lat' dir='ltr'><strong>usque</strong></span> <span class='ocrx_word' id='word_1_644' title='bbox 1126 1182 1159 1208; x_wconf 75' lang='lat' dir='ltr'><strong>uti</strong></span> <span class='ocrx_word' id='word_1_645' title='bbox 1179 1184 1298 1210; x_wconf 72' lang='grc' dir='ltr'>ιίινιιιίιιοε</span> <span class='ocrx_word' id='word_1_646' title='bbox 1312 1189 1385 1210; x_wconf 79' lang='lat' dir='ltr'><strong>terra:</strong></span> <span class='ocrx_word' id='word_1_647' title='bbox 1399 1184 1485 1220; x_wconf 76' lang='lat' dir='ltr'><strong>(Deut.</strong></span> <span class='ocrx_word' id='word_1_648' title='bbox 1498 1186 1541 1213; x_wconf 80' lang='grc'><strong>55.</strong></span> <span class='ocrx_word' id='word_1_649' title='bbox 1555 1187 1588 1213; x_wconf 80' lang='grc'><strong>15</strong></span> <span class='ocrx_word' id='word_1_650' title='bbox 1601 1202 1613 1208; x_wconf 87' lang='grc'><strong>-</strong></span> <span class='ocrx_word' id='word_1_651' title='bbox 1625 1187 1681 1220; x_wconf 76' lang='grc'><strong>17).</strong></span> <span class='ocrx_word' id='word_1_652' title='bbox 1700 1187 1732 1214; x_wconf 71' lang='lat' dir='ltr'><strong>Et</strong></span> <span class='ocrx_word' id='word_1_653' title='bbox 1757 1188 1820 1216; x_wconf 84' lang='lat' dir='ltr'><strong>Levi</strong></span> 
     </span>
    </p>
   </div>
   <div class='ocr_carea' id='block_1_83' title="bbox 1027 1225 1821 1269">
    <p class='ocr_par' dir='ltr' id='par_1_83' title="bbox 1027 1225 1821 1269">
     <span class='ocr_line' id='line_1_83' title="bbox 1027 1225 1821 1269; baseline 0.01 -17"><span class='ocrx_word' id='word_1_654' title='bbox 1027 1225 1093 1253; x_wconf 56' lang='lat' dir='ltr'><strong>dixit</strong></span> <span class='ocrx_word' id='word_1_655' title='bbox 1108 1227 1145 1261; x_wconf 90' lang='lat' dir='ltr'><strong>(ct</strong></span> <span class='ocrx_word' id='word_1_656' title='bbox 1159 1228 1180 1254; x_wconf 88' lang='lat' dir='ltr'><strong>si</strong></span> <span class='ocrx_word' id='word_1_657' title='bbox 1196 1230 1254 1262; x_wconf 89' lang='lat' dir='ltr'><strong>quis</strong></span> <span class='ocrx_word' id='word_1_658' title='bbox 1268 1237 1328 1256; x_wconf 88' lang='lat' dir='ltr'><strong>cum</strong></span> <span class='ocrx_word' id='word_1_659' title='bbox 1346 1230 1462 1256; x_wconf 85' lang='lat' dir='ltr'><strong>imitatus</strong></span> <span class='ocrx_word' id='word_1_660' title='bbox 1476 1231 1527 1265; x_wconf 81' lang='lat' dir='ltr'><strong>est)</strong></span> <span class='ocrx_word' id='word_1_661' title='bbox 1541 1241 1546 1258; x_wconf 93' lang='lat'>:</span> <span class='ocrx_word' id='word_1_662' title='bbox 1565 1231 1628 1258; x_wconf 77' lang='lat' dir='ltr'><strong>Date</strong></span> <span class='ocrx_word' id='word_1_663' title='bbox 1640 1232 1698 1259; x_wconf 65' lang='lat' dir='ltr'><strong>Levi</strong></span> <span class='ocrx_word' id='word_1_664' title='bbox 1713 1234 1821 1269; x_wconf 66' lang='lat' dir='ltr'><strong>niuuifr-</strong></span> 
     </span>
    </p>
   </div>
   <div class='ocr_carea' id='block_1_84' title="bbox 1027 1272 1820 1312">
    <p class='ocr_par' dir='ltr' id='par_1_84' title="bbox 1027 1272 1820 1312">
     <span class='ocr_line' id='line_1_84' title="bbox 1027 1272 1820 1312; baseline 0.01 -15"><span class='ocrx_word' id='word_1_665' title='bbox 1027 1276 1078 1298; x_wconf 69' lang='lat' dir='ltr'><strong>6tos</strong></span> <span class='ocrx_word' id='word_1_666' title='bbox 1092 1272 1163 1307; x_wconf 77' lang='lat' dir='ltr'><strong>ejus,</strong></span> <span class='ocrx_word' id='word_1_667' title='bbox 1186 1278 1208 1299; x_wconf 84' lang='grc' dir='ltr'><strong>ιιι</strong></span> <span class='ocrx_word' id='word_1_668' title='bbox 1225 1274 1350 1301; x_wconf 72' lang='lat' dir='ltr'><strong>raritatem</strong></span> <span class='ocrx_word' id='word_1_669' title='bbox 1367 1275 1420 1309; x_wconf 69' lang='lat' dir='ltr'><strong>ejus</strong></span> <span class='ocrx_word' id='word_1_670' title='bbox 1434 1276 1486 1301; x_wconf 75' lang='lat' dir='ltr'><strong>viro</strong></span> <span class='ocrx_word' id='word_1_671' title='bbox 1500 1282 1586 1302; x_wconf 84' lang='lat' dir='ltr'><strong>sunclo</strong></span> <span class='ocrx_word' id='word_1_672' title='bbox 1596 1297 1604 1309; x_wconf 90' lang='lat'><strong>,</strong></span> <span class='ocrx_word' id='word_1_673' title='bbox 1623 1285 1695 1312; x_wconf 83' lang='lat' dir='ltr'><strong>quem</strong></span> <span class='ocrx_word' id='word_1_674' title='bbox 1709 1284 1820 1305; x_wconf 69' lang='lat' dir='ltr'><strong>teritum;-</strong></span> 
     </span>
    </p>
   </div>
   <div class='ocr_carea' id='block_1_85' title="bbox 1027 1319 1819 1358">
    <p class='ocr_par' dir='ltr' id='par_1_85' title="bbox 1027 1319 1819 1358">
     <span class='ocr_line' id='line_1_85' title="bbox 1027 1319 1819 1358; baseline 0.011 -15"><span class='ocrx_word' id='word_1_675' title='bbox 1027 1323 1086 1344; x_wconf 83' lang='lat' dir='ltr'><strong>runt</strong></span> <span class='ocrx_word' id='word_1_676' title='bbox 1108 1319 1132 1345; x_wconf 84' lang='lat' dir='ltr'><strong>in</strong></span> <span class='ocrx_word' id='word_1_677' title='bbox 1146 1320 1296 1353; x_wconf 78' lang='lat' dir='ltr'><strong>tentutione,</strong></span> <span class='ocrx_word' id='word_1_678' title='bbox 1320 1322 1502 1348; x_wconf 62' lang='lat' dir='ltr'><strong>mulrdixm&#39;unt</strong></span> <span class='ocrx_word' id='word_1_679' title='bbox 1524 1323 1594 1348; x_wconf 81' lang='lat' dir='ltr'><strong>eiad</strong></span> <span class='ocrx_word' id='word_1_680' title='bbox 1608 1331 1699 1358; x_wconf 75' lang='lat' dir='ltr'><strong>tu]th</strong></span> <span class='ocrx_word' id='word_1_681' title='bbox 1718 1330 1819 1352; x_wconf 73' lang='lat' dir='ltr'><strong>contru-</strong></span> 
     </span>
    </p>
   </div>
   <div class='ocr_carea' id='block_1_86' title="bbox 1027 1362 1820 1401">
    <p class='ocr_par' dir='ltr' id='par_1_86' title="bbox 1027 1362 1820 1401">
     <span class='ocr_line' id='line_1_86' title="bbox 1027 1362 1820 1401; baseline 0.011 -13"><span class='ocrx_word' id='word_1_682' title='bbox 1027 1362 1153 1390; x_wconf 66' lang='lat' dir='ltr'><strong>dicliunis.</strong></span> <span class='ocrx_word' id='word_1_683' title='bbox 1179 1364 1228 1395; x_wconf 80' lang='lat' dir='ltr'><strong>Qui</strong></span> <span class='ocrx_word' id='word_1_684' title='bbox 1249 1365 1313 1392; x_wconf 79' lang='lat' dir='ltr'><strong>tliIit</strong></span> <span class='ocrx_word' id='word_1_685' title='bbox 1334 1366 1399 1400; x_wconf 82' lang='lat' dir='ltr'><strong>putri</strong></span> <span class='ocrx_word' id='word_1_686' title='bbox 1418 1371 1441 1393; x_wconf 78' lang='lat' dir='ltr'><strong>et</strong></span> <span class='ocrx_word' id='word_1_687' title='bbox 1463 1367 1558 1393; x_wconf 82' lang='lat' dir='ltr'><strong>matri:</strong></span> <span class='ocrx_word' id='word_1_688' title='bbox 1580 1367 1640 1394; x_wconf 81' lang='lat' dir='ltr'><strong>Non</strong></span> <span class='ocrx_word' id='word_1_689' title='bbox 1663 1369 1715 1395; x_wconf 70' lang='lat' dir='ltr'><strong>uidi</strong></span> <span class='ocrx_word' id='word_1_690' title='bbox 1738 1375 1775 1401; x_wconf 81' lang='lat' dir='ltr'><strong>te;</strong></span> <span class='ocrx_word' id='word_1_691' title='bbox 1797 1376 1820 1397; x_wconf 81' lang='lat' dir='ltr'><strong>rt</strong></span> 
     </span>
    </p>
   </div>
   <div class='ocr_carea' id='block_1_87' title="bbox 1028 1412 1820 1450">
    <p class='ocr_par' dir='ltr' id='par_1_87' title="bbox 1028 1412 1820 1450">
     <span class='ocr_line' id='line_1_87' title="bbox 1028 1412 1820 1450; baseline 0.009 -15"><span class='ocrx_word' id='word_1_692' title='bbox 1028 1412 1118 1444; x_wconf 76' lang='lat' dir='ltr'><strong>fratres</strong></span> <span class='ocrx_word' id='word_1_693' title='bbox 1130 1419 1188 1437; x_wconf 82' lang='lat' dir='ltr'><strong>suos</strong></span> <span class='ocrx_word' id='word_1_694' title='bbox 1201 1419 1250 1437; x_wconf 86' lang='lat' dir='ltr'><strong>non</strong></span> <span class='ocrx_word' id='word_1_695' title='bbox 1265 1413 1375 1446; x_wconf 80' lang='lat' dir='ltr'><strong>uguoril,</strong></span> <span class='ocrx_word' id='word_1_696' title='bbox 1390 1413 1520 1439; x_wconf 77' lang='lat' dir='ltr'><strong>(ustotlivit</strong></span> <span class='ocrx_word' id='word_1_697' title='bbox 1540 1414 1638 1448; x_wconf 66' lang='lat' dir='ltr'><strong>eloquia</strong></span> <span class='ocrx_word' id='word_1_698' title='bbox 1659 1420 1719 1447; x_wconf 81' lang='lat' dir='ltr'><strong>tua,</strong></span> <span class='ocrx_word' id='word_1_699' title='bbox 1733 1421 1756 1442; x_wconf 76' lang='lat' dir='ltr'><strong>et</strong></span> <span class='ocrx_word' id='word_1_700' title='bbox 1774 1426 1820 1450; x_wconf 81' lang='lat' dir='ltr'><strong>pu-</strong></span> 
     </span>
    </p>
   </div>
   <div class='ocr_carea' id='block_1_88' title="bbox 1027 1457 1820 1493">
    <p class='ocr_par' dir='ltr' id='par_1_88' title="bbox 1027 1457 1820 1493">
     <span class='ocr_line' id='line_1_88' title="bbox 1027 1457 1820 1493; baseline 0.009 -12"><span class='ocrx_word' id='word_1_701' title='bbox 1027 1461 1095 1481; x_wconf 80' lang='lat' dir='ltr'><strong>ctunt</strong></span> <span class='ocrx_word' id='word_1_702' title='bbox 1118 1461 1186 1482; x_wconf 79' lang='lat' dir='ltr'><strong>tuum</strong></span> <span class='ocrx_word' id='word_1_703' title='bbox 1207 1457 1333 1484; x_wconf 67' lang='lat' dir='ltr'><strong>servavit:</strong></span> <span class='ocrx_word' id='word_1_704' title='bbox 1358 1458 1526 1493; x_wconf 72' lang='lat' dir='ltr'><strong>nmnifestavit</strong></span> <span class='ocrx_word' id='word_1_705' title='bbox 1548 1459 1742 1493; x_wconf 66' lang='lat' dir='ltr'><strong>iustificationes</strong></span> <span class='ocrx_word' id='word_1_706' title='bbox 1765 1466 1820 1488; x_wconf 82' lang='lat' dir='ltr'><strong>tuus</strong></span> 
     </span>
    </p>
   </div>
   <div class='ocr_carea' id='block_1_89' title="bbox 1027 1501 1819 1541">
    <p class='ocr_par' dir='ltr' id='par_1_89' title="bbox 1027 1501 1819 1541">
     <span class='ocr_line' id='line_1_89' title="bbox 1027 1501 1819 1541; baseline 0.01 -15"><span class='ocrx_word' id='word_1_707' title='bbox 1027 1501 1118 1534; x_wconf 78' lang='lat' dir='ltr'><strong>Jttrab,</strong></span> <span class='ocrx_word' id='word_1_708' title='bbox 1134 1507 1155 1528; x_wconf 82' lang='lat' dir='ltr'><strong>el</strong></span> <span class='ocrx_word' id='word_1_709' title='bbox 1171 1502 1248 1536; x_wconf 58' lang='lat' dir='ltr'><strong>Iri/rm</strong></span> <span class='ocrx_word' id='word_1_710' title='bbox 1264 1508 1332 1529; x_wconf 83' lang='lat' dir='ltr'><strong>tuum</strong></span> <span class='ocrx_word' id='word_1_711' title='bbox 1354 1503 1453 1530; x_wconf 74' lang='lat' dir='ltr'><strong>lsracli.</strong></span> <span class='ocrx_word' id='word_1_712' title='bbox 1474 1504 1553 1532; x_wconf 75' lang='lat' dir='ltr'><strong>Ponet</strong></span> <span class='ocrx_word' id='word_1_713' title='bbox 1570 1514 1667 1540; x_wconf 70' lang='lat' dir='ltr'><strong>semper</strong></span> <span class='ocrx_word' id='word_1_714' title='bbox 1682 1507 1819 1541; x_wconf 76' lang='lat' dir='ltr'><strong>tltymiunm</strong></span> 
     </span>
    </p>
   </div>
   <div class='ocr_carea' id='block_1_90' title="bbox 1027 1547 1818 1586">
    <p class='ocr_par' dir='ltr' id='par_1_90' title="bbox 1027 1547 1818 1586">
     <span class='ocr_line' id='line_1_90' title="bbox 1027 1547 1818 1586; baseline 0.009 -13"><span class='ocrx_word' id='word_1_715' title='bbox 1027 1547 1052 1573; x_wconf 89' lang='lat' dir='ltr'><strong>iu</strong></span> <span class='ocrx_word' id='word_1_716' title='bbox 1069 1548 1202 1582; x_wconf 79' lang='lat' dir='ltr'><strong>frstirilute</strong></span> <span class='ocrx_word' id='word_1_717' title='bbox 1214 1554 1258 1574; x_wconf 78' lang='lat' dir='ltr'><strong>tua</strong></span> <span class='ocrx_word' id='word_1_718' title='bbox 1272 1558 1347 1583; x_wconf 71' lang='lat' dir='ltr'><strong>super</strong></span> <span class='ocrx_word' id='word_1_719' title='bbox 1361 1549 1441 1577; x_wconf 83' lang='lat' dir='ltr'><strong>altare</strong></span> <span class='ocrx_word' id='word_1_720' title='bbox 1457 1555 1536 1577; x_wconf 85' lang='lat' dir='ltr'><strong>tuum.</strong></span> <span class='ocrx_word' id='word_1_721' title='bbox 1553 1551 1659 1578; x_wconf 75' lang='lat' dir='ltr'><strong>Benedic</strong></span> <span class='ocrx_word' id='word_1_722' title='bbox 1669 1573 1675 1585; x_wconf 93' lang='lat'><strong>,</strong></span> <span class='ocrx_word' id='word_1_723' title='bbox 1699 1553 1818 1586; x_wconf 78' lang='lat' dir='ltr'><strong>Domine,</strong></span> 
     </span>
    </p>
   </div>
   <div class='ocr_carea' id='block_1_91' title="bbox 1027 1593 1820 1634">
    <p class='ocr_par' dir='ltr' id='par_1_91' title="bbox 1027 1593 1820 1634">
     <span class='ocr_line' id='line_1_91' title="bbox 1027 1593 1820 1634; baseline 0.011 -15"><span class='ocrx_word' id='word_1_724' title='bbox 1027 1593 1087 1628; x_wconf 76' lang='lat' dir='ltr'><strong>{arti</strong></span> <span class='ocrx_word' id='word_1_725' title='bbox 1099 1595 1170 1620; x_wconf 82' lang='lat' dir='ltr'><strong>tulini</strong></span> <span class='ocrx_word' id='word_1_726' title='bbox 1183 1595 1247 1630; x_wconf 75' lang='lat' dir='ltr'><strong>ejus,</strong></span> <span class='ocrx_word' id='word_1_727' title='bbox 1264 1601 1284 1622; x_wconf 69' lang='lat' dir='ltr'><strong>et</strong></span> <span class='ocrx_word' id='word_1_728' title='bbox 1299 1605 1376 1630; x_wconf 72' lang='lat' dir='ltr'><strong>opera</strong></span> <span class='ocrx_word' id='word_1_729' title='bbox 1391 1605 1509 1623; x_wconf 83' lang='lat' dir='ltr'><strong>manuum</strong></span> <span class='ocrx_word' id='word_1_730' title='bbox 1521 1598 1575 1632; x_wconf 73' lang='lat' dir='ltr'><strong>ejus</strong></span> <span class='ocrx_word' id='word_1_731' title='bbox 1588 1600 1687 1633; x_wconf 73' lang='lat' dir='ltr'><strong>suscipe</strong></span> <span class='ocrx_word' id='word_1_732' title='bbox 1698 1608 1707 1626; x_wconf 82' lang='lat'><strong>.&#39;</strong></span> <span class='ocrx_word' id='word_1_733' title='bbox 1720 1606 1820 1634; x_wconf 76' lang='lat' dir='ltr'><strong>percute</strong></span> 
     </span>
    </p>
   </div>
   <div class='ocr_carea' id='block_1_92' title="bbox 1026 1639 1819 1681">
    <p class='ocr_par' dir='ltr' id='par_1_92' title="bbox 1026 1639 1819 1681">
     <span class='ocr_line' id='line_1_92' title="bbox 1026 1639 1819 1681; baseline 0.01 -17"><span class='ocrx_word' id='word_1_734' title='bbox 1026 1639 1188 1673; x_wconf 73' lang='lat' dir='ltr'><strong>supercilium</strong></span> <span class='ocrx_word' id='word_1_735' title='bbox 1210 1641 1369 1668; x_wconf 79' lang='lat' dir='ltr'><strong>inimicorum</strong></span> <span class='ocrx_word' id='word_1_736' title='bbox 1391 1643 1573 1677; x_wconf 76' lang='lat' dir='ltr'><strong>insurgentium</strong></span> <span class='ocrx_word' id='word_1_737' title='bbox 1595 1644 1621 1670; x_wconf 88' lang='lat' dir='ltr'><strong>in</strong></span> <span class='ocrx_word' id='word_1_738' title='bbox 1643 1652 1714 1677; x_wconf 77' lang='lat' dir='ltr'><strong>eum,</strong></span> <span class='ocrx_word' id='word_1_739' title='bbox 1738 1650 1761 1671; x_wconf 79' lang='lat' dir='ltr'><strong>ct</strong></span> <span class='ocrx_word' id='word_1_740' title='bbox 1777 1647 1819 1681; x_wconf 74' lang='lat' dir='ltr'><strong>qui</strong></span> 
     </span>
    </p>
   </div>
   <div class='ocr_carea' id='block_1_93' title="bbox 1027 1685 1820 1726">
    <p class='ocr_par' dir='ltr' id='par_1_93' title="bbox 1027 1685 1820 1726">
     <span class='ocr_line' id='line_1_93' title="bbox 1027 1685 1820 1726; baseline 0.01 -16"><span class='ocrx_word' id='word_1_741' title='bbox 1027 1685 1132 1712; x_wconf 81' lang='lat' dir='ltr'><strong>oderunt</strong></span> <span class='ocrx_word' id='word_1_742' title='bbox 1156 1694 1227 1719; x_wconf 82' lang='lat' dir='ltr'><strong>eum,</strong></span> <span class='ocrx_word' id='word_1_743' title='bbox 1254 1695 1303 1714; x_wconf 82' lang='lat' dir='ltr'><strong>non</strong></span> <span class='ocrx_word' id='word_1_744' title='bbox 1327 1694 1478 1723; x_wconf 79' lang='lat' dir='ltr'><strong>consurgunt</strong></span> <span class='ocrx_word' id='word_1_745' title='bbox 1508 1688 1593 1724; x_wconf 80' lang='lat' dir='ltr'><strong>(Ibid.</strong></span> <span class='ocrx_word' id='word_1_746' title='bbox 1615 1690 1656 1717; x_wconf 86' lang='lat'><strong>8-</strong></span> <span class='ocrx_word' id='word_1_747' title='bbox 1670 1691 1698 1717; x_wconf 83' lang='grc' dir='ltr'>Η</span> <span class='ocrx_word' id='word_1_748' title='bbox 1716 1691 1735 1725; x_wconf 88' lang='grc'><strong>).</strong></span> <span class='ocrx_word' id='word_1_749' title='bbox 1763 1691 1820 1726; x_wconf 82' lang='lat' dir='ltr'><strong>Ego</strong></span> 
     </span>
    </p>
   </div>
   <div class='ocr_carea' id='block_1_94' title="bbox 1026 1731 1819 1770">
    <p class='ocr_par' dir='ltr' id='par_1_94' title="bbox 1026 1731 1819 1770">
     <span class='ocr_line' id='line_1_94' title="bbox 1026 1731 1819 1770; baseline 0.01 -14"><span class='ocrx_word' id='word_1_750' title='bbox 1026 1735 1114 1757; x_wconf 78' lang='lat' dir='ltr'><strong>autem</strong></span> <span class='ocrx_word' id='word_1_751' title='bbox 1131 1736 1157 1758; x_wconf 84' lang='lat' dir='ltr'><strong>et</strong></span> <span class='ocrx_word' id='word_1_752' title='bbox 1180 1731 1243 1759; x_wconf 90' lang='lat' dir='ltr'><strong>illud</strong></span> <span class='ocrx_word' id='word_1_753' title='bbox 1265 1732 1410 1760; x_wconf 80' lang='lat' dir='ltr'><strong>addiderim</strong></span> <span class='ocrx_word' id='word_1_754' title='bbox 1425 1743 1430 1760; x_wconf 92' lang='lat'>:</span> <span class='ocrx_word' id='word_1_755' title='bbox 1447 1735 1496 1767; x_wconf 75' lang='lat' dir='ltr'><strong>Qui</strong></span> <span class='ocrx_word' id='word_1_756' title='bbox 1520 1735 1632 1769; x_wconf 74' lang='lat' dir='ltr'><strong>diligunt</strong></span> <span class='ocrx_word' id='word_1_757' title='bbox 1653 1744 1734 1770; x_wconf 86' lang='lat' dir='ltr'><strong>eum,</strong></span> <span class='ocrx_word' id='word_1_758' title='bbox 1756 1737 1819 1764; x_wconf 85' lang='lat' dir='ltr'><strong>Jesu</strong></span> 
     </span>
    </p>
   </div>
   <div class='ocr_carea' id='block_1_95' title="bbox 1025 1774 1818 1816">
    <p class='ocr_par' dir='ltr' id='par_1_95' title="bbox 1025 1774 1818 1816">
     <span class='ocr_line' id='line_1_95' title="bbox 1025 1774 1818 1816; baseline 0.01 -15"><span class='ocrx_word' id='word_1_759' title='bbox 1025 1774 1145 1807; x_wconf 81' lang='lat' dir='ltr'><strong>Christe,</strong></span> <span class='ocrx_word' id='word_1_760' title='bbox 1155 1785 1205 1802; x_wconf 88' lang='lat' dir='ltr'><strong>non</strong></span> <span class='ocrx_word' id='word_1_761' title='bbox 1222 1777 1437 1806; x_wconf 82' lang='lat' dir='ltr'><strong>confundantur:</strong></span> <span class='ocrx_word' id='word_1_762' title='bbox 1453 1785 1526 1806; x_wconf 90' lang='lat' dir='ltr'><strong>tutnn</strong></span> <span class='ocrx_word' id='word_1_763' title='bbox 1542 1781 1612 1807; x_wconf 86' lang='lat' dir='ltr'><strong>enim</strong></span> <span class='ocrx_word' id='word_1_764' title='bbox 1632 1781 1772 1816; x_wconf 86' lang='lat' dir='ltr'><strong>imperium</strong></span> <span class='ocrx_word' id='word_1_765' title='bbox 1793 1783 1818 1810; x_wconf 91' lang='lat' dir='ltr'><strong>in</strong></span> 
     </span>
    </p>
   </div>
   <div class='ocr_carea' id='block_1_96' title="bbox 1027 1822 1820 1862">
    <p class='ocr_par' dir='ltr' id='par_1_96' title="bbox 1027 1822 1820 1862">
     <span class='ocr_line' id='line_1_96' title="bbox 1027 1822 1820 1862; baseline 0.011 -16"><span class='ocrx_word' id='word_1_766' title='bbox 1027 1822 1133 1847; x_wconf 72' lang='lat' dir='ltr'><strong>szrcula.</strong></span> <span class='ocrx_word' id='word_1_767' title='bbox 1152 1823 1245 1849; x_wconf 77' lang='lat' dir='ltr'><strong>Amen.</strong></span> <span class='ocrx_word' id='word_1_768' title='bbox 1262 1823 1348 1851; x_wconf 80' lang='lat' dir='ltr'><strong>Ertsc.</strong></span> <span class='ocrx_word' id='word_1_769' title='bbox 1365 1824 1395 1850; x_wconf 86' lang='lat' dir='ltr'><strong>Et</strong></span> <span class='ocrx_word' id='word_1_770' title='bbox 1414 1825 1464 1852; x_wconf 90' lang='lat' dir='ltr'><strong>hoc</strong></span> <span class='ocrx_word' id='word_1_771' title='bbox 1477 1830 1529 1852; x_wconf 74' lang='lat' dir='ltr'><strong>tua:</strong></span> <span class='ocrx_word' id='word_1_772' title='bbox 1542 1826 1722 1862; x_wconf 70' lang='lat' dir='ltr'><strong>intelligentim</strong></span> <span class='ocrx_word' id='word_1_773' title='bbox 1738 1828 1820 1855; x_wconf 82' lang='lat' dir='ltr'><strong>dot-u-</strong></span> 
     </span>
    </p>
   </div>
   <div class='ocr_carea' id='block_1_97' title="bbox 1027 1871 1819 1908">
    <p class='ocr_par' dir='ltr' id='par_1_97' title="bbox 1027 1871 1819 1908">
     <span class='ocr_line' id='line_1_97' title="bbox 1027 1871 1819 1908; baseline 0.013 -15"><span class='ocrx_word' id='word_1_774' title='bbox 1027 1871 1163 1899; x_wconf 85' lang='lat' dir='ltr'><strong>mentum,</strong></span> <span class='ocrx_word' id='word_1_775' title='bbox 1185 1876 1311 1895; x_wconf 82' lang='lat' dir='ltr'><strong>sensuum</strong></span> <span class='ocrx_word' id='word_1_776' title='bbox 1328 1876 1460 1897; x_wconf 86' lang='lat' dir='ltr'><strong>scrutator</strong></span> <span class='ocrx_word' id='word_1_777' title='bbox 1474 1871 1628 1904; x_wconf 85' lang='lat' dir='ltr'><strong>Theodore,</strong></span> <span class='ocrx_word' id='word_1_778' title='bbox 1648 1875 1766 1908; x_wconf 78' lang='lat' dir='ltr'><strong>proferre</strong></span> <span class='ocrx_word' id='word_1_779' title='bbox 1786 1876 1819 1903; x_wconf 88' lang='lat' dir='ltr'><strong>de</strong></span> 
     </span>
    </p>
   </div>
   <div class='ocr_carea' id='block_1_98' title="bbox 1027 1912 1819 1947">
    <p class='ocr_par' dir='ltr' id='par_1_98' title="bbox 1027 1912 1819 1947">
     <span class='ocr_line' id='line_1_98' title="bbox 1027 1912 1819 1947; baseline 0.013 -10"><span class='ocrx_word' id='word_1_780' title='bbox 1027 1912 1152 1939; x_wconf 81' lang='lat' dir='ltr'><strong>thesauro</strong></span> <span class='ocrx_word' id='word_1_781' title='bbox 1165 1914 1260 1940; x_wconf 88' lang='lat' dir='ltr'><strong>mentis</strong></span> <span class='ocrx_word' id='word_1_782' title='bbox 1273 1919 1334 1946; x_wconf 81' lang='lat' dir='ltr'><strong>tua&#39;,</strong></span> <span class='ocrx_word' id='word_1_783' title='bbox 1352 1921 1380 1942; x_wconf 89' lang='grc' dir='ltr'><strong>ιιι</strong></span> <span class='ocrx_word' id='word_1_784' title='bbox 1394 1916 1430 1942; x_wconf 83' lang='lat' dir='ltr'><strong>ait</strong></span> <span class='ocrx_word' id='word_1_785' title='bbox 1443 1916 1579 1947; x_wconf 82' lang='lat' dir='ltr'><strong>Servator.</strong></span> <span class='ocrx_word' id='word_1_786' title='bbox 1599 1918 1671 1945; x_wconf 79' lang='lat' dir='ltr'><strong>Nova</strong></span> <span class='ocrx_word' id='word_1_787' title='bbox 1686 1925 1708 1946; x_wconf 79' lang='lat' dir='ltr'><strong>ct</strong></span> <span class='ocrx_word' id='word_1_788' title='bbox 1719 1925 1819 1947; x_wconf 77' lang='lat' dir='ltr'><strong>vcta-tt:</strong></span> 
     </span>
    </p>
   </div>
   <div class='ocr_carea' id='block_1_99' title="bbox 1026 1959 1818 1997">
    <p class='ocr_par' dir='ltr' id='par_1_99' title="bbox 1026 1959 1818 1997">
     <span class='ocr_line' id='line_1_99' title="bbox 1026 1959 1818 1997; baseline 0.011 -13"><span class='ocrx_word' id='word_1_789' title='bbox 1026 1962 1116 1984; x_wconf 82' lang='lat' dir='ltr'><strong>vetera</strong></span> <span class='ocrx_word' id='word_1_790' title='bbox 1130 1959 1235 1992; x_wconf 79' lang='lat' dir='ltr'><strong>quidrm</strong></span> <span class='ocrx_word' id='word_1_791' title='bbox 1247 1981 1253 1992; x_wconf 93' lang='lat'><strong>,</strong></span> <span class='ocrx_word' id='word_1_792' title='bbox 1270 1959 1391 1987; x_wconf 67' lang='lat' dir='ltr'><strong>lumtauat</strong></span> <span class='ocrx_word' id='word_1_793' title='bbox 1406 1962 1541 1996; x_wconf 56' lang='lat' dir='ltr'><strong>sapientiai</strong></span> <span class='ocrx_word' id='word_1_794' title='bbox 1560 1964 1734 1997; x_wconf 82' lang='lat' dir='ltr'><strong>documenta;</strong></span> <span class='ocrx_word' id='word_1_795' title='bbox 1751 1974 1818 1993; x_wconf 80' lang='lat' dir='ltr'><strong>nova</strong></span> 
     </span>
    </p>
   </div>
   <div class='ocr_carea' id='block_1_100' title="bbox 1026 2004 1821 2042">
    <p class='ocr_par' dir='ltr' id='par_1_100' title="bbox 1026 2004 1821 2042">
     <span class='ocr_line' id='line_1_100' title="bbox 1026 2004 1821 2042; baseline 0.011 -13"><span class='ocrx_word' id='word_1_796' title='bbox 1026 2011 1101 2035; x_wconf 83' lang='lat' dir='ltr'><strong>vero,</strong></span> <span class='ocrx_word' id='word_1_797' title='bbox 1114 2005 1197 2030; x_wconf 87' lang='lat' dir='ltr'><strong>sancti</strong></span> <span class='ocrx_word' id='word_1_798' title='bbox 1209 2004 1321 2038; x_wconf 74' lang='lat' dir='ltr'><strong>Spiritus</strong></span> <span class='ocrx_word' id='word_1_799' title='bbox 1333 2006 1447 2040; x_wconf 85' lang='lat' dir='ltr'><strong>eloquia.</strong></span> <span class='ocrx_word' id='word_1_800' title='bbox 1461 2007 1499 2034; x_wconf 77' lang='lat' dir='ltr'><strong>Ex</strong></span> <span class='ocrx_word' id='word_1_801' title='bbox 1510 2009 1604 2042; x_wconf 85' lang='lat' dir='ltr'><strong>quibus</strong></span> <span class='ocrx_word' id='word_1_802' title='bbox 1616 2009 1747 2037; x_wconf 80' lang='lat' dir='ltr'><strong>thesauris</strong></span> <span class='ocrx_word' id='word_1_803' title='bbox 1759 2013 1821 2038; x_wconf 74' lang='lat' dir='ltr'><strong>utri-</strong></span> 
     </span>
    </p>
   </div>
   <div class='ocr_carea' id='block_1_101' title="bbox 1026 2050 1818 2092">
    <p class='ocr_par' dir='ltr' id='par_1_101' title="bbox 1026 2050 1818 2092">
     <span class='ocr_line' id='line_1_101' title="bbox 1026 2050 1818 2092; baseline 0.011 -17"><span class='ocrx_word' id='word_1_804' title='bbox 1026 2057 1077 2084; x_wconf 83' lang='lat' dir='ltr'><strong>que</strong></span> <span class='ocrx_word' id='word_1_805' title='bbox 1093 2050 1157 2083; x_wconf 81' lang='lat' dir='ltr'><strong>parti</strong></span> <span class='ocrx_word' id='word_1_806' title='bbox 1171 2050 1239 2085; x_wconf 86' lang='lat' dir='ltr'><strong>quod</strong></span> <span class='ocrx_word' id='word_1_807' title='bbox 1252 2053 1411 2086; x_wconf 82' lang='lat' dir='ltr'><strong>congruebat</strong></span> <span class='ocrx_word' id='word_1_808' title='bbox 1425 2054 1547 2081; x_wconf 80' lang='lat' dir='ltr'><strong>tribuisti.</strong></span> <span class='ocrx_word' id='word_1_809' title='bbox 1562 2055 1625 2082; x_wconf 81' lang='lat' dir='ltr'><strong>Tue</strong></span> <span class='ocrx_word' id='word_1_810' title='bbox 1636 2055 1741 2090; x_wconf 84' lang='lat' dir='ltr'><strong>quidem</strong></span> <span class='ocrx_word' id='word_1_811' title='bbox 1756 2066 1818 2092; x_wconf 83' lang='lat' dir='ltr'><strong>pru-</strong></span> 
     </span>
    </p>
   </div>
   <div class='ocr_carea' id='block_1_102' title="bbox 1026 2096 1818 2135">
    <p class='ocr_par' dir='ltr' id='par_1_102' title="bbox 1026 2096 1818 2135">
     <span class='ocr_line' id='line_1_102' title="bbox 1026 2096 1818 2135; baseline 0.006 -12"><span class='ocrx_word' id='word_1_812' title='bbox 1026 2096 1123 2123; x_wconf 61' lang='lat' dir='ltr'><strong>dertir</strong></span> <span class='ocrx_word' id='word_1_813' title='bbox 1133 2101 1172 2123; x_wconf 86' lang='lat' dir='ltr'><strong>est</strong></span> <span class='ocrx_word' id='word_1_814' title='bbox 1182 2098 1269 2132; x_wconf 83' lang='lat' dir='ltr'><strong>eloqui</strong></span> <span class='ocrx_word' id='word_1_815' title='bbox 1279 2107 1336 2132; x_wconf 71' lang='lat' dir='ltr'><strong>qum</strong></span> <span class='ocrx_word' id='word_1_816' title='bbox 1349 2101 1530 2133; x_wconf 72' lang='lat' dir='ltr'><strong>peccatoribus</strong></span> <span class='ocrx_word' id='word_1_817' title='bbox 1539 2103 1740 2135; x_wconf 83' lang='lat' dir='ltr'><strong>conveniebant,</strong></span> <span class='ocrx_word' id='word_1_818' title='bbox 1751 2109 1775 2130; x_wconf 91' lang='lat' dir='ltr'><strong>cl</strong></span> <span class='ocrx_word' id='word_1_819' title='bbox 1787 2105 1818 2130; x_wconf 71' lang='lat' dir='ltr'><strong>du</strong></span> 
     </span>
    </p>
   </div>
   <div class='ocr_carea' id='block_1_103' title="bbox 1027 2143 1819 2176">
    <p class='ocr_par' dir='ltr' id='par_1_103' title="bbox 1027 2143 1819 2176">
     <span class='ocr_line' id='line_1_103' title="bbox 1027 2143 1819 2176; baseline 0.008 -6"><span class='ocrx_word' id='word_1_820' title='bbox 1027 2143 1140 2171; x_wconf 81' lang='lat' dir='ltr'><strong>Mosaira</strong></span> <span class='ocrx_word' id='word_1_821' title='bbox 1151 2145 1332 2171; x_wconf 81' lang='lat' dir='ltr'><strong>benedictione</strong></span> <span class='ocrx_word' id='word_1_822' title='bbox 1344 2146 1563 2174; x_wconf 65' lang='lat' dir='ltr'><strong>lmiuuidcbitam</strong></span> <span class='ocrx_word' id='word_1_823' title='bbox 1574 2156 1698 2174; x_wconf 86' lang='lat' dir='ltr'><strong>coronam</strong></span> <span class='ocrx_word' id='word_1_824' title='bbox 1710 2155 1798 2176; x_wconf 71' lang='lat' dir='ltr'><strong>texere</strong></span> <span class='ocrx_word' id='word_1_825' title='bbox 1810 2159 1819 2176; x_wconf 83' lang='lat'><strong><em>:</em></strong></span> 
     </span>
    </p>
   </div>
   <div class='ocr_carea' id='block_1_104' title="bbox 1027 2190 1818 2229">
    <p class='ocr_par' dir='ltr' id='par_1_104' title="bbox 1027 2190 1818 2229">
     <span class='ocr_line' id='line_1_104' title="bbox 1027 2190 1818 2229; baseline 0.008 -13"><span class='ocrx_word' id='word_1_826' title='bbox 1027 2190 1071 2224; x_wconf 92' lang='lat' dir='ltr'><strong>qui</strong></span> <span class='ocrx_word' id='word_1_827' title='bbox 1083 2190 1233 2216; x_wconf 74' lang='lat' dir='ltr'><strong>sacerdotio</strong></span> <span class='ocrx_word' id='word_1_828' title='bbox 1247 2191 1305 2218; x_wconf 87' lang='lat' dir='ltr'><strong>sine</strong></span> <span class='ocrx_word' id='word_1_829' title='bbox 1315 2191 1409 2218; x_wconf 70' lang='lat' dir='ltr'><strong>affet-tn</strong></span> <span class='ocrx_word' id='word_1_830' title='bbox 1425 2192 1540 2225; x_wconf 88' lang='lat' dir='ltr'><strong>functus,</strong></span> <span class='ocrx_word' id='word_1_831' title='bbox 1554 2201 1614 2220; x_wconf 78' lang='lat' dir='ltr'><strong>vero</strong></span> <span class='ocrx_word' id='word_1_832' title='bbox 1628 2194 1758 2228; x_wconf 76' lang='lat' dir='ltr'><strong>ignoravit</strong></span> <span class='ocrx_word' id='word_1_833' title='bbox 1772 2203 1818 2229; x_wconf 82' lang='lat' dir='ltr'><strong>pa—</strong></span> 
     </span>
    </p>
   </div>
   <div class='ocr_carea' id='block_1_105' title="bbox 1027 2239 1818 2274">
    <p class='ocr_par' dir='ltr' id='par_1_105' title="bbox 1027 2239 1818 2274">
     <span class='ocr_line' id='line_1_105' title="bbox 1027 2239 1818 2274; baseline 0.005 -12"><span class='ocrx_word' id='word_1_834' title='bbox 1027 2239 1093 2262; x_wconf 86' lang='lat' dir='ltr'><strong>trem</strong></span> <span class='ocrx_word' id='word_1_835' title='bbox 1116 2241 1143 2262; x_wconf 83' lang='lat' dir='ltr'><strong>et</strong></span> <span class='ocrx_word' id='word_1_836' title='bbox 1166 2241 1276 2263; x_wconf 86' lang='lat' dir='ltr'><strong>matrem</strong></span> <span class='ocrx_word' id='word_1_837' title='bbox 1290 2242 1316 2264; x_wconf 82' lang='lat' dir='ltr'><strong>et</strong></span> <span class='ocrx_word' id='word_1_838' title='bbox 1335 2239 1558 2272; x_wconf 79' lang='lat' dir='ltr'><strong>consanguineum</strong></span> <span class='ocrx_word' id='word_1_839' title='bbox 1583 2246 1666 2274; x_wconf 78' lang='lat' dir='ltr'><strong>genus</strong></span> <span class='ocrx_word' id='word_1_840' title='bbox 1683 2240 1717 2267; x_wconf 92' lang='lat' dir='ltr'><strong>ob</strong></span> <span class='ocrx_word' id='word_1_841' title='bbox 1737 2248 1818 2268; x_wconf 58' lang='lat' dir='ltr'><strong>exsu-</strong></span> 
     </span>
    </p>
   </div>
   <div class='ocr_carea' id='block_1_106' title="bbox 1026 2283 1817 2317">
    <p class='ocr_par' dir='ltr' id='par_1_106' title="bbox 1026 2283 1817 2317">
     <span class='ocr_line' id='line_1_106' title="bbox 1026 2283 1817 2317; baseline 0.006 -8"><span class='ocrx_word' id='word_1_842' title='bbox 1026 2283 1174 2317; x_wconf 80' lang='lat' dir='ltr'><strong>perantiam</strong></span> <span class='ocrx_word' id='word_1_843' title='bbox 1195 2283 1322 2315; x_wconf 64' lang='lat' dir='ltr'><strong>justitiat,</strong></span> <span class='ocrx_word' id='word_1_844' title='bbox 1345 2283 1390 2310; x_wconf 78' lang='lat' dir='ltr'><strong>sed</strong></span> <span class='ocrx_word' id='word_1_845' title='bbox 1414 2284 1485 2311; x_wconf 86' lang='lat' dir='ltr'><strong>solos</strong></span> <span class='ocrx_word' id='word_1_846' title='bbox 1505 2291 1615 2312; x_wconf 86' lang='lat' dir='ltr'><strong>noverat</strong></span> <span class='ocrx_word' id='word_1_847' title='bbox 1638 2286 1710 2313; x_wconf 75' lang='lat' dir='ltr'><strong>vcriii</strong></span> <span class='ocrx_word' id='word_1_848' title='bbox 1735 2287 1817 2314; x_wconf 89' lang='lat' dir='ltr'><strong>divini</strong></span> 
     </span>
    </p>
   </div>
   <div class='ocr_carea' id='block_1_107' title="bbox 1027 2329 1818 2366">
    <p class='ocr_par' dir='ltr' id='par_1_107' title="bbox 1027 2329 1818 2366">
     <span class='ocr_line' id='line_1_107' title="bbox 1027 2329 1818 2366; baseline 0.008 -12"><span class='ocrx_word' id='word_1_849' title='bbox 1027 2333 1160 2354; x_wconf 82' lang='lat' dir='ltr'><strong>amatores</strong></span> <span class='ocrx_word' id='word_1_850' title='bbox 1175 2333 1199 2354; x_wconf 88' lang='lat' dir='ltr'><strong>et</strong></span> <span class='ocrx_word' id='word_1_851' title='bbox 1213 2329 1349 2362; x_wconf 80' lang='lat' dir='ltr'><strong>pperarios</strong></span> <span class='ocrx_word' id='word_1_852' title='bbox 1383 2329 1465 2356; x_wconf 83' lang='lat' dir='ltr'><strong>Porro</strong></span> <span class='ocrx_word' id='word_1_853' title='bbox 1480 2330 1523 2364; x_wconf 83' lang='lat' dir='ltr'><strong>qui</strong></span> <span class='ocrx_word' id='word_1_854' title='bbox 1539 2334 1630 2357; x_wconf 90' lang='lat' dir='ltr'><strong>nostro</strong></span> <span class='ocrx_word' id='word_1_855' title='bbox 1645 2336 1765 2366; x_wconf 81' lang='lat' dir='ltr'><strong>tempore</strong></span> <span class='ocrx_word' id='word_1_856' title='bbox 1777 2333 1818 2360; x_wconf 80' lang='lat' dir='ltr'><strong>vi-</strong></span> 
     </span>
    </p>
   </div>
   <div class='ocr_carea' id='block_1_108' title="bbox 1027 2374 1819 2412">
    <p class='ocr_par' dir='ltr' id='par_1_108' title="bbox 1027 2374 1819 2412">
     <span class='ocr_line' id='line_1_108' title="bbox 1027 2374 1819 2412; baseline 0.005 -11"><span class='ocrx_word' id='word_1_857' title='bbox 1027 2374 1123 2401; x_wconf 83' lang='lat' dir='ltr'><strong>dentur</strong></span> <span class='ocrx_word' id='word_1_858' title='bbox 1138 2374 1254 2408; x_wconf 65' lang='lat' dir='ltr'><strong>episcopi</strong></span> <span class='ocrx_word' id='word_1_859' title='bbox 1268 2395 1273 2404; x_wconf 85' lang='lat'><em>.</em></span> <span class='ocrx_word' id='word_1_860' title='bbox 1289 2375 1387 2402; x_wconf 89' lang='lat' dir='ltr'><strong>luteutn</strong></span> <span class='ocrx_word' id='word_1_861' title='bbox 1403 2375 1508 2409; x_wconf 79' lang='lat' dir='ltr'><strong>quidem</strong></span> <span class='ocrx_word' id='word_1_862' title='bbox 1522 2384 1605 2410; x_wconf 78' lang='lat' dir='ltr'><strong>genus</strong></span> <span class='ocrx_word' id='word_1_863' title='bbox 1622 2377 1646 2404; x_wconf 92' lang='lat' dir='ltr'><strong>in</strong></span> <span class='ocrx_word' id='word_1_864' title='bbox 1662 2383 1778 2412; x_wconf 71' lang='lat' dir='ltr'><strong>maestus</strong></span> <span class='ocrx_word' id='word_1_865' title='bbox 1791 2384 1819 2406; x_wconf 80' lang='lat' dir='ltr'><strong>et</strong></span> 
     </span>
    </p>
   </div>
   <div class='ocr_carea' id='block_1_109' title="bbox 1028 2419 1819 2458">
    <p class='ocr_par' dir='ltr' id='par_1_109' title="bbox 1028 2419 1819 2458">
     <span class='ocr_line' id='line_1_109' title="bbox 1028 2419 1819 2458; baseline 0.006 -12"><span class='ocrx_word' id='word_1_866' title='bbox 1028 2419 1135 2446; x_wconf 77' lang='lat' dir='ltr'><strong>militias</strong></span> <span class='ocrx_word' id='word_1_867' title='bbox 1148 2425 1173 2446; x_wconf 92' lang='lat' dir='ltr'><strong>ct</strong></span> <span class='ocrx_word' id='word_1_868' title='bbox 1185 2420 1324 2453; x_wconf 66' lang='lat' dir='ltr'><strong>dignitates</strong></span> <span class='ocrx_word' id='word_1_869' title='bbox 1339 2421 1513 2453; x_wconf 74' lang='lat' dir='ltr'><strong>invexerunt,</strong></span> <span class='ocrx_word' id='word_1_870' title='bbox 1529 2423 1693 2455; x_wconf 70' lang='lat' dir='ltr'><strong>Dl‘ulVﬂtiCﬂli</strong></span> <span class='ocrx_word' id='word_1_871' title='bbox 1714 2424 1819 2458; x_wconf 78' lang='lat' dir='ltr'><strong>legem,</strong></span> 
     </span>
    </p>
   </div>
   <div class='ocr_carea' id='block_1_110' title="bbox 1027 2464 1821 2504">
    <p class='ocr_par' dir='ltr' id='par_1_110' title="bbox 1027 2464 1821 2504">
     <span class='ocr_line' id='line_1_110' title="bbox 1027 2464 1821 2504; baseline 0.006 -14"><span class='ocrx_word' id='word_1_872' title='bbox 1027 2473 1086 2500; x_wconf 64' lang='lat' dir='ltr'><strong>quae</strong></span> <span class='ocrx_word' id='word_1_873' title='bbox 1099 2465 1162 2492; x_wconf 90' lang='lat' dir='ltr'><strong>dicit</strong></span> <span class='ocrx_word' id='word_1_874' title='bbox 1176 2474 1181 2491; x_wconf 93' lang='lat'><strong>:</strong></span> <span class='ocrx_word' id='word_1_875' title='bbox 1195 2464 1256 2491; x_wconf 78' lang='lat' dir='ltr'><strong>Non</strong></span> <span class='ocrx_word' id='word_1_876' title='bbox 1271 2465 1366 2491; x_wconf 81' lang='lat' dir='ltr'><strong>duim&quot;!</strong></span> <span class='ocrx_word' id='word_1_877' title='bbox 1379 2465 1519 2493; x_wconf 73' lang='lat' dir='ltr'><strong>sacerdotes</strong></span> <span class='ocrx_word' id='word_1_878' title='bbox 1534 2467 1601 2501; x_wconf 79' lang='lat' dir='ltr'><strong>ﬁlios</strong></span> <span class='ocrx_word' id='word_1_879' title='bbox 1612 2476 1671 2494; x_wconf 75' lang='lat' dir='ltr'><strong>suos</strong></span> <span class='ocrx_word' id='word_1_880' title='bbox 1685 2469 1710 2494; x_wconf 88' lang='lat' dir='ltr'><strong>in</strong></span> <span class='ocrx_word' id='word_1_881' title='bbox 1727 2469 1821 2504; x_wconf 82' lang='lat' dir='ltr'><strong>primi-</strong></span> 
     </span>
    </p>
   </div>
   <div class='ocr_carea' id='block_1_111' title="bbox 1027 2511 1820 2548">
    <p class='ocr_par' dir='ltr' id='par_1_111' title="bbox 1027 2511 1820 2548">
     <span class='ocr_line' id='line_1_111' title="bbox 1027 2511 1820 2548; baseline 0.004 -10"><span class='ocrx_word' id='word_1_882' title='bbox 1027 2520 1069 2546; x_wconf 71' lang='lat' dir='ltr'><strong>pcs</strong></span> <span class='ocrx_word' id='word_1_883' title='bbox 1083 2517 1104 2538; x_wconf 77' lang='lat' dir='ltr'><strong>rt</strong></span> <span class='ocrx_word' id='word_1_884' title='bbox 1120 2511 1296 2537; x_wconf 65' lang='lat' dir='ltr'><strong>obnubaloncs</strong></span> <span class='ocrx_word' id='word_1_885' title='bbox 1312 2512 1364 2546; x_wconf 81' lang='lat' dir='ltr'><strong>regi</strong></span> <span class='ocrx_word' id='word_1_886' title='bbox 1378 2511 1469 2546; x_wconf 76' lang='lat' dir='ltr'><strong>(Leuit.</strong></span> <span class='ocrx_word' id='word_1_887' title='bbox 1485 2513 1524 2538; x_wconf 79' lang='grc'><strong>18.</strong></span> <span class='ocrx_word' id='word_1_888' title='bbox 1545 2512 1589 2548; x_wconf 69' lang='grc' dir='ltr'><strong>ΞΙ)</strong></span> <span class='ocrx_word' id='word_1_889' title='bbox 1605 2514 1755 2548; x_wconf 87' lang='lat' dir='ltr'><strong>:spiritales</strong></span> <span class='ocrx_word' id='word_1_890' title='bbox 1771 2523 1820 2541; x_wconf 92' lang='lat' dir='ltr'><strong>au-</strong></span> 
     </span>
    </p>
   </div>
   <div class='ocr_carea' id='block_1_112' title="bbox 1028 2557 1819 2594">
    <p class='ocr_par' dir='ltr' id='par_1_112' title="bbox 1028 2557 1819 2594">
     <span class='ocr_line' id='line_1_112' title="bbox 1028 2557 1819 2594; baseline 0.005 -11"><span class='ocrx_word' id='word_1_891' title='bbox 1028 2561 1080 2584; x_wconf 88' lang='lat' dir='ltr'><strong>tem</strong></span> <span class='ocrx_word' id='word_1_892' title='bbox 1095 2557 1165 2583; x_wconf 87' lang='lat' dir='ltr'><strong>viros</strong></span> <span class='ocrx_word' id='word_1_893' title='bbox 1179 2557 1281 2584; x_wconf 71' lang='lat' dir='ltr'><strong>insidiis</strong></span> <span class='ocrx_word' id='word_1_894' title='bbox 1291 2578 1297 2588; x_wconf 83' lang='lat'>.</span> <span class='ocrx_word' id='word_1_895' title='bbox 1311 2558 1437 2584; x_wconf 72' lang='lat' dir='ltr'><strong>arrmnuis</strong></span> <span class='ocrx_word' id='word_1_896' title='bbox 1449 2579 1455 2590; x_wconf 86' lang='lat'><strong>,</strong></span> <span class='ocrx_word' id='word_1_897' title='bbox 1468 2559 1595 2585; x_wconf 88' lang='lat' dir='ltr'><strong>custodiis</strong></span> <span class='ocrx_word' id='word_1_898' title='bbox 1617 2564 1696 2594; x_wconf 84' lang='lat' dir='ltr'><strong>atquc</strong></span> <span class='ocrx_word' id='word_1_899' title='bbox 1719 2561 1819 2587; x_wconf 73' lang='lat' dir='ltr'><strong>exsiliis</strong></span> 
     </span>
    </p>
   </div>
   <div class='ocr_carea' id='block_1_113' title="bbox 1027 2604 1821 2639">
    <p class='ocr_par' dir='ltr' id='par_1_113' title="bbox 1027 2604 1821 2639">
     <span class='ocr_line' id='line_1_113' title="bbox 1027 2604 1821 2639; baseline 0.004 -9"><span class='ocrx_word' id='word_1_900' title='bbox 1027 2609 1204 2633; x_wconf 75' lang='lat' dir='ltr'><strong>consumunt.</strong></span> <span class='ocrx_word' id='word_1_901' title='bbox 1230 2612 1384 2638; x_wconf 73' lang='lat' dir='ltr'><strong>metamque</strong></span> <span class='ocrx_word' id='word_1_902' title='bbox 1404 2604 1497 2631; x_wconf 85' lang='lat' dir='ltr'><strong>bibunt</strong></span> <span class='ocrx_word' id='word_1_903' title='bbox 1519 2605 1712 2639; x_wconf 77' lang='lat' dir='ltr'><strong>ignorantiam,</strong></span> <span class='ocrx_word' id='word_1_904' title='bbox 1729 2615 1761 2633; x_wconf 78' lang='lat' dir='ltr'><strong>ex</strong></span> <span class='ocrx_word' id='word_1_905' title='bbox 1779 2607 1821 2633; x_wconf 76' lang='lat' dir='ltr'><strong>his</strong></span> 
     </span>
    </p>
   </div>
   <div class='ocr_carea' id='block_1_114' title="bbox 1029 2650 1819 2686">
    <p class='ocr_par' dir='ltr' id='par_1_114' title="bbox 1029 2650 1819 2686">
     <span class='ocr_line' id='line_1_114' title="bbox 1029 2650 1819 2686; baseline 0.003 -11"><span class='ocrx_word' id='word_1_906' title='bbox 1029 2654 1151 2684; x_wconf 79' lang='lat' dir='ltr'><strong>putantes</strong></span> <span class='ocrx_word' id='word_1_907' title='bbox 1175 2658 1203 2676; x_wconf 86' lang='lat' dir='ltr'><strong>se</strong></span> <span class='ocrx_word' id='word_1_908' title='bbox 1226 2650 1331 2677; x_wconf 89' lang='lat' dir='ltr'><strong>virtutis</strong></span> <span class='ocrx_word' id='word_1_909' title='bbox 1351 2650 1450 2677; x_wconf 85' lang='lat' dir='ltr'><strong>amicos</strong></span> <span class='ocrx_word' id='word_1_910' title='bbox 1468 2650 1662 2683; x_wconf 81' lang='lat' dir='ltr'><strong>dehonestare,</strong></span> <span class='ocrx_word' id='word_1_911' title='bbox 1676 2652 1711 2680; x_wconf 87' lang='lat' dir='ltr'><strong>de</strong></span> <span class='ocrx_word' id='word_1_912' title='bbox 1724 2653 1819 2686; x_wconf 65' lang='lat' dir='ltr'><strong>quitus</strong></span> 
     </span>
    </p>
   </div>
   <div class='ocr_carea' id='block_1_115' title="bbox 1030 2695 1823 2733">
    <p class='ocr_par' dir='ltr' id='par_1_115' title="bbox 1030 2695 1823 2733">
     <span class='ocr_line' id='line_1_115' title="bbox 1030 2695 1823 2733; baseline 0.003 -11"><span class='ocrx_word' id='word_1_913' title='bbox 1030 2695 1148 2730; x_wconf 63' lang='lat' dir='ltr'><strong>prtrdixit</strong></span> <span class='ocrx_word' id='word_1_914' title='bbox 1161 2696 1304 2722; x_wconf 72' lang='lat' dir='ltr'><strong>Servatur:</strong></span> <span class='ocrx_word' id='word_1_915' title='bbox 1322 2695 1424 2722; x_wconf 74' lang='lat' dir='ltr'><strong>Vrnient</strong></span> <span class='ocrx_word' id='word_1_916' title='bbox 1435 2697 1498 2728; x_wconf 74' lang='lat' dir='ltr'><strong>dies,</strong></span> <span class='ocrx_word' id='word_1_917' title='bbox 1513 2697 1537 2722; x_wconf 83' lang='lat' dir='ltr'><strong>in</strong></span> <span class='ocrx_word' id='word_1_918' title='bbox 1548 2697 1637 2731; x_wconf 78' lang='lat' dir='ltr'><strong>quibus</strong></span> <span class='ocrx_word' id='word_1_919' title='bbox 1647 2699 1792 2733; x_wconf 75' lang='lat' dir='ltr'><strong>pulobnnlq</strong></span> <span class='ocrx_word' id='word_1_920' title='bbox 1812 2698 1823 2724; x_wconf 72' lang='grc' dir='ltr'><strong><em>ἱ</em></strong></span> 
     </span>
    </p>
   </div>
   <div class='ocr_carea' id='block_1_116' title="bbox 1029 2741 1818 2777">
    <p class='ocr_par' dir='ltr' id='par_1_116' title="bbox 1029 2741 1818 2777">
     <span class='ocr_line' id='line_1_116' title="bbox 1029 2741 1818 2777; baseline 0.005 -11"><span class='ocrx_word' id='word_1_921' title='bbox 1029 2741 1164 2767; x_wconf 66' lang='lat' dir='ltr'><strong>occiderint</strong></span> <span class='ocrx_word' id='word_1_922' title='bbox 1177 2749 1228 2773; x_wconf 81' lang='lat' dir='ltr'><strong>vos,</strong></span> <span class='ocrx_word' id='word_1_923' title='bbox 1238 2741 1380 2775; x_wconf 69' lang='lat' dir='ltr'><strong>obsequium</strong></span> <span class='ocrx_word' id='word_1_924' title='bbox 1393 2750 1419 2767; x_wconf 78' lang='lat' dir='ltr'><strong>se</strong></span> <span class='ocrx_word' id='word_1_925' title='bbox 1429 2747 1547 2775; x_wconf 74' lang='lat' dir='ltr'><strong>pt&#39;tr&#39;sture</strong></span> <span class='ocrx_word' id='word_1_926' title='bbox 1559 2742 1611 2769; x_wconf 84' lang='lat' dir='ltr'><strong>Dro</strong></span> <span class='ocrx_word' id='word_1_927' title='bbox 1626 2743 1714 2777; x_wconf 79' lang='lat' dir='ltr'><strong>(.Iumt.</strong></span> <span class='ocrx_word' id='word_1_928' title='bbox 1727 2743 1766 2770; x_wconf 81' lang='lat' dir='ltr'><strong>l6.</strong></span> <span class='ocrx_word' id='word_1_929' title='bbox 1779 2743 1818 2776; x_wconf 74' lang='grc'><strong>9.).</strong></span> 
     </span>
    </p>
   </div>
   <div class='ocr_carea' id='block_1_117' title="bbox 1030 2786 1816 2822">
    <p class='ocr_par' dir='ltr' id='par_1_117' title="bbox 1030 2786 1816 2822">
     <span class='ocr_line' id='line_1_117' title="bbox 1030 2786 1816 2822; baseline 0.003 -8"><span class='ocrx_word' id='word_1_930' title='bbox 1030 2787 1120 2820; x_wconf 70' lang='lat' dir='ltr'><strong>Neque</strong></span> <span class='ocrx_word' id='word_1_931' title='bbox 1133 2786 1252 2813; x_wconf 85' lang='lat' dir='ltr'><strong>videlicet</strong></span> <span class='ocrx_word' id='word_1_932' title='bbox 1266 2787 1299 2813; x_wconf 85' lang='lat' dir='ltr'><strong>de</strong></span> <span class='ocrx_word' id='word_1_933' title='bbox 1314 2788 1456 2821; x_wconf 75' lang='lat' dir='ltr'><strong>gentilibus</strong></span> <span class='ocrx_word' id='word_1_934' title='bbox 1466 2788 1541 2820; x_wconf 75' lang='lat' dir='ltr'><strong>dixit,</strong></span> <span class='ocrx_word' id='word_1_935' title='bbox 1552 2788 1611 2822; x_wconf 88' lang='lat' dir='ltr'><strong>quia</strong></span> <span class='ocrx_word' id='word_1_936' title='bbox 1623 2788 1742 2820; x_wconf 43' lang='lat' dir='ltr'><strong>dixs‘cl,</strong></span> <span class='ocrx_word' id='word_1_937' title='bbox 1752 2789 1816 2816; x_wconf 67' lang='lat' dir='ltr'><strong>diis:</strong></span> 
     </span>
    </p>
   </div>
   <div class='ocr_carea' id='block_1_118' title="bbox 1030 2832 1819 2866">
    <p class='ocr_par' dir='ltr' id='par_1_118' title="bbox 1030 2832 1819 2866">
     <span class='ocr_line' id='line_1_118' title="bbox 1030 2832 1819 2866; baseline 0.004 -9"><span class='ocrx_word' id='word_1_938' title='bbox 1030 2832 1072 2866; x_wconf 93' lang='lat' dir='ltr'><strong>qui</strong></span> <span class='ocrx_word' id='word_1_939' title='bbox 1092 2832 1178 2865; x_wconf 64' lang='lat' dir='ltr'><strong>plures</strong></span> <span class='ocrx_word' id='word_1_940' title='bbox 1187 2837 1210 2858; x_wconf 88' lang='lat' dir='ltr'><strong>et</strong></span> <span class='ocrx_word' id='word_1_941' title='bbox 1225 2840 1275 2858; x_wconf 84' lang='lat' dir='ltr'><strong>non</strong></span> <span class='ocrx_word' id='word_1_942' title='bbox 1291 2840 1369 2859; x_wconf 87' lang='lat' dir='ltr'><strong>unutn</strong></span> <span class='ocrx_word' id='word_1_943' title='bbox 1382 2832 1539 2866; x_wconf 71' lang='lat' dir='ltr'><strong>significant.</strong></span> <span class='ocrx_word' id='word_1_944' title='bbox 1550 2833 1624 2866; x_wconf 81' lang='lat' dir='ltr'><strong>Quod</strong></span> <span class='ocrx_word' id='word_1_945' title='bbox 1636 2839 1724 2860; x_wconf 86' lang='lat' dir='ltr'><strong>autent</strong></span> <span class='ocrx_word' id='word_1_946' title='bbox 1739 2842 1819 2860; x_wconf 81' lang='lat' dir='ltr'><strong>unum</strong></span> 
     </span>
    </p>
   </div>
   <div class='ocr_carea' id='block_1_119' title="bbox 1031 2876 1817 2912">
    <p class='ocr_par' dir='ltr' id='par_1_119' title="bbox 1031 2876 1817 2912">
     <span class='ocr_line' id='line_1_119' title="bbox 1031 2876 1817 2912; baseline 0.009 -13"><span class='ocrx_word' id='word_1_947' title='bbox 1031 2880 1058 2902; x_wconf 81' lang='lat' dir='ltr'><strong>et</strong></span> <span class='ocrx_word' id='word_1_948' title='bbox 1071 2876 1155 2902; x_wconf 71' lang='lat' dir='ltr'><strong>solum</strong></span> <span class='ocrx_word' id='word_1_949' title='bbox 1172 2877 1332 2905; x_wconf 80' lang='lat' dir='ltr'><strong>nominavit.</strong></span> <span class='ocrx_word' id='word_1_950' title='bbox 1349 2878 1462 2903; x_wconf 61' lang='lat' dir='ltr'><strong>(Ibil‘lltiii</strong></span> <span class='ocrx_word' id='word_1_951' title='bbox 1478 2886 1522 2904; x_wconf 80' lang='lat' dir='ltr'><strong>eos</strong></span> <span class='ocrx_word' id='word_1_952' title='bbox 1533 2899 1539 2910; x_wconf 90' lang='lat'><strong>,</strong></span> <span class='ocrx_word' id='word_1_953' title='bbox 1552 2878 1594 2912; x_wconf 85' lang='lat' dir='ltr'><strong>qui</strong></span> <span class='ocrx_word' id='word_1_954' title='bbox 1612 2886 1681 2905; x_wconf 82' lang='lat' dir='ltr'><strong>nunc</strong></span> <span class='ocrx_word' id='word_1_955' title='bbox 1697 2878 1817 2906; x_wconf 61' lang='lat' dir='ltr'><strong>lireles‘iit</strong></span> 
     </span>
    </p>
   </div>
  </div>
