2076 3112
164 177 193 204 81
678 160 720 187 Diti
742 158 821 185 VITA
842 155 870 182 S.
891 148 1030 177 JOANNIS
1045 144 1292 177 CIIRYSOSTOMI.
1755 140 1791 165 δι

166 232 292 265 pucteatt.
308 232 356 253 nos
370 221 566 258 deprcedantur.
579 218 722 245 Fervet-sos
735 221 848 248 namque
861 217 949 238 mores

165 258 228 302 imos
242 272 422 305 Invidiamque
436 267 617 297 occultantes,
632 263 689 297 ejus
703 268 794 289 cttram
808 267 837 286 se
853 258 951 284 habere

166 320 246 347 verbo
266 302 389 345 simulaui
400 334 407 347 ,
423 317 501 348 quam
522 310 597 337 factis
616 307 820 335 labefactarunt.
837 302 888 331 Sed
904 303 952 328 etsi

167 366 217 392 hoc
231 361 394 391 sinmlabunt
403 381 410 390 ,
422 366 513 386 rerum
524 355 611 383 exitus
623 355 694 389 ipsos
705 352 844 386 redarguet
854 369 862 382 ,
873 348 953 375 obse-

167 413 262 444 quutos
274 415 333 434 esse
340 406 376 438 ci,
386 405 430 439 qui
445 403 572 438 gloriatus
579 405 621 427 cst
634 408 641 426 :
655 398 714 425 Non
728 396 842 423 movebar
853 402 869 420 a
882 399 955 428 gene-

167 439 263 482 ratione
276 455 300 480 in
315 451 500 488 generationem
515 449 568 475 sine
581 447 647 473 malo
660 444 746 481 (Prol.
762 443 806 469 10.
820 441 865 475 6).
881 439 955 466 Nou-

167 501 229 528 dum
244 500 314 527 enim
329 498 445 532 speciem
460 503 534 522 novat
549 494 683 520 hmreseos
700 490 838 516 invenerat
858 484 956 519 iniqui-

169 545 230 573 tatis
239 546 360 572 inventor
370 547 393 569 el
406 541 529 577 pessima‘.
541 535 763 571 concupiscentia:
773 532 891 560 excultor
901 537 957 556 scr-

171 598 251 626 peus,
268 597 327 617 cum
346 587 503 622 pra'positos
518 583 697 611 Ecclesiarutu
711 580 743 606 ad
757 582 861 605 mutuas
872 574 959 602 caules

170 635 288 663 efferavit
303 635 447 661 amlntione
462 632 511 657 t-atl
524 629 596 656 cdrm.
606 633 631 654 et
644 627 736 660 prima:
750 624 830 655 sedis,
844 630 890 656 per
900 628 959 655 qua:

171 682 314 708 scissuram
337 679 467 705 fecerunt.
491 676 518 703 Si
537 674 608 702 enim
626 672 740 707 Spiritus
757 670 801 697 Dei
818 666 959 695 concordia

171 731 241 753 esset
259 726 327 751 ittter
343 723 482 757 episcopos
492 742 500 753 ,
516 725 542 747 et
557 724 584 745 ut
596 722 689 745 aurtor
705 714 825 743 criminis
835 734 843 745 ,
857 716 903 739 aut
918 711 960 738 itt-

172 772 269 807 dignus
295 769 443 797 sacerdotio
455 790 461 800 ,
477 772 521 793 aut
531 788 538 798 ,
553 771 580 792 ut
591 763 753 798 Theoltltilns
763 762 798 788 ait
810 781 816 793 ,
831 759 962 794 superbia:

173 817 317 847 obnoxius,
331 815 415 842 arceri
430 814 565 841 debuisset
577 812 693 838 Joannes
705 818 712 835 :
726 812 829 843 poterat
843 806 963 839 omnipo-

174 867 233 889 tens
250 862 294 888 Dei
313 861 439 895 sapientia
453 859 511 893 jure
525 866 539 884 a
550 856 699 884 sacerdotio
715 855 788 880 illtttn
801 860 903 881 arcere.
920 854 963 876 aut

175 908 283 935 modum
296 907 417 935 invenire
432 913 478 940 per
494 912 571 938 quem
586 903 643 929 sine
658 901 769 927 tumultu
782 904 808 924 et
824 898 880 924 sine
895 896 963 922 ﬂeti-

175 954 223 981 bus
246 954 397 988 ejiceretur,
410 952 510 978 scilicet
525 954 569 975 aut
584 953 684 977 morte,
709 950 753 972 aut
775 942 887 979 paralysi
900 963 906 973 ,
922 945 966 967 aut

175 1000 320 1026 amissione
334 998 406 1024 vocis
416 1018 423 1026 ,
437 1001 463 1022 ut
480 995 600 1022 norimus
614 992 744 1026 aliquibus
761 998 794 1017 ex
809 987 967 1015 adversariis

176 1045 318 1076 aecidis>e,
331 1048 357 1070 et
374 1044 477 1076 aliquos
490 1041 575 1067 adhuc
593 1040 616 1065 in
631 1047 663 1065 eo
677 1044 736 1064 este
750 1041 777 1062 ιιι
793 1035 848 1061 hare
863 1034 966 1067 patian-

178 1097 232 1118 tur.
250 1091 287 1118 Ex
303 1099 356 1124 quo
368 1095 455 1116 autent
473 1092 510 1115 tot
523 1092 550 1114 et
564 1090 634 1113 tanta
650 1085 791 1111 Servatore
807 1082 912 1115 indigna
927 1079 967 1106 fa-

180 1141 223 1163 cta
239 1137 401 1170 subsequula
418 1139 488 1165 sunt,
505 1133 560 1167 ipse
578 1131 684 1166 quidem
699 1136 752 1156 nou
764 1127 900 1161 depositus
913 1130 967 1157 est,

181 1181 227 1208 sed
243 1182 270 1208 in
283 1181 404 1207 exsilium
421 1184 495 1206 actus
508 1187 514 1205 τ
527 1177 635 1204 evidens
649 1180 689 1202 est
703 1174 799 1200 diaboli
817 1180 875 1199 esse
891 1178 968 1205 opus,

180 1226 259 1261 cujus
267 1233 375 1260 regnum
386 1225 494 1252 Joannis
506 1222 690 1258 praedicatione
699 1219 894 1247 destruebatur.
904 1217 969 1243 Novi

182 1272 288 1307 qttider
304 1279 350 1298 sev
364 1272 503 1305 episcopos
517 1269 612 1295 merito
633 1276 646 1293 a
664 1266 764 1293 Joanne
777 1264 912 1298 depositus
922 1283 928 1294 ,
943 1266 972 1288 ut

183 1317 357 1345 sacerdotalis
370 1317 506 1351 dignitatis
524 1319 673 1348 emptores,
694 1312 727 1338 de
741 1312 836 1346 quibus
848 1310 972 1343 superius

184 1363 251 1389 dixi.
275 1362 341 1395 Quis
354 1362 513 1396 lacrymatus
527 1359 585 1387 est?
603 1358 679 1393 cujus
699 1365 714 1384 e
734 1356 842 1383 naribus
862 1354 971 1382 stillavit

185 1415 222 1434 sat
230 1408 309 1442 ignis?
320 1414 379 1441 qua:
389 1406 480 1433 aranei
492 1405 541 1432 tela
554 1404 688 1431 conscissa
698 1402 755 1430 est?
768 1401 828 1436 quis
837 1400 916 1427 donto
927 1407 973 1426 sua

188 1455 278 1487 pulsus
293 1452 351 1478 est?
370 1453 430 1486 quis
444 1450 486 1478 vel
506 1450 585 1477 obolo
606 1448 750 1475 mulctatus
764 1446 823 1474 est?
838 1445 897 1480 quis
912 1451 975 1471 vero

188 1497 257 1524 Asia:
270 1497 421 1528 circulator,
437 1499 483 1522 aut
495 1494 585 1529 opifex
597 1515 604 1526 ,
616 1497 662 1519 aut
681 1492 795 1527 agricola
806 1511 814 1523 ,
825 1494 871 1517 aut
890 1494 975 1520 sutor,

188 1547 233 1569 aut
249 1541 378 1576 plebeius,
393 1545 529 1576 gratanter
543 1547 594 1566 nou
606 1538 689 1565 audiit
699 1537 770 1572 quod
782 1535 916 1563 acciderat
930 1542 978 1568 pro

189 1588 355 1615 vindicandis
375 1588 458 1614 sacris
479 1585 596 1620 legibus?
611 1584 734 1611 accinens
746 1591 753 1608 -.
766 1582 849 1615 Quam
862 1580 979 1615 magniﬁ-

191 1639 247 1660 cam
261 1638 318 1659 sunt
332 1641 410 1664 opera
423 1637 476 1664 tua,
489 1630 615 1657 Domine!
630 1630 713 1656 omnia
726 1629 752 1655 iu
764 1627 887 1662 sapientia
900 1626 980 1661 feciin

192 1678 278 1712 (Psnl.
291 1679 353 1705 105.
365 1678 423 1712 24).
435 1677 483 1705 Ubi
498 1677 568 1704 enim
582 1676 650 1703 Deus
663 1679 799 1710 operatur,
810 1672 899 1700 omnia
916 1671 982 1698 fittttt

194 1725 218 1751 in
227 1725 355 1759 sapientia
368 1733 374 1750 :
387 1724 430 1751 ubi
442 1731 504 1751 vero
516 1723 645 1750 bottorttm
659 1729 721 1748 osor
733 1721 847 1751 daemon,
860 1718 983 1746 similiter

195 1771 281 1797 omnia
294 1771 319 1796 in
334 1769 494 1804 insipientia.
517 1769 600 1795 l‘orro
615 1766 792 1801 insipientiam
808 1773 850 1792 res
861 1764 982 1792 absurda:

195 1821 352 1851 sequuntur,
367 1815 471 1842 invidizn
481 1835 488 1847 ,
503 1814 599 1846 eatdcs,
610 1813 725 1847 jurgium
737 1832 744 1845 ,
756 1810 901 1843 mmulalio,
913 1810 985 1836 furo-

197 1869 239 1888 res
249 1882 256 1894 ,
269 1863 333 1888 rixm
344 1882 351 1891 ,
365 1860 504 1888 discordim
515 1881 522 1893 ,
536 1860 665 1893 fragores,
679 1856 862 1891 imperitorum
877 1854 985 1888 conspi—

198 1909 275 1941 ratio,
291 1908 490 1942 magistratuum
508 1906 605 1937 fervor,
620 1911 724 1934 cruces,
740 1903 850 1930 laterum
865 1901 985 1928 abrasio—

200 1961 263 1985 nes,
279 1953 355 1980 ta‘da:
366 1973 373 1983 ,
393 1953 442 1979 rivi
464 1952 622 1987 sanguinum
635 1971 642 1982 ,
663 1949 842 1976 intolerabiles
864 1947 967 1974 mulctari
978 1967 985 1978 ,

201 1998 392 2033 publicatioues
406 1998 545 2028 bonorum,
557 1996 704 2023 soltttiones
715 1994 861 2021 divinarum
873 1992 990 2020 sanctio-

203 2053 274 2077 num,
281 2049 449 2079 contemptus
456 2044 553 2079 legum,
562 2042 670 2078 pudoris
677 2045 704 2069 et
710 2040 865 2075 frugalitatis
871 2043 989 2066 contem-

204 2095 262 2125 ptus
273 2111 280 2122 ,
296 2090 370 2117 orbis
385 2095 514 2117 terrarum
528 2090 653 2120 scissura,
671 2091 769 2123 parat:c
785 2091 854 2113 terra
870 2086 989 2119 marique

205 2135 305 2162 insidim
319 2135 437 2167 navales,
451 2139 599 2169 equestres,
615 2134 805 2168 pedestresque
817 2131 945 2158 machina:
958 2130 990 2156 ad

206 2180 422 2215 impedimentum
442 2188 534 2207 coruut
557 2179 601 2214 qui
616 2178 735 2206 veritatis
757 2185 835 2205 causa
858 2176 989 2204 exsulant.

206 2226 342 2258 Qvomodo
366 2226 446 2260 igitur
469 2225 566 2252 audent
587 2224 700 2251 dicere:
723 2223 769 2249 Dei
794 2222 992 2256 dispensatione

206 2271 320 2298 Jnaanes
334 2270 436 2305 cjectus
448 2270 506 2297 est?
520 2270 612 2296 Dicant
623 2274 710 2296 antem
723 2268 798 2299 mihi,
808 2268 853 2302 qui
870 2267 918 2294 ista
935 2275 995 2300 pcr-

207 2323 300 2344 1111111111
313 2326 319 2343 :
331 2316 426 2345 Nonne
445 2322 547 2351 poterat
561 2316 731 2350 omnipotens
745 2314 791 2342 Dei
807 2314 935 2349 sapientia
952 2313 994 2339 111-

209 2364 312 2396 visibili.
327 2367 356 2390 ut
368 2363 434 2395 dixi,
451 2363 547 2390 virtute
558 2363 699 2393 Joannem,
716 2361 737 2388 si
752 2361 876 2396 indignus
890 2359 992 2389 fuisset,

209 2417 348 2441 amovere,
365 2414 410 2435 aut
424 2409 537 2436 suadere
554 2408 715 2435 adversariis
729 2407 786 2434 sine
802 2406 951 2433 interventu
970 2408 997 2430 et

212 2454 308 2480 viribus
324 2454 472 2488 principum
484 2453 619 2480 moderate
631 2460 686 2480 rem
704 2451 790 2479 ferre?
803 2451 829 2478 Si
840 2450 911 2477 enim
925 2449 995 2475 idetn

214 2500 280 2527 Deus
302 2504 361 2532 est,
377 2500 421 2534 qui
443 2499 525 2535 Moysi
547 2503 705 2534 eooperatus
728 2502 769 2525 est
791 2497 824 2524 ad
849 2496 996 2523 libertatem

1007 208 1086 235 Israel
1109 213 1135 235 et
1159 206 1353 237 obedientiam,
1375 204 1511 231 Pharaone
1534 204 1617 238 palam
1639 202 1791 231 clamante:

1008 255 1066 281 Non
1081 255 1137 281 νισι-ἱ
1150 253 1229 280 Deum
1239 274 1246 284 ,
1258 257 1280 279 et
1294 251 1376 279 Israel
1391 260 1439 278 non
1453 251 1576 277 dimittant
1588 249 1684 284 (Exod.
1699 249 1725 276 5.
1739 249 1774 282 '2)
1786 257 1792 274 :

1006 299 1140 335 quomodo
1160 299 1238 333 igitur
1252 296 1350 324 auxilio
1366 302 1530 324 terrenarum
1554 295 1702 330 principum
1727 293 1796 320 indi-

1007 346 1059 378 guit
1077 344 1102 371 in
1118 351 1197 371 causa
1210 343 1336 370 Joannis?
1348 342 1424 377 quasi
1438 341 1570 371 senuerit,
1587 343 1631 367 aut
1650 338 1745 366 debilis
1760 338 1798 363 fa-

1008 396 1066 417 ctus
1085 390 1137 422 sit,
1158 395 1203 416 aut
1226 398 1276 416 non
1300 388 1425 423 potuerit.
1450 387 1550 414 Deinde
1563 386 1606 421 qui
1622 383 1797 419 quortttndam

1010 436 1158 468 adulteria,
1175 435 1294 462 infandas
1310 434 1449 465 libidines,
1465 438 1545 467 atque
1560 433 1671 459 aliorum
1693 430 1795 466 pra~sti~

1010 483 1065 517 gias
1079 482 1263 517 publicaverit,
1281 488 1331 506 non
1347 479 1461 513 potuerit
1476 479 1562 505 adhuc
1576 478 1705 505 Joannem
1719 484 1796 503 coar—

1011 527 1108 562 guere?
1123 531 1168 553 aut
1189 530 1300 557 eontra,
1321 524 1365 559 qui
1389 524 1467 558 hujus
1486 524 1602 558 linguam
1625 523 1686 550 fecit
1705 521 1798 556 angina

1013 578 1177 604 tumcSCcre,
1194 572 1228 598 ita
1244 576 1270 598 ut
1286 571 1386 605 scripto
1402 570 1538 596 veritatem
1560 568 1679 603 proliteni
1693 572 1800 594 coactus

1014 619 1102 649 fuerit,
1115 617 1231 645 etalium
1247 615 1396 650 permiserit
1410 614 1527 640 incidere
1539 613 1563 639 in
1578 612 1684 647 gradus,
1696 612 1739 646 qni
1751 610 1800 645 ipsi

1015 664 1120 690 fuerunt
1141 661 1343 692 mortiferi,aut
1363 660 1443 686 alium
1466 658 1665 692 erumpentibus
1687 656 1803 689 undique

1015 709 1150 736 vermibus
1173 712 1275 735 umtnm
1299 707 1324 732 in
1348 706 1417 732 leeto
1439 703 1613 731 maccravcrit
1635 710 1732 729 annum
1748 701 1804 727 fere

1016 757 1157 789 integrum,
1174 758 1220 780 aut
1234 753 1308 780 alteri
1322 751 1441 786 injeccril
1456 749 1590 776 horrenda
1606 748 1729 775 terricula
1743 754 1804 773 cum

1018 801 1138 827 familiari
1160 799 1290 833 podagra.
1307 802 1352 824 aut
1370 797 1412 831 qui
1428 804 1504 823 erura
1518 795 1601 822 secuit
1615 793 1690 827 cttjtts
1703 793 1783 819 voluit
1796 813 1804 822 .

1018 850 1063 872 aut
1083 846 1127 879 qui
1149 844 1217 871 foeda
1240 848 1324 870 morte
1344 843 1398 869 cito
1418 849 1477 868 cum
1500 840 1603 874 rapuit,
1622 846 1699 873 quem
1720 838 1806 865 sciunt

1018 899 1110 919 omnes
1124 900 1130 918 ί
1145 891 1188 917 hic
1203 891 1227 916 in
1241 889 1362 918 Joanne.
1377 888 1506 921 sacrilego
1517 907 1523 917 ,
1541 890 1568 912 ut
1582 885 1670 912 dicitis
1682 905 1688 915 ,
1706 883 1806 918 aliquid

1020 938 1113 964 horum
1127 941 1231 971 patrare
1245 942 1296 961 non
1308 934 1402 965 valuit;
1419 932 1465 958 sed
1481 932 1530 957 hoc
1546 936 1572 958 et
1588 930 1632 956 illo
1645 928 1767 963 indiguit,
1779 933 1807 954 ut

1020 984 1148 1011 Joannem
1163 989 1222 1008 cutn
1237 979 1379 1014 ignominia
1394 977 1551 1011 expelleret,
1564 975 1647 1001 multo
1662 974 1719 1009 plus
1731 981 1763 1000 cx
1777 980 1809 1000 eo

1020 1029 1110 1065 glorim
1126 1028 1175 1062 ipsi
1190 1024 1353 1053 concilians?
1376 1024 1471 1050 Errant
1486 1022 1579 1056 igitur,
1596 1021 1648 1047 vim
1662 1019 1737 1047 verbi
1751 1018 1809 1053 ejus

1023 1076 1179 1103 nescientes.
1196 1072 1346 1106 Sacrilegus
1358 1069 1428 1096 enim
1442 1069 1487 1095 ille
1502 1067 1607 1102 proprie
1622 1070 1681 1098 est,
1696 1073 1747 1092 non
1763 1064 1809 1099 qui

1023 1128 1115 1148 altrum
1127 1141 1133 1151 ,
1150 1123 1195 1145 alii.
1216 1121 1353 1152 argentum
1365 1135 1372 1147 ,
1388 1119 1432 1140 nlll
1445 1118 1532 1140 \‘05iCS
1544 1114 1642 1138 εει-11ης
1652 1131 1659 1143 ,
1677 1110 1807 1137 ιίι11111111111

1023 1167 1124 1198 cibttm,
1136 1163 1297 1200 pauperibus
1307 1161 1450 1195 elargilur;
1466 1158 1511 1185 sed
1523 1157 1565 1192 qui
1580 1156 1700 1191 pecunia.
1710 1160 1755 1182 aut
1764 1162 1809 1181 as-

1024 1211 1173 1240 sentatione
1184 1231 1191 1241 ,
1206 1213 1252 1236 aut
1265 1207 1351 1242 epulis
1366 1206 1514 1233 doctrinam
1529 1202 1679 1230 Servatoris
1692 1205 1719 1228 et
1739 1208 1811 1235 pra:—

1025 1262 1100 1293 cepta
1115 1256 1204 1284 vendit
1215 1262 1222 1287 ;
1235 1253 1331 1281 deinde
1348 1252 1392 1287 qui
1411 1257 1516 1278 sacrum
1532 1249 1617 1275 virum
1633 1248 1685 1273 vita
1706 1251 1733 1273 et
1753 1246 1811 1273 elo-

1025 1291 1133 1339 quentia
1147 1305 1268 1329 ornatuut
1282 1299 1407 1330 divcxat,
1423 1304 1470 1331 per
1485 1302 1564 1330 queat
1582 1294 1716 1322 Servator,
1732 1291 1813 1318 veluti

1027 1358 1076 1386 per
1087 1353 1217 1377 craterem
1231 1350 1257 1373 ct
1270 1353 1316 1372 vas
1330 1343 1486 1379 pretiosum,
1501 1340 1576 1368 verbi
1589 1338 1751 1366 amatoribus
1765 1337 1813 1363 ad-

1026 1383 1144 1431 jnmcnta
1157 1392 1249 1420 salutis
1263 1389 1430 1425 propinabat.
1448 1387 1486 1414 Illi
1501 1386 1580 1420 igitur
1592 1383 1712 1418 sacrilegi
1723 1383 1814 1409 dican-

1030 1427 1082 1472 iur,
1092 1438 1136 1474 qui
1147 1436 1316 1472 apostolicam
1330 1432 1475 1460 Eeclesiam
1487 1429 1630 1465 depnedati
1641 1433 1712 1460 sunt,
1721 1427 1818 1454 talibus

1030 1493 1088 1513 eam
1101 1473 1262 1518 pastoribus
1280 1479 1441 1514 spoliantes,
1463 1481 1489 1504 et
1511 1475 1692 1503 ordinationes
1707 1473 1816 1509 pecunia

1033 1530 1191 1560 vendentes,
1208 1526 1239 1553 ad
1255 1532 1322 1560 quos
1333 1523 1442 1558 jantjam
1460 1521 1596 1556 perveniet
1614 1520 1702 1546 divina
1716 1518 1817 1553 justitia

1033 1577 1065 1603 ad
1078 1574 1291 1604 emendationem
1306 1572 1422 1605 ipsorum
1439 1567 1626 1603 itnprobimtis.
1642 1566 1669 1593 Si
1685 1565 1756 1593 enim
1773 1564 1818 1599 qui

1033 1623 1117 1657 legem
1131 1620 1227 1656 Moysis
1240 1616 1424 1644 adulterabaut
1440 1623 1485 1649 per
1499 1614 1607 1640 nimiam
1622 1610 1819 1646 negligentiam,

1033 1678 1048 1697 e
1062 1668 1160 1702 templo
1173 1675 1187 1693 a
1202 1666 1345 1693 Serv:tlore
1359 1662 1435 1696 cjccti
1451 1665 1513 1688 situt
1525 1668 1584 1686 ctttn
1601 1658 1715 1693 ﬂagello,
1727 1662 1752 1684 et
1763 1657 1821 1692 qui-

1034 1715 1094 1743 dem
1106 1701 1263 1742 efuniculis,
1275 1709 1335 1745 quia
1350 1709 1419 1734 intus
1433 1706 1568 1734 columbas
1583 1704 1732 1731 vendebant
1742 1711 1748 1729 :
1760 1701 1822 1736 quid

1036 1761 1072 1788 illi
1086 1767 1156 1787 nunc
1172 1757 1272 1793 passuri
1290 1759 1360 1786 suttt,
1377 1753 1420 1787 qui
1442 1755 1624 1785 cauponantttr
1643 1749 1706 1776 novi
1727 1747 1822 1774 Testa-

1037 1805 1118 1834 menti
1132 1802 1320 1832 sacerdotium,
1334 1799 1383 1826 nisi
1399 1802 1452 1836 uta
1469 1801 1602 1830 pastorum
1617 1793 1735 1828 principe
1751 1792 1822 1826 virga

1041 1844 1130 1871 ferrea
1144 1839 1340 1868 conterantur?
1356 1842 1385 1865 ut
1399 1838 1436 1864 ait
1447 1837 1596 1872 Apostolus
1612 1845 1618 1863 ε
1636 1836 1687 1868 Qui
1700 1836 1779 1863 violat
1792 1835 1829 1862 le-

1038 1896 1094 1924 gem
1107 1886 1217 1921 Moysis,
1234 1884 1330 1919 absque
1341 1881 1522 1909 misericordia
1543 1881 1590 1908 sub
1606 1880 1708 1907 duobus
1720 1881 1829 1906 11111111-

1040 1935 1087 1961 bus
1099 1933 1205 1959 testibus
1216 1931 1339 1959 moritur.
1351 1929 1459 1962 Quanto
1472 1928 1572 1962 putatis
1585 1927 1720 1954 acerbiore
1732 1926 1830 1961 dignus

1039 1980 1187 2009 censebitur
1201 1985 1276 2012 paena
1292 1977 1336 2011 qui
1351 1975 1398 2002 Dei
1419 1974 1520 2001 Filium
1535 1974 1697 2001 conculcavit
1708 1994 1715 2004 ,
1731 1978 1755 2000 et
1768 1982 1831 2000 sau-

1040 2027 1143 2063 guinem
1163 2023 1323 2051 Testanteuti
1340 2021 1471 2056 pollutum
1480 2021 1653 2050 existimat-il.
1666 2020 1692 2050 in
1707 2027 1758 2054 quo
1769 2028 1832 2045 sau-

1041 2074 1175 2108 ctiﬁcalus
1186 2075 1237 2101 est,
1249 2075 1272 2097 et
1289 2068 1417 2103 Spiritum
1433 2067 1527 2102 gratim
1544 2065 1703 2099 contumelia
1721 2065 1808 2099 aﬂ'ccil
1819 2066 1833 2092 .’

1043 2120 1147 2146 Scimus
1163 2117 1232 2144 enim
1245 2115 1290 2150 qui
1304 2114 1385 2140 dicit:
1398 2112 1466 2139 Mihi
1479 2112 1604 2140 rindicta.
1616 2119 1663 2145 ego
1677 2111 1832 2142 retribuam,

1044 2165 1107 2193 dicit
1123 2163 1259 2190 Dominus.
1274 2159 1443 2186 Horrendum
1456 2162 1493 2185 ut
1506 2156 1621 2184 incidere
1635 2157 1660 2183 in
1672 2164 1767 2183 manu:
1786 2155 1832 2182 Dei

1044 2211 1152 2240 t-iucutis
1164 2209 1251 2245 (Rom.
1265 2207 1306 2234 12.
1321 2206 1371 2239 19;
1385 2205 1466 2232 Hebr.
1484 2204 1525 2231 10.
1535 2203 1614 2231 23-51
1626 2203 1646 2236 ).
1660 2203 1731 2245 Deus
1743 2207 1834 2245 autem

1046 2263 1090 2298 qui
1105 2240 1176 2288 hunc
1189 2259 1261 2293 pium
1272 2259 1300 2282 et
1308 2257 1428 2281 sanctum
1443 2254 1587 2286 pastorem,
1599 2250 1626 2273 et
1636 2242 1744 2298 justitias
1757 2240 1831 2298 11111ιί-

1047 2286 1112 2335 tiarc
1125 2286 1280 2341 glori'liravit
1292 2321 1298 2332 ,
1314 2300 1357 2326 det
1378 2298 1434 2332 ipse
1454 2295 1529 2323 nobis
1545 2296 1647 2327 partctn
1662 2294 1688 2316 et
1701 2286 1831 2334 lteredita-l

1049 2358 1101 2380 tem
1116 2329 1175 2378 citur
1197 2349 1240 2375 illo
1263 2345 1382 2373 invenire
1402 2343 1428 2369 in
1452 2337 1588 2367 tremendo
1606 2334 1669 2371 justi
1689 2332 1780 2368 jutlicii
1795 2329 1834 2357 sui

1049 2399 1092 2426 dic
1105 2407 1111 2425 :
1123 2396 1165 2424 cui
1180 2392 1308 2427 competit
1321 2389 1414 2425 gloria,
1429 2387 1522 2415 honor,
1539 2382 1664 2416 majestas
1678 2384 1703 2406 et
1716 2376 1833 2412 magnili.

1050 2444 1150 2475 ccntia,
1164 2440 1233 2468 Patri
1246 2443 1273 2465 et
1286 2437 1353 2464 Filio
1367 2439 1393 2462 et
1408 2430 1516 2467 Spiritui
1531 2432 1634 2456 sancto.
1651 2431 1720 2452 nunc
1730 2427 1757 2450 et
1768 2429 1836 2449 scm-

1054 2499 1111 2526 pcr,
1126 2494 1152 2517 et
1165 2488 1190 2514 in
1204 2484 1300 2513 saecula
1314 2480 1481 2509 sa‘culorum.
1496 2477 1591 2504 Amen.
