2034 3109
206 131 240 159 κςς

740 136 768 163 S.
790 136 897 164 J0.\NN
912 138 930 167 S
953 138 1200 166 CHRYSOSTORH
1222 137 1314 165 VITA.
1803 136 1834 160 ει

482 203 528 233 DE
548 203 636 232 YI'I‘A
653 203 683 231 S.
699 203 854 236 JO.\.\I.\'IS
876 206 1138 236 (ll-IRYSOSTOMI
1158 207 1181 235 Α
1210 206 1319 236 NOBIS
1344 205 1554 235 ADORNATA.

244 286 318 325 Nihil
338 287 425 321 magis
441 293 624 325 opportunum
638 289 670 315 ad
685 289 767 315 vitam
786 289 804 315 S
820 288 862 316 Jo.
879 290 999 325 Chryso-

211 322 293 359 s'omi
309 330 392 349 aecur
412 328 436 349 te
444 323 520 350 conti
544 324 673 355 ualidam,
685 333 767 357 quam
781 322 943 359 ejusopet'a:
955 326 1000 353 ubi

211 358 355 383 innumera
382 364 448 394 prne
463 366 552 394 oecur-
567 362 594 384 nt
614 360 648 385 ah
667 361 727 386 aliis:
747 358 927 394 SCI'iplOt'ihtls
949 371 972 386 ιιι
985 370 1000 387 ιι

216 397 375 418 memorata.
387 393 521 429 Palladius
533 401 642 428 quoque
655 395 682 420 iu
695 393 862 429 Dialogosno
873 396 1002 422 historico

214 435 268 454 non
277 435 361 464 pauea
372 428 535 464 suppeditat.
545 430 677 462 quatalibi
695 430 793 456 [rustra
806 438 942 464 quatreres
956 431 1003 457 llis

213 463 329 496 addi-udi
338 462 651 494 Snerates,Sozoruenus
661 462 886 496 et'l‘heodoretus.
899 474 1003 493 necnon

213 495 326 535 l‘hotius
338 498 413 535 eirea
421 506 450 524 ea
460 499 588 531 maxime,
598 508 658 533 qua!
668 501 699 526 ad
713 499 852 535 Sydonum
862 501 888 526 in
898 502 1003 533 Quercu

215 533 360 562 pertinent.
373 534 489 571 Aliunde
504 534 565 571 item
578 536 701 568 quredam
721 533 753 561 ad
769 536 842 571 idem
859 544 1006 571 argumen-

216 573 272 604 tum
281 575 348 604 _spee
363 569 436 595 autia
452 569 587 603 expiseari
600 577 757 604 possumus.
768 570 803 598 lis
814 578 881 598 usus
890 569 1006 598 auctori-

219 603 268 629 lius
281 602 369 643 Vitam
384 604 417 637 ej:
430 602 554 631 δίζω-ιω)
564 602 669 643 vulgari
683 606 811 643 idiomate
822 607 932 643 scripsit
942 607 1006 634 ller-

218 641 348 677 manlius,
368 644 449 673 atque
464 648 561 677 omnes
574 641 711 668 inferioris
723 642 770 668 ξι·νὶ
789 642 946 675 su'riptores.
959 642 1006 676 qui

218 671 306 699 Vitam
317 671 504 708 Clnysostomi
518 676 730 707 adornaverant,
743 671 917 704 arent-aliane
929 684 952 704 et
967 671 1008 703 di-

218 708 225 733 Ι
238 708 326 741 gentia
344 709 422 743 longe.
435 711 581 744 superavit.
593 710 657 745 Post
669 712 744 739 illum
757 720 821 738 vero
833 712 874 738 vir
882 713 916 739 cl.
932 713 1006 739 omni

220 745 379 776 exceptione
401 745 498 779 major.
513 745 713 777 Tillemontins.
733 752 761 773 ut
785 747 902 773 aliorum
924 748 1007 774 vitam

219 783 377 816 sanetur-um
397 787 505 816 summo
520 782 611 807 studio
623 787 648 808 et
661 783 753 809 labore
764 783 918 816 descripsit.
932 782 966 808 ita
982 782 1008 808 in

221 813 484 853 tantitI--etorisvila
496 816 561 853 nihil
572 817 688 853 neglexit
700 824 807 845 eorum.
817 813 912 853 quierin
928 817 1009 853 hujus

222 849 294 874 modi
306 856 394 888 opere
404 850 504 888 aliquid
519 849 632 888 possent.
644 852 705 878 alter
713 860 740 878 re
753 849 895 878 momenti.
907 853 934 878 Si
944 849 1011 886 quid

221 890 286 923 vero
297 883 498 923 dillieultatisin
510 883 570 923 ejus
581 887 728 913 referendis
741 888 825 921 gestis
835 883 972 918 occurrat.
985 888 1011 914 in

224 920 295 955 notis
311 920 368 946 suis
381 921 414 946 ad
428 921 530 947 calcem
544 921 605 948 libri
625 922 720 955 positis
744 920 834 948 omnia
857 923 1011 949 minutatim

224 953 362 994 explanat,
381 955 573 994 nequidquam
588 953 796 991 praetermisisse
806 958 940 994 videatur.
956 957 1013 984 lloe

224 990 360 1022 praecipue
371 996 408 1015 se:
417 990 503 1024 iptore
513 999 578 1018 usus
590 990 660 1023 Sum,
676 994 864 1019 cummaxime
877 993 916 1019 vel
930 993 1012 1024 dicta,

225 1023 267 1051 Vel
280 1028 354 1057 gesta
367 1023 556 1059 Clu‘j‘sostomi
567 1027 670 1061 aliquid
683 1035 737 1062 prae
750 1036 778 1055 se.
791 1029 880 1054 ferunt
893 1023 1015 1055 obscuri-

224 1123 545 1136 ξιξ-εῗψ*

363 1208 558 1273 VlTA
604 1208 669 1271 S.
723 1206 1050 1271 JOANNIS
1099 1205 1692 1287 CHRYSOSTOMI,

1052 290 1126 320 tatis,
1142 289 1212 324 quod
1227 297 1293 316 sane
1307 289 1467 324 plerumque
1475 289 1584 317 accidit:
1599 291 1739 324 fateorque
1751 297 1839 318 tamen

1053 334 1095 352 me
1109 335 1160 352 non
1174 333 1279 359 semper
1292 326 1357 351 tanti
1373 325 1421 351 viri
1432 330 1498 352 St‘llll
1510 326 1593 351 ntiatn
1608 327 1760 360 amplexum
1770 334 1839 353 esse:

1055 361 1080 387 in
1099 361 1235 386 nonnullis
1247 361 1328 386 etiam
1342 361 1415 387 i'lnm
1430 368 1443 385 a
1457 366 1528 386 recta
1543 361 1584 386 via
1595 361 1750 388 declinasse
1766 369 1842 388 com—

1055 396 1123 430 peri.
1133 395 1200 422 Cum
1210 396 1282 422 enim
1297 396 1374 430 longe
1388 396 1446 428 plus
1464 397 1593 429 temporis
1610 396 1636 422 in
1650 396 1780 430 legendis,
1793 396 1844 422 La—

1057 432 1112 457 tine
1129 432 1275 459 vertendis.
1295 431 1468 464 explorandis
1491 430 1678 465 Chrysostomi
1704 432 1842 465 operibus,

1055 474 1136 500 quam
1148 466 1562 500 ille,consuinpseritn,qn:edatu
1573 466 1778 500 deprehendijn
1789 467 1844 500 qui-

1056 501 1106 527 bus
1121 501 1164 528 ille
1182 501 1222 528 vel
1244 501 1269 526 in
1290 501 1420 535 temporis
1441 501 1642 535 supputatione,
1659 502 1698 528 vel
1711 503 1737 527 in
1752 510 1843 528 rerum

1056 541 1193 570 gestarum
1208 536 1323 568 ratione,
1340 544 1354 562 a
1375 540 1448 562 recto
1465 541 1472 562 t
1491 537 1574 562 amite
1589 536 1744 563 deflexerat:
1758 543 1845 571 eaque

1056 573 1090 598 de
1106 579 1134 598 re
1149 572 1277 598 lectorem
1300 571 1465 606 quandoque
1492 572 1597 602 monui.
1617 579 1677 598 cttm
1697 579 1728 598 ea
1743 576 1845 604 tamen,

1056 615 1117 642 qua:
1131 611 1205 633 tanto
1222 606 1281 632 viro
1295 607 1420 639 debetur,
1432 607 1576 634 observant
1589 614 1614 633 a.

1093 641 1161 674 Quia
1177 642 1203 668 in
1221 642 1271 668 hac
1288 646 1422 673 postrema
1438 642 1625 676 Chrysostomi
1638 640 1847 675 Opernmcolle-

1058 677 1149 704 ctione
1164 677 1231 703 bene
1249 676 1332 702 multa
1344 682 1416 704 sunt.
1434 685 1494 711 quae
1510 684 1658 711 numquam
1673 677 1759 705 lucem
1775 677 1847 703 vide-

1059 716 1131 743 rant;
1143 712 1206 738 hinc
1219 712 1300 738 etiam
1314 719 1366 737 non
1376 719 1462 746 pauca
1472 713 1602 739 hactenus
1618 713 1709 746 ignota
1721 713 1753 739 ad
1765 712 1847 738 vitam

1059 748 1127 774 tanti
1137 747 1256 773 doctoris
1273 747 1435 780 pertinentia
1446 747 1644 781 decerpsimus,
1656 748 1775 774 maxime
1785 755 1849 773 vero

1060 790 1092 808 ex
1104 782 1227 808 undecim
1238 782 1289 807 illis
1299 781 1422 808 llomiliis
1433 783 1511 809 novis
1523 783 1547 808 in
1561 788 1634 809 tonio
1644 782 1780 814 Xllcusis,
1790 789 1850 816 quat

1061 817 1094 843 ad
1106 817 1247 843 historiam
1260 817 1331 843 illius
1341 817 1469 850 temporis
1482 817 1596 843 Inuitum
1614 817 1768 849 conferunt,
1778 817 1850 843 vide-

1060 852 1123 878 lieet
1135 860 1149 878 a
1169 855 1305 886 postrema
1322 856 1398 885 parte
1409 853 1473 878 anni
1493 852 1546 879 598
1559 860 1644 885 usque
1659 853 1692 879 ad
1707 853 1849 879 dimidium

1061 887 1125 914 anni
1136 887 1275 921 sequentis
1291 887 1353 913 599:
1368 887 1399 913 de
1409 894 1463 920 quo
1473 888 1604 921 temporis
1613 888 1701 921 spatio
1712 888 1738 914 in
1753 888 1794 914 his
1803 888 1854 913 ho-

1063 922 1146 949 miliis
1157 921 1280 956 qumdam
1294 921 1452 948 referuntur
1465 923 1535 949 scitu
1547 922 1706 956 dignissima
1728 928 1753 949 et
1773 927 1852 948 ante-

1064 957 1115 984 hac
1128 958 1229 991 ignota,
1239 964 1299 992 qum
1306 957 1376 991 apud
1386 957 1454 984 alios
1467 958 1615 992 scriptorcs
1631 957 1732 984 frttstra
1744 965 1852 992 quaere-

1060 991 1183 1028 Vres.Ha-c
1194 992 1285 1018 omnia
1298 992 1322 1018 in
1334 1000 1364 1028 ea
1377 999 1458 1026 quam
1470 992 1567 1018 damus
1577 993 1700 1020 Ductoris
1707 991 1766 1019 Vita
1777 1000 1854 1018 aeru-

1064 1031 1271 1062 rate,quantum
1282 1027 1433 1061 potuimus,
1442 1028 1544 1062 scripto
1555 1030 1715 1063 consignata
1723 1029 1853 1063 ιιμνριὶριι,

688 1336 948 1365 ,ιιιςιιιειιιδεοιδι
968 1334 1385 1366 ΟΟΝΞΤΛΝΤΙΝΟΞὉΙᾸΤᾹΝΙ,

220 1429 303 1450 NUNC
329 1429 454 1451 PPJIL'M
479 1428 664 1454 ADOILVATA,
691 1429 729 1449 ΕΤ
762 1429 876 1450 MULTIS
904 1428 1005 1450 AUCTA

1060 1428 1138 1448 ΝΤΕΛ
1172 1427 1310 1452 IGVOTIS,
1332 1426 1402 1452 QUE
1430 1425 1469 1445 EX
1503 1424 1666 1446 DUODECHI
1694 1422 1836 1445 [IOIHIJIS

567 1468 951 1489 COSSTANTINOPDLITANIS
969 1468 1072 1489 SUPER
1096 1466 1247 1487 REPERTH
1264 1465 1429 1486 EKCERPTA
1450 1465 1540 1486 SUNT.

245 1569 360 1595 Joannes
378 1566 558 1593 Antmchenns
573 1564 706 1591 nohilihns
729 1568 805 1590 ortus
824 1568 863 1589 εηῑ
884 1562 1003 1597 parenti-

211 1613 270 1640 btts.
287 1613 350 1647 Ejus
366 1617 440 1647 pater
458 1611 580 1645 Magister
594 1610 707 1636 tuililum
720 1608 805 1644 Syria:
820 1607 877 1637 fuit.
897 1607 1004 1634 nomine

211 1659 366 1689 Secundus;
382 1662 466 1684 mater
483 1657 600 1684 Anthusa
619 1655 734 1692 (Pallad.
749 1654 815 1680 Dial.
829 1662 854 1688 ρ.
867 1654 901 1680 40
914 1653 935 1688 ).
950 1652 1004 1679 Νο-

213 1711 273 1730 men
288 1703 369 1737 patn‘s
382 1707 409 1730 et
423 1703 515 1729 matris
529 1709 581 1728 non
597 1701 676 1727 modo
697 1699 828 1733 Georgius
847 1698 1005 1725 Alexandri-

215 1757 265 1776 nus
279 1749 359 1775 refert
373 1748 476 1784 ((-‘corg.
489 1748 561 1773 Αιρπ.
577 1756 601 1781 p.
630 1745 701 1779 159),
717 1746 763 1772 sed
784 1745 863 1771 etiarn
882 1744 1006 1772 Socrates

214 1794 301 1829 (Socr.
318 1794 371 1820 1.6.
389 1802 411 1820 e.
425 1794 463 1827 5).
486 1794 652 1827 Quapropter
674 1791 769 1818 merito
792 1789 908 1824 rejicilut'
927 1789 1007 1816 Catti-

215 1842 270 1868 sius
287 1840 414 1876 (Curtisius
429 1839 447 1866 ι.
462 1840 492 1871 ‘2,
510 1848 534 1873 ιι.
552 1838 628 1871 837),
645 1838 688 1871 qui
713 1841 786 1870 putat
807 1836 935 1862 Joannem
958 1843 1006 1862 no-

215 1890 299 1913 strum
315 1890 414 1912 sanetae
430 1885 500 1911 illius
512 1889 539 1911 ct
550 1889 666 1910 strenua:
687 1882 806 1908 mulieris
824 1881 933 1912 Puhlim,
948 1888 1007 1915 quae

215 1933 264 1959 sub
278 1932 384 1960 Jnliano
399 1933 524 1966 Apostata
539 1929 636 1957 ﬂoruit.
655 1928 735 1955 lilium
757 1928 847 1954 fuisse.
859 1926 926 1953 Natu
951 1933 1005 1953 ma-

213 1979 299 2013 jorem
313 1985 434 2004 sororem
449 1976 576 2004 habuisse
587 1978 677 2001 narrat
697 1973 838 2004 Palladius,
859 1972 933 2006 cujus
956 1979 1006 1998 no-

215 2031 277 2051 men
286 2031 337 2050 non
349 2027 489 2051 memorat.
501 2022 587 2048 Amita
603 2027 708 2054 quoqtte
722 2019 803 2053 ipsius
816 2018 898 2045 fuisse
911 2018 1008 2045 dicitur

216 2068 369 2100 Sabiniaua,
394 2068 428 2095 dc
448 2076 498 2103 qua
525 2067 644 2102 pluribus
666 2070 758 2100 agetur
779 2064 811 2091 ad
835 2071 932 2091 ammm
954 2064 1008 2092 405

217 2114 334 2150 (Pallad.
348 2114 405 2141 Ilt's.
422 2113 509 2150 Laus).

253 2160 440 2195 Esplodeudus
466 2164 553 2187 autem
577 2159 707 2196 Georgius
732 2159 938 2192 Alexandrinus,
963 2159 1007 2194 qui

217 2209 307 2233 narrat
319 2210 406 2232 ortum
417 2205 488 2232 illmu
500 2213 559 2233 esse
572 2214 605 2232 ex
619 2206 774 2240 parentibus
784 2206 937 2238 gentilibus,
949 2206 1009 2232 deo-

217 2259 330 2287 rumque
341 2252 497 2284 cultoribus,
509 2257 536 2279 et
552 2257 690 2287 postquam
705 2252 761 2287 ipse
783 2252 900 2278 Joannes
921 2251 1008 2286 bapti-

218 2303 292 2325 zatus
306 2298 398 2329 fuerat,
415 2303 442 2323 et
455 2301 556 2332 patrem
571 2301 598 2324 ct
616 2302 728 2324 matrem
751 2297 809 2331 ejus
831 2297 1008 2324 Christianam

217 2343 354 2378 amplexos
366 2351 425 2370 esse
449 2343 603 2377 religionem
621 2342 731 2377 (Georg.
745 2343 816 2368 Alex.
831 2351 855 2376 ρ.
869 2342 912 2370 59.
924 2342 949 2369 ll.
963 2350 986 2369 ε.

218 2388 282 2415 Nam
296 2388 412 2416 Joannes
426 2388 461 2415 28
475 2395 559 2414 annos
582 2392 659 2414 natus
681 2387 828 2421 baptizatus
851 2388 908 2415 fuit.
931 2388 1009 2415 Pater

217 2439 306 2461 autem
320 2435 387 2468 ejus.
402 2434 464 2460 dum
480 2434 505 2460 in
519 2433 657 2461 cunabulis
671 2438 741 2460 esset
751 2433 874 2465 Joannes,
891 2439 1010 2461 mortuus

218 2484 259 2506 est
273 2487 280 2505 ε
297 2486 330 2506 ex
343 2485 449 2506 narratu
464 2487 528 2506 vero
544 2479 638 2506 matris
652 2478 736 2513 liquet
754 2479 814 2506 illos
837 2477 899 2507 ante
921 2485 1008 2507 ortum

219 2524 330 2552 Joannis
344 2524 508 2551 Christianos
523 2525 613 2552 fuisse.
629 2524 712 2552 Natus
726 2529 813 2552 autent
830 2533 889 2553 esse
905 2535 938 2561 pu
952 2532 1011 2552 atur

223 2576 293 2595 anno
311 2569 363 2596 547
379 2569 428 2605 (Du
442 2569 548 2596 Sacerd.
563 2575 580 2596 ι.
597 2570 622 2596 Ι.
639 2571 687 2596 col.
717 2571 779 2603 6‘24,
810 2573 828 2598 Ι.
855 2572 899 2598 ῆς».
914 2577 936 2598 et
956 2580 1010 2606 sqq.

222 2615 277 2651 (ἐρ’.
296 2620 314 2641 ι.
332 2616 357 2643 1.
372 2616 422 2642 col.
439 2615 500 2643 601.
516 2615 535 2642 ι.
552 2616 598 2644 10.
618 2621 641 2643 et
656 2618 734 2652 sqq.).
751 2617 812 2644 "me
826 2623 866 2644 est
882 2618 1011 2644 sententia

221 2662 361 2695 Iiiondelli,
374 2662 520 2690 llermantii
538 2667 565 2690 ct
579 2662 752 2690 Tillemoutii.
766 2662 816 2695 Qui
839 2671 903 2690 vero
926 2671 1011 2690 annos

220 2709 304 2736 Solum
317 2709 352 2736 52
367 2713 392 2736 et
402 2709 469 2736 duos
483 2717 588 2736 menses
601 2708 808 2739 vixissedicunl,
821 2714 911 2735 natum
921 2709 1010 2736 dicant

219 2760 323 2789 oportet
338 2763 408 2782 anno
423 2756 476 2783 555
491 2765 497 2783 :
511 2755 581 2788 quod
595 2761 667 2783 certe
682 2760 809 2790 pugnaret
820 2763 879 2782 eum
894 2764 954 2783 vera
969 2756 1010 2782 hi-

219 2800 308 2827 storim
326 2801 394 2828 serie
413 2806 440 2828 et
461 2801 613 2829 narratione
635 2810 640 2828 :
662 2808 748 2836 exque
769 2802 838 2828 notis
862 2806 1009 2836 temporum

1059 1569 1124 1596 quas
1137 1562 1202 1589 infra
1221 1562 1352 1596 dabimus,
1369 1564 1440 1591 nullo
1454 1565 1533 1592 modo
1547 1570 1619 1592 stare
1637 1574 1715 1601 posse
1730 1576 1851 1602 cumper-

1059 1613 1113 1634 tutu
1127 1609 1174 1635 erit
1181 1628 1187 1633 .

1097 1654 1191 1689 Viginti
1215 1663 1344 1682 annorum
1365 1661 1423 1684 erat
1438 1662 1531 1687 mater.
1548 1659 1654 1693 quando
1676 1661 1772 1694 eonjux
1795 1661 1852 1695 ejus

1060 1700 1130 1727 illaut
1145 1701 1205 1728 vidu
1217 1710 1249 1727 im
1264 1707 1289 1729 ct
1305 1702 1434 1729 Joannem
1450 1704 1575 1730 tenellam
1594 1705 1710 1740 reliquit.
1735 1707 1851 1734 Autlmsa

1059 1753 1123 1773 vero
1137 1747 1248 1781 apostoli
1265 1748 1372 1774 munitis
1384 1748 1517 1781 roborata,
1527 1750 1575 1775 etsi
1586 1750 1675 1783 junior
1687 1751 1774 1778 adhuc
1784 1758 1850 1783 emt,

1059 1798 1073 1817 a
1087 1791 1210 1818 secundis
1224 1793 1322 1827 tmptiis
1341 1793 1467 1820 abstinuit
1495 1802 1501 1820 :
1528 1795 1690 1822 instituendo
1713 1801 1801 1824 aut-1n
1827 1803 1853 1824 et

1059 1836 1196 1864 educando
1209 1837 1303 1864 Joanni
1319 1839 1416 1865 nullam
1433 1847 1484 1865 non
1501 1840 1622 1866 adhibuit
1644 1848 1768 1875 operam;
1789 1842 1852 1868 nihil

1060 1882 1130 1916 quod
1144 1882 1176 1908 ad
1190 1882 1247 1916 ejus
1260 1883 1420 1917 profeelum,
1444 1889 1498 1911 tum
1525 1885 1550 1911 in
1572 1885 1727 1912 liberalihus
1751 1891 1805 1913 lum
1828 1891 1852 1913 in

1060 1927 1217 1954 Christianis
1245 1928 1402 1963 disciplinis,
1425 1935 1601 1964 opportunum
1631 1937 1702 1958 es~et
1730 1932 1852 1966 neglexit.

1061 1972 1136 2005 Quod
1153 1981 1230 2007 quam
1246 1974 1347 2000 felicem
1365 1975 1464 2001 exitum
1481 1974 1613 2008 habuerit,
1628 1984 1672 2003 res
1686 1977 1740 2011 ipsa
1767 1977 1852 2004 deela-

1061 2019 1137 2046 ravit.
1154 2019 1243 2054 Neque
1259 2024 1346 2047 tamen
1360 2021 1401 2047 illa
1429 2021 1466 2048 rei
1495 2021 1632 2049 familiaris
1657 2031 1747 2050 curam
1773 2023 1842 2058 dcpo

1061 2065 1130 2096 suit;
1148 2065 1201 2091 imo
1224 2073 1289 2092 vero
1302 2066 1336 2092 ita
1351 2067 1440 2093 omnia
1457 2068 1624 2102 temperavit,
1640 2074 1667 2095 ut
1682 2076 1714 2096 cx
1730 2077 1777 2096 sua
1792 2069 1854 2096 dote

1061 2109 1169 2145 suisque
1183 2111 1349 2138 facultatibus
1360 2112 1465 2139 abunde
1480 2113 1529 2140 sibi
1545 2119 1572 2140 et
1583 2114 1636 2141 [ilio
1649 2119 1771 2148 sumptus
1791 2123 1853 2149 sup-

1063 2155 1202 2190 pedilaret,
1221 2161 1397 2192 paternasque
1411 2165 1475 2192 opes
1486 2163 1512 2185 et
1526 2158 1595 2186 bona
1617 2160 1704 2186 omnia
1726 2159 1780 2187 lilio
1798 2168 1854 2188 scr-

1062 2206 1135 2228 varct
1148 2202 1256 2228 intacta.

1098 2247 1206 2274 Joannis
1218 2249 1287 2275 dotes
1299 2255 1321 2275 et
1334 2257 1423 2275 uxores.
1433 2264 1469 2268 —
1483 2249 1601 2284 Egregia:
1619 2250 1698 2278 indoli
1712 2251 1745 2277 ita
1758 2251 1856 2285 profuit

1062 2293 1183 2320 cdueatiu
1199 2293 1362 2329 hnjusmodi,
1379 2299 1403 2321 ul
1417 2295 1506 2321 statim
1520 2303 1534 2321 a
1551 2296 1680 2330 principio
1695 2297 1774 2323 animi
1790 2297 1855 2324 tanti

1063 2339 1138 2366 dotes
1152 2340 1310 2366 eminerent.
1325 2340 1386 2367 Erat
1397 2339 1513 2368 Joannes
1527 2341 1676 2367 divinarum
1694 2350 1783 2368 rerum
1800 2347 1856 2369 stu-

1062 2385 1106 2412 dio
1119 2386 1243 2413 incensus
1260 2395 1266 2412 :
1279 2391 1305 2413 ct
1317 2386 1358 2413 ubi
1375 2387 1457 2414 semel
1474 2387 1625 2419 veritatem,
1636 2386 1765 2422 justitiam
1778 2393 1805 2415 et
1818 2387 1857 2414 of-

1064 2432 1114 2459 licii
1124 2431 1242 2459 debitum
1257 2432 1481 2466 apprehenderat,
1499 2433 1534 2460 ita
1554 2438 1681 2461 consums
1700 2438 1727 2461 et
1748 2434 1857 2467 intrepi-

1062 2479 1186 2511 «luserat,
1202 2483 1231 2505 ut
1246 2487 1259 2503 a
1275 2479 1418 2508 nonnullis,
1434 2479 1478 2514 qtti
1491 2479 1532 2506 vel
1548 2479 1580 2505 ad
1599 2479 1718 2506 intimam
1731 2479 1790 2514 ejus
1805 2479 1856 2514 pllio

1063 2525 1210 2559 losophiam
1223 2533 1274 2552 non
1287 2525 1473 2560 penetrabant,
1483 2525 1524 2551 vel
1540 2533 1601 2559 erga
1615 2525 1688 2551 illum
1703 2525 1771 2551 male
1783 2529 1858 2552 erant

1064 2570 1161 2602 affecti,
1174 2575 1201 2597 ut
1217 2576 1356 2605 protervus
1368 2574 1395 2596 et
1409 2577 1536 2603 arrogans
1559 2569 1712 2597 haberetur.
1736 2570 1775 2596 Ad
1791 2570 1857 2596 iram

1064 2625 1175 2651 protmm
1193 2616 1272 2643 fuisse
1283 2616 1348 2643 dixit
1361 2616 1466 2650 quidam
1479 2615 1597 2652 (Sacr-.1.
1613 2615 1639 2642 ϐ.
1656 2625 1679 2642 c.
1696 2616 1742 2650 5);
1757 2616 1803 2641 sed
1825 2624 1855 2642 ex

1063 2671 1154 2690 eorum
1168 2671 1278 2689 numero
1295 2663 1336 2689 ille
1350 2666 1400 2693 est,
1416 2662 1458 2696 qui
1473 2661 1504 2688 ad
1526 2661 1623 2696 judicia
1644 2662 1728 2696 probe
1750 2660 1855 2687 ferenda

1065 2718 1116 2736 non
1130 2708 1303 2739 assuefactus,
1320 2708 1449 2734 fervorem
1467 2707 1492 2734 in
1509 2707 1587 2734 rebus
1601 2706 1698 2734 divinis
1712 2711 1738 2732 ut
1755 2707 1855 2732 iracun-

1065 2755 1134 2780 diam
1154 2753 1285 2780 habuerit.
1299 2754 1335 2780 De
1346 2754 1435 2779 animo
1451 2752 1507 2785 ejus
1523 2752 1555 2778 ad
1573 2752 1637 2778 iram
1660 2752 1753 2783 magis,
1779 2758 1854 2785 quam

1066 2800 1098 2827 ad
1113 2800 1296 2826 verecundimu
1313 2807 1406 2834 prono,
1417 2799 1467 2826 hoe
1480 2807 1510 2825 ex
1526 2798 1634 2824 alterius
1651 2797 1802 2824 testimonio
1815 2804 1852 2823 re-
