2034 3109
197 214 224 242 ες,
765 207 853 236 NUNC
875 207 1003 236 mutum
1024 207 1219 239 sponsam.
1785 210 1818 236 ac

197 269 234 295 it‘l‘i
246 268 379 301 Socrates,
391 267 436 302 qui
453 267 538 302 pergit
552 270 579 294 et
591 266 627 293 ait
643 274 649 293 :
667 275 676 290 ι
694 265 727 292 Et
740 265 771 292 ot
793 266 854 292 vitm
874 265 971 291 Saneti-

197 315 295 341 maniam
310 322 363 340 non
376 314 411 340 ila
426 318 519 339 cautus
531 312 602 339 circa
614 311 701 338 futura
712 310 759 343 ;oh
776 309 971 344 simplicitatem

197 359 324 386 vcroaditu
340 358 435 385 facilis.
452 357 594 384 [Inmodica
616 358 696 383 ctiam
721 355 825 383 dicendi
850 355 973 382 libertate

196 406 214 433 in
227 405 362 439 colloquiis
376 405 509 431 utebatur.
520 403 554 430 Et
567 403 593 430 in
608 402 728 430 docendo
740 401 846 436 quidetn
861 401 972 428 multum

192 451 287 486 jnvabat
300 451 332 477 ad
345 449 528 476 informandus
540 449 690 475 auditorum
702 455 789 474 mores
798 455 804 479 ;
812 447 837 473 in
847 454 971 480 congres-

194 497 325 541 sibuscvero
335 495 504 529 arrogantior
516 494 654 521 videbatur
665 494 696 520 iis
708 493 753 528 qui
763 493 844 527 ipsius
855 492 972 519 animum

194 550 236 570 ll0|l
248 546 385 568 noverant.
405 550 415 566 ι

223 587 278 614 lla2c
301 585 423 613 fortassis
449 584 585 612 acerbiora
609 584 768 611 videbuntur
794 590 854 610 esse
876 584 907 610 iis
928 583 972 617 qui

196 632 365 668 Chrysostumi
377 631 555 666 eloquentiam
570 635 596 657 et
610 630 692 656 anittti
707 629 914 664 magnitudinem
929 629 974 655 mi-

194 684 289 705 rantur:
307 685 400 704 verum
415 677 441 702 itt
455 676 554 703 sanctis
569 676 640 702 illatn
654 675 749 710 agendi
766 675 919 701 varietatem
930 674 975 701 ob-

195 732 333 752 servamus.
349 723 401 750 Alii
417 730 530 756 namque
544 721 693 749 divinarum
712 729 800 748 rerum
822 720 910 748 studio
932 720 972 747 in-

193 770 264 803 censi,
279 777 332 796 non
347 769 435 796 habita
450 773 599 802 temporum
623 773 851 801 personarumque
871 766 974 793 ratione

193 817 221 843 ad
239 823 325 843 ntores
345 814 526 842 informandus
549 813 669 840 feruntur
689 812 826 839 ardentius
850 820 856 838 :
881 811 925 838 alii
947 815 975 838 ut

193 861 327 889 dissolutos
339 865 511 895 compescant
525 866 613 886 mores
625 857 746 886 doctrina
766 857 846 885 simul
864 861 974 884 utuntur

195 913 215 935 ει
224 912 286 934 arte.

224 952 344 979 Uratoriw
360 952 410 978 arti
426 957 450 978 et
464 950 632 986 philosophia:
641 950 684 976 dat
694 957 808 984 operam.
825 963 849 968 -
875 948 902 975 In
916 948 973 974 elo-

193 999 290 1033 quentia
310 1003 337 1025 et
355 997 472 1024 oratoria
496 1001 553 1023 arte
563 996 698 1023 doctore-tn
714 995 806 1021 [tabuit
824 994 973 1026 Libanium,

192 1046 215 1074 in
227 1044 388 1080 philosophia
405 1051 469 1071 vero
489 1042 711 1077 Andragathium,
727 1045 851 1068 narrante
865 1041 974 1068 Socrate

193 1090 302 1126 (l‘ullad.
315 1099 341 1125 ρ.
357 1089 421 1116 240.
447 1089 521 1115 Socr.
537 1088 555 1114 l.
573 1088 600 1120 6,
614 1095 637 1114 τ.
654 1087 693 1122 5).
711 1087 784 1114 Licet
798 1094 878 1121 porro
898 1091 959 1113 ante

192 1145 262 1172 quam
283 1136 441 1171 vige.~imnm
465 1142 565 1162 annum
586 1134 728 1168 attigisset,
753 1132 787 1160 de
811 1132 974 1168 capessenda

193 1184 238 1210 vita
250 1183 395 1210 ntouastica
409 1189 481 1216 sa'pe
492 1181 629 1215 cogitaret,
650 1179 790 1212 abductus,
811 1185 840 1206 ut
860 1178 973 1212 videtur,

193 1230 222 1256 ab
231 1229 348 1256 oratoria:
369 1229 434 1255 artis
458 1232 485 1254 et
509 1226 684 1261 philosophia:
709 1225 807 1258 studio,
831 1225 974 1252 theatrales

193 1275 264 1301 ludos
275 1274 441 1308 frequentare
452 1273 543 1306 coepit,
559 1277 585 1298 ct
600 1272 625 1298 in
652 1271 710 1298 foro
724 1271 869 1297 oratoriam
889 1275 974 1297 artem

193 1321 311 1349 exercuit.
328 1319 540 1347 Declatnationes
553 1317 644 1345 habuit
665 1317 762 1344 multas
787 1316 865 1352 (Isid.
888 1316 972 1344 l’elus.

192 1367 230 1395 lib.
241 1367 268 1394 2.
281 1367 354 1400 epist.
369 1366 404 1393 4?.
418 1366 426 1399 )
441 1385 449 1398 ,
464 1372 597 1399 unamque
611 1364 683 1391 misit
698 1364 807 1391 Libanio
831 1363 856 1390 in
871 1362 974 1389 laudem

192 1414 375 1447 imperatorum
387 1411 584 1443 concinnatam,
605 1417 684 1445 quam
705 1409 740 1437 ita
759 1409 876 1436 celebrat
897 1408 975 1435 Liba-

191 1460 244 1486 nius
260 1468 266 1485 :
286 1468 294 1484 ‹
312 1458 378 1485 Cum
393 1464 517 1492 magnam
533 1461 605 1483 luant
619 1460 646 1483 et
657 1455 807 1490 elegantem
826 1455 975 1481 orationem

190 1505 359 1540 accepissem,
374 1504 437 1531 viris
447 1503 605 1539 quibusdam
619 1510 678 1530 eam
692 1502 759 1536 legi,
780 1501 823 1536 qui
845 1501 975 1527 orationi-

190 1553 234 1580 bus
249 1553 311 1579 dant
323 1559 433 1587 operam
450 1560 456 1577 :
471 1557 584 1585 quorum
599 1549 689 1576 nullus
700 1553 759 1576 erat
771 1549 816 1583 qui
831 1556 882 1575 non
897 1547 977 1574 salta-

189 1602 234 1628 ret.
249 1598 394 1624 clamorem
407 1596 510 1627 ederet,
520 1602 603 1629 eaque
615 1594 704 1621 omnia
715 1593 825 1624 faceret,
846 1601 906 1627 qua:
930 1592 978 1618 Ito-

187 1644 269 1670 mines
285 1642 467 1670 admiratione
479 1640 593 1675 perculsi
605 1639 694 1666 facere
708 1639 804 1666 solent.
821 1638 877 1673 Ego
899 1638 977 1673 igitur

187 1689 318 1724 voluptate
331 1688 442 1715 alie-ctus
454 1694 525 1717 sum.
539 1685 609 1720 quod
623 1685 655 1712 ad
669 1684 802 1712 forensem
824 1689 908 1711 artem
931 1691 978 1710 ex-

187 1735 326 1762 hibendam
343 1732 586 1762 demonstrationes
611 1738 717 1765 quoque
737 1730 875 1765 adjungas.
898 1729 977 1764 Atqui

186 1787 211 1809 et
226 1787 250 1808 Ic
261 1781 367 1808 beatum
384 1779 512 1814 prmdico,
523 1778 567 1812 qui
592 1776 625 1803 ad
647 1777 717 1803 hunc
736 1776 844 1803 modum
869 1775 978 1802 laudare

185 1834 281 1862 queas;
298 1827 414 1860 itemque
427 1832 476 1852 eos
488 1824 531 1858 qui
547 1823 625 1850 talem
641 1830 791 1857 pneconem
807 1822 876 1849 nacti
900 1826 976 1853 sunt;

185 1873 236 1900 hoc
248 1877 290 1900 est
300 1877 328 1898 ct
343 1876 459 1905 patrem,
473 1869 517 1904 qui
531 1868 673 1903 Imperium
688 1867 771 1899 dedit,
795 1872 822 1894 et
846 1867 913 1893 filios
933 1867 977 1901 qui

185 1922 346 1953 acceperunt
351 1937 356 1942 .
375 1926 384 1942 I

219 1962 313 1997 Neque
327 1961 426 1989 mirum
440 1959 572 1987 videbitur
594 1959 626 1986 iis
648 1959 693 1994 qui
717 1958 759 1986 vel
783 1958 978 1992 extemporales

183 2007 370 2043 Chrysostonti
385 2005 471 2033 nostri
484 2006 618 2032 orationes
632 2004 741 2031 laudant
755 2009 781 2031 et
795 2004 939 2035 celebrant,
956 2003 978 2030 si

184 2053 271 2079 oratio
283 2052 387 2084 isthmc,
405 2058 482 2086 quam
494 2055 552 2077 arte
569 2054 596 2076 et
609 2049 760 2076 urbanitate
775 2048 922 2079 limaverat,
936 2048 979 2075 Li-

184 2097 266 2124 bauio
283 2097 445 2130 etc-terisque
458 2095 609 2122 oratoribus
628 2095 662 2121 ita
679 2094 816 2129 placuerit.
830 2093 858 2120 In
872 2094 903 2120 iis
916 2101 979 2121 vero

186 2143 278 2176 etiam,
296 2150 365 2178 quas
379 2140 469 2169 studio
481 2141 564 2168 tnnlto
586 2140 737 2171 concinnat,
759 2139 829 2166 nulla
855 2146 978 2173 umquam

184 2190 303 2224 suspicio
315 2188 492 2224 apparitionis
501 2191 527 2215 et
535 2187 684 2214 artiﬁciosa:
694 2186 839 2222 diligentiae
849 2186 977 2219 nascitur,

186 2236 255 2270 quod
267 2240 310 2263 est
320 2235 437 2262 oratoris
450 2234 547 2261 summi
561 2240 668 2261 munus.

221 2281 287 2314 Quae
299 2287 365 2308 vero
376 2284 467 2306 narrat
477 2279 685 2315 Cltrysostomus
696 2278 722 2305 in
737 2278 806 2306 libro
818 2278 850 2305 ad
869 2278 979 2305 Viduam

187 2325 319 2359 iuniorem
333 2325 369 2353 Τ.
393 2323 415 2357 I,
434 2324 486 2351 col.
506 2326 568 2356 601,
582 2325 615 2352 de
634 2324 745 2352 Libauio
767 2325 857 2352 forsan
881 2325 980 2352 intelli-

188 2371 272 2403 genda
286 2371 438 2398 vidcantur.
453 2370 496 2397 Ait
514 2370 558 2397 ille
569 2370 705 2397 doctorem
723 2377 812 2403 suum,
828 2370 872 2404 qui
887 2369 980 2396 admo-

186 2415 248 2443 dum
265 2416 469 2452 superstitiosus
479 2421 536 2443 erat
553 2421 631 2451 atque
653 2416 773 2451 gentilis,
789 2416 917 2451 quosdam
939 2417 980 2443 in—

186 2465 338 2498 terrogasse
354 2462 494 2497 cujnsnam
507 2461 575 2489 ﬁlius
587 2467 656 2489 esset
677 2461 803 2490 Joannes.
825 2461 980 2496 Responde-

184 2513 248 2534 runt
263 2508 311 2540 illi,
329 2507 425 2535 Vidua:
438 2507 574 2542 cujusdam
589 2515 648 2534 esse
659 2506 752 2534 lilium.
767 2506 835 2534 Tum
847 2507 891 2534 ille
904 2515 978 2542 qua:-

184 2553 259 2585 sivit,
273 2553 350 2589 cujus
362 2553 449 2580 aetatis
461 2559 532 2580 esset
554 2557 649 2585 mater,
663 2557 691 2580 et
703 2560 717 2579 a
738 2557 837 2587 quanto
860 2557 980 2587 tempore

187 2598 267 2625 vidua
282 2603 364 2626 esset.
377 2599 519 2633 Reponunt
532 2599 569 2626 illi
588 2598 760 2633 quadraginta
774 2605 905 2626 annorum
920 2607 979 2626 esse

187 2648 313 2676 matrem,
332 2650 359 2672 et
377 2645 433 2679 jam
456 2644 610 2678 vigesimum
631 2644 764 2673 viduitatis
780 2652 877 2671 annum
889 2652 978 2679 agere.

187 2686 266 2715 Tunc
290 2690 421 2717 exclamat
445 2689 490 2716 ille
511 2689 626 2724 :I’apm,
648 2690 739 2724 quales
760 2690 884 2716 mulieres
910 2689 979 2724 apud

190 2732 356 2763 Christianos
370 2737 449 2762 sunt!
461 2735 556 2768 Tanta,
582 2736 667 2770 pergit
692 2736 910 2771 Chrysostomus,
925 2744 977 2762 non

195 2781 275 2807 laudo
288 2783 353 2816 apud
368 2790 428 2814 nos,
443 2782 490 2809 sed
516 2783 593 2809 ctiant
618 2782 687 2818 apud
709 2783 822 2817 gentiles
844 2783 978 2810 viduitatis

197 2825 257 2850 hui
269 2833 308 2854 est
319 2833 346 2855 et
355 2829 506 2855 admiratio.

204 2912 211 2917 υ
239 2869 470 2907 NarratGeorgins
490 2873 693 2908 Alexandrinus,
707 2875 837 2902 Joannem
859 2880 978 2903 nostrum

203 2918 309 2945 juvenili
322 2924 396 2946 :etate
418 2919 568 2950 ﬂorentem,
581 2921 694 2948 Athenas
714 2929 743 2949 se
767 2922 922 2956 contulisse,
945 2927 972 2949 ut

368 2977 504 3006 PATIIOL.
528 2977 582 3007 lin.
605 2979 726 3010 XLVII.

1030 266 1137 300 nequid
1160 266 1186 294 in
1211 265 1298 293 studio
1318 265 1517 302 disciplinarum
1543 272 1615 297 retro
1641 266 1818 302 relinqueret;

1027 315 1106 344 atque
1121 311 1145 337 iu
1163 311 1211 337 ista
1227 311 1292 338 urbe
1313 312 1347 338 ita
1369 311 1524 346 profecisse,
1546 317 1574 339 ut
1595 319 1688 339 omnes
1710 313 1819 339 onmitm
1862 329 1865 331 -

1026 362 1175 390 superaret,
1187 365 1212 383 tn
1222 364 1304 391 seque
1312 357 1668 387 concitaretAtheniensium
1683 358 1817 384 invidiam.

1026 402 1125 430 Verum
1142 403 1197 430 hmc
1213 408 1302 430 narrat
1315 410 1382 430 unus
1397 404 1440 430 ille
1454 403 1583 438 Georgius
1592 404 1730 437 fabulator,
1740 412 1818 438 quem

1027 452 1117 474 tnottct
1137 448 1248 475 Pltotius
1271 449 1380 475 omnino
1403 448 1603 483 despicienduut
1625 457 1694 480 esse,
1714 450 1819 484 quando

1026 494 1127 522 scilicet
1139 502 1170 522 ea
1187 495 1339 529 rcl'crt,qu:c
1347 503 1361 521 a
1372 495 1476 522 cmtcris
1485 495 1659 530 scriptoribus
1670 503 1725 522 mvo
1732 495 1818 530 Chry-

1026 540 1135 566 soStumi
1150 540 1287 573 proximis,
1299 548 1351 567 non
1367 544 1557 567 memorantur.

1063 586 1084 611 A
1098 585 1194 612 Basilio
1204 586 1296 621 juvene
1307 586 1340 612 ad
1352 587 1468 621 pietatem
1479 587 1612 621 pristinam
1633 591 1770 615 revocatur.
1785 602 1820 606 —-

1028 631 1090 658 Erat
1105 640 1184 667 porro
1198 632 1234 659 illi
1251 640 1310 659 cum
1322 633 1419 668 juvene
1432 633 1556 667 quodatn,
1574 632 1617 660 cui
1632 641 1727 660 nomen
1743 632 1818 660 Basi-

1028 677 1087 709 lius,
1101 683 1172 705 arcta
1188 677 1382 713 colloquiorum
1397 678 1511 705 societas
1531 677 1586 712 (De
1596 678 1743 708 Sacerdotio
1758 677 1776 707 ι.
1793 678 1819 704 1.

1031 732 1053 750 c.
1067 724 1096 758 4)
1111 733 1118 751 :
1133 724 1177 758 qui
1193 723 1307 752 Basilius
1320 724 1479 756 Christianis
1493 724 1609 753 imbutus
1623 725 1761 759 praeceptis
1771 745 1777 756 ,
1794 730 1821 751 ct

1027 770 1059 797 ad
1075 769 1218 809 perfectius
1230 770 1290 797 vita:
1303 777 1386 804 genus
1402 770 1540 801 anhelans,
1553 770 1586 798 ad
1600 778 1689 805 parem
1703 770 1762 801 vita:
1776 778 1819 797 ra-

1027 815 1126 843 ti0nem
1140 815 1268 843 Joannem
1281 816 1395 843 anticum
1409 816 1517 843 allicere
1531 821 1558 843 et
1570 824 1584 842 a
1604 816 1663 844 foro
1682 815 1820 843 retrahere

1027 861 1204 889 contendebat
1216 871 1222 888 :
1235 862 1394 896 domumque
1407 861 1432 888 id
1447 862 1516 896 quod
1529 861 1652 896 cupiebat
1661 866 1820 896 asseqnutus

1027 912 1068 935 est
1083 907 1198 943 (Sozam.
1213 908 1258 935 lib.
1285 908 1311 935 8.
1328 916 1350 934 ε.
1367 907 1407 943 2).
1424 907 1507 942 Hujus
1522 908 1593 934 enitn
1618 907 1757 942 colloquiis
1774 915 1818 934 re-

1027 959 1132 981 creatus
1146 954 1262 981 Joannes
1271 962 1300 981 se
1315 956 1346 981 ad
1362 955 1471 989 pristina
1489 954 1592 988 pictatis
1610 953 1696 981 studia
1712 960 1819 981 revoca-

1027 999 1064 1026 vit
1081 998 1167 1034 (Socr.
1179 999 1197 1026 ι.
1213 999 1238 1026 ϐ.
1255 1007 1279 1026 c.
1293 1000 1321 1034 5)
1335 1008 1341 1026 ε
1356 1006 1387 1026 ac
1408 1003 1507 1026 mutata
1520 1003 1593 1028 veste
1606 1006 1620 1025 a
1635 999 1692 1025 foro
1709 1003 1736 1025 et
1757 1006 1820 1025 ora-

1028 1045 1103 1072 toria:
1117 1045 1182 1073 artis
1196 1044 1329 1072 exercitiis
1343 1044 1479 1077 abstinuit,
1494 1044 1689 1078 lectionemque
1701 1043 1821 1078 Scriptu-

1027 1098 1116 1118 rarnm
1137 1095 1164 1118 et
1183 1090 1339 1118 Christianae
1356 1090 1416 1119 vita:
1429 1089 1516 1116 ofﬁcia
1530 1089 1676 1125 amplexus,
1698 1092 1819 1117 sanctum

1028 1136 1175 1171 disciplima
1198 1144 1300 1171 genus,
1321 1143 1336 1163 a
1355 1143 1407 1171 quo
1426 1142 1568 1171 numquam
1593 1138 1683 1169 postea
1706 1133 1819 1167 destitit,

1028 1184 1094 1211 inire
1109 1183 1200 1218 coepit.

1062 1229 1212 1264 Baptizatur
1235 1234 1257 1256 cl
1281 1229 1368 1256 Lector
1390 1228 1521 1255 ordinatur
1544 1236 1610 1255 mmo
1630 1226 1730 1254 circiter
1756 1226 1818 1254 569.

1028 1275 1129 1302 —Erat
1140 1280 1202 1302 tunc
1216 1274 1361 1302 Antiochia:
1374 1274 1514 1309 cpiscopus
1523 1273 1640 1301 .Ilclctius
1652 1271 1736 1309 (Pali.
1746 1272 1818 1299 Diut.

1029 1331 1056 1358 p.
1071 1322 1117 1350 40.
1129 1321 1187 1358 il),
1203 1322 1243 1349 vir
1255 1321 1395 1349 sanctitate
1405 1320 1574 1355 conspicuus.
1587 1319 1630 1354 qui
1647 1327 1705 1346 cutn
1721 1319 1822 1346 videret

1028 1368 1157 1395 Joannem
1170 1368 1294 1402 juvenem
1313 1367 1420 1401 ingenio
1431 1370 1459 1393 et
1473 1365 1578 1400 egregia
1598 1364 1686 1392 indole
1708 1364 1819 1399 pollere,

1029 1413 1114 1448 ipsum
1125 1413 1157 1440 ad
1172 1413 1334 1441 consortium
1349 1417 1375 1439 et
1389 1411 1520 1446 colloquia
1538 1418 1584 1438 sua
1600 1411 1750 1445 frequenter
1773 1409 1822 1436 atl—

1029 1459 1159 1492 mittebat,
1172 1466 1284 1493 cumque
1295 1457 1328 1484 de
1340 1458 1384 1484 illo
1396 1465 1517 1491 magnam
1532 1464 1606 1491 spem
1617 1456 1779 1490 cont-Spercl,
1791 1463 1822 1482 ac

1030 1504 1196 1540 prophetico,
1216 1509 1243 1530 ut
1266 1504 1350 1536 aiunt,
1373 1503 1466 1537 spiritu
1487 1502 1519 1528 ad
1541 1502 1640 1536 majora
1661 1501 1821 1528 destinatum

1031 1555 1219 1586 pra‘noscercl,
1229 1557 1288 1576 Clllll
1304 1557 1350 1583 per
1365 1554 1418 1575 U‘CS
1432 1555 1516 1574 ﬂlllIOS
1533 1554 1623 1574 SCCUIII
1637 1551 1756 1573 νει-8³1115
1776 1553 1820 1573 85·

1030 1601 1080 1629 set,
1096 1597 1180 1631 ipsum
1197 1595 1268 1630 prius
1282 1602 1357 1622 sacro
1371 1594 1475 1621 lavacro
1490 1594 1598 1620 tinctunt
1613 1593 1736 1622 lectorem
1752 1591 1822 1623 ordi-

1031 1642 1112 1669 navit.
1140 1641 1281 1675 POstquam
1303 1645 1392 1667 autem
1417 1634 1577 1674 baptismum
1601 1637 1712 1672 accepit,
1740 1637 1823 1671 inquit

1031 1686 1173 1719 Palladius,
1195 1692 1336 1719 numquam
1357 1684 1398 1711 vel
1423 1683 1531 1718 jnravil,
1555 1682 1594 1709 vel
1615 1681 1725 1716 alicujus
1745 1681 1822 1712 fama:

1030 1733 1153 1765 detraxit,
1169 1732 1210 1759 vel
1225 1732 1359 1762 mentitus,
1372 1730 1411 1757 vel
1427 1733 1588 1765 imprecatus
1600 1733 1648 1762 est,
1661 1729 1699 1756 vel
1714 1728 1822 1756 facetias

1031 1779 1144 1805 libenter
1155 1777 1258 1811 excepit
1272 1776 1353 1811 (Pull.
1367 1775 1435 1802 Dial.
1451 1784 1477 1810 p.
1495 1775 1556 1802 185.
1572 1774 1644 1809 184).

1068 1824 1134 1852 Dum
1152 1823 1237 1850 Basilii
1253 1823 1333 1858 igitur
1345 1822 1480 1849 consortio
1500 1820 1624 1856 frequens
1643 1821 1775 1848 frueretur
1796 1825 1823 1847 et

1030 1871 1109 1898 ambo
1122 1870 1156 1897 de
1171 1870 1250 1896 rebus
1262 1869 1358 1896 divinis
1379 1868 1509 1903 colloquia
1533 1867 1674 1898 miscerent
1694 1866 1750 1901 (De
1770 1867 1822 1894 Sa-

1031 1916 1140 1942 cer-(lotio
1155 1915 1198 1941 lib.
1216 1914 1254 1949 'l),
1271 1921 1301 1941 ac
1315 1913 1431 1944 Joannes
1443 1921 1457 1939 a
1471 1913 1527 1940 foro
1541 1917 1567 1942 ct
1591 1913 1761 1941 sceeularibus
1775 1919 1823 1946 pe-

1031 1962 1102 1988 nitus
1116 1961 1276 1993 abstractus,
1292 1968 1372 1986 unum
1387 1959 1511 1989 Basilium
1524 1959 1752 1993 lrequcntaret,ac
1762 1966 1823 1984 cunt

1032 2008 1077 2035 illo
1092 2008 1126 2035 de
1135 2007 1231 2035 divinis
1244 2014 1350 2042 semper
1364 2011 1390 2034 et
1402 2006 1435 2033 dc
1449 2006 1501 2032 vita
1521 2005 1666 2036 monastica
1682 2004 1760 2033 verba
1785 2003 1823 2030 fa-

1031 2059 1113 2086 ceret,
1126 2053 1248 2085 Basilins,
1261 2053 1304 2087 qui
1318 2054 1376 2080 sine
1388 2051 1490 2079 Joanne
1503 2059 1553 2078 nou
1562 2051 1669 2079 vitalem
1681 2051 1730 2078 sibi
1742 2051 1823 2077 vitam

1031 2108 1090 2128 esse
1105 2100 1224 2136 putabat,
1238 2105 1265 2126 et
1275 2099 1319 2133 qui
1331 2098 1427 2133 schius
1438 2098 1471 2126 ab
1486 2097 1542 2133 ejus
1556 2096 1732 2126 contubernio
1745 2097 1823 2124 avelli

1032 2145 1185 2180 cogebatur,
1199 2144 1295 2172 Joanni
1307 2143 1451 2179 proposuit,
1469 2148 1497 2170 nt
1511 2143 1589 2169 ambo
1603 2142 1717 2177 paternis
1726 2142 1824 2169 relictis

1031 2191 1142 2222 :ndibus,
1159 2191 1184 2217 in
1200 2189 1326 2225 peculiari
1339 2189 1452 2224 quadam
1466 2188 1547 2215 domo
1558 2188 1634 2215 sedes
1646 2192 1786 2224 ponerent,
1798 2193 1825 2214 et

1032 2236 1110 2263 simul
1126 2236 1206 2262 vitam
1226 2235 1355 2266 ducerent
1370 2234 1522 2266 monasticu:
1537 2234 1661 2262 similem.
1677 2233 1822 2261 Consilium

1033 2281 1138 2309 tandem
1154 2281 1275 2316 probavit
1286 2280 1419 2312 Joannes;
1440 2279 1486 2306 sed
1509 2287 1538 2306 re
1560 2284 1697 2314 comperta
1716 2279 1825 2306 Joannis

1033 2332 1128 2360 mater,
1138 2335 1196 2362 qum
1207 2327 1313 2354 unicum
1329 2326 1412 2355 lilium
1427 2325 1569 2352 admodum
1580 2325 1715 2361 diligebat,
1737 2326 1822 2360 ipsum

1032 2373 1146 2408 profusis
1159 2372 1284 2408 Iacrytnis
1299 2372 1395 2399 obnixe
1411 2375 1533 2406 precatur
1552 2379 1585 2398 ne
1598 2379 1626 2398 se
1641 2371 1755 2403 deserat,
1774 2379 1826 2397 nec.

1032 2426 1061 2446 se
1071 2418 1155 2445 vidua:
1168 2423 1194 2445 et
1208 2422 1261 2445 tam
1276 2418 1344 2445 bene
1356 2417 1457 2444 affecta:
1472 2417 1564 2444 matris
1579 2417 1740 2444 consortium
1750 2417 1825 2444 alteri

1034 2469 1184 2499 postponat.
1200 2464 1231 2490 iis
1246 2471 1291 2490 usa
1307 2463 1403 2495 verbis,
1420 2470 1479 2497 qua:
1493 2462 1698 2497 Cltrysostontus
1713 2462 1769 2496 ipse
1783 2471 1822 2490 re-

1034 2510 1093 2541 fert,
1106 2517 1218 2544 qu:eque
1229 2508 1376 2543 potuigent
1389 2508 1513 2542 juvenem
1527 2507 1630 2534 Joanne
1648 2507 1737 2534 minus
1758 2507 1827 2535 bene

1033 2554 1155 2582 affectum
1171 2562 1186 2581 ει
1210 2554 1347 2589 proposito
1371 2561 1506 2581 revocare.
1532 2553 1623 2580 Matris
1644 2553 1733 2588 itaque
1758 2553 1828 2582 votis

1033 2601 1221 2635 obtemperans
1234 2600 1360 2630 Joannes,
1373 2607 1432 2626 cum
1449 2599 1491 2626 illa
1506 2607 1552 2633 pro
1568 2607 1642 2626 more
1654 2607 1704 2626 suo
1718 2600 1823 2630 mansit.
1849 2626 1859 2636 ,ι

1071 2647 1097 2673 ln
1112 2651 1231 2673 materna
1243 2647 1330 2680 itaque
1343 2645 1422 2672 domo
1435 2654 1449 2672 a
1462 2645 1573 2680 negotiis
1586 2653 1681 2674 vacans
1693 2646 1822 2676 saeculari.

1034 2692 1082 2719 bus
1100 2692 1239 2726 (Anthnsa
1254 2692 1351 2726 quippe
1380 2699 1435 2718 rem
1458 2690 1612 2717 familiarem
1629 2697 1735 2718 onmem
1751 2698 1822 2722 ettra-

1034 2738 1108 2771 bat=),
1124 2737 1240 2764 Joannes
1252 2737 1350 2763 divith
1367 2741 1468 2763 tantum
1484 2735 1658 2771 philoscphim
1672 2735 1749 2763 dabat
1763 2743 1821 2770 ope-

1033 2792 1107 2815 ram,
1124 2790 1220 2817 corpus
1234 2789 1371 2809 maceratis
1393 2781 1516 2816 jejuniis,
1539 2780 1643 2815 vigiliis,
1661 2779 1735 2808 humi
1755 2788 1830 2807 'rccu—

1033 2831 1099 2856 Itans
1109 2850 1115 2861 ,
1132 2837 1227 2863 pravos
1246 2829 1356 2856 all'cctus
1375 2836 1468 2855 omnes
1482 2828 1621 2855 eliminaus
1631 2848 1638 2859 ,
1652 2836 1726 2854 vana:
1737 2828 1829 2862 glorizc

1034 2877 1134 2903 fumum
1155 2875 1292 2910 depellcns
1312 2879 1338 2901 et
1359 2874 1500 2909 dissipans.
1516 2873 1624 2908 Lingua:
1646 2882 1708 2901 vero
1722 2882 1754 2901 ne
1766 2873 1829 2907 quid

1034 2926 1125 2948 contra
1151 2921 1298 2954 proximum
1330 2919 1390 2945 ntali
1417 2919 1562 2952 proferret,
1586 2920 1704 2953 perpetui
1732 2918 1827 2946 sLlentii

1644 2979 1662 3006 υ
