2034 3109
194 129 227 156 37
735 126 763 154 3.
779 125 918 154 IOANNIS
937 124 1175 153 CHRYSOSTOMI
1197 125 1285 158 \‘lTA,
1797 125 1831 151 83

193 189 306 213 claustra
334 189 472 220 posuerat;
507 184 639 215 nemiuem
667 184 763 218 quippe
790 183 982 218 alloquebatur.

194 230 262 257 llinc
276 230 344 264 apud
358 230 498 257 nonnullos
512 229 601 264 opinio
613 232 670 257 erat
682 236 804 263 asperum
821 229 893 255 illum
907 236 965 255 esse
978 248 985 261 ,

194 277 237 310 qui
251 276 393 301 hmuanam
412 274 558 309 quamlibet
580 273 732 302 societatem
748 273 867 308 fugeret:
884 282 914 300 ac
927 280 986 300 cum

195 320 291 347 similia
307 320 412 354 quidam
427 319 507 346 multa
521 318 670 354 proferrent
684 323 710 345 ct
725 327 831 346 rumore
845 320 937 345 nuntio
961 318 987 345 id

197 365 240 392 ille
255 372 306 392 non
320 365 462 400 ignoraret,
476 364 544 391 haud
559 364 670 391 libenter
683 364 761 392 talem
774 363 807 391 dc
819 371 848 390 se
862 364 990 398 suspicio-

196 418 255 437 nem
272 411 360 437 haberi
377 410 505 445 comperit
526 418 533 436 :
553 410 646 437 maluit
659 415 745 437 tamen
762 410 853 438 eadem
880 418 988 445 pergere

196 457 235 483 via
251 457 470 491 solitudinemque
484 464 531 491 pro
555 464 628 483 more
652 457 742 484 colere
764 464 770 482 :
794 461 918 490 expertus
934 455 988 483 for-

198 507 268 529 tasse
281 522 288 535 ,
304 502 367 529 dmn
390 502 415 528 in
432 502 488 529 foro
503 509 653 529 versaretur
664 523 671 535 ,
699 502 742 529 vix
760 509 837 536 posse
853 501 987 528 hominum

195 548 330 575 Consortio
345 548 536 582 Colloqniisque
550 547 696 581 fruentem,
714 548 739 575 in
756 549 798 574 illa
813 547 916 574 virtutis
930 550 970 575 via
980 567 987 579 ,

196 600 274 628 quam
288 593 344 628 ipse
357 594 494 628 amplexus
506 598 572 625 erat,
587 594 644 621 sine
658 594 730 628 lapsu
746 594 877 628 progredi.

235 638 326 674 Neque
338 644 426 666 tamen
439 639 473 666 ita
487 644 666 674 sequestratus
678 644 734 666 crat
749 640 781 666 ab
797 640 932 666 hominum
948 647 991 666 so-

198 684 305 716 cietate,
322 689 350 711 ut
364 684 497 712 sodalibus
510 689 536 712 et
551 685 642 711 amicis
656 685 777 712 omnibus
803 685 991 712 intercluderet

200 730 312 757 aditum.
327 730 451 757 Basilium
475 731 544 757 cnim
558 751 564 762 ,
588 731 633 765 qui
650 738 696 766 par
718 731 819 758 vivendi
845 731 990 758 institututn

198 775 364 807 sectabatur,
379 775 411 802 ad
435 775 580 810 colloquia,
597 780 624 802 ut
638 776 751 803 vidimus
761 796 768 807 ,
782 775 933 810 frequenter
945 775 993 802 ad-

203 821 333 847 mittebat.
347 820 438 855 Neque
451 829 559 856 prorsus
573 822 721 857 negligebat
734 822 838 848 sodales
849 822 907 849 illos
917 842 924 854 ,
947 821 992 857 qui

200 866 292 892 iisdem
301 873 391 893 secum
407 866 469 894 olim
483 866 630 901 disciplinis
642 868 725 898 tincti,
741 868 895 894 smcularem
911 868 991 894 vitam

202 911 430 949 amplectebantur
441 918 466 940 et
481 913 630 940 forensibus
650 915 744 942 studiis
762 915 858 942 dabant
873 922 991 949 operam.

204 967 213 983 ι
228 957 363 986 Persuasit
378 959 458 991 enim,
476 959 559 995 inquit
575 959 698 988 Socrates
713 961 808 996 (Socr.
824 961 843 987 Ι.
858 961 884 989 6.
900 969 923 987 c.
940 961 973 996 5)
984 982 991 993 ,

203 1001 346 1030 Theodoro
359 1009 385 1030 et
397 1003 510 1032 Maximo
520 1006 706 1040 condiscipulis
718 1008 782 1038 suis,
798 1007 842 1042 qui
867 1015 918 1038 una
933 1015 992 1035 cum

203 1047 260 1081 ipso
275 1048 412 1076 Libanium
425 1051 569 1085 sophistam
584 1052 731 1085 audierant,
747 1059 774 1081 ut
785 1054 875 1081 relicta
891 1054 993 1088 profes-

202 1092 286 1124 sione,
298 1101 356 1128 qme
370 1094 433 1122 nihil
447 1101 544 1128 przeter
555 1102 684 1131 quantum
696 1103 836 1132 Spectaret,
847 1099 993 1133 simplicem

203 1137 291 1171 potius
312 1145 343 1165 ac
368 1144 473 1166 tenuem
498 1141 579 1168 vitam
601 1143 833 1177 amplecterentur.
862 1153 870 1169 ι
890 1144 928 1171 Ex
954 1144 994 1171 his

204 1183 360 1211 Tliex'dorus
371 1184 539 1219 Mopsuestia:
561 1187 586 1213 in
600 1187 689 1215 Cilicia
709 1189 874 1223 postmodum
889 1190 993 1226 cpisco-

201 1236 253 1263 pus
268 1229 332 1261 fuit;
349 1230 478 1258 Maximus
500 1240 564 1259 vero
585 1233 712 1261 Seleucia:
737 1235 762 1262 iu
788 1235 895 1262 Isauria.
920 1237 995 1263 llnnc

205 1281 284 1319 porro
304 1275 443 1303 Maximum
460 1277 532 1304 illtttu
556 1283 630 1313 putat
654 1279 735 1307 fuisse
750 1281 934 1314 llcrmantius,
951 1283 993 1317 qui

206 1318 388 1354 Chrysostomi
404 1323 503 1349 amicus
516 1328 542 1350 et
554 1324 654 1360 collega
667 1329 733 1358 erat,
747 1327 842 1361 quique
855 1328 996 1354 eouciona-

206 1363 285 1391 batur
298 1365 407 1394 alternis
418 1375 478 1398 cum
490 1369 535 1397 illo
549 1369 659 1403 vicibus,
674 1377 703 1400 ut
716 1371 799 1400 fertur
820 1373 904 1401 Tomo
917 1375 996 1401 tertio

203 1411 256 1439 col.
269 1410 396 1443 225,226.
413 1414 557 1442 Maximum
573 1423 679 1452 quoque
693 1424 822 1445 memorat
836 1417 997 1455 Chrysosto-

205 1464 263 1483 nnis
277 1458 327 1484 sibi
342 1459 457 1487 amicum
474 1461 499 1487 in
516 1462 628 1495 epistola
644 1463 757 1497 quadam
766 1465 798 1491 ad
810 1464 995 1501 Olympiadem

204 1504 247 1539 (Τ.
262 1505 288 1532 5.
300 1513 323 1537 c.
336 1505 397 1533 010.
412 1507 431 1533 l.
443 1507 480 1542 Ι).
492 1507 607 1537 Maximo
617 1510 696 1537 etiam
708 1511 757 1539 sibi
771 1513 858 1539 amico
867 1515 996 1548 episcopo

204 1551 311 1586 scripsit
330 1552 373 1579 ille
386 1552 428 1588 (Τ.
449 1555 475 1581 5.
497 1562 520 1581 c.
541 1555 614 1590 700).
636 1555 731 1583 Verum
745 1566 778 1584 an
792 1559 816 1585 in
829 1559 860 1585 iis
874 1559 938 1586 locis
955 1565 996 1587 ter

203 1598 273 1624 idem
283 1605 457 1633 memoretur,
467 1609 500 1628 an
510 1610 583 1633 vero,
594 1603 614 1629 si
625 1603 715 1637 plures
724 1607 786 1635 sint,
797 1614 890 1633 eorum
900 1607 996 1641 aliquis

208 1641 254 1669 llle
267 1643 302 1670 sit
316 1643 349 1671 de
361 1652 414 1679 quo
426 1645 481 1680 jam
494 1647 580 1682 agitur
590 1669 596 1680 ,
611 1649 714 1676 nonnisi
734 1649 876 1677 divinando
891 1651 941 1677 dici
953 1658 999 1685 po-

209 1691 261 1714 test
273 1696 279 1713 :
292 1689 368 1717 multi
382 1691 478 1725 quippe
493 1697 555 1720 tunc
567 1697 642 1720 erant
657 1695 763 1722 nomine
775 1695 890 1723 Maximi.

246 1732 367 1767 Epistula:
375 1735 409 1761 ad
421 1735 577 1764 Theodorum
591 1738 699 1772 lapsum.
711 1755 740 1759 —
759 1740 914 1768 Theodorus
925 1749 998 1776 vero,

213 1777 257 1811 qui
271 1778 400 1806 suadente
413 1779 525 1813 Joanne,
539 1782 667 1810 abdicatis
680 1784 757 1811 rebus
771 1784 928 1819 forensibus,
945 1787 1000 1821 pie-

212 1821 272 1849 tatis
286 1824 418 1852 exercitiis
429 1832 489 1854 sese
503 1831 585 1854 totum
598 1828 744 1863 dediderat,
759 1830 784 1857 in
798 1832 932 1866 proposito
947 1840 1000 1860 non

211 1868 256 1895 diu
273 1871 401 1905 perstitit;
413 1872 458 1899 sed
471 1880 575 1901 rursum
588 1875 620 1902 ad
633 1876 718 1911 prisca
734 1884 856 1904 reversus
868 1899 874 1909 ,
887 1877 999 1906 szrcula—

212 1915 249 1941 ria
261 1918 364 1951 negotia
379 1922 492 1946 tractare
511 1921 608 1955 Cthit,
627 1922 856 1958 voluptatibusque
878 1924 997 1958 deditus,

212 1960 361 1991 llermionis
376 1965 454 1992 etiam
473 1967 567 2001 puella:
582 1967 718 2002 cujusdam
736 1977 826 1997 amore
849 1970 975 2005 ﬂagrabat
991 1980 997 1998 :

211 2007 306 2040 quibus
319 2011 463 2043 compertis
474 2010 590 2039 Joannes
613 2013 704 2040 intimo
723 2014 823 2042 doloris
834 2023 915 2043 sensu
937 2017 1001 2044 affe-

212 2057 280 2104 ctus,
290 2056 436 2104 orationem
451 2059 499 2093 ipsi
509 2060 687 2095 longiSSimam
699 2063 836 2098 misit,qua
845 2064 1000 2100 illumquasi

212 2100 266 2132 jam
282 2100 351 2128 vitiis
362 2101 478 2130 deditum
489 2106 640 2140 compellat,
656 2106 687 2133 ad
704 2108 884 2142 pmnitentiam
904 2109 1001 2137 cohor-

214 2148 284 2177 tans,
299 2147 331 2172 ad
346 2154 490 2182 secessum,
506 2150 538 2176 ad
554 2152 691 2185 pristinum
707 2153 767 2179 vita:
781 2161 873 2188 genus,
888 2155 958 2190 quod
973 2163 1002 2183 sc

215 2190 343 2235 suadente
357 2200 510 2229 susceperat
525 2195 633 2230 (T.t.c.
644 2197 720 2234 505).
735 2198 944 2235 Exemplumque
964 2201 1003 2228 af-

214 2234 264 2262 fert
275 2236 381 2270 juvenis
391 2239 527 2273 cujusdam
539 2241 672 2271 thnieis
687 2242 783 2271 Urbani
799 2244 854 2275 ﬁlii.
868 2234 1003 2274 nobilitate

215 2285 243 2308 et
257 2283 351 2317 opibus
364 2285 487 2318 pollentis
497 2306 505 2319 ,
522 2287 566 2321 qui
580 2295 654 2320 cum,
671 2289 715 2324 pio
727 2294 815 2316 motus
829 2290 923 2319 affectu
933 2312 940 2325 ,
964 2292 1004 2318 lu-

215 2328 384 2363 dimagistris,
401 2330 477 2358 fastui
491 2333 655 2370 terrenisque
668 2335 790 2363 omnibus
803 2336 909 2371 longum
932 2339 1004 2365 vale-

214 2373 336 2407 dixisset,
353 2377 378 2403 in
393 2382 498 2404 montes
511 2379 678 2413 ascenderat,
693 2386 718 2408 et
729 2381 761 2408 ad
775 2389 906 2410 summum
924 2385 1005 2411 virtu-

216 2421 251 2447 tis
269 2421 378 2455 gradum
401 2424 555 2457 pervenisse
578 2425 730 2460 videbatur;
745 2428 791 2455 scd
818 2435 907 2464 postea
930 2439 944 2457 a
960 2438 1004 2458 co-

216 2468 302 2500 gnatis
317 2467 448 2496 abductus
458 2475 486 2498 et
499 2472 532 2498 ad
548 2471 657 2505 pristina
679 2478 827 2507 revocatus,
843 2482 858 2502 a
872 2476 1005 2503 montibus

217 2512 243 2539 in
258 2513 374 2541 medium
388 2514 473 2542 forum
487 2523 516 2543 se
528 2518 649 2551 contulit,
665 2519 708 2545 ubi
722 2526 789 2554 equo
803 2524 893 2549 vectus
904 2542 910 2552 ,
926 2526 953 2548 et
968 2521 1006 2549 fa-

218 2561 353 2587 tnulorum
383 2561 601 2598 adulatorumque
627 2565 700 2592 turba
732 2565 851 2599 cinctus,
881 2567 1005 2594 omnibus

218 2606 371 2639 spectaculo
385 2612 442 2634 erat
457 2616 464 2634 :
480 2608 638 2642 demumquc
651 2617 665 2636 a
682 2611 731 2644 piis
749 2612 904 2645 quihusdam
918 2613 1006 2639 homi-

219 2651 299 2679 nibus
313 2653 410 2679 scnsim
423 2653 456 2680 ad
471 2661 562 2682 sanam
578 2661 693 2683 mentem
707 2657 845 2689 reductus,
862 2658 1006 2685 solitariam

220 2696 300 2722 vitam
315 2698 431 2731 repetiit,
447 2703 473 2725 et
487 2699 519 2726 ad
531 2701 634 2728 virtutis
645 2701 747 2736 apicem
758 2702 864 2729 demum
877 2704 1005 2737 pervertit.

219 2741 297 2768 Aliud
312 2742 410 2776 profert
425 2746 574 2780 exemplum
587 2748 646 2780 viri,
658 2748 702 2782 qui
715 2755 774 2775 cum
791 2755 837 2783 per
851 2748 947 2776 multos
962 2758 1008 2776 an-

220 2794 270 2814 nos
282 2789 360 2816 vitam
371 2790 490 2818 duxisset
508 2793 651 2827 angelicam
662 2813 670 2826 ,
686 2801 717 2820 eo
730 2793 835 2820 tlemum
854 2802 1008 2829 progressus

221 2839 262 2861 est
273 2839 300 2861 ut
315 2835 340 2862 in
355 2835 464 2870 lupanar
475 2845 503 2863 se
522 2839 667 2871 conterret,
684 2838 730 2866 sed
745 2844 835 2872 postea
853 2847 867 2866 a
880 2840 951 2867 socio
975 2841 1007 2867 ad

1043 182 1156 217 priscam
1173 182 1251 208 vitam
1269 185 1420 213 revocatus,
1435 181 1460 207 in
1473 180 1567 207 cellula
1581 187 1610 208 se
1625 180 1772 212 conclusit,
1787 181 1832 208 ubi

1042 238 1109 265 pane
1121 230 1206 256 solum
1229 233 1253 256 et
1269 236 1336 262 aqua
1348 228 1428 254 vitam
1451 230 1620 257 sustentans,
1637 230 1723 253 tantos
1745 229 1831 260 ptent-

1041 275 1130 302 tentia:
1143 274 1243 301 fructus
1259 273 1365 306 emisit,
1389 277 1417 300 ut
1441 273 1519 299 etiam
1542 272 1675 299 miraculis
1695 272 1832 299 claruerit.

1041 321 1121 348 Addit
1144 321 1223 348 etiam
1253 319 1404 358 Valerium,
1429 319 1611 350 Florentium,
1636 318 1830 354 Porphyrium,

1040 367 1160 401 aliosque
1194 366 1266 392 viros
1299 368 1433 403 sapientes
1463 363 1596 392 Tlteodori
1623 364 1708 391 vicem
1741 363 1832 392 dnlcre

1042 412 1095 448 (Τ.
1110 413 1166 441 Le.
1177 412 1252 447 διδ).

1077 458 1199 493 Epistolte
1220 457 1254 484 ad
1277 456 1434 484 Theodorum
1455 456 1565 490 lapsum.
1580 470 1616 474 ——
1636 454 1754 490 Cumque
1779 463 1831 483 non

1042 508 1132 539 posset
1142 504 1230 531 statim
1245 502 1413 530 Theodorum
1428 509 1444 529 a
1460 501 1504 528 tali
1518 502 1577 528 vita:
1592 508 1690 535 genere
1703 508 1830 533 avocare,

1042 551 1100 578 aliis
1114 550 1233 585 epistolis
1245 549 1388 584 etquidem
1412 548 1502 575 multis
1514 568 1521 580 ,
1538 551 1565 574 ut
1579 555 1611 574 ex
1627 547 1709 581 ipsius
1723 546 1832 574 Joannis

1042 601 1150 624 narratu
1167 595 1319 632 percipitur,
1335 594 1408 621 illum
1431 593 1544 621 sollicite
1563 593 1630 619 ursit
1644 598 1672 618 ut
1688 591 1772 626 prisca
1789 599 1832 618 rc-

1043 646 1153 676 peteret.
1169 641 1224 668 Etsi
1240 648 1303 668 vero
1316 648 1368 667 non
1379 643 1469 674 aperte
1483 639 1555 671 dicit,
1568 638 1736 665 Theodorum
1751 638 1833 668 literis

1042 687 1097 717 suis
1117 686 1303 721 respondisse,
1319 693 1351 715 ex
1367 686 1424 719 ejus
1439 684 1526 712 verbis
1540 684 1613 718 argui
1634 691 1712 718 posse
1731 684 1833 711 videtur

1044 733 1212 760 Theodorum
1226 732 1344 767 epistolis
1366 730 1548 766 Chrysostomi
1573 729 1754 764 frequentibus
1769 736 1833 756 eon-

1043 780 1151 807 citatum
1167 800 1174 812 ,
1190 778 1360 813 respondisse
1373 777 1409 805 illi
1424 785 1431 803 :
1446 784 1475 803 se
1490 775 1554 803 nihil
1576 780 1667 802 comra
1687 775 1730 809 jus
1745 775 1834 808 fasque

1045 827 1150 858 taeere,
1174 825 1400 858 llermioncmque
1410 830 1520 856 amare,
1544 821 1605 856 quia
1629 821 1701 848 illam
1725 829 1833 851 uxori-ut

1044 873 1142 900 ducere
1155 870 1296 906 cogitabat.
1310 869 1364 896 Sub
1379 869 1435 895 h:ec
1447 873 1536 895 autem
1549 867 1742 902 (Jhysostomus
1756 866 1834 892 aliam

1046 919 1094 953 ipsi
1108 917 1247 952 epistolam
1264 915 1352 946 misit,
1367 923 1418 949 qua
1432 914 1505 941 illum
1520 912 1704 940 vehementius
1717 912 1834 938 concita—

1046 964 1100 996 bat,
1117 968 1145 990 ut
1160 963 1247 990 missis
1261 961 1384 988 munibus
1396 959 1567 987 smcularibus
1593 959 1672 985 rebus
1696 957 1834 993 pristinmn

1046 1010 1106 1036 vita:
1120 1015 1202 1043 genus
1215 1011 1358 1041 repeteret.

1080 1055 1144 1088 Qua:
1156 1054 1210 1088 jam
1225 1053 1340 1082 diximus
1354 1059 1384 1080 ex
1399 1051 1464 1086 ipsis
1487 1048 1670 1086 Chrysostnmi
1688 1048 1773 1075 verbis
1787 1056 1836 1074 ex-

1046 1106 1139 1135 cerpta
1148 1101 1232 1128 fuere.
1241 1099 1329 1134 Longe
1337 1098 1416 1125 aliter
1424 1106 1479 1125 rem
1492 1097 1629 1125 constituit
1642 1095 1836 1128 Tillemontius,

1046 1147 1090 1181 qui
1106 1150 1179 1180 putat
1195 1145 1305 1180 priinam
1321 1144 1392 1170 illam
1411 1143 1443 1170 ad
1460 1141 1630 1173 Theodorum
1654 1141 1761 1167 missam
1777 1148 1838 1166 ora-

1048 1193 1158 1224 tionem,
1170 1199 1223 1219 non
1237 1190 1268 1217 ad
1290 1190 1362 1216 illum
1384 1189 1428 1224 qui
1455 1192 1545 1223 postea
1561 1188 1701 1221 episcopus
1715 1186 1838 1221 Mopsue-

1047 1238 1105 1266 stia:
1119 1237 1181 1269 fuit;
1202 1236 1248 1263 sed
1263 1235 1295 1262 ad
1315 1235 1396 1262 alium
1418 1233 1601 1268 cognominem
1616 1233 1723 1259 missam
1738 1232 1818 1258 fuisse
1829 1251 1838 1265 ,

1047 1284 1090 1318 qui
1106 1283 1227 1310 similiter
1241 1286 1379 1318 postquam
1396 1280 1522 1309 mundum
1537 1279 1687 1313 reliquerat,
1702 1284 1793 1304 rursus
1805 1277 1838 1303 ad

1035 1329 1185 1357 'szccularia
1200 1328 1364 1357 convolarat.
1382 1326 1445 1362 Ejus
1459 1330 1614 1361 argumenta
1632 1325 1719 1351 omnia
1734 1325 1838 1358 depuli-

1048 1384 1124 1407 mus,
1141 1375 1258 1409 illudque
1273 1375 1297 1400 in
1315 1374 1420 1408 primis,
1444 1372 1514 1407 quod
1536 1373 1591 1406 ipse
1615 1371 1757 1401 maximum
1781 1377 1840 1397 eme

1050 1422 1122 1449 nium
1146 1428 1205 1447 esse
1227 1424 1427 1457 putat,estque
1452 1417 1600 1452 liujusmodi
1615 1426 1621 1444 :
1635 1417 1790 1444 Theodorus
1813 1417 1838 1444 in

1048 1468 1164 1496 secunda
1185 1466 1295 1501 epistola
1320 1469 1481 1492 memoratus
1502 1463 1618 1491 nomium
1640 1463 1731 1497 viginti
1756 1470 1839 1490 annos

1048 1515 1216 1550 expleverat;
1233 1513 1257 1539 in
1273 1512 1358 1547 prima
1384 1518 1446 1538 vero
1459 1509 1526 1537 dixit
1540 1509 1681 1536 Theodoro
1704 1516 1756 1535 non
1780 1508 1840 1542 plus

1048 1558 1239 1595 quinquaginta
1253 1558 1312 1584 vitm
1326 1563 1409 1583 annos
1423 1555 1472 1590 ipsi
1496 1562 1654 1589 superesse,
1679 1559 1707 1580 ut
1726 1554 1758 1580 ad
1779 1554 1837 1580 ulti-

1049 1613 1119 1632 mam
1132 1608 1295 1632 senectutem
1305 1601 1463 1637 pcrvcniret.
1477 1600 1593 1635 Hincque
1606 1599 1692 1634 arguit
1702 1599 1745 1626 ille
1753 1599 1840 1626 Theo-

1049 1651 1143 1679 dorum
1150 1650 1223 1679 illum
1231 1649 1343 1683 primum
1349 1646 1523 1682 quadraginta
1534 1652 1664 1672 annorum
1675 1650 1737 1671 tunc
1745 1644 1837 1673 fuisse.

1050 1695 1122 1723 illam
1137 1695 1257 1724 ultimam
1268 1697 1430 1720 senectutem
1441 1691 1474 1718 de
1486 1690 1664 1725 nonagenario
1679 1694 1777 1716 tantum
1788 1689 1840 1721 dici

1051 1749 1129 1775 posse
1143 1745 1248 1774 putans.
1264 1738 1421 1766 Theodorus
1436 1742 1499 1764 vero
1512 1737 1588 1768 alter,
1611 1735 1656 1770 qui
1670 1741 1732 1762 tunc
1747 1735 1841 1770 vigesi-

1051 1795 1123 1814 mum
1137 1794 1233 1813 annum
1248 1784 1343 1819 agebat
1355 1804 1362 1816 ,
1375 1783 1470 1812 additis
1484 1787 1575 1817 postea
1590 1781 1776 1816 quinquaginta
1791 1788 1839 1807 an-

1052 1835 1093 1861 nis
1106 1831 1324 1867 scptuagenarius
1339 1835 1438 1856 tantum
1452 1828 1555 1855 fuisset.
1582 1828 1635 1853 lloc
1655 1832 1841 1861 argumentum

1052 1881 1078 1908 ni
1094 1880 1170 1906 fallor
1183 1878 1288 1912 egregie
1301 1876 1388 1910 depuli
1404 1875 1429 1901 in
1441 1874 1539 1902 Monito
1552 1873 1582 1900 T.
1601 1873 1613 1900 1
1632 1873 1716 1899 initio.
1726 1871 1778 1899 Sed
1800 1880 1842 1898 sc—

1052 1926 1169 1953 cundum
1185 1924 1241 1952 hare
1261 1924 1286 1950 in
1300 1923 1386 1949 Ineunt
1407 1921 1499 1952 incidi,
1517 1927 1594 1954 quem
1611 1918 1726 1945 nondum
1748 1919 1842 1945 adver—

1053 1977 1147 2003 teram,
1164 1971 1188 1997 in
1204 1977 1256 2005 quo
1280 1968 1382 1995 videtur
1395 1967 1601 1999 Cln'vsostomus
1619 1964 1678 1991 data
1691 1971 1770 1998 opera
1785 1963 1841 1990 Til-.

1052 2017 1171 2045 lemoixtii
1200 2016 1280 2043 telum
1300 2013 1446 2048 depellere.
1469 2010 1670 2038 Commentario
1692 2016 1788 2043 nempe
1816 2008 1841 2034 in

1054 2061 1198 2097 Epistulam
1219 2060 1232 2089 1
1255 2058 1287 2085 ad
1299 2059 1449 2086 Corinthios
1457 2056 1499 2090 (Τ.
1509 2056 1551 2082 10.
1562 2063 1586 2083 c.
1595 2053 1639 2080 55.
1649 2053 1731 2087 L32),
1744 2054 1778 2080 de
1790 2053 1842 2080 So-

1053 2113 1126 2136 crate
1153 2107 1263 2142 loquens
1283 2104 1335 2131 ait:
1349 2102 1381 2130 Et
1404 2110 1462 2130 cum
1481 2102 1515 2128 ad
1540 2105 1676 2128 extremam
1693 2103 1842 2126 Imeclulcm

1054 2153 1203 2189 pervenisset
1219 2159 1228 2178 :
1242 2149 1336 2176 dicebat
1347 2148 1412 2175 enim
1423 2154 1448 2177 se
1459 2154 1582 2174 annorum
1608 2145 1766 2180 septuaginta
1778 2151 1841 2173 esse.

1053 2197 1154 2234 quando
1167 2197 1241 2224 vitam
1251 2194 1372 2229 despexit.
1388 2193 1446 2220 Jam
1462 2192 1536 2219 vides
1549 2191 1584 2218 ita
1608 2189 1766 2224 explicanda
1782 2196 1842 2216 ese

1054 2243 1111 2270 loca
1125 2250 1139 2270 a
1152 2240 1319 2268 Tillemontio
1334 2239 1420 2269 allata,
1433 2241 1462 2264 ut
1469 2237 1502 2264 de
1514 2236 1606 2264 eodem
1616 2236 1642 2262 in
1655 2239 1768 2269 utraque
1781 2234 1840 2267 epi-

1055 2289 1120 2316 stola
1135 2287 1275 2314 Theodoro
1289 2285 1422 2319 loquatur.
1437 2283 1464 2310 In
1479 2283 1563 2317 prima
1576 2281 1639 2308 dicit
1653 2287 1737 2307 annos
1745 2287 1840 2313 supcr-

1055 2342 1115 2363 esse
1127 2332 1314 2368 quinquaginta
1327 2335 1356 2358 ut
1367 2329 1400 2357 ad
1414 2333 1559 2357 extremam
1574 2331 1737 2354 senectutem
1753 2332 1843 2359 perve-

1056 2381 1121 2414 niat,
1140 2380 1166 2407 in
1177 2371 1292 2406 secunda
1301 2384 1364 2404 vero
1373 2376 1445 2402 illum
1457 2370 1554 2401 annum
1568 2373 1674 2400 circiter
1688 2370 1845 2405 vigesimum

1056 2427 1189 2462 attigisse:
1202 2424 1228 2452 in
1238 2422 1319 2450 allato
1329 2426 1416 2449 autem
1427 2421 1485 2447 loco
1495 2418 1658 2454 septuaginta
1668 2423 1750 2443 annos
1759 2420 1845 2446 natus,

1057 2477 1185 2501 extrema:
1204 2468 1348 2497 senectutis
1358 2474 1417 2494 esse
1432 2465 1537 2493 dicitur.
1548 2463 1641 2491 Iisdem
1662 2469 1725 2489 usus
1740 2461 1847 2487 vocibus

1057 2519 1229 2554 Chrysostom
1235 2523 1266 2543 us
1273 2515 1324 2542 duo
1338 2514 1380 2541 illa
1392 2513 1459 2545 loca,
1467 2518 1526 2546 qua:
1534 2508 1717 2554 Tillemontius
1732 2512 1848 2554 pugnare

1058 2551 1177 2600 putabat,
1189 2561 1322 2592 conciliat,
1333 2564 1467 2592 unumque
1477 2563 1537 2583 esse
1546 2553 1716 2582 Theodorum
1732 2551 1836 2600 probat.

1094 2610 1170 2638 Circa
1185 2615 1283 2636 annum
1300 2612 1372 2636 vero,
1386 2611 1439 2638 quo
1454 2601 1495 2629 hae
1509 2601 1614 2634 scriptre
1637 2602 1699 2625 sunt
1712 2596 1843 2631 epistol-1:.

1061 2662 1074 2682 a
1090 2654 1260 2681 Tillemontio
1275 2658 1329 2680 non
1356 2647 1498 2676 dissentior
1512 2646 1581 2674 circa
1604 2642 1758 2672 secundum,
1771 2646 1848 2675 quam

1061 2705 1136 2736 putat
1148 2699 1271 2733 scriptam
1283 2697 1364 2724 fuisse
1377 2702 1447 2721 anno
1455 2693 1525 2720 369:
1540 2697 1567 2718 at
1592 2694 1683 2717 contra
1708 2695 1786 2722 quam
1802 2686 1845 2712 ille

1060 2735 1213 2776 arbitratur,
1237 2743 1346 2777 primam
1371 2746 1475 2774 quoque
1492 2737 1585 2765 eodem
1605 2735 1710 2762 circiter
1733 2738 1850 2767 tempore

1063 2792 1151 2819 datam
1167 2790 1247 2817 fuisse
1258 2789 1283 2815 in
1296 2787 1390 2814 eodem
1414 2784 1513 2812 Monito
1528 2781 1646 2817 probavi.
1666 2780 1752 2807 Unum
1763 2783 1849 2804 tamen

1069 2843 1110 2866 est
1127 2837 1195 2872 quod
1211 2835 1343 2869 negotium
1367 2832 1497 2859 facessere
1521 2829 1612 2864 possit.
1632 2828 1675 2854 Ait
1695 2825 1851 2858 Cbrvsodo-
