2034 3109
197 176 230 207 89
767 175 856 205 NUNC
876 175 979 204 PillilU

1037 176 1222 206 lDORNATA.
1804 193 1838 219 ου

198 242 256 263 usus
271 233 298 261 in
310 233 519 270 epistolaprima.
529 231 695 262 e.502.l.t-2:
706 233 780 260 Nunc
794 234 893 269 quidem
907 233 987 259 tristi-

198 281 232 306 tia
248 282 357 308 {ratrum
380 281 486 307 chorum
506 285 624 315 occupat,
636 279 752 311 voluptas
763 285 785 307 et
798 279 885 306 la'titia
899 278 988 313 inﬁde-

197 326 258 353 lium
272 330 431 358 conuentum,
440 334 533 362 necnon
540 327 661 360 juvcnum
676 326 726 352 otio
742 326 822 361 magis
835 325 987 352 deditorum.

197 372 244 400 Hic
257 374 367 399 fratrum
382 372 494 400 chorum
509 373 563 400 vult
574 372 723 407 significare
737 371 923 399 Tillemontius
931 378 988 399 cm-

197 423 250 444 tnm
264 417 468 451 monachorum,
483 418 597 452 hincque
613 417 718 452 probari
731 420 804 451 putat
817 415 987 444 Theodorum

197 464 275 491 istum
297 464 379 490 alium
400 471 415 490 a
437 463 632 498 Mopsuesteno.
654 463 753 490 Verum
775 462 810 490 de
827 462 988 489 monasterio

196 515 222 536 ct
248 510 282 537 de
305 509 445 537 monachis
475 517 508 537 ne
539 510 581 545 γρῦ
606 508 712 544 quidem
743 508 785 535 hic
812 508 876 535 dicit
899 507 988 542 Chry-

195 561 339 587 sostomus,
359 555 393 582 de
403 555 498 590 quibus
507 555 668 582 mentionem
693 553 762 581 haud
775 552 855 589 dubie
871 553 988 580 facturus

195 605 262 633 erat,
275 600 297 628 si
314 601 358 628 ille
371 607 405 628 ex
431 601 592 628 monasterio
607 600 724 632 cxiisset,
743 599 791 627 sed
807 607 853 635 per
877 599 987 626 fratrum

195 646 307 679 chorum
324 645 367 673 hic
380 646 490 673 omnino
503 653 599 674 vocare
619 645 724 680 videtur
742 645 853 672 chorum
869 644 988 672 lidelium

195 696 268 720 recte
278 693 435 725 viventium,
447 699 514 727 quos
526 699 579 719 non
607 692 693 722 semel
719 692 815 719 fratres
830 692 875 719 ille
899 696 986 727 vocat,

195 742 222 765 ot
253 739 363 774 opponit
384 739 526 766 conventui
545 738 690 766 infidelium
705 743 732 766 et
752 738 878 774 juvenum
895 746 987 767 eorum

196 784 239 818 qui
254 785 307 811 otio
319 789 346 812 et
358 784 481 820 segnitiei
494 784 577 812 dediti
588 785 738 819 erantJmQ
754 792 829 818 vero,
843 784 914 821 quod
923 791 988 820 sane

195 830 277 860 miror
290 830 376 858 virum
397 831 514 858 omnium
531 831 609 867 longe
628 832 856 859 accuratissimum
872 840 925 860 non
938 831 987 859 ad-

195 877 313 909 vi-rtisse,
326 876 352 903 in
366 877 449 913 pritna
461 877 587 908 secundae
596 877 713 912 epistolae
725 877 847 914 periodo,
858 878 895 905 ait
905 878 988 914 Chry-

195 926 327 957 sostomus
339 922 432 953 dolere
446 930 485 956 se,
496 923 567 962 quod
582 931 612 950 se
626 932 658 951 ex
680 926 788 962 fratrum
807 924 923 960 catalogo
938 925 987 952 de-

194 967 295 999 iuverit.

231 1013 280 1040 Tot
306 1013 491 1050 Chrysostomi
517 1015 601 1051 literis
619 1015 726 1050 tandem
741 1020 880 1044 revocatus
901 1016 988 1049 Theo-

199 1058 279 1086 dorus
298 1067 349 1087 una
366 1068 428 1087 cum
450 1061 564 1088 Maximo
585 1061 660 1096 (Saz.
680 1061 700 1089 Ι.
718 1062 745 1090 8.
761 1070 785 1089 ε.
806 1062 845 1098 2),
868 1067 894 1091 et
915 1062 986 1099 haud

193 1106 271 1139 dubie
281 1107 380 1135 Basilio
390 1107 519 1139 Joannem
531 1109 716 1144 frequentabat
731 1109 817 1145 (Socr.
831 1110 850 1138 Ι.
862 1110 889 1138 6.
900 1118 923 1138 ο.
936 1110 964 1146 5)
978 1121 984 1138 :

196 1159 299 1187 unaque
312 1152 431 1184 collecti.
447 1161 536 1181 veram
550 1154 745 1191 philosophiam
761 1155 818 1183 sive
830 1156 986 1184 monasticae

195 1198 307 1228 similem
321 1199 400 1225 vitam
420 1195 601 1227 sectabantur.
616 1200 780 1235 Scripturam
796 1208 862 1228 vero
881 1209 985 1229 sacram

196 1249 223 1272 ct
235 1244 381 1272 doctrinam
397 1245 605 1274 ecclesiasticam
625 1247 763 1278 discebant
784 1255 834 1275 una
849 1255 911 1282 eum
926 1256 984 1276 mo-

195 1291 303 1326 nasticis
323 1292 476 1325 exercitiis,
500 1292 655 1327 doctoribus
676 1292 804 1327 Diodoro,
826 1294 870 1329 qui
893 1299 984 1329 postea

195 1338 333 1366 Tarsensis
350 1339 493 1376 episcopus
513 1339 572 1373 fuit.
587 1345 616 1368 et
634 1339 766 1375 Carterio,
787 1340 831 1375 qui
853 1348 904 1367 una
924 1347 984 1367 cum

195 1383 309 1417 Diodoro
324 1385 486 1412 monasteria
499 1385 666 1413 Antiocheua
678 1386 798 1413 curabat.

225 1429 339 1457 Joanne:
359 1431 525 1465 episcopalem
539 1431 687 1466 dignitatem
702 1431 783 1466 fugit,
804 1431 924 1467 illumque
939 1431 984 1458 Btt-

192 1477 247 1504 u'lio
257 1478 368 1513 conferri
384 1483 467 1504 curat.
481 1493 516 1498 —
528 1477 575 1505 His
595 1485 660 1513 ergo
680 1478 777 1506 studiis
790 1486 897 1514 operam
912 1478 984 1506 dedit

192 1522 263 1550 istaec
278 1528 370 1550 sancta
379 1527 407 1551 et
421 1523 520 1552 selecto
531 1524 669 1559 juventus.
678 1524 795 1552 Joannes
803 1531 866 1552 vero
876 1524 983 1552 assidue

191 1579 249 1598 cum
273 1571 371 1598 Basilio
393 1571 526 1606 colloquia
549 1571 678 1599 miscebat
698 1571 800 1607 (Chrys.
821 1571 853 1598 de
873 1571 980 1599 Sacerd.

190 1617 210 1643 ι.
226 1617 263 1652 1),
280 1623 309 1644 ιιι
332 1617 388 1652 ipse
407 1616 489 1644 refert
507 1617 575 1651 libro
598 1618 684 1652 primo
706 1617 740 1646 de
761 1617 928 1650 Saocrdotio,
948 1617 982 1644 de

190 1663 248 1689 vine
263 1664 415 1696 sanctitate,
428 1663 461 1690 de
472 1663 611 1691 virtutibus
623 1664 747 1692 asceticis
760 1664 844 1700 deque
855 1664 913 1694 aliis
924 1664 982 1700 qni-

189 1708 306 1736 buslibet
316 1709 349 1736 ad
364 1709 488 1744 [aetatem
504 1710 696 1744 spectantibus.
712 1710 778 1737 Dum
798 1705 823 1737 in
838 1710 879 1738 his
891 1718 981 1738 versa-

188 1760 290 1788 rentur,
320 1760 461 1790 postquam
487 1764 558 1783 anno
583 1756 635 1783 570
661 1756 780 1785 Meletius
807 1757 834 1784 in
857 1756 980 1788 exsilium

190 1801 288 1828 missus
305 1802 401 1834 luem,
416 1809 478 1829 cum
491 1802 657 1837 episcopales
671 1802 792 1837 quaedam
809 1802 886 1830 sedes
902 1810 980 1830 vaea-

187 1853 258 1880 rent,
273 1855 364 1875 rumor
374 1855 485 1883 sparsus
495 1853 546 1880 est,
561 1848 692 1876 Joannetn
704 1853 731 1875 et
742 1848 867 1877 Basilium
882 1854 910 1875 ut
921 1848 980 1875 illas

186 1893 264 1921 sedes
286 1893 429 1928 implerent
449 1893 482 1920 ad
502 1894 680 1929 episcopalem
698 1894 853 1930 dignitatem
875 1901 981 1928 promo-

188 1939 288 1967 vendos
302 1947 373 1967 esse.
391 1940 431 1967 ite
444 1944 580 1975 comperta
593 1940 711 1967 Joannes
729 1940 823 1968 timore
843 1940 980 1975 perculsus

187 1991 227 2014 est
240 1996 246 2014 :
261 1995 291 2014 se
302 1987 386 2019 enim,
400 1987 434 2014 ita
449 1994 543 2022 nempe
557 1986 693 2014 modestus
707 1991 775 2019 erat,
788 1991 861 2014 tanto
874 1987 978 2014 muneri

187 2032 263 2068 longe
275 2033 406 2067 imparctn
422 2033 546 2068 putabat;
559 2041 593 2060 ne
604 2040 667 2060 vero
680 2033 713 2060 ad
727 2033 753 2060 id
767 2033 875 2060 honoris
887 2033 929 2060 vel
940 2033 979 2060 in-

187 2080 256 2107 vitus
269 2084 424 2114 raperetur,
438 2086 499 2107 sese
511 2079 662 2107 occultandi
673 2079 814 2106 consilium
826 2080 894 2106 iniit.
909 2079 980 2106 Inter

188 2125 243 2153 haec
262 2126 378 2153 Basilius
398 2125 509 2161 hujusce
530 2127 567 2154 rei
589 2126 658 2153 fama
682 2130 829 2161 permotus,
849 2126 978 2153 Joannem

189 2172 303 2200 amicum
320 2176 349 2199 et
363 2177 515 2199 consortem
529 2172 603 2205 adiit,
620 2180 698 2207 quem
713 2172 771 2199 haec
792 2172 913 2207 ignorare
933 2180 980 2206 pu-

188 2217 268 2244 tabat.
285 2218 325 2245 Illi
346 2225 412 2245 vero
431 2226 488 2245 rem
508 2219 603 2253 aperit,
619 2218 681 2253 quid
701 2218 805 2246 consilii
820 2219 978 2253 capiendmn

188 2265 222 2291 sit
247 2269 336 2300 rogat,
360 2272 394 2291 an
418 2264 674 2298 obtemperandum,
696 2272 729 2292 an
753 2265 924 2300 fugiendum,
952 2264 979 2291 in

187 2315 328 2345 utrumque
356 2315 474 2344 paratus,
500 2315 527 2337 et
550 2310 629 2346 amici
654 2311 783 2345 judicium
809 2316 976 2345 exspectatis.

187 2355 301 2384 Joannes
322 2361 424 2387 autem,
438 2356 482 2391 qui
499 2361 527 2382 ut
541 2364 570 2386 se
585 2357 722 2391 indignum
738 2361 812 2384 tanto
827 2357 914 2384 officio
935 2365 978 2384 re-

187 2400 271 2434 batur,
284 2402 323 2429 ita
334 2401 461 2428 Basiliqu
477 2401 522 2428 illo
533 2402 730 2436 dignissimum,
746 2407 800 2429 tum
811 2410 845 2439 ει
857 2407 979 2430 anteacta

188 2447 248 2478 lita,
265 2453 322 2474 tum
343 2455 377 2474 ex
393 2451 466 2474 tanto
481 2447 651 2482 capessenda».
666 2449 772 2475 virtutis
784 2449 934 2481 desiderio;
950 2457 979 2476 se

187 2491 311 2519 damnum
333 2492 462 2519 Ecclesia:
481 2492 579 2519 Christi
601 2493 746 2520 maximum
767 2494 900 2521 illaturum
919 2501 980 2522 esse

187 2543 292 2571 putans,
316 2539 338 2564 si
363 2542 417 2564 tam
433 2537 555 2572 probum,
575 2543 628 2565 tam
648 2538 680 2565 ad
701 2539 813 2570 salutent
835 2539 978 2567 multorum

187 2583 322 2616 idoneum,
339 2591 356 2610 a
371 2590 484 2611 munere
498 2584 668 2618 suscipiendo
681 2589 824 2616 averteret,
841 2583 979 2620 respondit

188 2629 233 2661 illi,
256 2630 294 2656 rei
316 2629 542 2656 consultationem
562 2630 632 2657 aliud
649 2630 674 2657 in
697 2635 800 2665 tempus
819 2631 977 2665 mittendam

188 2682 255 2708 οδω,
270 2675 339 2702 nihil
360 2682 469 2710 urgere,
490 2675 553 2702 nihil
577 2680 737 2710 prmmature
758 2676 890 2711 agendum
906 2684 976 2704 esse.

189 2721 244 2752 Quo
259 2721 405 2748 tenderent.
424 2720 497 2747 isttec
514 2729 565 2748 non
587 2722 729 2749 advertens
757 2722 885 2755 Basilius,
900 2723 976 2749 amici

189 2769 327 2799 cpnsiliuut
343 2767 486 2800 amplexus
496 2772 544 2794 est.

224 2813 276 2840 Hac
294 2814 337 2848 pia
353 2812 451 2846 fraude
466 2819 526 2839 usus
547 2819 586 2841 est
600 2814 725 2846 Joannes,
741 2819 768 2842 ct
781 2816 841 2850 quia
862 2823 916 2842 rem
931 2824 977 2842 ur-

189 2867 250 2893 gere
265 2868 319 2886 non
340 2857 496 2892 ignorabat,
509 2865 564 2886 sese
582 2861 730 2888 occultavit.
751 2861 823 2888 llaud
843 2862 877 2888 ita
897 2862 979 2888 multo

190 2908 277 2943 elapso
298 2911 438 2941 tempore,
461 2911 517 2931 cum
537 2907 557 2933 is
575 2909 616 2942 qui
637 2908 804 2936 ordiualttrus
824 2914 879 2936 crat
898 2909 977 2936 adve-

1046 233 1137 267 nisset,
1154 241 1244 270 raptus
1259 237 1370 269 Basilius
1380 241 1518 269 addueitttr
1534 249 1559 270 ut
1575 246 1713 280 cpiscopus
1725 249 1834 278 ordina-

1044 284 1126 327 retur.
1141 280 1261 316 Cumque
1273 284 1446 314 reluctaretur
1460 287 1512 320 ilie,
1527 289 1632 323 quidam
1647 279 1680 320 ett
1695 279 1834 327 prcesenti.

1044 322 1092 351 bus
1103 325 1126 351 ei
1138 326 1215 353 verba
1225 326 1365 361 dederunt,
1376 330 1530 366 clamantes,
1540 334 1682 364 absurdum
1693 322 1763 372 esse,
1773 347 1834 367 cum

1043 370 1086 404 qui
1093 371 1217 399 omnibus
1229 372 1342 402 ferocior
1350 376 1486 406 videbatur
1493 378 1631 415 (Joannem
1639 370 1832 421 designatum).

1041 422 1102 465 eum
1118 424 1210 452 magna
1231 420 1359 448 modestia
1380 422 1486 451 Patrum
1507 424 1603 459 placito
1620 420 1834 465 obtemperasse;

1043 461 1115 510 illum
1136 468 1241 496 autent,
1264 466 1340 502 longe
1361 468 1559 504 prudentiorem
1581 476 1608 500 et
1632 461 1832 510 modestiorem,

1042 505 1155 536 ferocire
1168 514 1195 537 et
1207 518 1300 539 vanam
1315 512 1426 547 gloriam
1442 521 1577 550 appetere.
1592 519 1646 547 llac
1656 520 1767 549 delusus
1777 505 1834 550 arte

1042 553 1179 604 ordinalus
1199 562 1239 584 est
1253 557 1366 587 Basilius
1379 561 1520 597 episcopus
1535 563 1685 600 Raphanea:
1706 568 1731 594 in
1746 568 1832 604 Syria,

1042 603 1071 626 ut
1083 600 1253 634 probabiliter
1267 605 1399 633 existimat
1413 606 1552 645 Baronius.

1077 645 1152 673 Circa
1163 655 1262 676 annum
1277 657 1350 683 vero,
1362 659 1415 687 quo
1428 652 1484 681 hare
1494 660 1568 691 gesta
1582 655 1664 690 fuere,
1680 658 1835 688 ilermautio

1042 695 1069 718 et
1082 691 1251 722 Tillcmonlio
1264 696 1419 732 adstipulor,
1435 699 1479 735 qui
1492 700 1584 729 eadem
1599 702 1631 730 ad
1644 711 1742 732 annum
1754 706 1833 734 Chri-

1042 737 1075 764 sti
1099 738 1161 772 572,
1183 740 1222 767 vel
1244 742 1350 769 circiter
1369 743 1500 778 referunt,
1525 752 1671 784 putantque
1693 758 1744 785 non
1763 747 1833 780 ultra

1041 790 1139 812 annum
1155 786 1207 814 574
1221 794 1300 822 posse
1312 788 1422 818 dill‘erri.
1439 791 1525 820 Unttm
1539 798 1579 820 est
1591 795 1661 829 quod
1672 803 1686 822 a
1699 796 1743 824 tuli
1758 805 1833 824 cont-

1042 832 1150 865 putandi
1166 833 1267 862 ratione
1280 840 1403 864 avertere
1418 838 1511 872 possit,
1524 839 1593 873 quod
1607 848 1703 876 nempe
1717 842 1834 876 Joannes

1042 882 1104 905 tunc
1121 878 1166 917 25,
1182 880 1223 908 vel
1242 881 1274 908 ad
1288 889 1420 913 summum
1434 883 1468 912 27
1484 889 1585 921 tantum
1600 895 1730 923 annorum
1744 877 1833 922 esset,

1041 928 1068 952 et
1089 925 1200 953 Basilius
1221 927 1340 964 ejusdem
1358 929 1464 958 circiter
1483 932 1579 971 aetatis,
1595 941 1654 969 qua:
1675 934 1708 962 ad
1731 939 1831 963 utrumn

1040 973 1238 1008 su5cipicndum
1255 983 1352 1003 munus
1367 984 1419 1013 non
1440 977 1534 1005 idonea
1554 979 1682 1009 videatur.
1703 981 1755 1009 Sed
1772 982 1833 1018 licet

1040 1022 1116 1051 mtas,
1131 1026 1181 1054 qua
1195 1021 1311 1055 episcopi
1326 1022 1492 1055 ordinantur,
1505 1024 1590 1058 major
1600 1029 1628 1051 nt
1641 1025 1782 1061 plurimum
1794 1035 1832 1059 re-

1039 1065 1171 1099 quiratur,
1186 1074 1237 1094 non
1253 1066 1350 1094 desunt
1363 1069 1484 1103 exempla
1499 1076 1592 1097 eorum
1603 1066 1647 1105 qui
1661 1076 1722 1099 ante
1733 1071 1769 1110 25
1781 1080 1830 1099 an-

1040 1120 1103 1139 num
1125 1113 1241 1148 episcopi
1263 1114 1358 1141 adlecti
1381 1119 1407 1142 et
1424 1116 1559 1150 constituti
1580 1121 1651 1148 sunt,
1670 1122 1695 1144 et
1713 1118 1830 1152 alioquin

1041 1156 1097 1191 ipse
1116 1157 1228 1186 Basilius
1249 1159 1318 1194 apud
1339 1160 1559 1197 Chrysostomum
1581 1162 1618 1197 ait.
1642 1163 1667 1191 in
1691 1153 1792 1193 crimen
1816 1173 1830 1193 ιι

1039 1204 1173 1231 nonnullis
1187 1210 1294 1232 vocatos
1313 1205 1393 1235 fuisse
1407 1213 1463 1239 eos,
1478 1206 1521 1241 qui
1542 1214 1571 1234 se
1589 1207 1787 1241 ordinaverant.
1805 1214 1831 1236 ct

1039 1249 1082 1284 qui
1096 1249 1225 1280 Joannem
1240 1254 1267 1277 ut
1281 1251 1435 1286 episcopum
1448 1258 1635 1280 consecrarent
1648 1253 1745 1280 frustra
1761 1261 1830 1288 qua:-

1038 1295 1155 1327 sierant;
1175 1300 1264 1330 utpote
1277 1296 1321 1331 qui
1337 1301 1375 1324 tot
1390 1297 1521 1332 tantisque
1535 1298 1634 1326 relictis
1647 1299 1727 1331 viris,
1743 1300 1831 1326 adole—

1038 1345 1148 1373 scentes,
1171 1340 1227 1368 heri
1249 1349 1280 1369 ac
1303 1342 1493 1370 nudiustertius
1515 1343 1540 1369 in
1563 1344 1735 1371 stecularihus
1758 1345 1830 1372 cori».

1038 1387 1179 1419 volutalos,
1201 1393 1229 1415 ιιι
1248 1388 1280 1414 ad
1305 1388 1384 1417 breve
1406 1394 1510 1424 tempus
1530 1390 1668 1424 supercilia
1689 1391 1830 1418 contrahe-

1037 1437 1106 1464 rent.
1119 1433 1203 1468 pullas
1218 1438 1304 1460 vestes
1318 1433 1467 1466 induerent,
1485 1435 1625 1470 vttltUSque
1641 1436 1773 1467 tristitiam
1790 1437 1828 1469 si-

1037 1479 1178 1512 mularent,
1194 1479 1338 1514 derepente
1355 1479 1389 1507 ad
1402 1485 1502 1507 taultnn
1517 1480 1646 1509 honorem
1657 1482 1827 1514 adduxerim,

1036 1529 1162 1559 quantum
1178 1532 1211 1551 ne
1226 1525 1250 1552 in
1265 1525 1366 1557 somnis
1380 1525 1485 1560 quidem
1506 1527 1611 1561 assequi
1627 1527 1826 1561 speravissent:

1035 1577 1089 1606 quo
1101 1570 1220 1605 arguitur
1233 1570 1376 1598 admodum
1392 1571 1504 1606 juvenes
1519 1577 1580 1600 tunc
1603 1572 1683 1600 fuisse
1698 1572 1826 1607 Joannem

1034 1623 1062 1652 et
1077 1617 1202 1649 Basilinm
1216 1617 1272 1652 cjus
1286 1617 1506 1652 condiscipulum.

1070 1662 1114 1690 Sic
1134 1663 1159 1689 in
1182 1663 1336 1700 episcopum
1355 1667 1491 1697 coaptatus
1506 1663 1619 1699 Basilius
1634 1665 1722 1696 statim
1743 1664 1825 1696 Joan~

1035 1716 1095 1736 nem
1120 1708 1191 1740 adit,
1216 1713 1242 1735 et
1264 1709 1380 1744 graviter
1398 1717 1459 1737 cum
1481 1709 1527 1737 illo
1551 1711 1734 1745 conqueritur,
1755 1712 1825 1746 quod

1035 1753 1127 1785 fraude
1137 1762 1184 1782 sua
1197 1755 1229 1781 ad
1241 1759 1341 1782 tantum
1354 1763 1420 1782 onus
1435 1755 1632 1790 suscipiendum
1646 1761 1754 1790 coactus
1769 1757 1826 1784 fuc-

1034 1801 1070 1828 rit
1089 1801 1192 1836 (Chrys.
1212 1801 1243 1827 de
1258 1800 1364 1828 Sacerd.
1381 1805 1400 1827 t.
1417 1803 1441 1829 1.
1460 1802 1478 1828 ι.
1502 1801 1538 1835 1).
1554 1802 1620 1829 Tum
1642 1802 1776 1834 Joannes,
1797 1809 1825 1830 ut

1033 1853 1093 1874 sese
1113 1851 1247 1881 purgaret,
1264 1846 1360 1874 fatetur
1379 1854 1471 1874 revera
1492 1855 1560 1874 onus
1578 1855 1639 1882 esse
1655 1849 1766 1885 grande,
1782 1851 1824 1884 cui

1033 1892 1145 1924 ferendo
1161 1901 1190 1920 se
1205 1893 1332 1928 imparem
1352 1901 1411 1921 esse
1431 1893 1521 1925 multis
1536 1893 1569 1921 de
1582 1894 1680 1926 causis,
1695 1901 1760 1929 quas
1774 1895 1824 1921 ihi—

1033 1939 1094 1967 dem
1112 1939 1222 1976 profert,
1240 1940 1350 1975 probare
1370 1940 1476 1972 nititur;
1497 1940 1543 1967 sed
1558 1946 1770 1979 quantacumque
1790 1943 1824 1974 sit

1033 1987 1202 2022 episcopatus
1218 1992 1288 2015 recte
1303 1988 1410 2021 gerendi
1426 1987 1577 2019 difﬁcultas,
1594 1993 1719 2022 oportere
1734 1993 1821 2014 tamen

1034 2034 1104 2062 viros
1119 2034 1190 2068 eligi,
1206 2033 1250 2068 qui
1270 2033 1294 2063 id
1315 2033 1432 2060 muneris
1450 2033 1633 2067 susciperent,
1651 2040 1765 2068 cumque
1780 2034 1824 2072 ille

1033 2079 1160 2106 Basiliam
1175 2079 1236 2107 huic
1255 2079 1410 2107 exercenda:
1424 2078 1544 2113 dignitati
1565 2079 1679 2111 maxime
1698 2078 1822 2111 idoneum

1033 2126 1216 2157 arbitraretur,
1231 2124 1296 2151 nihil
1310 2125 1417 2156 mirum,
1431 2125 1452 2151 si
1466 2124 1497 2150 ad
1510 2124 1534 2151 id
1546 2123 1626 2151 ofticii
1638 2124 1723 2158 ipsum
1732 2124 1821 2158 deligi,

1032 2177 1159 2207 quantum
1176 2171 1216 2198 fas
1234 2170 1285 2198 sibi
1299 2174 1373 2202 erat,
1394 2170 1535 2198 curaverit.
1551 2169 1634 2197 Totus
1649 2177 1713 2196 vero
1726 2169 1822 2203 dialogi

1033 2226 1108 2245 more
1122 2225 1210 2245 sermo
1224 2217 1385 2248 contexitur,
1402 2216 1445 2243 ubi
1465 2221 1518 2242 tam
1532 2216 1659 2250 pratclare
1678 2215 1711 2242 de
1730 2222 1821 2241 sacer-

1032 2263 1123 2290 dotum
1136 2263 1274 2297 dignitate,
1289 2261 1386 2293 oflicio,
1403 2261 1556 2288 muneribus
1570 2261 1693 2287 edissorit
1704 2261 1820 2295 Chryso-

1032 2315 1152 2343 stomns,
1167 2314 1196 2335 ut
1218 2309 1259 2335 vix
1282 2315 1371 2343 parem
1395 2307 1443 2334 hac
1458 2307 1492 2334 dc
1512 2315 1541 2334 re
1557 2314 1708 2333 serumnem
1728 2306 1822 2337 alicubi

1032 2355 1161 2390 reperias.

1067 2402 1143 2429 Circa
1159 2405 1273 2435 tempus,
1289 2408 1341 2436 quo
1353 2399 1402 2426 hos
1419 2406 1556 2426 sermones
1569 2397 1649 2426 edidit
1664 2397 1823 2434 (iltrysnsttr-

1033 2456 1102 2479 mus,
1124 2455 1178 2474 non
1201 2454 1250 2474 una
1270 2451 1311 2473 est
1331 2446 1490 2481 scriptorum
1510 2445 1651 2474 sententia,
1672 2451 1757 2477 neque
1779 2451 1824 2478 an-

1032 2493 1122 2521 diendi
1136 2497 1198 2520 sunt
1210 2493 1253 2527 qui
1265 2493 1358 2518 volunt
1369 2499 1402 2519 eo
1415 2492 1472 2526 ipso
1482 2491 1578 2524 dialogi
1588 2498 1648 2517 cum
1664 2490 1760 2517 Basilio
1775 2490 1824 2525 ha-

1032 2540 1078 2568 bili
1088 2544 1218 2573 tempore,
1228 2538 1308 2566 hosce
1321 2538 1401 2566 libros
1413 2542 1440 2564 ut
1451 2545 1519 2564 nunc
1531 2537 1672 2568 habentur,
1683 2536 1823 2570 scripsisse

1033 2585 1172 2613 Joannem.
1188 2584 1252 2612 Nam
1273 2584 1312 2611 vel
1328 2584 1388 2618 ipsa
1405 2583 1525 2610 ordiendi
1549 2583 1616 2609 ratio
1637 2583 1742 2616 aliquod
1769 2582 1823 2615 clas

1033 2639 1109 2667 psum
1125 2636 1229 2665 tempus
1239 2630 1398 2663 snbindicat,
1409 2634 1435 2656 et
1448 2630 1531 2656 serios
1543 2634 1595 2655 tota
1605 2637 1660 2655 rem
1670 2627 1821 2654 meditatam

1033 2678 1096 2705 etin
1110 2677 1165 2704 otio
1180 2676 1334 2703 adornatam
1349 2683 1403 2710 pne
1423 2682 1452 2702 se
1467 2674 1526 2701 lert.
1542 2675 1587 2701 Ait
1605 2674 1729 2700 Socrates
1743 2672 1824 2700 Joan-

1034 2731 1105 2753 nem.
1128 2730 1187 2749 cum
1211 2722 1338 2749 diaconus
1360 2726 1441 2751 esset.
1463 2728 1558 2754 nempe
1578 2721 1610 2746 ah
1630 2727 1701 2745 anno
1720 2719 1768 2745 581
1791 2719 1824 2748 ad

1033 2777 1130 2796 annum
1144 2769 1206 2801 386,
1220 2776 1274 2804 quo
1290 2767 1428 2803 presbyter
1449 2767 1587 2793 ordinatus
1608 2765 1655 2791 fuit
1666 2785 1673 2796 ,
1690 2765 1772 2791 libros
1791 2765 1825 2791 de

1033 2815 1188 2843 Sacerdotio
1202 2814 1315 2842 edidisse
1329 2813 1414 2848 (Socr.
1431 2812 1450 2838 Ι.
1467 2812 1493 2838 6.
1514 2820 1536 2837 r.
1552 2811 1590 2845 5).
1609 2810 1742 2837 l‘alladius
1763 2818 1825 2837 vom

1034 2862 1178 2890 secundum
1201 2860 1446 2895 interpretationem
1472 2859 1592 2885 Latinam
1614 2858 1748 2884 Ambrosii
1773 2857 1824 2883 Cu-

1037 2909 1224 2940 Inaldulcnsis,
1245 2907 1371 2933 Joannem
1394 2906 1419 2932 in
1436 2905 1577 2932 solitudine
1596 2904 1644 2931 hos
1663 2904 1743 2930 libros
1760 2904 1817 2929 cmi
