  <div class='ocr_page' id='page_1' title='image "/cluster/home/n/w/nwhite01/storage/ocr_20150623/47-48/njp.32101077772612/145.png"; bbox 0 0 2034 3109; ppageno 0'>
   <div class='ocr_carea' id='block_1_1' title="bbox 210 147 1850 180">
    <p class='ocr_par' dir='ltr' id='par_1_1' title="bbox 210 147 1850 180">
     <span class='ocr_line' id='line_1_1' title="bbox 210 147 1850 180; baseline 0.001 -5"><span class='ocrx_word' id='word_1_1' title='bbox 210 151 238 180; x_wconf 62' lang='grc'><strong>91</strong></span> <span class='ocrx_word' id='word_1_2' title='bbox 758 149 785 176; x_wconf 89' lang='lat' dir='ltr'><strong>S.</strong></span> <span class='ocrx_word' id='word_1_3' title='bbox 806 149 942 177; x_wconf 66' lang='lat' dir='ltr'><strong>.lOANNlS</strong></span> <span class='ocrx_word' id='word_1_4' title='bbox 960 147 1197 176; x_wconf 79' lang='lat' dir='ltr'><strong>CllllYSOSTOMl</strong></span> <span class='ocrx_word' id='word_1_5' title='bbox 1211 147 1298 180; x_wconf 72' lang='lat' dir='ltr'><strong>VITA,</strong></span> <span class='ocrx_word' id='word_1_6' title='bbox 1816 150 1850 177; x_wconf 67' lang='grc' dir='ltr'>ιη</span> 
     </span>
    </p>
   </div>
   <div class='ocr_carea' id='block_1_2' title="bbox 208 207 999 243">
    <p class='ocr_par' dir='ltr' id='par_1_2' title="bbox 208 207 999 243">
     <span class='ocr_line' id='line_1_2' title="bbox 208 207 999 243; baseline -0.004 -8"><span class='ocrx_word' id='word_1_7' title='bbox 208 209 275 236; x_wconf 72' lang='lat' dir='ltr'><strong>sisse</strong></span> <span class='ocrx_word' id='word_1_8' title='bbox 293 207 369 241; x_wconf 83' lang='lat' dir='ltr'><strong>dixit,</strong></span> <span class='ocrx_word' id='word_1_9' title='bbox 389 215 484 243; x_wconf 79' lang='lat' dir='ltr'><strong>nempe</strong></span> <span class='ocrx_word' id='word_1_10' title='bbox 504 207 538 234; x_wconf 86' lang='lat' dir='ltr'><strong>ab</strong></span> <span class='ocrx_word' id='word_1_11' title='bbox 557 215 627 234; x_wconf 86' lang='lat' dir='ltr'><strong>anno</strong></span> <span class='ocrx_word' id='word_1_12' title='bbox 649 207 754 233; x_wconf 65' lang='lat' dir='ltr'><strong>circiter</strong></span> <span class='ocrx_word' id='word_1_13' title='bbox 773 207 824 234; x_wconf 75' lang='grc'><strong>575</strong></span> <span class='ocrx_word' id='word_1_14' title='bbox 845 207 877 233; x_wconf 87' lang='lat' dir='ltr'><strong>ad</strong></span> <span class='ocrx_word' id='word_1_15' title='bbox 900 214 999 233; x_wconf 84' lang='lat' dir='ltr'><strong>animm</strong></span> 
     </span>
    </p>
   </div>
   <div class='ocr_carea' id='block_1_3' title="bbox 209 252 998 288">
    <p class='ocr_par' dir='ltr' id='par_1_3' title="bbox 209 252 998 288">
     <span class='ocr_line' id='line_1_3' title="bbox 209 252 998 288; baseline -0.003 -8"><span class='ocrx_word' id='word_1_16' title='bbox 209 253 271 285; x_wconf 73' lang='grc'><strong>581,</strong></span> <span class='ocrx_word' id='word_1_17' title='bbox 285 261 338 288; x_wconf 88' lang='lat' dir='ltr'><strong>quo</strong></span> <span class='ocrx_word' id='word_1_18' title='bbox 353 261 385 280; x_wconf 85' lang='lat' dir='ltr'><strong>ex</strong></span> <span class='ocrx_word' id='word_1_19' title='bbox 398 253 539 280; x_wconf 70' lang='lat' dir='ltr'><strong>solitudine</strong></span> <span class='ocrx_word' id='word_1_20' title='bbox 552 254 577 279; x_wconf 92' lang='lat' dir='ltr'><strong>in</strong></span> <span class='ocrx_word' id='word_1_21' title='bbox 592 253 682 279; x_wconf 90' lang='lat' dir='ltr'><strong>urbem</strong></span> <span class='ocrx_word' id='word_1_22' title='bbox 699 252 785 278; x_wconf 84' lang='lat' dir='ltr'><strong>rediit.</strong></span> <span class='ocrx_word' id='word_1_23' title='bbox 801 252 944 278; x_wconf 77' lang='lat' dir='ltr'><strong>Palladium</strong></span> <span class='ocrx_word' id='word_1_24' title='bbox 961 253 998 278; x_wconf 94' lang='lat' dir='ltr'><strong>in-</strong></span> 
     </span>
    </p>
   </div>
   <div class='ocr_carea' id='block_1_4' title="bbox 208 299 999 334">
    <p class='ocr_par' dir='ltr' id='par_1_4' title="bbox 208 299 999 334">
     <span class='ocr_line' id='line_1_4' title="bbox 208 299 999 334; baseline 0 -9"><span class='ocrx_word' id='word_1_25' title='bbox 208 304 364 326; x_wconf 69' lang='lat' dir='ltr'><strong>cunctanter</strong></span> <span class='ocrx_word' id='word_1_26' title='bbox 383 307 567 334; x_wconf 74' lang='lat' dir='ltr'><strong>sequeremur,</strong></span> <span class='ocrx_word' id='word_1_27' title='bbox 590 299 611 326; x_wconf 90' lang='lat' dir='ltr'><strong>si</strong></span> <span class='ocrx_word' id='word_1_28' title='bbox 639 299 665 326; x_wconf 90' lang='lat' dir='ltr'><strong>in</strong></span> <span class='ocrx_word' id='word_1_29' title='bbox 688 299 782 326; x_wconf 64' lang='lat' dir='ltr'><strong>Graeco</strong></span> <span class='ocrx_word' id='word_1_30' title='bbox 808 303 897 329; x_wconf 89' lang='lat' dir='ltr'><strong>textu,</strong></span> <span class='ocrx_word' id='word_1_31' title='bbox 920 306 999 333; x_wconf 92' lang='lat' dir='ltr'><strong>quem</strong></span> 
     </span>
    </p>
   </div>
   <div class='ocr_carea' id='block_1_5' title="bbox 208 344 999 381">
    <p class='ocr_par' dir='ltr' id='par_1_5' title="bbox 208 344 999 381">
     <span class='ocr_line' id='line_1_5' title="bbox 208 344 999 381; baseline -0.003 -8"><span class='ocrx_word' id='word_1_32' title='bbox 208 346 292 373; x_wconf 84' lang='lat' dir='ltr'><strong>edidit</strong></span> <span class='ocrx_word' id='word_1_33' title='bbox 307 346 444 373; x_wconf 87' lang='lat' dir='ltr'><strong>Emericus</strong></span> <span class='ocrx_word' id='word_1_34' title='bbox 457 346 584 381; x_wconf 84' lang='lat' dir='ltr'><strong>Bigotius,</strong></span> <span class='ocrx_word' id='word_1_35' title='bbox 597 345 690 373; x_wconf 90' lang='lat' dir='ltr'><strong>eadem</strong></span> <span class='ocrx_word' id='word_1_36' title='bbox 702 345 866 380; x_wconf 81' lang='lat' dir='ltr'><strong>legerentur;</strong></span> <span class='ocrx_word' id='word_1_37' title='bbox 881 344 927 371; x_wconf 87' lang='lat' dir='ltr'><strong>sed</strong></span> <span class='ocrx_word' id='word_1_38' title='bbox 938 351 999 371; x_wconf 92' lang='lat' dir='ltr'><strong>cum</strong></span> 
     </span>
    </p>
   </div>
   <div class='ocr_carea' id='block_1_6' title="bbox 210 391 999 426">
    <p class='ocr_par' dir='ltr' id='par_1_6' title="bbox 210 391 999 426">
     <span class='ocr_line' id='line_1_6' title="bbox 210 391 999 426; baseline 0 -8"><span class='ocrx_word' id='word_1_39' title='bbox 210 392 246 418; x_wconf 94' lang='lat' dir='ltr'><strong>ibi</strong></span> <span class='ocrx_word' id='word_1_40' title='bbox 262 400 294 419; x_wconf 87' lang='lat' dir='ltr'><strong>ne</strong></span> <span class='ocrx_word' id='word_1_41' title='bbox 309 392 411 418; x_wconf 85' lang='lat' dir='ltr'><strong>minime</strong></span> <span class='ocrx_word' id='word_1_42' title='bbox 423 392 529 426; x_wconf 90' lang='lat' dir='ltr'><strong>quident</strong></span> <span class='ocrx_word' id='word_1_43' title='bbox 545 391 593 419; x_wconf 85' lang='lat' dir='ltr'><strong>hac</strong></span> <span class='ocrx_word' id='word_1_44' title='bbox 606 391 639 419; x_wconf 92' lang='lat' dir='ltr'><strong>de</strong></span> <span class='ocrx_word' id='word_1_45' title='bbox 654 400 683 419; x_wconf 95' lang='lat' dir='ltr'><strong>re</strong></span> <span class='ocrx_word' id='word_1_46' title='bbox 696 396 856 426; x_wconf 75' lang='lat' dir='ltr'><strong>compareat,</strong></span> <span class='ocrx_word' id='word_1_47' title='bbox 869 400 883 418; x_wconf 91' lang='lat' dir='ltr'><strong>a</strong></span> <span class='ocrx_word' id='word_1_48' title='bbox 897 392 999 418; x_wconf 85' lang='lat' dir='ltr'><strong>calculo</strong></span> 
     </span>
    </p>
   </div>
   <div class='ocr_carea' id='block_1_7' title="bbox 209 436 548 471">
    <p class='ocr_par' dir='ltr' id='par_1_7' title="bbox 209 436 548 471">
     <span class='ocr_line' id='line_1_7' title="bbox 209 436 548 471; baseline -0.003 -7"><span class='ocrx_word' id='word_1_49' title='bbox 209 436 320 464; x_wconf 80' lang='lat' dir='ltr'><strong>ferendo</strong></span> <span class='ocrx_word' id='word_1_50' title='bbox 333 437 548 471; x_wconf 84' lang='lat' dir='ltr'><strong>supersedemus.</strong></span> 
     </span>
    </p>
   </div>
   <div class='ocr_carea' id='block_1_8' title="bbox 243 482 997 516">
    <p class='ocr_par' dir='ltr' id='par_1_8' title="bbox 243 482 997 516">
     <span class='ocr_line' id='line_1_8' title="bbox 243 482 997 516; baseline 0.001 -8"><span class='ocrx_word' id='word_1_51' title='bbox 243 483 320 509; x_wconf 86' lang='lat' dir='ltr'><strong>Anno</strong></span> <span class='ocrx_word' id='word_1_52' title='bbox 331 483 391 514; x_wconf 71' lang='grc'><strong>574,</strong></span> <span class='ocrx_word' id='word_1_53' title='bbox 406 490 465 509; x_wconf 92' lang='lat' dir='ltr'><strong>cum</strong></span> <span class='ocrx_word' id='word_1_54' title='bbox 477 482 565 509; x_wconf 90' lang='lat' dir='ltr'><strong>adhuc</strong></span> <span class='ocrx_word' id='word_1_55' title='bbox 578 482 724 510; x_wconf 65' lang='lat' dir='ltr'><strong>Antiochia:</strong></span> <span class='ocrx_word' id='word_1_56' title='bbox 740 486 859 510; x_wconf 84' lang='lat' dir='ltr'><strong>maneret</strong></span> <span class='ocrx_word' id='word_1_57' title='bbox 871 482 997 516; x_wconf 83' lang='lat' dir='ltr'><strong>Joannes,</strong></span> 
     </span>
    </p>
   </div>
   <div class='ocr_carea' id='block_1_9' title="bbox 209 527 1001 562">
    <p class='ocr_par' dir='ltr' id='par_1_9' title="bbox 209 527 1001 562">
     <span class='ocr_line' id='line_1_9' title="bbox 209 527 1001 562; baseline 0 -8"><span class='ocrx_word' id='word_1_58' title='bbox 209 527 234 554; x_wconf 91' lang='lat' dir='ltr'><strong>in</strong></span> <span class='ocrx_word' id='word_1_59' title='bbox 255 527 399 561; x_wconf 85' lang='lat' dir='ltr'><strong>periculum</strong></span> <span class='ocrx_word' id='word_1_60' title='bbox 416 527 517 559; x_wconf 90' lang='lat' dir='ltr'><strong>incidit,</strong></span> <span class='ocrx_word' id='word_1_61' title='bbox 532 528 611 562; x_wconf 81' lang='lat' dir='ltr'><strong>quale</strong></span> <span class='ocrx_word' id='word_1_62' title='bbox 631 532 721 555; x_wconf 89' lang='lat' dir='ltr'><strong>narrat</strong></span> <span class='ocrx_word' id='word_1_63' title='bbox 741 527 797 562; x_wconf 91' lang='lat' dir='ltr'><strong>ipse</strong></span> <span class='ocrx_word' id='word_1_64' title='bbox 818 529 844 555; x_wconf 91' lang='lat' dir='ltr'><strong>in</strong></span> <span class='ocrx_word' id='word_1_65' title='bbox 858 528 1001 555; x_wconf 86' lang='lat' dir='ltr'><strong>Commen-</strong></span> 
     </span>
    </p>
   </div>
   <div class='ocr_carea' id='block_1_10' title="bbox 207 570 999 608">
    <p class='ocr_par' dir='ltr' id='par_1_10' title="bbox 207 570 999 608">
     <span class='ocr_line' id='line_1_10' title="bbox 207 570 999 608; baseline 0.003 -11"><span class='ocrx_word' id='word_1_66' title='bbox 207 570 277 597; x_wconf 96' lang='lat' dir='ltr'><strong>tario</strong></span> <span class='ocrx_word' id='word_1_67' title='bbox 289 570 314 597; x_wconf 91' lang='lat' dir='ltr'><strong>in</strong></span> <span class='ocrx_word' id='word_1_68' title='bbox 328 570 393 598; x_wconf 85' lang='lat' dir='ltr'><strong>Acta</strong></span> <span class='ocrx_word' id='word_1_69' title='bbox 406 571 595 604; x_wconf 75' lang='lat' dir='ltr'><strong>Apostolorum</strong></span> <span class='ocrx_word' id='word_1_70' title='bbox 614 571 658 608; x_wconf 90' lang='lat' dir='ltr'><strong>(T.</strong></span> <span class='ocrx_word' id='word_1_71' title='bbox 673 572 700 600; x_wconf 86' lang='lat'><strong>9.</strong></span> <span class='ocrx_word' id='word_1_72' title='bbox 715 580 738 599; x_wconf 80' lang='grc' dir='ltr'><strong>ε.</strong></span> <span class='ocrx_word' id='word_1_73' title='bbox 753 571 816 599; x_wconf 64' lang='grc'><strong>271.</strong></span> <span class='ocrx_word' id='word_1_74' title='bbox 833 580 859 598; x_wconf 87' lang='lat' dir='ltr'><strong>n.</strong></span> <span class='ocrx_word' id='word_1_75' title='bbox 879 572 918 607; x_wconf 83' lang='lat'><strong>5).</strong></span> <span class='ocrx_word' id='word_1_76' title='bbox 933 571 999 599; x_wconf 87' lang='lat' dir='ltr'><strong>Cum</strong></span> 
     </span>
    </p>
   </div>
   <div class='ocr_carea' id='block_1_11' title="bbox 207 617 1000 653">
    <p class='ocr_par' dir='ltr' id='par_1_11' title="bbox 207 617 1000 653">
     <span class='ocr_line' id='line_1_11' title="bbox 207 617 1000 653; baseline 0.003 -11"><span class='ocrx_word' id='word_1_77' title='bbox 207 617 258 643; x_wconf 83' lang='lat' dir='ltr'><strong>sub</strong></span> <span class='ocrx_word' id='word_1_78' title='bbox 273 617 387 645; x_wconf 83' lang='lat' dir='ltr'><strong>Valente</strong></span> <span class='ocrx_word' id='word_1_79' title='bbox 403 617 568 652; x_wconf 88' lang='lat' dir='ltr'><strong>ltuperatore</strong></span> <span class='ocrx_word' id='word_1_80' title='bbox 582 618 840 653; x_wconf 86' lang='lat' dir='ltr'><strong>pcrquisitiomagna</strong></span> <span class='ocrx_word' id='word_1_81' title='bbox 851 617 1000 645; x_wconf 73' lang='lat' dir='ltr'><strong>Antiochia:</strong></span> 
     </span>
    </p>
   </div>
   <div class='ocr_carea' id='block_1_12' title="bbox 209 661 999 698">
    <p class='ocr_par' dir='ltr' id='par_1_12' title="bbox 209 661 999 698">
     <span class='ocr_line' id='line_1_12' title="bbox 209 661 999 698; baseline 0.001 -9"><span class='ocrx_word' id='word_1_82' title='bbox 209 661 278 689; x_wconf 85' lang='lat' dir='ltr'><strong>facta</strong></span> <span class='ocrx_word' id='word_1_83' title='bbox 294 667 334 690; x_wconf 89' lang='lat' dir='ltr'><strong>est</strong></span> <span class='ocrx_word' id='word_1_84' title='bbox 349 663 477 690; x_wconf 94' lang='lat' dir='ltr'><strong>librorum</strong></span> <span class='ocrx_word' id='word_1_85' title='bbox 491 663 653 698; x_wconf 75' lang='lat' dir='ltr'><strong>magicorum</strong></span> <span class='ocrx_word' id='word_1_86' title='bbox 670 668 696 690; x_wconf 92' lang='lat' dir='ltr'><strong>et</strong></span> <span class='ocrx_word' id='word_1_87' title='bbox 710 664 912 698; x_wconf 67' lang='lat' dir='ltr'><strong>priestigiarum,</strong></span> <span class='ocrx_word' id='word_1_88' title='bbox 927 663 999 691; x_wconf 85' lang='lat' dir='ltr'><strong>mili-</strong></span> 
     </span>
    </p>
   </div>
   <div class='ocr_carea' id='block_1_13' title="bbox 209 708 999 744">
    <p class='ocr_par' dir='ltr' id='par_1_13' title="bbox 209 708 999 744">
     <span class='ocr_line' id='line_1_13' title="bbox 209 708 999 744; baseline 0.003 -10"><span class='ocrx_word' id='word_1_89' title='bbox 209 712 302 742; x_wconf 85' lang='lat' dir='ltr'><strong>tesque</strong></span> <span class='ocrx_word' id='word_1_90' title='bbox 324 708 424 735; x_wconf 89' lang='lat' dir='ltr'><strong>circum</strong></span> <span class='ocrx_word' id='word_1_91' title='bbox 450 708 542 736; x_wconf 86' lang='lat' dir='ltr'><strong>urbem</strong></span> <span class='ocrx_word' id='word_1_92' title='bbox 565 709 643 743; x_wconf 82' lang='lat' dir='ltr'><strong>positi</strong></span> <span class='ocrx_word' id='word_1_93' title='bbox 668 713 740 742; x_wconf 88' lang='lat' dir='ltr'><strong>sunt,</strong></span> <span class='ocrx_word' id='word_1_94' title='bbox 764 717 798 736; x_wconf 88' lang='lat' dir='ltr'><strong>ne</strong></span> <span class='ocrx_word' id='word_1_95' title='bbox 817 709 876 744; x_wconf 89' lang='lat' dir='ltr'><strong>quis</strong></span> <span class='ocrx_word' id='word_1_96' title='bbox 896 709 999 736; x_wconf 86' lang='lat' dir='ltr'><strong>crimini</strong></span> 
     </span>
    </p>
   </div>
   <div class='ocr_carea' id='block_1_14' title="bbox 209 751 999 789">
    <p class='ocr_par' dir='ltr' id='par_1_14' title="bbox 209 751 999 789">
     <span class='ocr_line' id='line_1_14' title="bbox 209 751 999 789; baseline 0.003 -11"><span class='ocrx_word' id='word_1_97' title='bbox 209 751 361 787; x_wconf 82' lang='lat' dir='ltr'><strong>hujusmodi</strong></span> <span class='ocrx_word' id='word_1_98' title='bbox 377 753 519 787; x_wconf 90' lang='lat' dir='ltr'><strong>obnoxius,</strong></span> <span class='ocrx_word' id='word_1_99' title='bbox 543 753 613 781; x_wconf 87' lang='lat' dir='ltr'><strong>elabi</strong></span> <span class='ocrx_word' id='word_1_100' title='bbox 631 758 738 789; x_wconf 83' lang='lat' dir='ltr'><strong>posset;</strong></span> <span class='ocrx_word' id='word_1_101' title='bbox 757 759 811 781; x_wconf 94' lang='lat' dir='ltr'><strong>tum</strong></span> <span class='ocrx_word' id='word_1_102' title='bbox 832 754 938 788; x_wconf 86' lang='lat' dir='ltr'><strong>quidam</strong></span> <span class='ocrx_word' id='word_1_103' title='bbox 954 755 999 789; x_wconf 87' lang='lat' dir='ltr'><strong>qui</strong></span> 
     </span>
    </p>
   </div>
   <div class='ocr_carea' id='block_1_15' title="bbox 208 796 1001 834">
    <p class='ocr_par' dir='ltr' id='par_1_15' title="bbox 208 796 1001 834">
     <span class='ocr_line' id='line_1_15' title="bbox 208 796 1001 834; baseline 0.003 -10"><span class='ocrx_word' id='word_1_104' title='bbox 208 796 304 825; x_wconf 88' lang='lat' dir='ltr'><strong>librum</strong></span> <span class='ocrx_word' id='word_1_105' title='bbox 319 797 468 831; x_wconf 76' lang='lat' dir='ltr'><strong>huiusmodi</strong></span> <span class='ocrx_word' id='word_1_106' title='bbox 483 799 582 826; x_wconf 81' lang='lat' dir='ltr'><strong>fecerat</strong></span> <span class='ocrx_word' id='word_1_107' title='bbox 595 805 621 826; x_wconf 91' lang='lat' dir='ltr'><strong>et</strong></span> <span class='ocrx_word' id='word_1_108' title='bbox 635 799 788 833; x_wconf 78' lang='lat' dir='ltr'><strong>scripserat,</strong></span> <span class='ocrx_word' id='word_1_109' title='bbox 804 807 837 826; x_wconf 93' lang='lat' dir='ltr'><strong>ne</strong></span> <span class='ocrx_word' id='word_1_110' title='bbox 851 799 1001 834; x_wconf 86' lang='lat' dir='ltr'><strong>deprehen-</strong></span> 
     </span>
    </p>
   </div>
   <div class='ocr_carea' id='block_1_16' title="bbox 209 842 999 878">
    <p class='ocr_par' dir='ltr' id='par_1_16' title="bbox 209 842 999 878">
     <span class='ocr_line' id='line_1_16' title="bbox 209 842 999 878; baseline 0.004 -10"><span class='ocrx_word' id='word_1_111' title='bbox 209 842 327 874; x_wconf 87' lang='lat' dir='ltr'><strong>deretur,</strong></span> <span class='ocrx_word' id='word_1_112' title='bbox 351 843 445 870; x_wconf 89' lang='lat' dir='ltr'><strong>librutn</strong></span> <span class='ocrx_word' id='word_1_113' title='bbox 469 843 494 870; x_wconf 94' lang='lat' dir='ltr'><strong>in</strong></span> <span class='ocrx_word' id='word_1_114' title='bbox 518 843 615 871; x_wconf 81' lang='lat' dir='ltr'><strong>flumen</strong></span> <span class='ocrx_word' id='word_1_115' title='bbox 638 844 759 878; x_wconf 87' lang='lat' dir='ltr'><strong>projecit.</strong></span> <span class='ocrx_word' id='word_1_116' title='bbox 776 843 830 871; x_wconf 89' lang='lat' dir='ltr'><strong>Sed</strong></span> <span class='ocrx_word' id='word_1_117' title='bbox 849 852 909 871; x_wconf 92' lang='lat' dir='ltr'><strong>cum</strong></span> <span class='ocrx_word' id='word_1_118' title='bbox 930 843 999 871; x_wconf 88' lang='lat' dir='ltr'><strong>haud</strong></span> 
     </span>
    </p>
   </div>
   <div class='ocr_carea' id='block_1_17' title="bbox 209 887 999 917">
    <p class='ocr_par' dir='ltr' id='par_1_17' title="bbox 209 887 999 917">
     <span class='ocr_line' id='line_1_17' title="bbox 209 887 999 917; baseline 0.004 -3"><span class='ocrx_word' id='word_1_119' title='bbox 209 887 297 915; x_wconf 86' lang='lat' dir='ltr'><strong>dubiis</strong></span> <span class='ocrx_word' id='word_1_120' title='bbox 305 888 412 916; x_wconf 84' lang='lat' dir='ltr'><strong>iudiciis</strong></span> <span class='ocrx_word' id='word_1_121' title='bbox 423 893 512 916; x_wconf 91' lang='lat' dir='ltr'><strong>notum</strong></span> <span class='ocrx_word' id='word_1_122' title='bbox 524 894 594 917; x_wconf 80' lang='lat' dir='ltr'><strong>esset</strong></span> <span class='ocrx_word' id='word_1_123' title='bbox 605 889 700 917; x_wconf 90' lang='lat' dir='ltr'><strong>librum</strong></span> <span class='ocrx_word' id='word_1_124' title='bbox 713 890 746 916; x_wconf 86' lang='lat' dir='ltr'><strong>ab</strong></span> <span class='ocrx_word' id='word_1_125' title='bbox 757 890 801 916; x_wconf 91' lang='lat' dir='ltr'><strong>illo</strong></span> <span class='ocrx_word' id='word_1_126' title='bbox 812 891 999 917; x_wconf 88' lang='lat' dir='ltr'><strong>concinnatum</strong></span> 
     </span>
    </p>
   </div>
   <div class='ocr_carea' id='block_1_18' title="bbox 209 934 1000 970">
    <p class='ocr_par' dir='ltr' id='par_1_18' title="bbox 209 934 1000 970">
     <span class='ocr_line' id='line_1_18' title="bbox 209 934 1000 970; baseline 0.005 -11"><span class='ocrx_word' id='word_1_127' title='bbox 209 934 300 964; x_wconf 78' lang='lat' dir='ltr'><strong>fuisse,</strong></span> <span class='ocrx_word' id='word_1_128' title='bbox 314 942 328 960; x_wconf 90' lang='lat' dir='ltr'><strong>a</strong></span> <span class='ocrx_word' id='word_1_129' title='bbox 343 935 469 962; x_wconf 82' lang='lat' dir='ltr'><strong>militibus</strong></span> <span class='ocrx_word' id='word_1_130' title='bbox 481 940 574 969; x_wconf 84' lang='lat' dir='ltr'><strong>captus</strong></span> <span class='ocrx_word' id='word_1_131' title='bbox 587 940 636 968; x_wconf 90' lang='lat' dir='ltr'><strong>est,</strong></span> <span class='ocrx_word' id='word_1_132' title='bbox 651 936 696 970; x_wconf 89' lang='lat' dir='ltr'><strong>qui</strong></span> <span class='ocrx_word' id='word_1_133' title='bbox 710 940 739 962; x_wconf 93' lang='lat' dir='ltr'><strong>ut</strong></span> <span class='ocrx_word' id='word_1_134' title='bbox 752 935 849 963; x_wconf 90' lang='lat' dir='ltr'><strong>librum</strong></span> <span class='ocrx_word' id='word_1_135' title='bbox 864 936 940 963; x_wconf 83' lang='lat' dir='ltr'><strong>daret</strong></span> <span class='ocrx_word' id='word_1_136' title='bbox 954 944 1000 963; x_wconf 85' lang='lat' dir='ltr'><strong>ex-</strong></span> 
     </span>
    </p>
   </div>
   <div class='ocr_carea' id='block_1_19' title="bbox 209 979 999 1015">
    <p class='ocr_par' dir='ltr' id='par_1_19' title="bbox 209 979 999 1015">
     <span class='ocr_line' id='line_1_19' title="bbox 209 979 999 1015; baseline 0.006 -11"><span class='ocrx_word' id='word_1_137' title='bbox 209 980 343 1013; x_wconf 78' lang='lat' dir='ltr'><strong>petebant.</strong></span> <span class='ocrx_word' id='word_1_138' title='bbox 359 979 405 1007; x_wconf 90' lang='lat' dir='ltr'><strong>Ille</strong></span> <span class='ocrx_word' id='word_1_139' title='bbox 425 988 489 1008; x_wconf 86' lang='lat' dir='ltr'><strong>vero</strong></span> <span class='ocrx_word' id='word_1_140' title='bbox 500 981 553 1015; x_wconf 89' lang='lat' dir='ltr'><strong>jam</strong></span> <span class='ocrx_word' id='word_1_141' title='bbox 568 980 632 1008; x_wconf 87' lang='lat' dir='ltr'><strong>dare</strong></span> <span class='ocrx_word' id='word_1_142' title='bbox 645 989 696 1009; x_wconf 93' lang='lat' dir='ltr'><strong>non</strong></span> <span class='ocrx_word' id='word_1_143' title='bbox 712 985 824 1015; x_wconf 78' lang='lat' dir='ltr'><strong>poterat,</strong></span> <span class='ocrx_word' id='word_1_144' title='bbox 843 982 901 1014; x_wconf 88' lang='lat' dir='ltr'><strong>sed,</strong></span> <span class='ocrx_word' id='word_1_145' title='bbox 919 987 947 1009; x_wconf 91' lang='lat' dir='ltr'><strong>ut</strong></span> <span class='ocrx_word' id='word_1_146' title='bbox 960 982 999 1009; x_wconf 74' lang='grc' dir='ltr'><strong>γί-</strong></span> 
     </span>
    </p>
   </div>
   <div class='ocr_carea' id='block_1_20' title="bbox 208 1025 1000 1061">
    <p class='ocr_par' dir='ltr' id='par_1_20' title="bbox 208 1025 1000 1061">
     <span class='ocr_line' id='line_1_20' title="bbox 208 1025 1000 1061; baseline 0.005 -10"><span class='ocrx_word' id='word_1_147' title='bbox 208 1026 294 1056; x_wconf 86' lang='lat' dir='ltr'><strong>detur,</strong></span> <span class='ocrx_word' id='word_1_148' title='bbox 320 1033 349 1052; x_wconf 89' lang='lat' dir='ltr'><strong>se</strong></span> <span class='ocrx_word' id='word_1_149' title='bbox 371 1025 473 1053; x_wconf 86' lang='lat' dir='ltr'><strong>fecisse&#39;</strong></span> <span class='ocrx_word' id='word_1_150' title='bbox 489 1026 611 1061; x_wconf 81' lang='lat' dir='ltr'><strong>negabat,</strong></span> <span class='ocrx_word' id='word_1_151' title='bbox 633 1035 724 1054; x_wconf 80' lang='lat' dir='ltr'><strong>verum</strong></span> <span class='ocrx_word' id='word_1_152' title='bbox 743 1028 826 1055; x_wconf 92' lang='lat' dir='ltr'><strong>auctis</strong></span> <span class='ocrx_word' id='word_1_153' title='bbox 848 1027 952 1056; x_wconf 88' lang='lat' dir='ltr'><strong>indiciis</strong></span> <span class='ocrx_word' id='word_1_154' title='bbox 973 1032 1000 1055; x_wconf 87' lang='lat' dir='ltr'><strong>et</strong></span> 
     </span>
    </p>
   </div>
   <div class='ocr_carea' id='block_1_21' title="bbox 209 1070 998 1107">
    <p class='ocr_par' dir='ltr' id='par_1_21' title="bbox 209 1070 998 1107">
     <span class='ocr_line' id='line_1_21' title="bbox 209 1070 998 1107; baseline 0.008 -12"><span class='ocrx_word' id='word_1_155' title='bbox 209 1070 417 1104; x_wconf 72' lang='lat' dir='ltr'><strong>proluitionilms,</strong></span> <span class='ocrx_word' id='word_1_156' title='bbox 430 1079 523 1106; x_wconf 77' lang='lat' dir='ltr'><strong>ptenas</strong></span> <span class='ocrx_word' id='word_1_157' title='bbox 535 1072 618 1099; x_wconf 92' lang='lat' dir='ltr'><strong>dedit.</strong></span> <span class='ocrx_word' id='word_1_158' title='bbox 633 1072 698 1100; x_wconf 88' lang='lat' dir='ltr'><strong>Dum</strong></span> <span class='ocrx_word' id='word_1_159' title='bbox 712 1074 849 1107; x_wconf 88' lang='lat' dir='ltr'><strong>conjectus</strong></span> <span class='ocrx_word' id='word_1_160' title='bbox 863 1074 888 1100; x_wconf 92' lang='lat' dir='ltr'><strong>in</strong></span> <span class='ocrx_word' id='word_1_161' title='bbox 901 1073 998 1101; x_wconf 85' lang='lat' dir='ltr'><strong>ﬂumen</strong></span> 
     </span>
    </p>
   </div>
   <div class='ocr_carea' id='block_1_22' title="bbox 209 1115 999 1152">
    <p class='ocr_par' dir='ltr' id='par_1_22' title="bbox 209 1115 999 1152">
     <span class='ocr_line' id='line_1_22' title="bbox 209 1115 999 1152; baseline 0.006 -10"><span class='ocrx_word' id='word_1_162' title='bbox 209 1115 277 1143; x_wconf 85' lang='lat' dir='ltr'><strong>liber</strong></span> <span class='ocrx_word' id='word_1_163' title='bbox 297 1116 480 1151; x_wconf 80' lang='lat' dir='ltr'><strong>incompaetus</strong></span> <span class='ocrx_word' id='word_1_164' title='bbox 500 1115 695 1152; x_wconf 83' lang='lat' dir='ltr'><strong>supernataret,</strong></span> <span class='ocrx_word' id='word_1_165' title='bbox 715 1119 811 1146; x_wconf 87' lang='lat' dir='ltr'><strong>accidit</strong></span> <span class='ocrx_word' id='word_1_166' title='bbox 834 1124 862 1146; x_wconf 89' lang='grc' dir='ltr'><strong>ιιι</strong></span> <span class='ocrx_word' id='word_1_167' title='bbox 883 1119 999 1148; x_wconf 78' lang='lat' dir='ltr'><strong>Joannes</strong></span> 
     </span>
    </p>
   </div>
   <div class='ocr_carea' id='block_1_23' title="bbox 209 1162 997 1201">
    <p class='ocr_par' dir='ltr' id='par_1_23' title="bbox 209 1162 997 1201">
     <span class='ocr_line' id='line_1_23' title="bbox 209 1162 997 1201; baseline 0.006 -14"><span class='ocrx_word' id='word_1_168' title='bbox 209 1166 301 1188; x_wconf 89' lang='lat' dir='ltr'><strong>noster</strong></span> <span class='ocrx_word' id='word_1_169' title='bbox 312 1169 371 1188; x_wconf 90' lang='lat' dir='ltr'><strong>cum</strong></span> <span class='ocrx_word' id='word_1_170' title='bbox 385 1162 458 1189; x_wconf 90' lang='lat' dir='ltr'><strong>socio</strong></span> <span class='ocrx_word' id='word_1_171' title='bbox 472 1162 505 1189; x_wconf 88' lang='lat' dir='ltr'><strong>ad</strong></span> <span class='ocrx_word' id='word_1_172' title='bbox 520 1163 673 1198; x_wconf 84' lang='lat' dir='ltr'><strong>martyrium</strong></span> <span class='ocrx_word' id='word_1_173' title='bbox 684 1171 731 1191; x_wconf 90' lang='lat' dir='ltr'><strong>seu</strong></span> <span class='ocrx_word' id='word_1_174' title='bbox 747 1165 885 1191; x_wconf 82' lang='lat' dir='ltr'><strong>ecclesiam</strong></span> <span class='ocrx_word' id='word_1_175' title='bbox 900 1165 997 1201; x_wconf 83' lang='lat' dir='ltr'><strong>Marty-</strong></span> 
     </span>
    </p>
   </div>
   <div class='ocr_carea' id='block_1_24' title="bbox 208 1208 999 1242">
    <p class='ocr_par' dir='ltr' id='par_1_24' title="bbox 208 1208 999 1242">
     <span class='ocr_line' id='line_1_24' title="bbox 208 1208 999 1242; baseline 0.009 -10"><span class='ocrx_word' id='word_1_176' title='bbox 208 1213 266 1232; x_wconf 89' lang='lat' dir='ltr'><strong>rum</strong></span> <span class='ocrx_word' id='word_1_177' title='bbox 282 1214 404 1242; x_wconf 82' lang='lat' dir='ltr'><strong>pcrgcus,</strong></span> <span class='ocrx_word' id='word_1_178' title='bbox 418 1208 492 1242; x_wconf 85' lang='lat' dir='ltr'><strong>juxta</strong></span> <span class='ocrx_word' id='word_1_179' title='bbox 513 1208 612 1236; x_wconf 86' lang='lat' dir='ltr'><strong>lltnncn</strong></span> <span class='ocrx_word' id='word_1_180' title='bbox 630 1210 679 1237; x_wconf 86' lang='lat' dir='ltr'><strong>iter</strong></span> <span class='ocrx_word' id='word_1_181' title='bbox 695 1209 803 1238; x_wconf 76' lang='lat' dir='ltr'><strong>faceret.</strong></span> <span class='ocrx_word' id='word_1_182' title='bbox 824 1211 919 1239; x_wconf 89' lang='lat' dir='ltr'><strong>Socius</strong></span> <span class='ocrx_word' id='word_1_183' title='bbox 937 1219 999 1239; x_wconf 82' lang='lat' dir='ltr'><strong>vero</strong></span> 
     </span>
    </p>
   </div>
   <div class='ocr_carea' id='block_1_25' title="bbox 209 1251 999 1292">
    <p class='ocr_par' dir='ltr' id='par_1_25' title="bbox 209 1251 999 1292">
     <span class='ocr_line' id='line_1_25' title="bbox 209 1251 999 1292; baseline 0.011 -14"><span class='ocrx_word' id='word_1_184' title='bbox 209 1251 300 1286; x_wconf 84' lang='lat' dir='ltr'><strong>ipsius,</strong></span> <span class='ocrx_word' id='word_1_185' title='bbox 315 1259 345 1279; x_wconf 93' lang='lat' dir='ltr'><strong>ut</strong></span> <span class='ocrx_word' id='word_1_186' title='bbox 359 1255 392 1280; x_wconf 89' lang='lat' dir='ltr'><strong>ad</strong></span> <span class='ocrx_word' id='word_1_187' title='bbox 407 1262 480 1281; x_wconf 88' lang='lat' dir='ltr'><strong>oram</strong></span> <span class='ocrx_word' id='word_1_188' title='bbox 494 1261 710 1289; x_wconf 83' lang='lat' dir='ltr'><strong>supernatantem</strong></span> <span class='ocrx_word' id='word_1_189' title='bbox 731 1257 828 1285; x_wconf 90' lang='lat' dir='ltr'><strong>librum</strong></span> <span class='ocrx_word' id='word_1_190' title='bbox 845 1259 927 1292; x_wconf 83' lang='lat' dir='ltr'><strong>vidit,</strong></span> <span class='ocrx_word' id='word_1_191' title='bbox 950 1259 999 1286; x_wconf 89' lang='lat' dir='ltr'><strong>lin-</strong></span> 
     </span>
    </p>
   </div>
   <div class='ocr_carea' id='block_1_26' title="bbox 210 1300 998 1338">
    <p class='ocr_par' dir='ltr' id='par_1_26' title="bbox 210 1300 998 1338">
     <span class='ocr_line' id='line_1_26' title="bbox 210 1300 998 1338; baseline 0.014 -16"><span class='ocrx_word' id='word_1_192' title='bbox 210 1300 354 1325; x_wconf 80' lang='lat' dir='ltr'><strong>teum-esse</strong></span> <span class='ocrx_word' id='word_1_193' title='bbox 377 1300 486 1332; x_wconf 81' lang='lat' dir='ltr'><strong>putavit,</strong></span> <span class='ocrx_word' id='word_1_194' title='bbox 507 1308 538 1327; x_wconf 90' lang='lat' dir='ltr'><strong>ac</strong></span> <span class='ocrx_word' id='word_1_195' title='bbox 560 1300 726 1329; x_wconf 79' lang='lat' dir='ltr'><strong>descendens</strong></span> <span class='ocrx_word' id='word_1_196' title='bbox 746 1305 858 1338; x_wconf 89' lang='lat' dir='ltr'><strong>accepit.</strong></span> <span class='ocrx_word' id='word_1_197' title='bbox 881 1305 998 1332; x_wconf 85' lang='lat' dir='ltr'><strong>Joannes</strong></span> 
     </span>
    </p>
   </div>
   <div class='ocr_carea' id='block_1_27' title="bbox 209 1345 999 1387">
    <p class='ocr_par' dir='ltr' id='par_1_27' title="bbox 209 1345 999 1387">
     <span class='ocr_line' id='line_1_27' title="bbox 209 1345 999 1387; baseline 0.015 -21"><span class='ocrx_word' id='word_1_198' title='bbox 209 1348 422 1387; x_wconf 24' lang='lat' dir='ltr'><strong>rcroanvtequaIn</strong></span> <span class='ocrx_word' id='word_1_199' title='bbox 433 1345 494 1378; x_wconf 91' lang='lat' dir='ltr'><strong>quid</strong></span> <span class='ocrx_word' id='word_1_200' title='bbox 510 1345 534 1372; x_wconf 90' lang='lat' dir='ltr'><strong>id</strong></span> <span class='ocrx_word' id='word_1_201' title='bbox 546 1351 617 1373; x_wconf 81' lang='lat' dir='ltr'><strong>esset</strong></span> <span class='ocrx_word' id='word_1_202' title='bbox 627 1347 749 1380; x_wconf 87' lang='lat' dir='ltr'><strong>sciretur,</strong></span> <span class='ocrx_word' id='word_1_203' title='bbox 764 1354 877 1384; x_wconf 70' lang='lat' dir='ltr'><strong>reperta:</strong></span> <span class='ocrx_word' id='word_1_204' title='bbox 891 1351 928 1378; x_wconf 86' lang='lat' dir='ltr'><strong>rei</strong></span> <span class='ocrx_word' id='word_1_205' title='bbox 940 1359 999 1386; x_wconf 89' lang='lat' dir='ltr'><strong>par-</strong></span> 
     </span>
    </p>
   </div>
   <div class='ocr_carea' id='block_1_28' title="bbox 208 1387 999 1424">
    <p class='ocr_par' dir='ltr' id='par_1_28' title="bbox 208 1387 999 1424">
     <span class='ocr_line' id='line_1_28' title="bbox 208 1387 999 1424; baseline 0.014 -12"><span class='ocrx_word' id='word_1_206' title='bbox 208 1389 262 1413; x_wconf 90' lang='lat' dir='ltr'><strong>tem</strong></span> <span class='ocrx_word' id='word_1_207' title='bbox 275 1387 309 1414; x_wconf 81' lang='lat' dir='ltr'><strong>ad</strong></span> <span class='ocrx_word' id='word_1_208' title='bbox 323 1395 352 1415; x_wconf 83' lang='lat' dir='ltr'><strong>sc</strong></span> <span class='ocrx_word' id='word_1_209' title='bbox 367 1389 499 1422; x_wconf 88' lang='lat' dir='ltr'><strong>pertinere</strong></span> <span class='ocrx_word' id='word_1_210' title='bbox 515 1391 624 1418; x_wconf 84' lang='lat' dir='ltr'><strong>ridendo</strong></span> <span class='ocrx_word' id='word_1_211' title='bbox 638 1394 824 1422; x_wconf 77' lang='lat' dir='ltr'><strong>contendebat.</strong></span> <span class='ocrx_word' id='word_1_212' title='bbox 838 1395 906 1423; x_wconf 92' lang='lat' dir='ltr'><strong>Tum</strong></span> <span class='ocrx_word' id='word_1_213' title='bbox 923 1403 999 1424; x_wconf 86' lang='lat' dir='ltr'><strong>revo-</strong></span> 
     </span>
    </p>
   </div>
   <div class='ocr_carea' id='block_1_29' title="bbox 208 1432 998 1474">
    <p class='ocr_par' dir='ltr' id='par_1_29' title="bbox 208 1432 998 1474">
     <span class='ocr_line' id='line_1_29' title="bbox 208 1432 998 1474; baseline 0.015 -16"><span class='ocrx_word' id='word_1_214' title='bbox 208 1432 262 1459; x_wconf 89' lang='lat' dir='ltr'><strong>luta</strong></span> <span class='ocrx_word' id='word_1_215' title='bbox 282 1434 380 1468; x_wconf 72' lang='lat' dir='ltr'><strong>pagina</strong></span> <span class='ocrx_word' id='word_1_216' title='bbox 407 1436 494 1463; x_wconf 88' lang='lat' dir='ltr'><strong>socius</strong></span> <span class='ocrx_word' id='word_1_217' title='bbox 517 1438 617 1472; x_wconf 89' lang='lat' dir='ltr'><strong>magica</strong></span> <span class='ocrx_word' id='word_1_218' title='bbox 639 1440 735 1474; x_wconf 80' lang='lat' dir='ltr'><strong>scripta</strong></span> <span class='ocrx_word' id='word_1_219' title='bbox 763 1441 872 1468; x_wconf 79' lang='lat' dir='ltr'><strong>invenit.</strong></span> <span class='ocrx_word' id='word_1_220' title='bbox 896 1442 998 1470; x_wconf 85' lang='lat' dir='ltr'><strong>Accidit</strong></span> 
     </span>
    </p>
   </div>
   <div class='ocr_carea' id='block_1_30' title="bbox 208 1480 998 1516">
    <p class='ocr_par' dir='ltr' id='par_1_30' title="bbox 208 1480 998 1516">
     <span class='ocr_line' id='line_1_30' title="bbox 208 1480 998 1516; baseline 0.014 -12"><span class='ocrx_word' id='word_1_221' title='bbox 208 1483 295 1505; x_wconf 84' lang='lat' dir='ltr'><strong>autem</strong></span> <span class='ocrx_word' id='word_1_222' title='bbox 312 1483 340 1506; x_wconf 90' lang='lat' dir='ltr'><strong>ut</strong></span> <span class='ocrx_word' id='word_1_223' title='bbox 354 1480 446 1507; x_wconf 84' lang='lat' dir='ltr'><strong>eodem</strong></span> <span class='ocrx_word' id='word_1_224' title='bbox 463 1485 583 1516; x_wconf 87' lang='lat' dir='ltr'><strong>tempore</strong></span> <span class='ocrx_word' id='word_1_225' title='bbox 597 1484 672 1511; x_wconf 89' lang='lat' dir='ltr'><strong>miles</strong></span> <span class='ocrx_word' id='word_1_226' title='bbox 685 1485 818 1513; x_wconf 85' lang='lat' dir='ltr'><strong>transiret.</strong></span> <span class='ocrx_word' id='word_1_227' title='bbox 832 1487 898 1514; x_wconf 89' lang='lat' dir='ltr'><strong>llinc</strong></span> <span class='ocrx_word' id='word_1_228' title='bbox 913 1492 998 1515; x_wconf 91' lang='lat' dir='ltr'><strong>terror</strong></span> 
     </span>
    </p>
   </div>
   <div class='ocr_carea' id='block_1_31' title="bbox 208 1525 1014 1567">
    <p class='ocr_par' dir='ltr' id='par_1_31' title="bbox 208 1525 1014 1567">
     <span class='ocr_line' id='line_1_31' title="bbox 208 1525 1014 1567; baseline 0.016 -18"><span class='ocrx_word' id='word_1_229' title='bbox 208 1527 351 1559; x_wconf 88' lang='lat' dir='ltr'><strong>utrumque</strong></span> <span class='ocrx_word' id='word_1_230' title='bbox 362 1525 475 1558; x_wconf 78' lang='lat' dir='ltr'><strong>invasit;</strong></span> <span class='ocrx_word' id='word_1_231' title='bbox 492 1527 588 1555; x_wconf 79' lang='lat' dir='ltr'><strong>librant</strong></span> <span class='ocrx_word' id='word_1_232' title='bbox 604 1529 719 1564; x_wconf 87' lang='lat' dir='ltr'><strong>abjiecre</strong></span> <span class='ocrx_word' id='word_1_233' title='bbox 734 1539 785 1558; x_wconf 92' lang='lat' dir='ltr'><strong>non</strong></span> <span class='ocrx_word' id='word_1_234' title='bbox 799 1532 947 1567; x_wconf 88' lang='lat' dir='ltr'><strong>audebant,</strong></span> <span class='ocrx_word' id='word_1_235' title='bbox 965 1542 1014 1562; x_wconf 55' lang='lat' dir='ltr'><strong>ne‘</strong></span> 
     </span>
    </p>
   </div>
   <div class='ocr_carea' id='block_1_32' title="bbox 208 1570 995 1614">
    <p class='ocr_par' dir='ltr' id='par_1_32' title="bbox 208 1570 995 1614">
     <span class='ocr_line' id='line_1_32' title="bbox 208 1570 995 1614; baseline 0.014 -18"><span class='ocrx_word' id='word_1_236' title='bbox 208 1570 359 1598; x_wconf 79' lang='lat' dir='ltr'><strong>viderentur</strong></span> <span class='ocrx_word' id='word_1_237' title='bbox 368 1573 426 1607; x_wconf 88' lang='lat' dir='ltr'><strong>ejus</strong></span> <span class='ocrx_word' id='word_1_238' title='bbox 437 1579 560 1602; x_wconf 75' lang='lat' dir='ltr'><strong>auctores</strong></span> <span class='ocrx_word' id='word_1_239' title='bbox 568 1583 637 1604; x_wconf 87' lang='lat' dir='ltr'><strong>esse.</strong></span> <span class='ocrx_word' id='word_1_240' title='bbox 647 1577 765 1604; x_wconf 80' lang='lat' dir='ltr'><strong>Tandem</strong></span> <span class='ocrx_word' id='word_1_241' title='bbox 775 1586 839 1606; x_wconf 83' lang='lat' dir='ltr'><strong>vero</strong></span> <span class='ocrx_word' id='word_1_242' title='bbox 849 1580 995 1614; x_wconf 87' lang='lat' dir='ltr'><strong>projccere,</strong></span> 
     </span>
    </p>
   </div>
   <div class='ocr_carea' id='block_1_33' title="bbox 210 1617 767 1656">
    <p class='ocr_par' dir='ltr' id='par_1_33' title="bbox 210 1617 767 1656">
     <span class='ocr_line' id='line_1_33' title="bbox 210 1617 767 1656; baseline 0.014 -14"><span class='ocrx_word' id='word_1_243' title='bbox 210 1621 235 1643; x_wconf 87' lang='lat' dir='ltr'><strong>et</strong></span> <span class='ocrx_word' id='word_1_244' title='bbox 253 1617 306 1643; x_wconf 84' lang='lat' dir='ltr'><strong>Deo</strong></span> <span class='ocrx_word' id='word_1_245' title='bbox 318 1617 427 1651; x_wconf 83' lang='lat' dir='ltr'><strong>juvante</strong></span> <span class='ocrx_word' id='word_1_246' title='bbox 441 1628 455 1646; x_wconf 88' lang='lat' dir='ltr'><strong>a</strong></span> <span class='ocrx_word' id='word_1_247' title='bbox 469 1621 586 1654; x_wconf 82' lang='lat' dir='ltr'><strong>periculo</strong></span> <span class='ocrx_word' id='word_1_248' title='bbox 597 1623 680 1656; x_wconf 91' lang='lat' dir='ltr'><strong>erepti</strong></span> <span class='ocrx_word' id='word_1_249' title='bbox 695 1627 767 1650; x_wconf 91' lang='lat' dir='ltr'><strong>sunt.</strong></span> 
     </span>
    </p>
   </div>
   <div class='ocr_carea' id='block_1_34' title="bbox 243 1661 995 1698">
    <p class='ocr_par' dir='ltr' id='par_1_34' title="bbox 243 1661 995 1698">
     <span class='ocr_line' id='line_1_34' title="bbox 243 1661 995 1698; baseline 0.015 -11"><span class='ocrx_word' id='word_1_250' title='bbox 243 1661 427 1690; x_wconf 79' lang='lat' dir='ltr'><strong>Monac/mrum</strong></span> <span class='ocrx_word' id='word_1_251' title='bbox 454 1665 480 1691; x_wconf 82' lang='lat' dir='ltr'><strong>in</strong></span> <span class='ocrx_word' id='word_1_252' title='bbox 508 1666 632 1694; x_wconf 75' lang='lat' dir='ltr'><strong>montibus</strong></span> <span class='ocrx_word' id='word_1_253' title='bbox 659 1668 798 1696; x_wconf 68' lang='lat' dir='ltr'><strong>Antiochus</strong></span> <span class='ocrx_word' id='word_1_254' title='bbox 825 1670 911 1697; x_wconf 78' lang='lat' dir='ltr'><strong>vicinis</strong></span> <span class='ocrx_word' id='word_1_255' title='bbox 936 1672 995 1698; x_wconf 71' lang='lat' dir='ltr'><strong>vita.</strong></span> 
     </span>
    </p>
   </div>
   <div class='ocr_carea' id='block_1_35' title="bbox 208 1706 996 1748">
    <p class='ocr_par' dir='ltr' id='par_1_35' title="bbox 208 1706 996 1748">
     <span class='ocr_line' id='line_1_35' title="bbox 208 1706 996 1748; baseline 0.014 -16"><span class='ocrx_word' id='word_1_256' title='bbox 208 1706 306 1734; x_wconf 86' lang='lat' dir='ltr'><strong>——-Iloc</strong></span> <span class='ocrx_word' id='word_1_257' title='bbox 322 1707 441 1736; x_wconf 72' lang='lat' dir='ltr'><strong>fortassis</strong></span> <span class='ocrx_word' id='word_1_258' title='bbox 455 1715 550 1737; x_wconf 83' lang='lat' dir='ltr'><strong>eventu</strong></span> <span class='ocrx_word' id='word_1_259' title='bbox 567 1713 707 1746; x_wconf 86' lang='lat' dir='ltr'><strong>perculsus</strong></span> <span class='ocrx_word' id='word_1_260' title='bbox 720 1714 847 1748; x_wconf 85' lang='lat' dir='ltr'><strong>Joannes,</strong></span> <span class='ocrx_word' id='word_1_261' title='bbox 862 1723 996 1744; x_wconf 78' lang='lat' dir='ltr'><strong>secessum</strong></span> 
     </span>
    </p>
   </div>
   <div class='ocr_carea' id='block_1_36' title="bbox 206 1751 997 1795">
    <p class='ocr_par' dir='ltr' id='par_1_36' title="bbox 206 1751 997 1795">
     <span class='ocr_line' id='line_1_36' title="bbox 206 1751 997 1795; baseline 0.014 -18"><span class='ocrx_word' id='word_1_262' title='bbox 206 1751 240 1777; x_wconf 81' lang='lat' dir='ltr'><strong>ad</strong></span> <span class='ocrx_word' id='word_1_263' title='bbox 256 1754 415 1780; x_wconf 85' lang='lat' dir='ltr'><strong>monasteria</strong></span> <span class='ocrx_word' id='word_1_264' title='bbox 436 1755 460 1781; x_wconf 90' lang='lat' dir='ltr'><strong>in</strong></span> <span class='ocrx_word' id='word_1_265' title='bbox 475 1757 609 1783; x_wconf 87' lang='lat' dir='ltr'><strong>inontibus</strong></span> <span class='ocrx_word' id='word_1_266' title='bbox 623 1758 771 1786; x_wconf 75' lang='lat' dir='ltr'><strong>Antiochia:</strong></span> <span class='ocrx_word' id='word_1_267' title='bbox 785 1760 877 1788; x_wconf 78' lang='lat' dir='ltr'><strong>vicinis</strong></span> <span class='ocrx_word' id='word_1_268' title='bbox 894 1762 977 1795; x_wconf 64' lang='lat' dir='ltr'><strong>pnsita</strong></span> <span class='ocrx_word' id='word_1_269' title='bbox 992 1783 997 1792; x_wconf 81' lang='lat'><strong>,</strong></span> 
     </span>
    </p>
   </div>
   <div class='ocr_carea' id='block_1_37' title="bbox 206 1797 997 1840">
    <p class='ocr_par' dir='ltr' id='par_1_37' title="bbox 206 1797 997 1840">
     <span class='ocr_line' id='line_1_37' title="bbox 206 1797 997 1840; baseline 0.016 -19"><span class='ocrx_word' id='word_1_270' title='bbox 206 1804 285 1830; x_wconf 88' lang='lat' dir='ltr'><strong>quem</strong></span> <span class='ocrx_word' id='word_1_271' title='bbox 304 1797 404 1830; x_wconf 84' lang='lat' dir='ltr'><strong>jamdiu</strong></span> <span class='ocrx_word' id='word_1_272' title='bbox 427 1800 516 1827; x_wconf 80' lang='lat' dir='ltr'><strong>animo</strong></span> <span class='ocrx_word' id='word_1_273' title='bbox 537 1808 709 1835; x_wconf 81' lang='lat' dir='ltr'><strong>conceperat,</strong></span> <span class='ocrx_word' id='word_1_274' title='bbox 731 1804 866 1832; x_wconf 87' lang='lat' dir='ltr'><strong>ardentius</strong></span> <span class='ocrx_word' id='word_1_275' title='bbox 887 1807 997 1840; x_wconf 85' lang='lat' dir='ltr'><strong>appetiit</strong></span> 
     </span>
    </p>
   </div>
   <div class='ocr_carea' id='block_1_38' title="bbox 206 1841 992 1886">
    <p class='ocr_par' dir='ltr' id='par_1_38' title="bbox 206 1841 992 1886">
     <span class='ocr_line' id='line_1_38' title="bbox 206 1841 992 1886; baseline 0.015 -19"><span class='ocrx_word' id='word_1_276' title='bbox 206 1841 291 1875; x_wconf 80' lang='lat' dir='ltr'><strong>(Pull.</strong></span> <span class='ocrx_word' id='word_1_277' title='bbox 310 1842 379 1871; x_wconf 79' lang='lat' dir='ltr'><strong>Dial.</strong></span> <span class='ocrx_word' id='word_1_278' title='bbox 392 1854 418 1880; x_wconf 88' lang='lat' dir='ltr'><strong>p.</strong></span> <span class='ocrx_word' id='word_1_279' title='bbox 438 1845 492 1878; x_wconf 71' lang='grc'><strong>41).</strong></span> <span class='ocrx_word' id='word_1_280' title='bbox 509 1846 600 1882; x_wconf 63' lang='lat' dir='ltr'><strong>Neque</strong></span> <span class='ocrx_word' id='word_1_281' title='bbox 622 1849 692 1876; x_wconf 89' lang='lat' dir='ltr'><strong>enim</strong></span> <span class='ocrx_word' id='word_1_282' title='bbox 710 1850 747 1876; x_wconf 89' lang='lat' dir='ltr'><strong>illi</strong></span> <span class='ocrx_word' id='word_1_283' title='bbox 763 1851 906 1886; x_wconf 79' lang='lat' dir='ltr'><strong>quidquam</strong></span> <span class='ocrx_word' id='word_1_284' title='bbox 927 1862 992 1886; x_wconf 80' lang='lat' dir='ltr'><strong>pra--</strong></span> 
     </span>
    </p>
   </div>
   <div class='ocr_carea' id='block_1_39' title="bbox 206 1889 996 1932">
    <p class='ocr_par' dir='ltr' id='par_1_39' title="bbox 206 1889 996 1932">
     <span class='ocr_line' id='line_1_39' title="bbox 206 1889 996 1932; baseline 0.016 -18"><span class='ocrx_word' id='word_1_285' title='bbox 206 1889 330 1917; x_wconf 69' lang='lat' dir='ltr'><strong>stabilius</strong></span> <span class='ocrx_word' id='word_1_286' title='bbox 348 1892 486 1920; x_wconf 88' lang='lat' dir='ltr'><strong>videhatttr</strong></span> <span class='ocrx_word' id='word_1_287' title='bbox 508 1901 568 1921; x_wconf 83' lang='lat' dir='ltr'><strong>esse</strong></span> <span class='ocrx_word' id='word_1_288' title='bbox 590 1895 640 1922; x_wconf 83' lang='lat' dir='ltr'><strong>vita</strong></span> <span class='ocrx_word' id='word_1_289' title='bbox 663 1895 717 1927; x_wconf 87' lang='lat' dir='ltr'><strong>illa,</strong></span> <span class='ocrx_word' id='word_1_290' title='bbox 740 1904 798 1932; x_wconf 83' lang='lat' dir='ltr'><strong>qua:</strong></span> <span class='ocrx_word' id='word_1_291' title='bbox 823 1903 876 1925; x_wconf 89' lang='lat' dir='ltr'><strong>tota</strong></span> <span class='ocrx_word' id='word_1_292' title='bbox 900 1899 996 1927; x_wconf 75' lang='lat' dir='ltr'><strong>divinis</strong></span> 
     </span>
    </p>
   </div>
   <div class='ocr_carea' id='block_1_40' title="bbox 207 1935 996 1978">
    <p class='ocr_par' dir='ltr' id='par_1_40' title="bbox 207 1935 996 1978">
     <span class='ocr_line' id='line_1_40' title="bbox 207 1935 996 1978; baseline 0.015 -18"><span class='ocrx_word' id='word_1_293' title='bbox 207 1935 288 1962; x_wconf 84' lang='lat' dir='ltr'><strong>rebus</strong></span> <span class='ocrx_word' id='word_1_294' title='bbox 303 1936 406 1964; x_wconf 84' lang='lat' dir='ltr'><strong>addicta</strong></span> <span class='ocrx_word' id='word_1_295' title='bbox 426 1944 506 1965; x_wconf 84' lang='lat' dir='ltr'><strong>esset.</strong></span> <span class='ocrx_word' id='word_1_296' title='bbox 529 1940 562 1966; x_wconf 77' lang='lat' dir='ltr'><strong>Et</strong></span> <span class='ocrx_word' id='word_1_297' title='bbox 583 1940 638 1974; x_wconf 90' lang='lat' dir='ltr'><strong>ipse</strong></span> <span class='ocrx_word' id='word_1_298' title='bbox 653 1941 760 1976; x_wconf 83' lang='lat' dir='ltr'><strong>quidem</strong></span> <span class='ocrx_word' id='word_1_299' title='bbox 773 1943 827 1977; x_wconf 92' lang='lat' dir='ltr'><strong>jam</strong></span> <span class='ocrx_word' id='word_1_300' title='bbox 845 1952 926 1978; x_wconf 80' lang='lat' dir='ltr'><strong>penes</strong></span> <span class='ocrx_word' id='word_1_301' title='bbox 941 1954 996 1972; x_wconf 87' lang='lat' dir='ltr'><strong>nta-</strong></span> 
     </span>
    </p>
   </div>
   <div class='ocr_carea' id='block_1_41' title="bbox 207 1982 997 2024">
    <p class='ocr_par' dir='ltr' id='par_1_41' title="bbox 207 1982 997 2024">
     <span class='ocr_line' id='line_1_41' title="bbox 207 1982 997 2024; baseline 0.014 -18"><span class='ocrx_word' id='word_1_302' title='bbox 207 1983 275 2006; x_wconf 90' lang='lat' dir='ltr'><strong>trem</strong></span> <span class='ocrx_word' id='word_1_303' title='bbox 289 1982 370 2010; x_wconf 88' lang='lat' dir='ltr'><strong>vitam</strong></span> <span class='ocrx_word' id='word_1_304' title='bbox 385 1983 498 2011; x_wconf 80' lang='lat' dir='ltr'><strong>ducebat</strong></span> <span class='ocrx_word' id='word_1_305' title='bbox 513 1986 667 2014; x_wconf 64' lang='lat' dir='ltr'><strong>monasticae</strong></span> <span class='ocrx_word' id='word_1_306' title='bbox 688 1995 740 2014; x_wconf 90' lang='lat' dir='ltr'><strong>non</strong></span> <span class='ocrx_word' id='word_1_307' title='bbox 761 1988 918 2021; x_wconf 73' lang='lat' dir='ltr'><strong>absimilem,</strong></span> <span class='ocrx_word' id='word_1_308' title='bbox 937 1998 997 2024; x_wconf 88' lang='lat' dir='ltr'><strong>prc-</strong></span> 
     </span>
    </p>
   </div>
   <div class='ocr_carea' id='block_1_42' title="bbox 205 2025 995 2066">
    <p class='ocr_par' dir='ltr' id='par_1_42' title="bbox 205 2025 995 2066">
     <span class='ocr_line' id='line_1_42' title="bbox 205 2025 995 2066; baseline 0.015 -15"><span class='ocrx_word' id='word_1_309' title='bbox 205 2025 315 2058; x_wconf 84' lang='lat' dir='ltr'><strong>cationi,</strong></span> <span class='ocrx_word' id='word_1_310' title='bbox 329 2027 437 2061; x_wconf 81' lang='lat' dir='ltr'><strong>jejnniis</strong></span> <span class='ocrx_word' id='word_1_311' title='bbox 450 2048 456 2060; x_wconf 84' lang='lat'>.</span> <span class='ocrx_word' id='word_1_312' title='bbox 474 2029 578 2064; x_wconf 83' lang='lat' dir='ltr'><strong>vigiliis,</strong></span> <span class='ocrx_word' id='word_1_313' title='bbox 595 2030 792 2066; x_wconf 83' lang='lat' dir='ltr'><strong>Scripturarunt</strong></span> <span class='ocrx_word' id='word_1_314' title='bbox 809 2034 914 2062; x_wconf 87' lang='lat' dir='ltr'><strong>lectioni</strong></span> <span class='ocrx_word' id='word_1_315' title='bbox 928 2037 995 2062; x_wconf 86' lang='lat' dir='ltr'><strong>assi-</strong></span> 
     </span>
    </p>
   </div>
   <div class='ocr_carea' id='block_1_43' title="bbox 205 2070 996 2115">
    <p class='ocr_par' dir='ltr' id='par_1_43' title="bbox 205 2070 996 2115">
     <span class='ocr_line' id='line_1_43' title="bbox 205 2070 996 2115; baseline 0.015 -19"><span class='ocrx_word' id='word_1_316' title='bbox 205 2070 260 2097; x_wconf 91' lang='lat' dir='ltr'><strong>duc</strong></span> <span class='ocrx_word' id='word_1_317' title='bbox 275 2071 401 2104; x_wconf 86' lang='lat' dir='ltr'><strong>intentus,</strong></span> <span class='ocrx_word' id='word_1_318' title='bbox 418 2074 535 2102; x_wconf 80' lang='lat' dir='ltr'><strong>inclusus</strong></span> <span class='ocrx_word' id='word_1_319' title='bbox 550 2084 656 2111; x_wconf 88' lang='lat' dir='ltr'><strong>semper</strong></span> <span class='ocrx_word' id='word_1_320' title='bbox 672 2085 791 2113; x_wconf 82' lang='lat' dir='ltr'><strong>manens,</strong></span> <span class='ocrx_word' id='word_1_321' title='bbox 806 2084 832 2106; x_wconf 83' lang='lat' dir='ltr'><strong>et</strong></span> <span class='ocrx_word' id='word_1_322' title='bbox 843 2087 996 2115; x_wconf 71' lang='lat' dir='ltr'><strong>segregatus</strong></span> 
     </span>
    </p>
   </div>
   <div class='ocr_carea' id='block_1_44' title="bbox 205 2117 996 2157">
    <p class='ocr_par' dir='ltr' id='par_1_44' title="bbox 205 2117 996 2157">
     <span class='ocr_line' id='line_1_44' title="bbox 205 2117 996 2157; baseline 0.016 -16"><span class='ocrx_word' id='word_1_323' title='bbox 205 2123 219 2141; x_wconf 90' lang='lat' dir='ltr'><strong>a</strong></span> <span class='ocrx_word' id='word_1_324' title='bbox 231 2117 328 2142; x_wconf 70' lang='lat' dir='ltr'><strong>stnculo</strong></span> <span class='ocrx_word' id='word_1_325' title='bbox 342 2123 366 2144; x_wconf 88' lang='lat' dir='ltr'><strong>ct</strong></span> <span class='ocrx_word' id='word_1_326' title='bbox 376 2126 390 2144; x_wconf 88' lang='lat' dir='ltr'><strong>a</strong></span> <span class='ocrx_word' id='word_1_327' title='bbox 404 2120 575 2148; x_wconf 74' lang='lat' dir='ltr'><strong>szrcularihus</strong></span> <span class='ocrx_word' id='word_1_328' title='bbox 584 2123 712 2157; x_wconf 82' lang='lat' dir='ltr'><strong>negotiis;</strong></span> <span class='ocrx_word' id='word_1_329' title='bbox 724 2129 840 2152; x_wconf 81' lang='lat' dir='ltr'><strong>attamen</strong></span> <span class='ocrx_word' id='word_1_330' title='bbox 851 2126 883 2152; x_wconf 90' lang='lat' dir='ltr'><strong>ad</strong></span> <span class='ocrx_word' id='word_1_331' title='bbox 893 2132 996 2154; x_wconf 88' lang='lat' dir='ltr'><strong>montes</strong></span> 
     </span>
    </p>
   </div>
   <div class='ocr_carea' id='block_1_45' title="bbox 206 2159 994 2206">
    <p class='ocr_par' dir='ltr' id='par_1_45' title="bbox 206 2159 994 2206">
     <span class='ocr_line' id='line_1_45' title="bbox 206 2159 994 2206; baseline 0.016 -20"><span class='ocrx_word' id='word_1_332' title='bbox 206 2159 278 2187; x_wconf 80' lang='lat' dir='ltr'><strong>illum</strong></span> <span class='ocrx_word' id='word_1_333' title='bbox 296 2163 422 2190; x_wconf 87' lang='lat' dir='ltr'><strong>evocabat</strong></span> <span class='ocrx_word' id='word_1_334' title='bbox 437 2165 488 2191; x_wconf 91' lang='lat' dir='ltr'><strong>vita</strong></span> <span class='ocrx_word' id='word_1_335' title='bbox 503 2166 545 2193; x_wconf 90' lang='lat' dir='ltr'><strong>illa</strong></span> <span class='ocrx_word' id='word_1_336' title='bbox 562 2168 752 2196; x_wconf 78' lang='lat' dir='ltr'><strong>monachorum</strong></span> <span class='ocrx_word' id='word_1_337' title='bbox 771 2171 900 2205; x_wconf 81' lang='lat' dir='ltr'><strong>angelica,</strong></span> <span class='ocrx_word' id='word_1_338' title='bbox 915 2180 994 2206; x_wconf 81' lang='lat' dir='ltr'><strong>quam</strong></span> 
     </span>
    </p>
   </div>
   <div class='ocr_carea' id='block_1_46' title="bbox 206 2209 994 2251">
    <p class='ocr_par' dir='ltr' id='par_1_46' title="bbox 206 2209 994 2251">
     <span class='ocr_line' id='line_1_46' title="bbox 206 2209 994 2251; baseline 0.016 -19"><span class='ocrx_word' id='word_1_339' title='bbox 206 2214 258 2233; x_wconf 91' lang='lat' dir='ltr'><strong>non</strong></span> <span class='ocrx_word' id='word_1_340' title='bbox 275 2209 357 2235; x_wconf 84' lang='lat' dir='ltr'><strong>semel</strong></span> <span class='ocrx_word' id='word_1_341' title='bbox 373 2210 428 2244; x_wconf 89' lang='lat' dir='ltr'><strong>ipse</strong></span> <span class='ocrx_word' id='word_1_342' title='bbox 443 2211 578 2240; x_wconf 80' lang='lat' dir='ltr'><strong>describit.</strong></span> <span class='ocrx_word' id='word_1_343' title='bbox 595 2213 633 2240; x_wconf 91' lang='lat' dir='ltr'><strong>llli</strong></span> <span class='ocrx_word' id='word_1_344' title='bbox 653 2223 779 2249; x_wconf 90' lang='lat' dir='ltr'><strong>namque,</strong></span> <span class='ocrx_word' id='word_1_345' title='bbox 794 2216 838 2251; x_wconf 92' lang='lat' dir='ltr'><strong>qui</strong></span> <span class='ocrx_word' id='word_1_346' title='bbox 859 2219 994 2245; x_wconf 78' lang='lat' dir='ltr'><strong>srccularia</strong></span> 
     </span>
    </p>
   </div>
   <div class='ocr_carea' id='block_1_47' title="bbox 206 2253 995 2298">
    <p class='ocr_par' dir='ltr' id='par_1_47' title="bbox 206 2253 995 2298">
     <span class='ocr_line' id='line_1_47' title="bbox 206 2253 995 2298; baseline 0.015 -20"><span class='ocrx_word' id='word_1_347' title='bbox 206 2253 294 2280; x_wconf 79' lang='lat' dir='ltr'><strong>omnia</strong></span> <span class='ocrx_word' id='word_1_348' title='bbox 305 2254 500 2288; x_wconf 84' lang='lat' dir='ltr'><strong>abdicaverant,</strong></span> <span class='ocrx_word' id='word_1_349' title='bbox 515 2257 560 2284; x_wconf 91' lang='lat' dir='ltr'><strong>ditt</strong></span> <span class='ocrx_word' id='word_1_350' title='bbox 579 2264 641 2286; x_wconf 90' lang='lat' dir='ltr'><strong>ante</strong></span> <span class='ocrx_word' id='word_1_351' title='bbox 656 2259 741 2287; x_wconf 81' lang='lat' dir='ltr'><strong>lucem</strong></span> <span class='ocrx_word' id='word_1_352' title='bbox 755 2261 871 2296; x_wconf 84' lang='lat' dir='ltr'><strong>quotidie</strong></span> <span class='ocrx_word' id='word_1_353' title='bbox 885 2270 995 2298; x_wconf 78' lang='lat' dir='ltr'><strong>surgere</strong></span> 
     </span>
    </p>
   </div>
   <div class='ocr_carea' id='block_1_48' title="bbox 205 2305 994 2340">
    <p class='ocr_par' dir='ltr' id='par_1_48' title="bbox 205 2305 994 2340">
     <span class='ocr_line' id='line_1_48' title="bbox 205 2305 994 2340; baseline 0.014 -14"><span class='ocrx_word' id='word_1_354' title='bbox 205 2305 408 2334; x_wconf 81' lang='lat' dir='ltr'><strong>consueverant,</strong></span> <span class='ocrx_word' id='word_1_355' title='bbox 423 2307 449 2330; x_wconf 88' lang='lat' dir='ltr'><strong>et</strong></span> <span class='ocrx_word' id='word_1_356' title='bbox 470 2311 521 2331; x_wconf 89' lang='lat' dir='ltr'><strong>uua</strong></span> <span class='ocrx_word' id='word_1_357' title='bbox 543 2305 646 2332; x_wconf 77' lang='lat' dir='ltr'><strong>eollecti</strong></span> <span class='ocrx_word' id='word_1_358' title='bbox 666 2313 758 2340; x_wconf 80' lang='lat' dir='ltr'><strong>preces</strong></span> <span class='ocrx_word' id='word_1_359' title='bbox 774 2307 922 2336; x_wconf 79' lang='lat' dir='ltr'><strong>fundebant</strong></span> <span class='ocrx_word' id='word_1_360' title='bbox 943 2309 994 2336; x_wconf 81' lang='lat' dir='ltr'><strong>llo-</strong></span> 
     </span>
    </p>
   </div>
   <div class='ocr_carea' id='block_1_49' title="bbox 206 2345 994 2388">
    <p class='ocr_par' dir='ltr' id='par_1_49' title="bbox 206 2345 994 2388">
     <span class='ocr_line' id='line_1_49' title="bbox 206 2345 994 2388; baseline 0.013 -17"><span class='ocrx_word' id='word_1_361' title='bbox 206 2345 278 2372; x_wconf 84' lang='lat' dir='ltr'><strong>Inino</strong></span> <span class='ocrx_word' id='word_1_362' title='bbox 298 2347 490 2382; x_wconf 83' lang='lat' dir='ltr'><strong>supplicantes,</strong></span> <span class='ocrx_word' id='word_1_363' title='bbox 515 2355 543 2377; x_wconf 92' lang='lat' dir='ltr'><strong>ut</strong></span> <span class='ocrx_word' id='word_1_364' title='bbox 567 2350 592 2377; x_wconf 90' lang='lat' dir='ltr'><strong>in</strong></span> <span class='ocrx_word' id='word_1_365' title='bbox 611 2351 699 2378; x_wconf 89' lang='lat' dir='ltr'><strong>medio</strong></span> <span class='ocrx_word' id='word_1_366' title='bbox 721 2352 898 2386; x_wconf 85' lang='lat' dir='ltr'><strong>periculorum</strong></span> <span class='ocrx_word' id='word_1_367' title='bbox 917 2353 994 2388; x_wconf 86' lang='lat' dir='ltr'><strong>hujus</strong></span> 
     </span>
    </p>
   </div>
   <div class='ocr_carea' id='block_1_50' title="bbox 205 2390 993 2427">
    <p class='ocr_par' dir='ltr' id='par_1_50' title="bbox 205 2390 993 2427">
     <span class='ocr_line' id='line_1_50' title="bbox 205 2390 993 2427; baseline 0.013 -11"><span class='ocrx_word' id='word_1_368' title='bbox 205 2390 268 2417; x_wconf 78' lang='lat' dir='ltr'><strong>vita:</strong></span> <span class='ocrx_word' id='word_1_369' title='bbox 281 2391 355 2419; x_wconf 63' lang='lat' dir='ltr'><strong>illicsi</strong></span> <span class='ocrx_word' id='word_1_370' title='bbox 369 2395 546 2427; x_wconf 68' lang='lat' dir='ltr'><strong>praeterirent,</strong></span> <span class='ocrx_word' id='word_1_371' title='bbox 558 2403 589 2423; x_wconf 89' lang='lat' dir='ltr'><strong>ac</strong></span> <span class='ocrx_word' id='word_1_372' title='bbox 604 2396 712 2423; x_wconf 88' lang='lat' dir='ltr'><strong>demum</strong></span> <span class='ocrx_word' id='word_1_373' title='bbox 726 2402 788 2424; x_wconf 88' lang='lat' dir='ltr'><strong>ante</strong></span> <span class='ocrx_word' id='word_1_374' title='bbox 798 2398 916 2426; x_wconf 83' lang='lat' dir='ltr'><strong>tribunal</strong></span> <span class='ocrx_word' id='word_1_375' title='bbox 929 2400 993 2427; x_wconf 88' lang='lat' dir='ltr'><strong>illud</strong></span> 
     </span>
    </p>
   </div>
   <div class='ocr_carea' id='block_1_51' title="bbox 202 2436 995 2467">
    <p class='ocr_par' dir='ltr' id='par_1_51' title="bbox 202 2436 995 2467">
     <span class='ocr_line' id='line_1_51' title="bbox 202 2436 995 2467; baseline 0.008 -6"><span class='ocrx_word' id='word_1_376' title='bbox 202 2440 352 2461; x_wconf 76' lang='lat' dir='ltr'><strong>extremum</strong></span> <span class='ocrx_word' id='word_1_377' title='bbox 370 2436 429 2463; x_wconf 85' lang='lat' dir='ltr'><strong>sine</strong></span> <span class='ocrx_word' id='word_1_378' title='bbox 451 2442 522 2463; x_wconf 91' lang='lat' dir='ltr'><strong>metu</strong></span> <span class='ocrx_word' id='word_1_379' title='bbox 549 2442 577 2463; x_wconf 87' lang='lat' dir='ltr'><strong>et</strong></span> <span class='ocrx_word' id='word_1_380' title='bbox 599 2437 698 2464; x_wconf 87' lang='lat' dir='ltr'><strong>damno</strong></span> <span class='ocrx_word' id='word_1_381' title='bbox 720 2438 889 2466; x_wconf 84' lang='lat' dir='ltr'><strong>accederent.</strong></span> <span class='ocrx_word' id='word_1_382' title='bbox 905 2439 995 2467; x_wconf 84' lang='lat' dir='ltr'><strong>Tunc-</strong></span> 
     </span>
    </p>
   </div>
   <div class='ocr_carea' id='block_1_52' title="bbox 201 2482 997 2518">
    <p class='ocr_par' dir='ltr' id='par_1_52' title="bbox 201 2482 997 2518">
     <span class='ocr_line' id='line_1_52' title="bbox 201 2482 997 2518; baseline 0.006 -10"><span class='ocrx_word' id='word_1_383' title='bbox 201 2490 255 2517; x_wconf 86' lang='lat' dir='ltr'><strong>que</strong></span> <span class='ocrx_word' id='word_1_384' title='bbox 276 2487 417 2517; x_wconf 72' lang='lat' dir='ltr'><strong>snrgeutes</strong></span> <span class='ocrx_word' id='word_1_385' title='bbox 437 2482 517 2509; x_wconf 88' lang='lat' dir='ltr'><strong>horas</strong></span> <span class='ocrx_word' id='word_1_386' title='bbox 532 2484 675 2510; x_wconf 86' lang='lat' dir='ltr'><strong>matutinas</strong></span> <span class='ocrx_word' id='word_1_387' title='bbox 691 2484 851 2518; x_wconf 82' lang='lat' dir='ltr'><strong>psallebant,</strong></span> <span class='ocrx_word' id='word_1_388' title='bbox 876 2494 923 2513; x_wconf 85' lang='lat' dir='ltr'><strong>nec</strong></span> <span class='ocrx_word' id='word_1_389' title='bbox 939 2494 997 2513; x_wconf 83' lang='lat' dir='ltr'><strong>mo-</strong></span> 
     </span>
    </p>
   </div>
   <div class='ocr_carea' id='block_1_53' title="bbox 202 2528 995 2566">
    <p class='ocr_par' dir='ltr' id='par_1_53' title="bbox 202 2528 995 2566">
     <span class='ocr_line' id='line_1_53' title="bbox 202 2528 995 2566; baseline 0.005 -10"><span class='ocrx_word' id='word_1_390' title='bbox 202 2528 264 2556; x_wconf 74' lang='lat' dir='ltr'><strong>dico</strong></span> <span class='ocrx_word' id='word_1_391' title='bbox 291 2529 316 2555; x_wconf 92' lang='lat' dir='ltr'><strong>in</strong></span> <span class='ocrx_word' id='word_1_392' title='bbox 343 2528 385 2556; x_wconf 89' lang='lat' dir='ltr'><strong>his</strong></span> <span class='ocrx_word' id='word_1_393' title='bbox 404 2529 498 2557; x_wconf 81' lang='lat' dir='ltr'><strong>officiis</strong></span> <span class='ocrx_word' id='word_1_394' title='bbox 524 2531 658 2566; x_wconf 73' lang='lat' dir='ltr'><strong>insumpta</strong></span> <span class='ocrx_word' id='word_1_395' title='bbox 681 2536 812 2566; x_wconf 88' lang='lat' dir='ltr'><strong>tetnporc,</strong></span> <span class='ocrx_word' id='word_1_396' title='bbox 828 2533 860 2560; x_wconf 89' lang='lat' dir='ltr'><strong>ad</strong></span> <span class='ocrx_word' id='word_1_397' title='bbox 877 2534 995 2561; x_wconf 87' lang='lat' dir='ltr'><strong>laborem</strong></span> 
     </span>
    </p>
   </div>
   <div class='ocr_carea' id='block_1_54' title="bbox 203 2575 996 2613">
    <p class='ocr_par' dir='ltr' id='par_1_54' title="bbox 203 2575 996 2613">
     <span class='ocr_line' id='line_1_54' title="bbox 203 2575 996 2613; baseline 0.006 -11"><span class='ocrx_word' id='word_1_398' title='bbox 203 2583 331 2602; x_wconf 73' lang='lat' dir='ltr'><strong>manuum</strong></span> <span class='ocrx_word' id='word_1_399' title='bbox 348 2575 537 2609; x_wconf 78' lang='lat' dir='ltr'><strong>properabant.</strong></span> <span class='ocrx_word' id='word_1_400' title='bbox 556 2576 623 2603; x_wconf 88' lang='lat' dir='ltr'><strong>Tum</strong></span> <span class='ocrx_word' id='word_1_401' title='bbox 644 2577 688 2604; x_wconf 83' lang='lat' dir='ltr'><strong>alii</strong></span> <span class='ocrx_word' id='word_1_402' title='bbox 711 2583 809 2606; x_wconf 78' lang='lat' dir='ltr'><strong>[errant</strong></span> <span class='ocrx_word' id='word_1_403' title='bbox 833 2579 934 2613; x_wconf 79' lang='lat' dir='ltr'><strong>fodere,</strong></span> <span class='ocrx_word' id='word_1_404' title='bbox 951 2582 996 2609; x_wconf 89' lang='lat' dir='ltr'><strong>alii</strong></span> 
     </span>
    </p>
   </div>
   <div class='ocr_carea' id='block_1_55' title="bbox 202 2620 996 2660">
    <p class='ocr_par' dir='ltr' id='par_1_55' title="bbox 202 2620 996 2660">
     <span class='ocr_line' id='line_1_55' title="bbox 202 2620 996 2660; baseline 0.01 -14"><span class='ocrx_word' id='word_1_405' title='bbox 202 2621 276 2647; x_wconf 89' lang='lat' dir='ltr'><strong>olera</strong></span> <span class='ocrx_word' id='word_1_406' title='bbox 297 2625 325 2647; x_wconf 85' lang='lat' dir='ltr'><strong>et</strong></span> <span class='ocrx_word' id='word_1_407' title='bbox 346 2620 479 2654; x_wconf 79' lang='lat' dir='ltr'><strong>legumina</strong></span> <span class='ocrx_word' id='word_1_408' title='bbox 502 2630 611 2655; x_wconf 81' lang='lat' dir='ltr'><strong>curare,</strong></span> <span class='ocrx_word' id='word_1_409' title='bbox 637 2623 681 2650; x_wconf 82' lang='lat' dir='ltr'><strong>alii</strong></span> <span class='ocrx_word' id='word_1_410' title='bbox 702 2632 797 2658; x_wconf 85' lang='lat' dir='ltr'><strong>aquam</strong></span> <span class='ocrx_word' id='word_1_411' title='bbox 819 2632 934 2660; x_wconf 82' lang='lat' dir='ltr'><strong>gestare,</strong></span> <span class='ocrx_word' id='word_1_412' title='bbox 952 2628 996 2655; x_wconf 90' lang='lat' dir='ltr'><strong>alii</strong></span> 
     </span>
    </p>
   </div>
   <div class='ocr_carea' id='block_1_56' title="bbox 202 2666 997 2703">
    <p class='ocr_par' dir='ltr' id='par_1_56' title="bbox 202 2666 997 2703">
     <span class='ocr_line' id='line_1_56' title="bbox 202 2666 997 2703; baseline 0.01 -12"><span class='ocrx_word' id='word_1_413' title='bbox 202 2666 284 2692; x_wconf 67' lang='lat' dir='ltr'><strong>cistas</strong></span> <span class='ocrx_word' id='word_1_414' title='bbox 309 2672 335 2693; x_wconf 89' lang='lat' dir='ltr'><strong>et</strong></span> <span class='ocrx_word' id='word_1_415' title='bbox 362 2667 449 2694; x_wconf 86' lang='lat' dir='ltr'><strong>cilicia</strong></span> <span class='ocrx_word' id='word_1_416' title='bbox 477 2668 581 2703; x_wconf 84' lang='lat' dir='ltr'><strong>aliaque</strong></span> <span class='ocrx_word' id='word_1_417' title='bbox 609 2669 760 2703; x_wconf 79' lang='lat' dir='ltr'><strong>hujusntodi</strong></span> <span class='ocrx_word' id='word_1_418' title='bbox 789 2676 881 2699; x_wconf 78' lang='lat' dir='ltr'><strong>texere</strong></span> <span class='ocrx_word' id='word_1_419' title='bbox 911 2682 917 2698; x_wconf 88' lang='lat'>:</span> <span class='ocrx_word' id='word_1_420' title='bbox 948 2681 997 2700; x_wconf 82' lang='lat' dir='ltr'><strong>nec</strong></span> 
     </span>
    </p>
   </div>
   <div class='ocr_carea' id='block_1_57' title="bbox 202 2711 997 2748">
    <p class='ocr_par' dir='ltr' id='par_1_57' title="bbox 202 2711 997 2748">
     <span class='ocr_line' id='line_1_57' title="bbox 202 2711 997 2748; baseline 0.01 -11"><span class='ocrx_word' id='word_1_421' title='bbox 202 2711 314 2738; x_wconf 81' lang='lat' dir='ltr'><strong>deerant</strong></span> <span class='ocrx_word' id='word_1_422' title='bbox 338 2713 384 2748; x_wconf 88' lang='lat' dir='ltr'><strong>qtti</strong></span> <span class='ocrx_word' id='word_1_423' title='bbox 413 2713 488 2740; x_wconf 88' lang='lat' dir='ltr'><strong>libris</strong></span> <span class='ocrx_word' id='word_1_424' title='bbox 510 2716 660 2742; x_wconf 72' lang='lat' dir='ltr'><strong>scribendis</strong></span> <span class='ocrx_word' id='word_1_425' title='bbox 688 2721 714 2742; x_wconf 88' lang='lat' dir='ltr'><strong>cl</strong></span> <span class='ocrx_word' id='word_1_426' title='bbox 739 2718 924 2744; x_wconf 79' lang='lat' dir='ltr'><strong>cxscribemlis</strong></span> <span class='ocrx_word' id='word_1_427' title='bbox 948 2719 997 2745; x_wconf 88' lang='lat' dir='ltr'><strong>da-</strong></span> 
     </span>
    </p>
   </div>
   <div class='ocr_carea' id='block_1_58' title="bbox 204 2759 996 2795">
    <p class='ocr_par' dir='ltr' id='par_1_58' title="bbox 204 2759 996 2795">
     <span class='ocr_line' id='line_1_58' title="bbox 204 2759 996 2795; baseline 0.008 -10"><span class='ocrx_word' id='word_1_428' title='bbox 204 2764 263 2785; x_wconf 89' lang='lat' dir='ltr'><strong>rcnt</strong></span> <span class='ocrx_word' id='word_1_429' title='bbox 279 2767 386 2793; x_wconf 82' lang='lat' dir='ltr'><strong>operam</strong></span> <span class='ocrx_word' id='word_1_430' title='bbox 404 2759 447 2795; x_wconf 87' lang='lat' dir='ltr'><strong>(T.</strong></span> <span class='ocrx_word' id='word_1_431' title='bbox 463 2761 488 2787; x_wconf 92' lang='grc'><strong>7.</strong></span> <span class='ocrx_word' id='word_1_432' title='bbox 504 2769 527 2787; x_wconf 76' lang='lat' dir='ltr'><strong>r.</strong></span> <span class='ocrx_word' id='word_1_433' title='bbox 544 2762 606 2789; x_wconf 79' lang='grc'><strong>615.</strong></span> <span class='ocrx_word' id='word_1_434' title='bbox 622 2771 647 2788; x_wconf 87' lang='lat' dir='ltr'><strong>n.</strong></span> <span class='ocrx_word' id='word_1_435' title='bbox 665 2763 691 2789; x_wconf 81' lang='lat'><strong>5.</strong></span> <span class='ocrx_word' id='word_1_436' title='bbox 707 2763 769 2790; x_wconf 71' lang='lat' dir='ltr'><strong>(ibi.</strong></span> <span class='ocrx_word' id='word_1_437' title='bbox 786 2772 811 2790; x_wconf 81' lang='grc' dir='ltr'>ιι.</span> <span class='ocrx_word' id='word_1_438' title='bbox 835 2764 861 2791; x_wconf 78' lang='grc'><strong>5.</strong></span> <span class='ocrx_word' id='word_1_439' title='bbox 879 2765 909 2790; x_wconf 86' lang='grc' dir='ltr'><strong>Τ.</strong></span> <span class='ocrx_word' id='word_1_440' title='bbox 934 2766 954 2792; x_wconf 88' lang='grc'><strong>1.</strong></span> <span class='ocrx_word' id='word_1_441' title='bbox 972 2774 996 2791; x_wconf 81' lang='lat' dir='ltr'><strong>r.</strong></span> 
     </span>
    </p>
   </div>
   <div class='ocr_carea' id='block_1_59' title="bbox 203 2804 355 2840">
    <p class='ocr_par' dir='ltr' id='par_1_59' title="bbox 203 2804 355 2840">
     <span class='ocr_line' id='line_1_59' title="bbox 203 2804 355 2840; baseline 0.02 -11"><span class='ocrx_word' id='word_1_442' title='bbox 203 2804 265 2830; x_wconf 66' lang='grc' dir='ltr'><strong>διδ.</strong></span> <span class='ocrx_word' id='word_1_443' title='bbox 277 2813 302 2831; x_wconf 84' lang='grc' dir='ltr'><strong>η.</strong></span> <span class='ocrx_word' id='word_1_444' title='bbox 317 2806 355 2840; x_wconf 74' lang='lat'><strong>5).</strong></span> 
     </span>
    </p>
   </div>
   <div class='ocr_carea' id='block_1_60' title="bbox 237 2851 991 2888">
    <p class='ocr_par' dir='ltr' id='par_1_60' title="bbox 237 2851 991 2888">
     <span class='ocr_line' id='line_1_60' title="bbox 237 2851 991 2888; baseline 0.003 -9"><span class='ocrx_word' id='word_1_445' title='bbox 237 2851 343 2879; x_wconf 72' lang='lat' dir='ltr'><strong>Partem</strong></span> <span class='ocrx_word' id='word_1_446' title='bbox 378 2855 456 2881; x_wconf 84' lang='lat' dir='ltr'><strong>etiam</strong></span> <span class='ocrx_word' id='word_1_447' title='bbox 492 2854 680 2881; x_wconf 81' lang='lat' dir='ltr'><strong>matutinarItm</strong></span> <span class='ocrx_word' id='word_1_448' title='bbox 717 2855 842 2882; x_wconf 83' lang='lat' dir='ltr'><strong>horarum</strong></span> <span class='ocrx_word' id='word_1_449' title='bbox 875 2855 991 2888; x_wconf 67' lang='lat' dir='ltr'><strong>legendis</strong></span> 
     </span>
    </p>
   </div>
   <div class='ocr_carea' id='block_1_61' title="bbox 1053 203 1849 239">
    <p class='ocr_par' dir='ltr' id='par_1_61' title="bbox 1053 203 1849 239">
     <span class='ocr_line' id='line_1_61' title="bbox 1053 203 1849 239; baseline 0.001 -8"><span class='ocrx_word' id='word_1_450' title='bbox 1053 204 1080 231; x_wconf 89' lang='lat' dir='ltr'><strong>S.</strong></span> <span class='ocrx_word' id='word_1_451' title='bbox 1095 204 1238 238; x_wconf 68' lang='lat' dir='ltr'><strong>Scriptum</strong></span> <span class='ocrx_word' id='word_1_452' title='bbox 1253 203 1326 230; x_wconf 72' lang='lat' dir='ltr'><strong>libris</strong></span> <span class='ocrx_word' id='word_1_453' title='bbox 1340 203 1505 230; x_wconf 77' lang='lat' dir='ltr'><strong>insunirhaut</strong></span> <span class='ocrx_word' id='word_1_454' title='bbox 1519 226 1525 236; x_wconf 84' lang='lat'><strong>,</strong></span> <span class='ocrx_word' id='word_1_455' title='bbox 1544 204 1658 238; x_wconf 74' lang='lat' dir='ltr'><strong>Indeque</strong></span> <span class='ocrx_word' id='word_1_456' title='bbox 1671 205 1797 239; x_wconf 75' lang='lat' dir='ltr'><strong>quidquid</strong></span> <span class='ocrx_word' id='word_1_457' title='bbox 1815 207 1849 233; x_wconf 85' lang='lat' dir='ltr'><strong>ad</strong></span> 
     </span>
    </p>
   </div>
   <div class='ocr_carea' id='block_1_62' title="bbox 1054 249 1840 283">
    <p class='ocr_par' dir='ltr' id='par_1_62' title="bbox 1054 249 1840 283">
     <span class='ocr_line' id='line_1_62' title="bbox 1054 249 1840 283; baseline 0.003 -7"><span class='ocrx_word' id='word_1_458' title='bbox 1054 249 1196 276; x_wconf 84' lang='lat' dir='ltr'><strong>severioris</strong></span> <span class='ocrx_word' id='word_1_459' title='bbox 1222 249 1370 283; x_wconf 79' lang='lat' dir='ltr'><strong>disciplina:</strong></span> <span class='ocrx_word' id='word_1_460' title='bbox 1396 250 1479 283; x_wconf 84' lang='lat' dir='ltr'><strong>legem</strong></span> <span class='ocrx_word' id='word_1_461' title='bbox 1504 251 1647 283; x_wconf 73' lang='lat' dir='ltr'><strong>pertineret</strong></span> <span class='ocrx_word' id='word_1_462' title='bbox 1671 250 1840 278; x_wconf 85' lang='lat' dir='ltr'><strong>hauriebam.</strong></span> 
     </span>
    </p>
   </div>
   <div class='ocr_carea' id='block_1_63' title="bbox 1055 294 1847 330">
    <p class='ocr_par' dir='ltr' id='par_1_63' title="bbox 1055 294 1847 330">
     <span class='ocr_line' id='line_1_63' title="bbox 1055 294 1847 330; baseline 0.001 -9"><span class='ocrx_word' id='word_1_463' title='bbox 1055 294 1176 322; x_wconf 70' lang='lat' dir='ltr'><strong>Univcrsi</strong></span> <span class='ocrx_word' id='word_1_464' title='bbox 1192 302 1282 330; x_wconf 83' lang='lat' dir='ltr'><strong>porro,</strong></span> <span class='ocrx_word' id='word_1_465' title='bbox 1299 300 1354 321; x_wconf 88' lang='lat' dir='ltr'><strong>tum</strong></span> <span class='ocrx_word' id='word_1_466' title='bbox 1369 295 1385 321; x_wconf 89' lang='lat' dir='ltr'><strong>ii</strong></span> <span class='ocrx_word' id='word_1_467' title='bbox 1401 295 1443 329; x_wconf 86' lang='lat' dir='ltr'><strong>qui</strong></span> <span class='ocrx_word' id='word_1_468' title='bbox 1456 295 1610 322; x_wconf 69' lang='lat' dir='ltr'><strong>excolenda:</strong></span> <span class='ocrx_word' id='word_1_469' title='bbox 1627 300 1705 322; x_wconf 80' lang='lat' dir='ltr'><strong>teme</strong></span> <span class='ocrx_word' id='word_1_470' title='bbox 1719 297 1847 323; x_wconf 65' lang='lat' dir='ltr'><strong>exet-rixio</strong></span> 
     </span>
    </p>
   </div>
   <div class='ocr_carea' id='block_1_64' title="bbox 1053 340 1845 376">
    <p class='ocr_par' dir='ltr' id='par_1_64' title="bbox 1053 340 1845 376">
     <span class='ocr_line' id='line_1_64' title="bbox 1053 340 1845 376; baseline 0.005 -9"><span class='ocrx_word' id='word_1_471' title='bbox 1053 347 1113 368; x_wconf 85' lang='lat' dir='ltr'><strong>sese</strong></span> <span class='ocrx_word' id='word_1_472' title='bbox 1126 340 1264 372; x_wconf 83' lang='lat' dir='ltr'><strong>dederant,</strong></span> <span class='ocrx_word' id='word_1_473' title='bbox 1287 345 1342 367; x_wconf 88' lang='lat' dir='ltr'><strong>ttttn</strong></span> <span class='ocrx_word' id='word_1_474' title='bbox 1362 341 1407 368; x_wconf 90' lang='lat' dir='ltr'><strong>alii</strong></span> <span class='ocrx_word' id='word_1_475' title='bbox 1428 342 1471 376; x_wconf 91' lang='lat' dir='ltr'><strong>qui</strong></span> <span class='ocrx_word' id='word_1_476' title='bbox 1495 342 1521 368; x_wconf 93' lang='lat' dir='ltr'><strong>in</strong></span> <span class='ocrx_word' id='word_1_477' title='bbox 1542 341 1646 369; x_wconf 86' lang='lat' dir='ltr'><strong>cellulis</strong></span> <span class='ocrx_word' id='word_1_478' title='bbox 1667 343 1723 369; x_wconf 87' lang='lat' dir='ltr'><strong>suis</strong></span> <span class='ocrx_word' id='word_1_479' title='bbox 1740 344 1845 371; x_wconf 84' lang='lat' dir='ltr'><strong>texendi</strong></span> 
     </span>
    </p>
   </div>
   <div class='ocr_carea' id='block_1_65' title="bbox 1054 385 1847 422">
    <p class='ocr_par' dir='ltr' id='par_1_65' title="bbox 1054 385 1847 422">
     <span class='ocr_line' id='line_1_65' title="bbox 1054 385 1847 422; baseline 0.004 -10"><span class='ocrx_word' id='word_1_480' title='bbox 1054 385 1095 413; x_wconf 80' lang='lat' dir='ltr'><strong>Vrl</strong></span> <span class='ocrx_word' id='word_1_481' title='bbox 1110 386 1257 412; x_wconf 85' lang='lat' dir='ltr'><strong>consuendi</strong></span> <span class='ocrx_word' id='word_1_482' title='bbox 1273 387 1388 414; x_wconf 84' lang='lat' dir='ltr'><strong>oflicium</strong></span> <span class='ocrx_word' id='word_1_483' title='bbox 1408 387 1581 422; x_wconf 78' lang='lat' dir='ltr'><strong>peragebant,</strong></span> <span class='ocrx_word' id='word_1_484' title='bbox 1598 392 1727 422; x_wconf 85' lang='lat' dir='ltr'><strong>perpetuo</strong></span> <span class='ocrx_word' id='word_1_485' title='bbox 1739 389 1847 416; x_wconf 85' lang='lat' dir='ltr'><strong>silentio</strong></span> 
     </span>
    </p>
   </div>
   <div class='ocr_carea' id='block_1_66' title="bbox 1053 431 1254 459">
    <p class='ocr_par' dir='ltr' id='par_1_66' title="bbox 1053 431 1254 459">
     <span class='ocr_line' id='line_1_66' title="bbox 1053 431 1254 459; baseline 0 -1"><span class='ocrx_word' id='word_1_486' title='bbox 1053 431 1151 458; x_wconf 82' lang='lat' dir='ltr'><strong>addicti</strong></span> <span class='ocrx_word' id='word_1_487' title='bbox 1165 436 1254 459; x_wconf 88' lang='lat' dir='ltr'><strong>erant.</strong></span> 
     </span>
    </p>
   </div>
   <div class='ocr_carea' id='block_1_67' title="bbox 1089 476 1846 513">
    <p class='ocr_par' dir='ltr' id='par_1_67' title="bbox 1089 476 1846 513">
     <span class='ocr_line' id='line_1_67' title="bbox 1089 476 1846 513; baseline 0.004 -9"><span class='ocrx_word' id='word_1_488' title='bbox 1089 476 1116 504; x_wconf 90' lang='lat' dir='ltr'><strong>Si</strong></span> <span class='ocrx_word' id='word_1_489' title='bbox 1131 482 1218 504; x_wconf 86' lang='lat' dir='ltr'><strong>tamen</strong></span> <span class='ocrx_word' id='word_1_490' title='bbox 1231 477 1372 505; x_wconf 72' lang='lat' dir='ltr'><strong>smculares</strong></span> <span class='ocrx_word' id='word_1_491' title='bbox 1383 477 1473 513; x_wconf 82' lang='lat' dir='ltr'><strong>aliqui,</strong></span> <span class='ocrx_word' id='word_1_492' title='bbox 1489 483 1542 506; x_wconf 88' lang='lat' dir='ltr'><strong>tam</strong></span> <span class='ocrx_word' id='word_1_493' title='bbox 1559 483 1661 506; x_wconf 71' lang='lat' dir='ltr'><strong>sanctm</strong></span> <span class='ocrx_word' id='word_1_494' title='bbox 1672 500 1679 512; x_wconf 93' lang='lat'><strong>,</strong></span> <span class='ocrx_word' id='word_1_495' title='bbox 1696 484 1750 506; x_wconf 90' lang='lat' dir='ltr'><strong>tam</strong></span> <span class='ocrx_word' id='word_1_496' title='bbox 1765 485 1846 507; x_wconf 77' lang='lat' dir='ltr'><strong>arcta:</strong></span> 
     </span>
    </p>
   </div>
   <div class='ocr_carea' id='block_1_68' title="bbox 1053 522 1843 558">
    <p class='ocr_par' dir='ltr' id='par_1_68' title="bbox 1053 522 1843 558">
     <span class='ocr_line' id='line_1_68' title="bbox 1053 522 1843 558; baseline 0.005 -10"><span class='ocrx_word' id='word_1_497' title='bbox 1053 522 1114 549; x_wconf 77' lang='lat' dir='ltr'><strong>vita:</strong></span> <span class='ocrx_word' id='word_1_498' title='bbox 1135 523 1203 549; x_wconf 85' lang='lat' dir='ltr'><strong>fama</strong></span> <span class='ocrx_word' id='word_1_499' title='bbox 1224 523 1348 557; x_wconf 86' lang='lat' dir='ltr'><strong>permoti,</strong></span> <span class='ocrx_word' id='word_1_500' title='bbox 1369 523 1401 550; x_wconf 90' lang='lat' dir='ltr'><strong>ad</strong></span> <span class='ocrx_word' id='word_1_501' title='bbox 1420 523 1529 551; x_wconf 88' lang='lat' dir='ltr'><strong>cellulas</strong></span> <span class='ocrx_word' id='word_1_502' title='bbox 1552 532 1644 551; x_wconf 89' lang='lat' dir='ltr'><strong>eorum</strong></span> <span class='ocrx_word' id='word_1_503' title='bbox 1667 525 1843 558; x_wconf 84' lang='lat' dir='ltr'><strong>accederent;</strong></span> 
     </span>
    </p>
   </div>
   <div class='ocr_carea' id='block_1_69' title="bbox 1054 567 1845 605">
    <p class='ocr_par' dir='ltr' id='par_1_69' title="bbox 1054 567 1845 605">
     <span class='ocr_line' id='line_1_69' title="bbox 1054 567 1845 605; baseline 0.005 -11"><span class='ocrx_word' id='word_1_504' title='bbox 1054 574 1105 594; x_wconf 93' lang='lat' dir='ltr'><strong>non</strong></span> <span class='ocrx_word' id='word_1_505' title='bbox 1124 567 1179 603; x_wconf 88' lang='lat' dir='ltr'><strong>jam</strong></span> <span class='ocrx_word' id='word_1_506' title='bbox 1199 568 1322 596; x_wconf 88' lang='lat' dir='ltr'><strong>tacebant</strong></span> <span class='ocrx_word' id='word_1_507' title='bbox 1339 569 1386 602; x_wconf 87' lang='lat' dir='ltr'><strong>illi,</strong></span> <span class='ocrx_word' id='word_1_508' title='bbox 1407 569 1454 597; x_wconf 90' lang='lat' dir='ltr'><strong>sed</strong></span> <span class='ocrx_word' id='word_1_509' title='bbox 1471 570 1505 596; x_wconf 88' lang='lat' dir='ltr'><strong>de</strong></span> <span class='ocrx_word' id='word_1_510' title='bbox 1527 570 1558 597; x_wconf 89' lang='lat' dir='ltr'><strong>iis</strong></span> <span class='ocrx_word' id='word_1_511' title='bbox 1571 578 1630 605; x_wconf 77' lang='lat' dir='ltr'><strong>qua:</strong></span> <span class='ocrx_word' id='word_1_512' title='bbox 1652 571 1684 597; x_wconf 89' lang='lat' dir='ltr'><strong>ad</strong></span> <span class='ocrx_word' id='word_1_513' title='bbox 1706 572 1845 605; x_wconf 84' lang='lat' dir='ltr'><strong>pra-sentis</strong></span> 
     </span>
    </p>
   </div>
   <div class='ocr_carea' id='block_1_70' title="bbox 1052 613 1845 649">
    <p class='ocr_par' dir='ltr' id='par_1_70' title="bbox 1052 613 1845 649">
     <span class='ocr_line' id='line_1_70' title="bbox 1052 613 1845 649; baseline 0.005 -10"><span class='ocrx_word' id='word_1_514' title='bbox 1052 613 1114 640; x_wconf 71' lang='lat' dir='ltr'><strong>vita:</strong></span> <span class='ocrx_word' id='word_1_515' title='bbox 1130 618 1309 648; x_wconf 88' lang='lat' dir='ltr'><strong>contempttttn</strong></span> <span class='ocrx_word' id='word_1_516' title='bbox 1322 619 1349 641; x_wconf 86' lang='lat' dir='ltr'><strong>et</strong></span> <span class='ocrx_word' id='word_1_517' title='bbox 1365 614 1459 641; x_wconf 76' lang='lat' dir='ltr'><strong>futura:</strong></span> <span class='ocrx_word' id='word_1_518' title='bbox 1474 615 1777 649; x_wconf 56' lang='lat' dir='ltr'><strong>beata‘quedcsiderium</strong></span> <span class='ocrx_word' id='word_1_519' title='bbox 1788 617 1845 643; x_wconf 83' lang='lat' dir='ltr'><strong>alli-</strong></span> 
     </span>
    </p>
   </div>
   <div class='ocr_carea' id='block_1_71' title="bbox 1053 659 1844 692">
    <p class='ocr_par' dir='ltr' id='par_1_71' title="bbox 1053 659 1844 692">
     <span class='ocr_line' id='line_1_71' title="bbox 1053 659 1844 692; baseline 0.006 -7"><span class='ocrx_word' id='word_1_520' title='bbox 1053 665 1115 686; x_wconf 85' lang='lat' dir='ltr'><strong>cere</strong></span> <span class='ocrx_word' id='word_1_521' title='bbox 1136 664 1258 692; x_wconf 87' lang='lat' dir='ltr'><strong>poterant</strong></span> <span class='ocrx_word' id='word_1_522' title='bbox 1274 659 1342 687; x_wconf 88' lang='lat' dir='ltr'><strong>haud</strong></span> <span class='ocrx_word' id='word_1_523' title='bbox 1364 660 1496 687; x_wconf 87' lang='lat' dir='ltr'><strong>illibeutcr</strong></span> <span class='ocrx_word' id='word_1_524' title='bbox 1517 661 1596 688; x_wconf 85' lang='lat' dir='ltr'><strong>verba</strong></span> <span class='ocrx_word' id='word_1_525' title='bbox 1610 661 1751 688; x_wconf 82' lang='lat' dir='ltr'><strong>faciebant.</strong></span> <span class='ocrx_word' id='word_1_526' title='bbox 1769 662 1844 690; x_wconf 81' lang='lat' dir='ltr'><strong>Unde</strong></span> 
     </span>
    </p>
   </div>
   <div class='ocr_carea' id='block_1_72' title="bbox 1053 704 1843 741">
    <p class='ocr_par' dir='ltr' id='par_1_72' title="bbox 1053 704 1843 741">
     <span class='ocr_line' id='line_1_72' title="bbox 1053 704 1843 741; baseline 0.006 -11"><span class='ocrx_word' id='word_1_527' title='bbox 1053 704 1185 731; x_wconf 89' lang='lat' dir='ltr'><strong>interdum</strong></span> <span class='ocrx_word' id='word_1_528' title='bbox 1209 705 1357 738; x_wconf 85' lang='lat' dir='ltr'><strong>accidebat,</strong></span> <span class='ocrx_word' id='word_1_529' title='bbox 1381 711 1410 733; x_wconf 94' lang='lat' dir='ltr'><strong>ut</strong></span> <span class='ocrx_word' id='word_1_530' title='bbox 1432 707 1449 733; x_wconf 94' lang='lat' dir='ltr'><strong>ii</strong></span> <span class='ocrx_word' id='word_1_531' title='bbox 1473 707 1517 741; x_wconf 92' lang='lat' dir='ltr'><strong>qui</strong></span> <span class='ocrx_word' id='word_1_532' title='bbox 1541 706 1590 734; x_wconf 92' lang='lat' dir='ltr'><strong>hos</strong></span> <span class='ocrx_word' id='word_1_533' title='bbox 1615 708 1745 734; x_wconf 85' lang='lat' dir='ltr'><strong>inviscndi</strong></span> <span class='ocrx_word' id='word_1_534' title='bbox 1765 716 1843 735; x_wconf 87' lang='lat' dir='ltr'><strong>causa</strong></span> 
     </span>
    </p>
   </div>
   <div class='ocr_carea' id='block_1_73' title="bbox 1052 751 1843 788">
    <p class='ocr_par' dir='ltr' id='par_1_73' title="bbox 1052 751 1843 788">
     <span class='ocr_line' id='line_1_73' title="bbox 1052 751 1843 788; baseline 0.006 -12"><span class='ocrx_word' id='word_1_535' title='bbox 1052 753 1155 776; x_wconf 84' lang='lat' dir='ltr'><strong>tantum</strong></span> <span class='ocrx_word' id='word_1_536' title='bbox 1177 755 1316 782; x_wconf 83' lang='lat' dir='ltr'><strong>venerant,</strong></span> <span class='ocrx_word' id='word_1_537' title='bbox 1339 751 1384 778; x_wconf 90' lang='lat' dir='ltr'><strong>illo</strong></span> <span class='ocrx_word' id='word_1_538' title='bbox 1406 751 1520 786; x_wconf 84' lang='lat' dir='ltr'><strong>perculsi</strong></span> <span class='ocrx_word' id='word_1_539' title='bbox 1542 753 1706 786; x_wconf 80' lang='lat' dir='ltr'><strong>spectaculo,</strong></span> <span class='ocrx_word' id='word_1_540' title='bbox 1729 753 1843 788; x_wconf 84' lang='lat' dir='ltr'><strong>idipstttn</strong></span> 
     </span>
    </p>
   </div>
   <div class='ocr_carea' id='block_1_74' title="bbox 1052 795 1459 831">
    <p class='ocr_par' dir='ltr' id='par_1_74' title="bbox 1052 795 1459 831">
     <span class='ocr_line' id='line_1_74' title="bbox 1052 795 1459 831; baseline 0.005 -10"><span class='ocrx_word' id='word_1_541' title='bbox 1052 795 1114 822; x_wconf 78' lang='lat' dir='ltr'><strong>vite</strong></span> <span class='ocrx_word' id='word_1_542' title='bbox 1127 803 1210 830; x_wconf 82' lang='lat' dir='ltr'><strong>genus</strong></span> <span class='ocrx_word' id='word_1_543' title='bbox 1224 797 1459 831; x_wconf 86' lang='lat' dir='ltr'><strong>amplecterentur.</strong></span> 
     </span>
    </p>
   </div>
   <div class='ocr_carea' id='block_1_75' title="bbox 1089 840 1840 880">
    <p class='ocr_par' dir='ltr' id='par_1_75' title="bbox 1089 840 1840 880">
     <span class='ocr_line' id='line_1_75' title="bbox 1089 840 1840 880; baseline 0.008 -13"><span class='ocrx_word' id='word_1_544' title='bbox 1089 840 1150 868; x_wconf 86' lang='lat' dir='ltr'><strong>Dies</strong></span> <span class='ocrx_word' id='word_1_545' title='bbox 1169 841 1195 868; x_wconf 87' lang='lat' dir='ltr'><strong>iu</strong></span> <span class='ocrx_word' id='word_1_546' title='bbox 1211 847 1300 876; x_wconf 89' lang='lat' dir='ltr'><strong>partes</strong></span> <span class='ocrx_word' id='word_1_547' title='bbox 1316 847 1429 877; x_wconf 85' lang='lat' dir='ltr'><strong>quatuor</strong></span> <span class='ocrx_word' id='word_1_548' title='bbox 1446 843 1584 871; x_wconf 87' lang='lat' dir='ltr'><strong>distributa</strong></span> <span class='ocrx_word' id='word_1_549' title='bbox 1605 845 1673 880; x_wconf 85' lang='lat' dir='ltr'><strong>apud</strong></span> <span class='ocrx_word' id='word_1_550' title='bbox 1694 845 1751 872; x_wconf 87' lang='lat' dir='ltr'><strong>illos</strong></span> <span class='ocrx_word' id='word_1_551' title='bbox 1767 851 1840 880; x_wconf 85' lang='lat' dir='ltr'><strong>erat;</strong></span> 
     </span>
    </p>
   </div>
   <div class='ocr_carea' id='block_1_76' title="bbox 1052 885 1841 923">
    <p class='ocr_par' dir='ltr' id='par_1_76' title="bbox 1052 885 1841 923">
     <span class='ocr_line' id='line_1_76' title="bbox 1052 885 1841 923; baseline 0.008 -11"><span class='ocrx_word' id='word_1_552' title='bbox 1052 885 1163 920; x_wconf 80' lang='lat' dir='ltr'><strong>singulae</strong></span> <span class='ocrx_word' id='word_1_553' title='bbox 1186 894 1249 914; x_wconf 87' lang='lat' dir='ltr'><strong>vero</strong></span> <span class='ocrx_word' id='word_1_554' title='bbox 1269 892 1359 922; x_wconf 89' lang='lat' dir='ltr'><strong>partes</strong></span> <span class='ocrx_word' id='word_1_555' title='bbox 1385 888 1477 915; x_wconf 76' lang='lat' dir='ltr'><strong>divino</strong></span> <span class='ocrx_word' id='word_1_556' title='bbox 1500 889 1587 916; x_wconf 81' lang='lat' dir='ltr'><strong>ofﬁcio</strong></span> <span class='ocrx_word' id='word_1_557' title='bbox 1614 891 1841 923; x_wconf 84' lang='lat' dir='ltr'><strong>terminabantur;</strong></span> 
     </span>
    </p>
   </div>
   <div class='ocr_carea' id='block_1_77' title="bbox 1051 930 1841 970">
    <p class='ocr_par' dir='ltr' id='par_1_77' title="bbox 1051 930 1841 970">
     <span class='ocr_line' id='line_1_77' title="bbox 1051 930 1841 970; baseline 0.009 -13"><span class='ocrx_word' id='word_1_558' title='bbox 1051 930 1141 957; x_wconf 86' lang='lat' dir='ltr'><strong>Tertia</strong></span> <span class='ocrx_word' id='word_1_559' title='bbox 1155 939 1262 966; x_wconf 86' lang='lat' dir='ltr'><strong>nempe,</strong></span> <span class='ocrx_word' id='word_1_560' title='bbox 1278 932 1368 966; x_wconf 82' lang='lat' dir='ltr'><strong>Sexta,</strong></span> <span class='ocrx_word' id='word_1_561' title='bbox 1382 933 1456 960; x_wconf 76' lang='lat' dir='ltr'><strong>l’loua</strong></span> <span class='ocrx_word' id='word_1_562' title='bbox 1469 939 1496 961; x_wconf 87' lang='lat' dir='ltr'><strong>et</strong></span> <span class='ocrx_word' id='word_1_563' title='bbox 1511 934 1643 969; x_wconf 83' lang='lat' dir='ltr'><strong>Vesperis,</strong></span> <span class='ocrx_word' id='word_1_564' title='bbox 1657 944 1715 970; x_wconf 69' lang='lat' dir='ltr'><strong>qum</strong></span> <span class='ocrx_word' id='word_1_565' title='bbox 1730 937 1841 964; x_wconf 88' lang='lat' dir='ltr'><strong>alternis</strong></span> 
     </span>
    </p>
   </div>
   <div class='ocr_carea' id='block_1_78' title="bbox 1051 976 1842 1016">
    <p class='ocr_par' dir='ltr' id='par_1_78' title="bbox 1051 976 1842 1016">
     <span class='ocr_line' id='line_1_78' title="bbox 1051 976 1842 1016; baseline 0.008 -14"><span class='ocrx_word' id='word_1_566' title='bbox 1051 976 1139 1004; x_wconf 90' lang='lat' dir='ltr'><strong>choris</strong></span> <span class='ocrx_word' id='word_1_567' title='bbox 1165 978 1328 1012; x_wconf 86' lang='lat' dir='ltr'><strong>psalmorum</strong></span> <span class='ocrx_word' id='word_1_568' title='bbox 1356 983 1435 1006; x_wconf 88' lang='lat' dir='ltr'><strong>canttt</strong></span> <span class='ocrx_word' id='word_1_569' title='bbox 1461 979 1674 1007; x_wconf 78' lang='lat' dir='ltr'><strong>celebrabantur.</strong></span> <span class='ocrx_word' id='word_1_570' title='bbox 1699 981 1842 1016; x_wconf 80' lang='lat' dir='ltr'><strong>Postquam</strong></span> 
     </span>
    </p>
   </div>
   <div class='ocr_carea' id='block_1_79' title="bbox 1051 1024 1840 1060">
    <p class='ocr_par' dir='ltr' id='par_1_79' title="bbox 1051 1024 1840 1060">
     <span class='ocr_line' id='line_1_79' title="bbox 1051 1024 1840 1060; baseline 0.005 -11"><span class='ocrx_word' id='word_1_571' title='bbox 1051 1031 1116 1050; x_wconf 73' lang='lat' dir='ltr'><strong>vero</strong></span> <span class='ocrx_word' id='word_1_572' title='bbox 1127 1024 1222 1058; x_wconf 76' lang='lat' dir='ltr'><strong>jejuni,</strong></span> <span class='ocrx_word' id='word_1_573' title='bbox 1232 1024 1302 1051; x_wconf 88' lang='lat' dir='ltr'><strong>dietn</strong></span> <span class='ocrx_word' id='word_1_574' title='bbox 1317 1029 1400 1052; x_wconf 90' lang='lat' dir='ltr'><strong>totum</strong></span> <span class='ocrx_word' id='word_1_575' title='bbox 1416 1025 1442 1052; x_wconf 89' lang='lat' dir='ltr'><strong>in</strong></span> <span class='ocrx_word' id='word_1_576' title='bbox 1454 1025 1588 1060; x_wconf 89' lang='lat' dir='ltr'><strong>precibus,</strong></span> <span class='ocrx_word' id='word_1_577' title='bbox 1602 1026 1692 1053; x_wconf 86' lang='lat' dir='ltr'><strong>labore</strong></span> <span class='ocrx_word' id='word_1_578' title='bbox 1704 1035 1840 1059; x_wconf 80' lang='lat' dir='ltr'><strong>manuum,</strong></span> 
     </span>
    </p>
   </div>
   <div class='ocr_carea' id='block_1_80' title="bbox 1052 1070 1841 1106">
    <p class='ocr_par' dir='ltr' id='par_1_80' title="bbox 1052 1070 1841 1106">
     <span class='ocr_line' id='line_1_80' title="bbox 1052 1070 1841 1106; baseline 0.004 -10"><span class='ocrx_word' id='word_1_579' title='bbox 1052 1070 1170 1104; x_wconf 85' lang='lat' dir='ltr'><strong>psalmis,</strong></span> <span class='ocrx_word' id='word_1_580' title='bbox 1195 1077 1271 1097; x_wconf 87' lang='lat' dir='ltr'><strong>sacra</strong></span> <span class='ocrx_word' id='word_1_581' title='bbox 1292 1070 1405 1098; x_wconf 84' lang='lat' dir='ltr'><strong>lectione</strong></span> <span class='ocrx_word' id='word_1_582' title='bbox 1426 1076 1621 1106; x_wconf 82' lang='lat' dir='ltr'><strong>transegerant,</strong></span> <span class='ocrx_word' id='word_1_583' title='bbox 1638 1072 1670 1098; x_wconf 91' lang='lat' dir='ltr'><strong>ad</strong></span> <span class='ocrx_word' id='word_1_584' title='bbox 1685 1073 1772 1099; x_wconf 86' lang='lat' dir='ltr'><strong>cibum</strong></span> <span class='ocrx_word' id='word_1_585' title='bbox 1794 1082 1841 1099; x_wconf 77' lang='lat' dir='ltr'><strong>stt-</strong></span> 
     </span>
    </p>
   </div>
   <div class='ocr_carea' id='block_1_81' title="bbox 1051 1115 1842 1152">
    <p class='ocr_par' dir='ltr' id='par_1_81' title="bbox 1051 1115 1842 1152">
     <span class='ocr_line' id='line_1_81' title="bbox 1051 1115 1842 1152; baseline 0.004 -10"><span class='ocrx_word' id='word_1_586' title='bbox 1051 1115 1176 1142; x_wconf 86' lang='lat' dir='ltr'><strong>mendum</strong></span> <span class='ocrx_word' id='word_1_587' title='bbox 1188 1115 1295 1143; x_wconf 91' lang='lat' dir='ltr'><strong>tandem</strong></span> <span class='ocrx_word' id='word_1_588' title='bbox 1305 1116 1508 1144; x_wconf 80' lang='lat' dir='ltr'><strong>conveniebant.</strong></span> <span class='ocrx_word' id='word_1_589' title='bbox 1518 1117 1606 1144; x_wconf 73' lang='lat' dir='ltr'><strong>(Imus:</strong></span> <span class='ocrx_word' id='word_1_590' title='bbox 1617 1122 1760 1152; x_wconf 83' lang='lat' dir='ltr'><strong>apparatus</strong></span> <span class='ocrx_word' id='word_1_591' title='bbox 1772 1122 1842 1145; x_wconf 78' lang='lat' dir='ltr'><strong>totus</strong></span> 
     </span>
    </p>
   </div>
   <div class='ocr_carea' id='block_1_82' title="bbox 1051 1161 1842 1196">
    <p class='ocr_par' dir='ltr' id='par_1_82' title="bbox 1051 1161 1842 1196">
     <span class='ocr_line' id='line_1_82' title="bbox 1051 1161 1842 1196; baseline 0.003 -9"><span class='ocrx_word' id='word_1_592' title='bbox 1051 1165 1109 1188; x_wconf 88' lang='lat' dir='ltr'><strong>erat</strong></span> <span class='ocrx_word' id='word_1_593' title='bbox 1127 1161 1203 1196; x_wconf 86' lang='lat' dir='ltr'><strong>panis</strong></span> <span class='ocrx_word' id='word_1_594' title='bbox 1216 1168 1276 1188; x_wconf 91' lang='lat' dir='ltr'><strong>cum</strong></span> <span class='ocrx_word' id='word_1_595' title='bbox 1297 1161 1367 1194; x_wconf 79' lang='lat' dir='ltr'><strong>sale,</strong></span> <span class='ocrx_word' id='word_1_596' title='bbox 1385 1162 1466 1196; x_wconf 88' lang='lat' dir='ltr'><strong>aliqui</strong></span> <span class='ocrx_word' id='word_1_597' title='bbox 1485 1162 1572 1189; x_wconf 88' lang='lat' dir='ltr'><strong>oleum</strong></span> <span class='ocrx_word' id='word_1_598' title='bbox 1593 1162 1740 1194; x_wconf 87' lang='lat' dir='ltr'><strong>addebant,</strong></span> <span class='ocrx_word' id='word_1_599' title='bbox 1764 1170 1842 1190; x_wconf 76' lang='lat' dir='ltr'><strong>senes</strong></span> 
     </span>
    </p>
   </div>
   <div class='ocr_carea' id='block_1_83' title="bbox 1051 1207 1840 1243">
    <p class='ocr_par' dir='ltr' id='par_1_83' title="bbox 1051 1207 1840 1243">
     <span class='ocr_line' id='line_1_83' title="bbox 1051 1207 1840 1243; baseline 0.001 -9"><span class='ocrx_word' id='word_1_600' title='bbox 1051 1211 1139 1234; x_wconf 82' lang='lat' dir='ltr'><strong>autem</strong></span> <span class='ocrx_word' id='word_1_601' title='bbox 1161 1211 1187 1233; x_wconf 86' lang='lat' dir='ltr'><strong>et</strong></span> <span class='ocrx_word' id='word_1_602' title='bbox 1207 1207 1367 1234; x_wconf 82' lang='lat' dir='ltr'><strong>inﬁrmiores</strong></span> <span class='ocrx_word' id='word_1_603' title='bbox 1389 1208 1462 1234; x_wconf 83' lang='lat' dir='ltr'><strong>olera</strong></span> <span class='ocrx_word' id='word_1_604' title='bbox 1484 1208 1526 1234; x_wconf 87' lang='lat' dir='ltr'><strong>vel</strong></span> <span class='ocrx_word' id='word_1_605' title='bbox 1548 1207 1678 1243; x_wconf 85' lang='lat' dir='ltr'><strong>legumina</strong></span> <span class='ocrx_word' id='word_1_606' title='bbox 1700 1217 1706 1235; x_wconf 89' lang='lat'><strong>:</strong></span> <span class='ocrx_word' id='word_1_607' title='bbox 1726 1216 1793 1243; x_wconf 84' lang='lat' dir='ltr'><strong>aqua</strong></span> <span class='ocrx_word' id='word_1_608' title='bbox 1816 1209 1840 1235; x_wconf 90' lang='lat' dir='ltr'><strong>in</strong></span> 
     </span>
    </p>
   </div>
   <div class='ocr_carea' id='block_1_84' title="bbox 1051 1252 1840 1288">
    <p class='ocr_par' dir='ltr' id='par_1_84' title="bbox 1051 1252 1840 1288">
     <span class='ocr_line' id='line_1_84' title="bbox 1051 1252 1840 1288; baseline 0.001 -9"><span class='ocrx_word' id='word_1_609' title='bbox 1051 1257 1142 1287; x_wconf 87' lang='lat' dir='ltr'><strong>potum</strong></span> <span class='ocrx_word' id='word_1_610' title='bbox 1164 1252 1230 1279; x_wconf 90' lang='lat' dir='ltr'><strong>satis</strong></span> <span class='ocrx_word' id='word_1_611' title='bbox 1251 1257 1319 1280; x_wconf 87' lang='lat' dir='ltr'><strong>erat.</strong></span> <span class='ocrx_word' id='word_1_612' title='bbox 1342 1253 1406 1280; x_wconf 84' lang='lat' dir='ltr'><strong>Post</strong></span> <span class='ocrx_word' id='word_1_613' title='bbox 1427 1260 1531 1280; x_wconf 77' lang='lat' dir='ltr'><strong>cmnam</strong></span> <span class='ocrx_word' id='word_1_614' title='bbox 1554 1253 1618 1280; x_wconf 87' lang='lat' dir='ltr'><strong>fusis</strong></span> <span class='ocrx_word' id='word_1_615' title='bbox 1641 1254 1762 1288; x_wconf 85' lang='lat' dir='ltr'><strong>precibus</strong></span> <span class='ocrx_word' id='word_1_616' title='bbox 1786 1254 1840 1281; x_wconf 78' lang='lat' dir='ltr'><strong>Deo</strong></span> 
     </span>
    </p>
   </div>
   <div class='ocr_carea' id='block_1_85' title="bbox 1050 1298 1838 1334">
    <p class='ocr_par' dir='ltr' id='par_1_85' title="bbox 1050 1298 1838 1334">
     <span class='ocr_line' id='line_1_85' title="bbox 1050 1298 1838 1334; baseline 0.003 -9"><span class='ocrx_word' id='word_1_617' title='bbox 1050 1298 1148 1334; x_wconf 78' lang='lat' dir='ltr'><strong>gratias</strong></span> <span class='ocrx_word' id='word_1_618' title='bbox 1161 1298 1285 1333; x_wconf 79' lang='lat' dir='ltr'><strong>agebant,</strong></span> <span class='ocrx_word' id='word_1_619' title='bbox 1299 1299 1448 1334; x_wconf 79' lang='lat' dir='ltr'><strong>exindeque</strong></span> <span class='ocrx_word' id='word_1_620' title='bbox 1462 1299 1587 1327; x_wconf 88' lang='lat' dir='ltr'><strong>sedentes</strong></span> <span class='ocrx_word' id='word_1_621' title='bbox 1600 1307 1652 1327; x_wconf 80' lang='lat' dir='ltr'><strong>una</strong></span> <span class='ocrx_word' id='word_1_622' title='bbox 1667 1300 1700 1327; x_wconf 91' lang='lat' dir='ltr'><strong>de</strong></span> <span class='ocrx_word' id='word_1_623' title='bbox 1714 1301 1793 1328; x_wconf 88' lang='lat' dir='ltr'><strong>rebus</strong></span> <span class='ocrx_word' id='word_1_624' title='bbox 1805 1301 1838 1327; x_wconf 83' lang='lat' dir='ltr'><strong>ad</strong></span> 
     </span>
    </p>
   </div>
   <div class='ocr_carea' id='block_1_86' title="bbox 1051 1345 1839 1380">
    <p class='ocr_par' dir='ltr' id='par_1_86' title="bbox 1051 1345 1839 1380">
     <span class='ocr_line' id='line_1_86' title="bbox 1051 1345 1839 1380; baseline 0 -7"><span class='ocrx_word' id='word_1_625' title='bbox 1051 1345 1164 1373; x_wconf 74' lang='lat' dir='ltr'><strong>salutent</strong></span> <span class='ocrx_word' id='word_1_626' title='bbox 1179 1349 1206 1372; x_wconf 83' lang='lat' dir='ltr'><strong>et</strong></span> <span class='ocrx_word' id='word_1_627' title='bbox 1219 1345 1356 1372; x_wconf 73' lang='lat' dir='ltr'><strong>cmlestem</strong></span> <span class='ocrx_word' id='word_1_628' title='bbox 1370 1346 1450 1372; x_wconf 90' lang='lat' dir='ltr'><strong>vitam</strong></span> <span class='ocrx_word' id='word_1_629' title='bbox 1466 1346 1646 1380; x_wconf 86' lang='lat' dir='ltr'><strong>spectantibus</strong></span> <span class='ocrx_word' id='word_1_630' title='bbox 1661 1347 1741 1373; x_wconf 86' lang='lat' dir='ltr'><strong>verba</strong></span> <span class='ocrx_word' id='word_1_631' title='bbox 1759 1346 1839 1374; x_wconf 83' lang='lat' dir='ltr'><strong>facie-</strong></span> 
     </span>
    </p>
   </div>
   <div class='ocr_carea' id='block_1_87' title="bbox 1050 1390 1842 1426">
    <p class='ocr_par' dir='ltr' id='par_1_87' title="bbox 1050 1390 1842 1426">
     <span class='ocr_line' id='line_1_87' title="bbox 1050 1390 1842 1426; baseline -0.001 -8"><span class='ocrx_word' id='word_1_632' title='bbox 1050 1391 1124 1425; x_wconf 81' lang='lat' dir='ltr'><strong>bant,</strong></span> <span class='ocrx_word' id='word_1_633' title='bbox 1138 1391 1245 1418; x_wconf 90' lang='lat' dir='ltr'><strong>demum</strong></span> <span class='ocrx_word' id='word_1_634' title='bbox 1266 1390 1331 1418; x_wconf 87' lang='lat' dir='ltr'><strong>fusis</strong></span> <span class='ocrx_word' id='word_1_635' title='bbox 1351 1392 1484 1426; x_wconf 87' lang='lat' dir='ltr'><strong>precibus,</strong></span> <span class='ocrx_word' id='word_1_636' title='bbox 1501 1391 1527 1418; x_wconf 91' lang='lat' dir='ltr'><strong>in</strong></span> <span class='ocrx_word' id='word_1_637' title='bbox 1543 1392 1640 1418; x_wconf 89' lang='lat' dir='ltr'><strong>storcis</strong></span> <span class='ocrx_word' id='word_1_638' title='bbox 1661 1391 1732 1418; x_wconf 82' lang='lat' dir='ltr'><strong>hunti</strong></span> <span class='ocrx_word' id='word_1_639' title='bbox 1747 1393 1842 1426; x_wconf 79' lang='lat' dir='ltr'><strong>positis</strong></span> 
     </span>
    </p>
   </div>
   <div class='ocr_carea' id='block_1_88' title="bbox 1050 1436 1839 1470">
    <p class='ocr_par' dir='ltr' id='par_1_88' title="bbox 1050 1436 1839 1470">
     <span class='ocr_line' id='line_1_88' title="bbox 1050 1436 1839 1470; baseline -0.003 -6"><span class='ocrx_word' id='word_1_640' title='bbox 1050 1437 1189 1470; x_wconf 89' lang='lat' dir='ltr'><strong>cubantes,</strong></span> <span class='ocrx_word' id='word_1_641' title='bbox 1203 1437 1358 1464; x_wconf 87' lang='lat' dir='ltr'><strong>tenuissimo</strong></span> <span class='ocrx_word' id='word_1_642' title='bbox 1378 1436 1438 1464; x_wconf 88' lang='lat' dir='ltr'><strong>cibo</strong></span> <span class='ocrx_word' id='word_1_643' title='bbox 1456 1444 1578 1463; x_wconf 92' lang='lat' dir='ltr'><strong>somnum</strong></span> <span class='ocrx_word' id='word_1_644' title='bbox 1595 1437 1759 1464; x_wconf 84' lang='lat' dir='ltr'><strong>levissimum</strong></span> <span class='ocrx_word' id='word_1_645' title='bbox 1775 1438 1839 1463; x_wconf 88' lang='lat' dir='ltr'><strong>sub-</strong></span> 
     </span>
    </p>
   </div>
   <div class='ocr_carea' id='block_1_89' title="bbox 1050 1481 1841 1517">
    <p class='ocr_par' dir='ltr' id='par_1_89' title="bbox 1050 1481 1841 1517">
     <span class='ocr_line' id='line_1_89' title="bbox 1050 1481 1841 1517; baseline 0.003 -9"><span class='ocrx_word' id='word_1_646' title='bbox 1050 1482 1228 1514; x_wconf 88' lang='lat' dir='ltr'><strong>ministrante,</strong></span> <span class='ocrx_word' id='word_1_647' title='bbox 1253 1481 1355 1516; x_wconf 84' lang='lat' dir='ltr'><strong>aliquot</strong></span> <span class='ocrx_word' id='word_1_648' title='bbox 1377 1481 1451 1509; x_wconf 82' lang='lat' dir='ltr'><strong>lteris</strong></span> <span class='ocrx_word' id='word_1_649' title='bbox 1477 1481 1659 1517; x_wconf 75' lang='lat' dir='ltr'><strong>quiescebant,</strong></span> <span class='ocrx_word' id='word_1_650' title='bbox 1680 1482 1841 1517; x_wconf 79' lang='lat' dir='ltr'><strong>domumque</strong></span> 
     </span>
    </p>
   </div>
   <div class='ocr_carea' id='block_1_90' title="bbox 1050 1527 1839 1562">
    <p class='ocr_par' dir='ltr' id='par_1_90' title="bbox 1050 1527 1839 1562">
     <span class='ocr_line' id='line_1_90' title="bbox 1050 1527 1839 1562; baseline -0.001 -8"><span class='ocrx_word' id='word_1_651' title='bbox 1050 1527 1176 1562; x_wconf 55' lang='lat' dir='ltr'><strong>pratfccto</strong></span> <span class='ocrx_word' id='word_1_652' title='bbox 1189 1527 1282 1554; x_wconf 84' lang='lat' dir='ltr'><strong>leviter</strong></span> <span class='ocrx_word' id='word_1_653' title='bbox 1296 1532 1484 1554; x_wconf 86' lang='lat' dir='ltr'><strong>eommoncnte</strong></span> <span class='ocrx_word' id='word_1_654' title='bbox 1499 1532 1526 1554; x_wconf 91' lang='lat' dir='ltr'><strong>et</strong></span> <span class='ocrx_word' id='word_1_655' title='bbox 1540 1527 1598 1554; x_wconf 90' lang='lat' dir='ltr'><strong>sine</strong></span> <span class='ocrx_word' id='word_1_656' title='bbox 1613 1528 1724 1562; x_wconf 81' lang='lat' dir='ltr'><strong>strepitu</strong></span> <span class='ocrx_word' id='word_1_657' title='bbox 1740 1535 1839 1562; x_wconf 76' lang='lat' dir='ltr'><strong>exper-</strong></span> 
     </span>
    </p>
   </div>
   <div class='ocr_carea' id='block_1_91' title="bbox 1049 1572 1840 1608">
    <p class='ocr_par' dir='ltr' id='par_1_91' title="bbox 1049 1572 1840 1608">
     <span class='ocr_line' id='line_1_91' title="bbox 1049 1572 1840 1608; baseline 0 -8"><span class='ocrx_word' id='word_1_658' title='bbox 1049 1572 1157 1607; x_wconf 79' lang='lat' dir='ltr'><strong>gefacti,</strong></span> <span class='ocrx_word' id='word_1_659' title='bbox 1172 1573 1316 1608; x_wconf 76' lang='lat' dir='ltr'><strong>surgebant</strong></span> <span class='ocrx_word' id='word_1_660' title='bbox 1327 1573 1360 1600; x_wconf 86' lang='lat' dir='ltr'><strong>ad</strong></span> <span class='ocrx_word' id='word_1_661' title='bbox 1374 1573 1462 1608; x_wconf 88' lang='lat' dir='ltr'><strong>priora</strong></span> <span class='ocrx_word' id='word_1_662' title='bbox 1476 1573 1630 1608; x_wconf 85' lang='lat' dir='ltr'><strong>repetenda.</strong></span> <span class='ocrx_word' id='word_1_663' title='bbox 1639 1573 1758 1600; x_wconf 88' lang='lat' dir='ltr'><strong>Vestitns</strong></span> <span class='ocrx_word' id='word_1_664' title='bbox 1769 1578 1840 1601; x_wconf 82' lang='lat' dir='ltr'><strong>totus</strong></span> 
     </span>
    </p>
   </div>
   <div class='ocr_carea' id='block_1_92' title="bbox 1049 1619 1841 1655">
    <p class='ocr_par' dir='ltr' id='par_1_92' title="bbox 1049 1619 1841 1655">
     <span class='ocr_line' id='line_1_92' title="bbox 1049 1619 1841 1655; baseline 0.001 -9"><span class='ocrx_word' id='word_1_665' title='bbox 1049 1625 1081 1646; x_wconf 84' lang='lat' dir='ltr'><strong>ex</strong></span> <span class='ocrx_word' id='word_1_666' title='bbox 1095 1619 1155 1653; x_wconf 89' lang='lat' dir='ltr'><strong>pilis</strong></span> <span class='ocrx_word' id='word_1_667' title='bbox 1167 1625 1306 1654; x_wconf 88' lang='lat' dir='ltr'><strong>caprarum</strong></span> <span class='ocrx_word' id='word_1_668' title='bbox 1317 1619 1358 1646; x_wconf 86' lang='lat' dir='ltr'><strong>vel</strong></span> <span class='ocrx_word' id='word_1_669' title='bbox 1368 1619 1531 1646; x_wconf 84' lang='lat' dir='ltr'><strong>camelorum</strong></span> <span class='ocrx_word' id='word_1_670' title='bbox 1543 1624 1609 1652; x_wconf 86' lang='lat' dir='ltr'><strong>erat,</strong></span> <span class='ocrx_word' id='word_1_671' title='bbox 1622 1623 1669 1646; x_wconf 93' lang='lat' dir='ltr'><strong>aut</strong></span> <span class='ocrx_word' id='word_1_672' title='bbox 1681 1627 1712 1647; x_wconf 81' lang='lat' dir='ltr'><strong>ex</strong></span> <span class='ocrx_word' id='word_1_673' title='bbox 1727 1620 1841 1655; x_wconf 77' lang='lat' dir='ltr'><strong>pellibus</strong></span> 
     </span>
    </p>
   </div>
   <div class='ocr_carea' id='block_1_93' title="bbox 1050 1665 1194 1692">
    <p class='ocr_par' dir='ltr' id='par_1_93' title="bbox 1050 1665 1194 1692">
     <span class='ocr_line' id='line_1_93' title="bbox 1050 1665 1194 1692; baseline 0 -1"><span class='ocrx_word' id='word_1_674' title='bbox 1050 1671 1098 1691; x_wconf 93' lang='lat' dir='ltr'><strong>usu</strong></span> <span class='ocrx_word' id='word_1_675' title='bbox 1115 1665 1194 1692; x_wconf 87' lang='lat' dir='ltr'><strong>tritis.</strong></span> 
     </span>
    </p>
   </div>
   <div class='ocr_carea' id='block_1_94' title="bbox 1085 1711 1839 1746">
    <p class='ocr_par' dir='ltr' id='par_1_94' title="bbox 1085 1711 1839 1746">
     <span class='ocr_line' id='line_1_94' title="bbox 1085 1711 1839 1746; baseline 0 -8"><span class='ocrx_word' id='word_1_676' title='bbox 1085 1711 1124 1738; x_wconf 84' lang='lat' dir='ltr'><strong>Ex</strong></span> <span class='ocrx_word' id='word_1_677' title='bbox 1144 1720 1267 1739; x_wconf 87' lang='lat' dir='ltr'><strong>manuum</strong></span> <span class='ocrx_word' id='word_1_678' title='bbox 1289 1711 1380 1740; x_wconf 87' lang='lat' dir='ltr'><strong>labore</strong></span> <span class='ocrx_word' id='word_1_679' title='bbox 1400 1720 1452 1739; x_wconf 90' lang='lat' dir='ltr'><strong>non</strong></span> <span class='ocrx_word' id='word_1_680' title='bbox 1474 1712 1524 1739; x_wconf 88' lang='lat' dir='ltr'><strong>sibi</strong></span> <span class='ocrx_word' id='word_1_681' title='bbox 1544 1711 1626 1739; x_wconf 88' lang='lat' dir='ltr'><strong>modo</strong></span> <span class='ocrx_word' id='word_1_682' title='bbox 1642 1711 1741 1739; x_wconf 90' lang='lat' dir='ltr'><strong>victum</strong></span> <span class='ocrx_word' id='word_1_683' title='bbox 1763 1719 1839 1746; x_wconf 84' lang='lat' dir='ltr'><strong>para-</strong></span> 
     </span>
    </p>
   </div>
   <div class='ocr_carea' id='block_1_95' title="bbox 1050 1756 1838 1791">
    <p class='ocr_par' dir='ltr' id='par_1_95' title="bbox 1050 1756 1838 1791">
     <span class='ocr_line' id='line_1_95' title="bbox 1050 1756 1838 1791; baseline 0.001 -9"><span class='ocrx_word' id='word_1_684' title='bbox 1050 1756 1129 1788; x_wconf 86' lang='lat' dir='ltr'><strong>bant;</strong></span> <span class='ocrx_word' id='word_1_685' title='bbox 1153 1756 1201 1783; x_wconf 91' lang='lat' dir='ltr'><strong>sed</strong></span> <span class='ocrx_word' id='word_1_686' title='bbox 1226 1764 1286 1783; x_wconf 90' lang='lat' dir='ltr'><strong>cum</strong></span> <span class='ocrx_word' id='word_1_687' title='bbox 1312 1757 1347 1784; x_wconf 89' lang='lat' dir='ltr'><strong>ita</strong></span> <span class='ocrx_word' id='word_1_688' title='bbox 1375 1757 1462 1784; x_wconf 89' lang='lat' dir='ltr'><strong>tenuis</strong></span> <span class='ocrx_word' id='word_1_689' title='bbox 1486 1764 1561 1784; x_wconf 72' lang='lat' dir='ltr'><strong>coma</strong></span> <span class='ocrx_word' id='word_1_690' title='bbox 1587 1764 1712 1791; x_wconf 90' lang='lat' dir='ltr'><strong>perquam</strong></span> <span class='ocrx_word' id='word_1_691' title='bbox 1737 1757 1838 1783; x_wconf 83' lang='lat' dir='ltr'><strong>minimi</strong></span> 
     </span>
    </p>
   </div>
   <div class='ocr_carea' id='block_1_96' title="bbox 1049 1803 1840 1838">
    <p class='ocr_par' dir='ltr' id='par_1_96' title="bbox 1049 1803 1840 1838">
     <span class='ocr_line' id='line_1_96' title="bbox 1049 1803 1840 1838; baseline 0 -10"><span class='ocrx_word' id='word_1_692' title='bbox 1049 1807 1171 1836; x_wconf 81' lang='lat' dir='ltr'><strong>sumptus</strong></span> <span class='ocrx_word' id='word_1_693' title='bbox 1182 1807 1262 1836; x_wconf 84' lang='lat' dir='ltr'><strong>esset,</strong></span> <span class='ocrx_word' id='word_1_694' title='bbox 1271 1811 1329 1837; x_wconf 67' lang='lat' dir='ltr'><strong>qua:</strong></span> <span class='ocrx_word' id='word_1_695' title='bbox 1339 1806 1494 1837; x_wconf 86' lang='lat' dir='ltr'><strong>supererant</strong></span> <span class='ocrx_word' id='word_1_696' title='bbox 1508 1803 1594 1829; x_wconf 84' lang='lat' dir='ltr'><strong>omnia</strong></span> <span class='ocrx_word' id='word_1_697' title='bbox 1607 1803 1766 1838; x_wconf 88' lang='lat' dir='ltr'><strong>pauperibus</strong></span> <span class='ocrx_word' id='word_1_698' title='bbox 1779 1812 1840 1830; x_wconf 81' lang='lat' dir='ltr'><strong>cru-</strong></span> 
     </span>
    </p>
   </div>
   <div class='ocr_carea' id='block_1_97' title="bbox 1049 1847 1840 1882">
    <p class='ocr_par' dir='ltr' id='par_1_97' title="bbox 1049 1847 1840 1882">
     <span class='ocr_line' id='line_1_97' title="bbox 1049 1847 1840 1882; baseline 0.003 -9"><span class='ocrx_word' id='word_1_699' title='bbox 1049 1847 1156 1882; x_wconf 81' lang='lat' dir='ltr'><strong>gabant.</strong></span> <span class='ocrx_word' id='word_1_700' title='bbox 1170 1848 1197 1874; x_wconf 90' lang='lat' dir='ltr'><strong>Si</strong></span> <span class='ocrx_word' id='word_1_701' title='bbox 1211 1848 1270 1882; x_wconf 88' lang='lat' dir='ltr'><strong>quis</strong></span> <span class='ocrx_word' id='word_1_702' title='bbox 1282 1856 1346 1875; x_wconf 87' lang='lat' dir='ltr'><strong>vero</strong></span> <span class='ocrx_word' id='word_1_703' title='bbox 1360 1848 1455 1882; x_wconf 52' lang='lat' dir='ltr'><strong>hOspes</strong></span> <span class='ocrx_word' id='word_1_704' title='bbox 1466 1849 1615 1881; x_wconf 88' lang='lat' dir='ltr'><strong>accederet,</strong></span> <span class='ocrx_word' id='word_1_705' title='bbox 1630 1849 1746 1876; x_wconf 81' lang='lat' dir='ltr'><strong>libenter</strong></span> <span class='ocrx_word' id='word_1_706' title='bbox 1758 1856 1772 1874; x_wconf 92' lang='lat' dir='ltr'><strong>a</strong></span> <span class='ocrx_word' id='word_1_707' title='bbox 1787 1857 1840 1875; x_wconf 92' lang='lat' dir='ltr'><strong>mo-</strong></span> 
     </span>
    </p>
   </div>
   <div class='ocr_carea' id='block_1_98' title="bbox 1050 1893 1839 1929">
    <p class='ocr_par' dir='ltr' id='par_1_98' title="bbox 1050 1893 1839 1929">
     <span class='ocr_line' id='line_1_98' title="bbox 1050 1893 1839 1929; baseline 0.001 -9"><span class='ocrx_word' id='word_1_708' title='bbox 1050 1893 1141 1920; x_wconf 90' lang='lat' dir='ltr'><strong>nachis</strong></span> <span class='ocrx_word' id='word_1_709' title='bbox 1155 1894 1345 1929; x_wconf 77' lang='lat' dir='ltr'><strong>excipiebatur,</strong></span> <span class='ocrx_word' id='word_1_710' title='bbox 1355 1895 1399 1929; x_wconf 93' lang='lat' dir='ltr'><strong>qui</strong></span> <span class='ocrx_word' id='word_1_711' title='bbox 1412 1894 1471 1921; x_wconf 87' lang='lat' dir='ltr'><strong>lotis</strong></span> <span class='ocrx_word' id='word_1_712' title='bbox 1482 1895 1538 1928; x_wconf 83' lang='lat' dir='ltr'><strong>ejus</strong></span> <span class='ocrx_word' id='word_1_713' title='bbox 1552 1894 1672 1928; x_wconf 82' lang='lat' dir='ltr'><strong>pedibus,</strong></span> <span class='ocrx_word' id='word_1_714' title='bbox 1682 1902 1748 1929; x_wconf 84' lang='lat' dir='ltr'><strong>quos</strong></span> <span class='ocrx_word' id='word_1_715' title='bbox 1757 1902 1839 1929; x_wconf 84' lang='lat' dir='ltr'><strong>penes</strong></span> 
     </span>
    </p>
   </div>
   <div class='ocr_carea' id='block_1_99' title="bbox 1050 1939 1838 1974">
    <p class='ocr_par' dir='ltr' id='par_1_99' title="bbox 1050 1939 1838 1974">
     <span class='ocr_line' id='line_1_99' title="bbox 1050 1939 1838 1974; baseline 0.001 -9"><span class='ocrx_word' id='word_1_716' title='bbox 1050 1947 1078 1966; x_wconf 87' lang='lat' dir='ltr'><strong>se</strong></span> <span class='ocrx_word' id='word_1_717' title='bbox 1093 1939 1224 1965; x_wconf 81' lang='lat' dir='ltr'><strong>habebant</strong></span> <span class='ocrx_word' id='word_1_718' title='bbox 1236 1939 1310 1966; x_wconf 90' lang='lat' dir='ltr'><strong>cibos</strong></span> <span class='ocrx_word' id='word_1_719' title='bbox 1326 1939 1374 1974; x_wconf 87' lang='lat' dir='ltr'><strong>ipsi</strong></span> <span class='ocrx_word' id='word_1_720' title='bbox 1388 1939 1634 1971; x_wconf 78' lang='lat' dir='ltr'><strong>suluniuistrabant,</strong></span> <span class='ocrx_word' id='word_1_721' title='bbox 1651 1939 1736 1973; x_wconf 75' lang='lat' dir='ltr'><strong>deque</strong></span> <span class='ocrx_word' id='word_1_722' title='bbox 1750 1948 1838 1966; x_wconf 63' lang='lat' dir='ltr'><strong>rerum</strong></span> 
     </span>
    </p>
   </div>
   <div class='ocr_carea' id='block_1_100' title="bbox 1050 1984 1839 2020">
    <p class='ocr_par' dir='ltr' id='par_1_100' title="bbox 1050 1984 1839 2020">
     <span class='ocr_line' id='line_1_100' title="bbox 1050 1984 1839 2020; baseline 0.003 -9"><span class='ocrx_word' id='word_1_723' title='bbox 1050 1990 1213 2012; x_wconf 73' lang='lat' dir='ltr'><strong>terrenarum</strong></span> <span class='ocrx_word' id='word_1_724' title='bbox 1234 1984 1303 2012; x_wconf 82' lang='lat' dir='ltr'><strong>ﬂuxa</strong></span> <span class='ocrx_word' id='word_1_725' title='bbox 1320 1985 1472 2012; x_wconf 88' lang='lat' dir='ltr'><strong>conditione</strong></span> <span class='ocrx_word' id='word_1_726' title='bbox 1491 1985 1690 2020; x_wconf 63' lang='lat' dir='ltr'><strong>catlcstiumquc</strong></span> <span class='ocrx_word' id='word_1_727' title='bbox 1711 1986 1839 2013; x_wconf 81' lang='lat' dir='ltr'><strong>felicitate</strong></span> 
     </span>
    </p>
   </div>
   <div class='ocr_carea' id='block_1_101' title="bbox 1049 2029 1559 2065">
    <p class='ocr_par' dir='ltr' id='par_1_101' title="bbox 1049 2029 1559 2065">
     <span class='ocr_line' id='line_1_101' title="bbox 1049 2029 1559 2065; baseline -0.002 -7"><span class='ocrx_word' id='word_1_728' title='bbox 1049 2030 1130 2058; x_wconf 84' lang='lat' dir='ltr'><strong>verba</strong></span> <span class='ocrx_word' id='word_1_729' title='bbox 1146 2029 1285 2063; x_wconf 77' lang='lat' dir='ltr'><strong>faciebant,</strong></span> <span class='ocrx_word' id='word_1_730' title='bbox 1303 2035 1330 2057; x_wconf 90' lang='lat' dir='ltr'><strong>ut</strong></span> <span class='ocrx_word' id='word_1_731' title='bbox 1345 2038 1423 2065; x_wconf 83' lang='lat' dir='ltr'><strong>supra</strong></span> <span class='ocrx_word' id='word_1_732' title='bbox 1435 2030 1559 2057; x_wconf 68' lang='lat' dir='ltr'><strong>diximus.</strong></span> 
     </span>
    </p>
   </div>
   <div class='ocr_carea' id='block_1_102' title="bbox 1086 2076 1838 2111">
    <p class='ocr_par' dir='ltr' id='par_1_102' title="bbox 1086 2076 1838 2111">
     <span class='ocr_line' id='line_1_102' title="bbox 1086 2076 1838 2111; baseline 0.001 -9"><span class='ocrx_word' id='word_1_733' title='bbox 1086 2076 1159 2102; x_wconf 86' lang='lat' dir='ltr'><strong>lianc</strong></span> <span class='ocrx_word' id='word_1_734' title='bbox 1178 2077 1238 2102; x_wconf 72' lang='lat' dir='ltr'><strong>vita:</strong></span> <span class='ocrx_word' id='word_1_735' title='bbox 1255 2076 1383 2103; x_wconf 79' lang='lat' dir='ltr'><strong>rationem</strong></span> <span class='ocrx_word' id='word_1_736' title='bbox 1403 2077 1537 2111; x_wconf 85' lang='lat' dir='ltr'><strong>suscipere</strong></span> <span class='ocrx_word' id='word_1_737' title='bbox 1550 2076 1667 2104; x_wconf 79' lang='lat' dir='ltr'><strong>Joannes</strong></span> <span class='ocrx_word' id='word_1_738' title='bbox 1685 2082 1776 2104; x_wconf 87' lang='lat' dir='ltr'><strong>noster</strong></span> <span class='ocrx_word' id='word_1_739' title='bbox 1790 2084 1838 2103; x_wconf 89' lang='lat' dir='ltr'><strong>cu-</strong></span> 
     </span>
    </p>
   </div>
   <div class='ocr_carea' id='block_1_103' title="bbox 1049 2121 1836 2156">
    <p class='ocr_par' dir='ltr' id='par_1_103' title="bbox 1049 2121 1836 2156">
     <span class='ocr_line' id='line_1_103' title="bbox 1049 2121 1836 2156; baseline 0 -8"><span class='ocrx_word' id='word_1_740' title='bbox 1049 2121 1147 2156; x_wconf 84' lang='lat' dir='ltr'><strong>piebat,</strong></span> <span class='ocrx_word' id='word_1_741' title='bbox 1173 2125 1252 2156; x_wconf 84' lang='lat' dir='ltr'><strong>utque</strong></span> <span class='ocrx_word' id='word_1_742' title='bbox 1273 2121 1306 2148; x_wconf 82' lang='lat' dir='ltr'><strong>ad</strong></span> <span class='ocrx_word' id='word_1_743' title='bbox 1327 2121 1398 2148; x_wconf 88' lang='lat' dir='ltr'><strong>illam</strong></span> <span class='ocrx_word' id='word_1_744' title='bbox 1420 2129 1450 2148; x_wconf 88' lang='lat' dir='ltr'><strong>se</strong></span> <span class='ocrx_word' id='word_1_745' title='bbox 1471 2126 1648 2156; x_wconf 84' lang='lat' dir='ltr'><strong>compararet,</strong></span> <span class='ocrx_word' id='word_1_746' title='bbox 1667 2122 1745 2148; x_wconf 86' lang='lat' dir='ltr'><strong>etiam</strong></span> <span class='ocrx_word' id='word_1_747' title='bbox 1766 2122 1836 2148; x_wconf 82' lang='lat' dir='ltr'><strong>denti</strong></span> 
     </span>
    </p>
   </div>
   <div class='ocr_carea' id='block_1_104' title="bbox 1048 2166 1838 2200">
    <p class='ocr_par' dir='ltr' id='par_1_104' title="bbox 1048 2166 1838 2200">
     <span class='ocr_line' id='line_1_104' title="bbox 1048 2166 1838 2200; baseline -0.003 -6"><span class='ocrx_word' id='word_1_748' title='bbox 1048 2167 1174 2194; x_wconf 82' lang='lat' dir='ltr'><strong>exercitia</strong></span> <span class='ocrx_word' id='word_1_749' title='bbox 1194 2166 1316 2200; x_wconf 63' lang='lat' dir='ltr'><strong>quasdam</strong></span> <span class='ocrx_word' id='word_1_750' title='bbox 1335 2167 1480 2193; x_wconf 84' lang='lat' dir='ltr'><strong>monastica</strong></span> <span class='ocrx_word' id='word_1_751' title='bbox 1497 2167 1665 2199; x_wconf 85' lang='lat' dir='ltr'><strong>sectabatur;</strong></span> <span class='ocrx_word' id='word_1_752' title='bbox 1687 2174 1781 2193; x_wconf 80' lang='lat' dir='ltr'><strong>verum</strong></span> <span class='ocrx_word' id='word_1_753' title='bbox 1804 2167 1838 2192; x_wconf 88' lang='lat' dir='ltr'><strong>ab</strong></span> 
     </span>
    </p>
   </div>
   <div class='ocr_carea' id='block_1_105' title="bbox 1049 2212 1837 2253">
    <p class='ocr_par' dir='ltr' id='par_1_105' title="bbox 1049 2212 1837 2253">
     <span class='ocr_line' id='line_1_105' title="bbox 1049 2212 1837 2253; baseline -0.001 -13"><span class='ocrx_word' id='word_1_754' title='bbox 1049 2213 1100 2240; x_wconf 80' lang='lat' dir='ltr'><strong>huc</strong></span> <span class='ocrx_word' id='word_1_755' title='bbox 1126 2213 1261 2247; x_wconf 88' lang='lat' dir='ltr'><strong>proposito</strong></span> <span class='ocrx_word' id='word_1_756' title='bbox 1285 2213 1437 2240; x_wconf 84' lang='lat' dir='ltr'><strong>deterrebat</strong></span> <span class='ocrx_word' id='word_1_757' title='bbox 1461 2213 1531 2240; x_wconf 92' lang='lat' dir='ltr'><strong>illum</strong></span> <span class='ocrx_word' id='word_1_758' title='bbox 1556 2213 1615 2240; x_wconf 73' lang='lat' dir='ltr'><strong>vita:</strong></span> <span class='ocrx_word' id='word_1_759' title='bbox 1637 2213 1768 2253; x_wconf 78' lang='lat' dir='ltr'><strong>asperitas</strong></span> <span class='ocrx_word' id='word_1_760' title='bbox 1793 2212 1837 2239; x_wconf 88' lang='lat' dir='ltr'><strong>illa</strong></span> 
     </span>
    </p>
   </div>
   <div class='ocr_carea' id='block_1_106' title="bbox 1047 2258 1838 2294">
    <p class='ocr_par' dir='ltr' id='par_1_106' title="bbox 1047 2258 1838 2294">
     <span class='ocr_line' id='line_1_106' title="bbox 1047 2258 1838 2294; baseline 0.003 -10"><span class='ocrx_word' id='word_1_761' title='bbox 1047 2267 1125 2294; x_wconf 86' lang='lat' dir='ltr'><strong>quant</strong></span> <span class='ocrx_word' id='word_1_762' title='bbox 1139 2259 1219 2286; x_wconf 88' lang='lat' dir='ltr'><strong>modo</strong></span> <span class='ocrx_word' id='word_1_763' title='bbox 1233 2259 1432 2293; x_wconf 62' lang='lat' dir='ltr'><strong>deseripsimus.</strong></span> <span class='ocrx_word' id='word_1_764' title='bbox 1447 2259 1483 2286; x_wconf 88' lang='lat' dir='ltr'><strong>Ea</strong></span> <span class='ocrx_word' id='word_1_765' title='bbox 1498 2258 1531 2286; x_wconf 87' lang='lat' dir='ltr'><strong>de</strong></span> <span class='ocrx_word' id='word_1_766' title='bbox 1547 2266 1575 2286; x_wconf 89' lang='lat' dir='ltr'><strong>re</strong></span> <span class='ocrx_word' id='word_1_767' title='bbox 1585 2258 1730 2286; x_wconf 85' lang='lat' dir='ltr'><strong>audiendus</strong></span> <span class='ocrx_word' id='word_1_768' title='bbox 1743 2258 1787 2285; x_wconf 88' lang='lat' dir='ltr'><strong>ille</strong></span> <span class='ocrx_word' id='word_1_769' title='bbox 1797 2261 1838 2286; x_wconf 86' lang='lat' dir='ltr'><strong>est</strong></span> 
     </span>
    </p>
   </div>
   <div class='ocr_carea' id='block_1_107' title="bbox 1042 2303 1838 2342">
    <p class='ocr_par' dir='ltr' id='par_1_107' title="bbox 1042 2303 1838 2342">
     <span class='ocr_line' id='line_1_107' title="bbox 1042 2303 1838 2342; baseline -0.008 -9"><span class='ocrx_word' id='word_1_770' title='bbox 1042 2307 1095 2342; x_wconf 77' lang='grc' dir='ltr'><strong>(ΑΔ</strong></span> <span class='ocrx_word' id='word_1_771' title='bbox 1107 2306 1260 2332; x_wconf 77' lang='lat' dir='ltr'><strong>Demetrium</strong></span> <span class='ocrx_word' id='word_1_772' title='bbox 1272 2305 1304 2331; x_wconf 78' lang='lat' dir='ltr'><strong>de</strong></span> <span class='ocrx_word' id='word_1_773' title='bbox 1314 2306 1404 2339; x_wconf 80' lang='lat' dir='ltr'><strong>Camp.</strong></span> <span class='ocrx_word' id='word_1_774' title='bbox 1417 2309 1435 2331; x_wconf 86' lang='lat' dir='ltr'><strong>t.</strong></span> <span class='ocrx_word' id='word_1_775' title='bbox 1448 2305 1504 2332; x_wconf 76' lang='lat' dir='ltr'><strong>Lc.</strong></span> <span class='ocrx_word' id='word_1_776' title='bbox 1515 2304 1578 2331; x_wconf 69' lang='grc'><strong>405.</strong></span> <span class='ocrx_word' id='word_1_777' title='bbox 1590 2304 1609 2330; x_wconf 88' lang='grc' dir='ltr'>ι.</span> <span class='ocrx_word' id='word_1_778' title='bbox 1619 2303 1678 2337; x_wconf 65' lang='lat'><strong>“25,:</strong></span> <span class='ocrx_word' id='word_1_779' title='bbox 1687 2303 1749 2328; x_wconf 77' lang='lat' dir='ltr'><strong>Cum</strong></span> <span class='ocrx_word' id='word_1_780' title='bbox 1758 2310 1838 2336; x_wconf 75' lang='lat' dir='ltr'><strong>nuper</strong></span> 
     </span>
    </p>
   </div>
   <div class='ocr_carea' id='block_1_108' title="bbox 1042 2347 1835 2388">
    <p class='ocr_par' dir='ltr' id='par_1_108' title="bbox 1042 2347 1835 2388">
     <span class='ocr_line' id='line_1_108' title="bbox 1042 2347 1835 2388; baseline -0.009 -8"><span class='ocrx_word' id='word_1_781' title='bbox 1042 2361 1088 2388; x_wconf 83' lang='lat' dir='ltr'><strong>ego</strong></span> <span class='ocrx_word' id='word_1_782' title='bbox 1098 2352 1272 2383; x_wconf 77' lang='lat' dir='ltr'><strong>decrevissent,</strong></span> <span class='ocrx_word' id='word_1_783' title='bbox 1282 2351 1371 2377; x_wconf 78' lang='lat' dir='ltr'><strong>relicta</strong></span> <span class='ocrx_word' id='word_1_784' title='bbox 1385 2349 1453 2381; x_wconf 83' lang='lat' dir='ltr'><strong>urbe,</strong></span> <span class='ocrx_word' id='word_1_785' title='bbox 1470 2349 1504 2376; x_wconf 87' lang='lat' dir='ltr'><strong>ad</strong></span> <span class='ocrx_word' id='word_1_786' title='bbox 1519 2348 1682 2376; x_wconf 80' lang='lat' dir='ltr'><strong>tabernacula</strong></span> <span class='ocrx_word' id='word_1_787' title='bbox 1697 2347 1835 2374; x_wconf 71' lang='lat' dir='ltr'><strong>tllOImC/l0&lt;</strong></span> 
     </span>
    </p>
   </div>
   <div class='ocr_carea' id='block_1_109' title="bbox 1043 2395 1839 2430">
    <p class='ocr_par' dir='ltr' id='par_1_109' title="bbox 1043 2395 1839 2430">
     <span class='ocr_line' id='line_1_109' title="bbox 1043 2395 1839 2430; baseline -0.009 -3"><span class='ocrx_word' id='word_1_788' title='bbox 1043 2408 1100 2427; x_wconf 79' lang='lat' dir='ltr'><strong>rum</strong></span> <span class='ocrx_word' id='word_1_789' title='bbox 1108 2399 1233 2430; x_wconf 80' lang='lat' dir='ltr'><strong>secedere,</strong></span> <span class='ocrx_word' id='word_1_790' title='bbox 1246 2398 1352 2425; x_wconf 81' lang='lat' dir='ltr'><strong>sollicite</strong></span> <span class='ocrx_word' id='word_1_791' title='bbox 1359 2397 1499 2430; x_wconf 72' lang='lat' dir='ltr'><strong>qua’rebam</strong></span> <span class='ocrx_word' id='word_1_792' title='bbox 1509 2402 1532 2424; x_wconf 86' lang='lat' dir='ltr'><strong>et</strong></span> <span class='ocrx_word' id='word_1_793' title='bbox 1542 2395 1699 2427; x_wconf 73' lang='lat' dir='ltr'><strong>sciscitabar,</strong></span> <span class='ocrx_word' id='word_1_794' title='bbox 1712 2395 1839 2422; x_wconf 78' lang='lat' dir='ltr'><strong>undenam</strong></span> 
     </span>
    </p>
   </div>
   <div class='ocr_carea' id='block_1_110' title="bbox 1047 2439 1835 2475">
    <p class='ocr_par' dir='ltr' id='par_1_110' title="bbox 1047 2439 1835 2475">
     <span class='ocr_line' id='line_1_110' title="bbox 1047 2439 1835 2475; baseline -0.003 -8"><span class='ocrx_word' id='word_1_795' title='bbox 1047 2441 1243 2468; x_wconf 74' lang='lat' dir='ltr'><strong>necessariorum</strong></span> <span class='ocrx_word' id='word_1_796' title='bbox 1257 2446 1410 2468; x_wconf 71' lang='lat' dir='ltr'><strong>conmeatus</strong></span> <span class='ocrx_word' id='word_1_797' title='bbox 1424 2441 1559 2475; x_wconf 72' lang='lat' dir='ltr'><strong>adfuturus</strong></span> <span class='ocrx_word' id='word_1_798' title='bbox 1571 2446 1649 2472; x_wconf 76' lang='lat' dir='ltr'><strong>esset,</strong></span> <span class='ocrx_word' id='word_1_799' title='bbox 1667 2446 1688 2466; x_wconf 83' lang='lat' dir='ltr'><strong>et</strong></span> <span class='ocrx_word' id='word_1_800' title='bbox 1702 2448 1762 2466; x_wconf 87' lang='lat' dir='ltr'><strong>mtm</strong></span> <span class='ocrx_word' id='word_1_801' title='bbox 1780 2439 1835 2473; x_wconf 82' lang='lat' dir='ltr'><strong>ﬁeri</strong></span> 
     </span>
    </p>
   </div>
   <div class='ocr_carea' id='block_1_111' title="bbox 1047 2485 1837 2522">
    <p class='ocr_par' dir='ltr' id='par_1_111' title="bbox 1047 2485 1837 2522">
     <span class='ocr_line' id='line_1_111' title="bbox 1047 2485 1837 2522; baseline -0.003 -10"><span class='ocrx_word' id='word_1_802' title='bbox 1047 2491 1128 2521; x_wconf 72' lang='lat' dir='ltr'><strong>posset</strong></span> <span class='ocrx_word' id='word_1_803' title='bbox 1144 2491 1170 2513; x_wconf 87' lang='lat' dir='ltr'><strong>ut</strong></span> <span class='ocrx_word' id='word_1_804' title='bbox 1186 2486 1259 2522; x_wconf 70' lang='lat' dir='ltr'><strong>panis</strong></span> <span class='ocrx_word' id='word_1_805' title='bbox 1273 2494 1358 2512; x_wconf 77' lang='lat' dir='ltr'><strong>recens</strong></span> <span class='ocrx_word' id='word_1_806' title='bbox 1371 2491 1394 2512; x_wconf 91' lang='lat' dir='ltr'><strong>ct</strong></span> <span class='ocrx_word' id='word_1_807' title='bbox 1409 2486 1516 2512; x_wconf 76' lang='lat' dir='ltr'><strong>diurnus</strong></span> <span class='ocrx_word' id='word_1_808' title='bbox 1531 2486 1701 2512; x_wconf 75' lang='lat' dir='ltr'><strong>contetlerelur</strong></span> <span class='ocrx_word' id='word_1_809' title='bbox 1714 2493 1723 2511; x_wconf 90' lang='lat'><strong><em>:</em></strong></span> <span class='ocrx_word' id='word_1_810' title='bbox 1737 2493 1769 2511; x_wconf 84' lang='lat' dir='ltr'><strong>an</strong></span> <span class='ocrx_word' id='word_1_811' title='bbox 1781 2485 1837 2519; x_wconf 73' lang='lat' dir='ltr'><strong>quis</strong></span> 
     </span>
    </p>
   </div>
   <div class='ocr_carea' id='block_1_112' title="bbox 1047 2531 1838 2565">
    <p class='ocr_par' dir='ltr' id='par_1_112' title="bbox 1047 2531 1838 2565">
     <span class='ocr_line' id='line_1_112' title="bbox 1047 2531 1838 2565; baseline -0.006 -5"><span class='ocrx_word' id='word_1_812' title='bbox 1047 2542 1086 2560; x_wconf 86' lang='lat' dir='ltr'><strong>me</strong></span> <span class='ocrx_word' id='word_1_813' title='bbox 1101 2539 1233 2560; x_wconf 76' lang='lat' dir='ltr'><strong>coacturus</strong></span> <span class='ocrx_word' id='word_1_814' title='bbox 1253 2536 1315 2558; x_wconf 72' lang='lat' dir='ltr'><strong>esset</strong></span> <span class='ocrx_word' id='word_1_815' title='bbox 1334 2532 1419 2558; x_wconf 71' lang='lat' dir='ltr'><strong>eodem</strong></span> <span class='ocrx_word' id='word_1_816' title='bbox 1439 2532 1475 2558; x_wconf 86' lang='lat' dir='ltr'><strong>uti</strong></span> <span class='ocrx_word' id='word_1_817' title='bbox 1496 2532 1550 2558; x_wconf 83' lang='lat' dir='ltr'><strong>oleo</strong></span> <span class='ocrx_word' id='word_1_818' title='bbox 1571 2540 1616 2565; x_wconf 83' lang='lat' dir='ltr'><strong>pro</strong></span> <span class='ocrx_word' id='word_1_819' title='bbox 1637 2531 1738 2558; x_wconf 71' lang='lat' dir='ltr'><strong>lucerna</strong></span> <span class='ocrx_word' id='word_1_820' title='bbox 1754 2535 1776 2556; x_wconf 78' lang='lat' dir='ltr'><strong>et</strong></span> <span class='ocrx_word' id='word_1_821' title='bbox 1793 2538 1838 2564; x_wconf 84' lang='lat' dir='ltr'><strong>pro</strong></span> 
     </span>
    </p>
   </div>
   <div class='ocr_carea' id='block_1_113' title="bbox 1046 2573 1836 2613">
    <p class='ocr_par' dir='ltr' id='par_1_113' title="bbox 1046 2573 1836 2613">
     <span class='ocr_line' id='line_1_113' title="bbox 1046 2573 1836 2613; baseline -0.006 -8"><span class='ocrx_word' id='word_1_822' title='bbox 1046 2573 1169 2612; x_wconf 54' lang='lat' dir='ltr'><strong>ribofan</strong></span> <span class='ocrx_word' id='word_1_823' title='bbox 1190 2579 1246 2613; x_wconf 85' lang='lat' dir='ltr'><strong>quis</strong></span> <span class='ocrx_word' id='word_1_824' title='bbox 1266 2586 1305 2604; x_wconf 85' lang='lat' dir='ltr'><strong>me</strong></span> <span class='ocrx_word' id='word_1_825' title='bbox 1321 2577 1474 2612; x_wconf 67' lang='lat' dir='ltr'><strong>impulsum;</strong></span> <span class='ocrx_word' id='word_1_826' title='bbox 1493 2577 1527 2604; x_wconf 83' lang='lat' dir='ltr'><strong>ad</strong></span> <span class='ocrx_word' id='word_1_827' title='bbox 1547 2577 1662 2603; x_wconf 80' lang='lat' dir='ltr'><strong>miserant</strong></span> <span class='ocrx_word' id='word_1_828' title='bbox 1684 2576 1836 2611; x_wconf 76' lang='lat' dir='ltr'><strong>Iegnmiutuu</strong></span> 
     </span>
    </p>
   </div>
   <div class='ocr_carea' id='block_1_114' title="bbox 1046 2621 1834 2658">
    <p class='ocr_par' dir='ltr' id='par_1_114' title="bbox 1046 2621 1834 2658">
     <span class='ocr_line' id='line_1_114' title="bbox 1046 2621 1834 2658; baseline -0.008 -7"><span class='ocrx_word' id='word_1_829' title='bbox 1046 2633 1146 2657; x_wconf 72' lang='lat' dir='ltr'><strong>cacant;</strong></span> <span class='ocrx_word' id='word_1_830' title='bbox 1165 2633 1199 2650; x_wconf 83' lang='lat' dir='ltr'><strong>an</strong></span> <span class='ocrx_word' id='word_1_831' title='bbox 1220 2623 1394 2658; x_wconf 78' lang='lat' dir='ltr'><strong>ussignomrus</strong></span> <span class='ocrx_word' id='word_1_832' title='bbox 1414 2631 1477 2657; x_wconf 82' lang='lat' dir='ltr'><strong>opus</strong></span> <span class='ocrx_word' id='word_1_833' title='bbox 1499 2622 1601 2654; x_wconf 78' lang='lat' dir='ltr'><strong>durum,</strong></span> <span class='ocrx_word' id='word_1_834' title='bbox 1620 2626 1645 2647; x_wconf 85' lang='lat' dir='ltr'><strong>ut</strong></span> <span class='ocrx_word' id='word_1_835' title='bbox 1667 2626 1725 2656; x_wconf 61' lang='lat' dir='ltr'><strong>est,</strong></span> <span class='ocrx_word' id='word_1_836' title='bbox 1740 2621 1834 2655; x_wconf 66' lang='lat' dir='ltr'><strong>fodere,</strong></span> 
     </span>
    </p>
   </div>
   <div class='ocr_carea' id='block_1_115' title="bbox 1047 2667 1835 2706">
    <p class='ocr_par' dir='ltr' id='par_1_115' title="bbox 1047 2667 1835 2706">
     <span class='ocr_line' id='line_1_115' title="bbox 1047 2667 1835 2706; baseline -0.006 -9"><span class='ocrx_word' id='word_1_837' title='bbox 1047 2672 1116 2706; x_wconf 84' lang='lat' dir='ltr'><strong>ligna</strong></span> <span class='ocrx_word' id='word_1_838' title='bbox 1131 2670 1239 2705; x_wconf 73' lang='lat' dir='ltr'><strong>deferre,</strong></span> <span class='ocrx_word' id='word_1_839' title='bbox 1257 2678 1348 2704; x_wconf 84' lang='lat' dir='ltr'><strong>aquam</strong></span> <span class='ocrx_word' id='word_1_840' title='bbox 1361 2674 1529 2703; x_wconf 78' lang='lat' dir='ltr'><strong>comportare,</strong></span> <span class='ocrx_word' id='word_1_841' title='bbox 1546 2674 1568 2694; x_wconf 81' lang='lat' dir='ltr'><strong>ct</strong></span> <span class='ocrx_word' id='word_1_842' title='bbox 1584 2672 1672 2694; x_wconf 59' lang='lat' dir='ltr'><strong>caetera</strong></span> <span class='ocrx_word' id='word_1_843' title='bbox 1689 2667 1772 2694; x_wconf 83' lang='lat' dir='ltr'><strong>omnia</strong></span> <span class='ocrx_word' id='word_1_844' title='bbox 1789 2673 1835 2692; x_wconf 83' lang='lat' dir='ltr'><strong>Im-</strong></span> 
     </span>
    </p>
   </div>
   <div class='ocr_carea' id='block_1_116' title="bbox 1043 2712 1834 2752">
    <p class='ocr_par' dir='ltr' id='par_1_116' title="bbox 1043 2712 1834 2752">
     <span class='ocr_line' id='line_1_116' title="bbox 1043 2712 1834 2752; baseline -0.005 -10"><span class='ocrx_word' id='word_1_845' title='bbox 1043 2717 1156 2752; x_wconf 84' lang='lat' dir='ltr'><strong>jusmodi</strong></span> <span class='ocrx_word' id='word_1_846' title='bbox 1177 2716 1331 2748; x_wconf 76' lang='lat' dir='ltr'><strong>ministeria;</strong></span> <span class='ocrx_word' id='word_1_847' title='bbox 1349 2719 1372 2742; x_wconf 82' lang='lat' dir='ltr'><strong>cl</strong></span> <span class='ocrx_word' id='word_1_848' title='bbox 1391 2720 1418 2741; x_wconf 84' lang='lat' dir='ltr'><strong>ut</strong></span> <span class='ocrx_word' id='word_1_849' title='bbox 1436 2715 1580 2741; x_wconf 73' lang='lat' dir='ltr'><strong>summatim</strong></span> <span class='ocrx_word' id='word_1_850' title='bbox 1599 2714 1692 2744; x_wconf 79' lang='lat' dir='ltr'><strong>dicunt,</strong></span> <span class='ocrx_word' id='word_1_851' title='bbox 1707 2714 1785 2739; x_wconf 82' lang='lat' dir='ltr'><strong>multa</strong></span> <span class='ocrx_word' id='word_1_852' title='bbox 1805 2712 1834 2738; x_wconf 68' lang='lat' dir='ltr'><strong>de</strong></span> 
     </span>
    </p>
   </div>
   <div class='ocr_carea' id='block_1_117' title="bbox 1046 2758 1836 2797">
    <p class='ocr_par' dir='ltr' id='par_1_117' title="bbox 1046 2758 1836 2797">
     <span class='ocr_line' id='line_1_117' title="bbox 1046 2758 1836 2797; baseline -0.005 -9"><span class='ocrx_word' id='word_1_853' title='bbox 1046 2763 1127 2797; x_wconf 76' lang='lat' dir='ltr'><strong>quiete</strong></span> <span class='ocrx_word' id='word_1_854' title='bbox 1137 2762 1250 2796; x_wconf 71' lang='lat' dir='ltr'><strong>corporis</strong></span> <span class='ocrx_word' id='word_1_855' title='bbox 1263 2761 1437 2796; x_wconf 78' lang='lat' dir='ltr'><strong>percontabar.</strong></span> <span class='ocrx_word' id='word_1_856' title='bbox 1452 2762 1484 2787; x_wconf 77' lang='lat' dir='ltr'><strong>At</strong></span> <span class='ocrx_word' id='word_1_857' title='bbox 1501 2761 1548 2787; x_wconf 85' lang='lat' dir='ltr'><strong>hos</strong></span> <span class='ocrx_word' id='word_1_858' title='bbox 1561 2761 1612 2791; x_wconf 86' lang='lat' dir='ltr'><strong>ille,</strong></span> <span class='ocrx_word' id='word_1_859' title='bbox 1627 2760 1670 2795; x_wconf 87' lang='lat' dir='ltr'><strong>qui</strong></span> <span class='ocrx_word' id='word_1_860' title='bbox 1682 2767 1741 2786; x_wconf 83' lang='lat' dir='ltr'><strong>sese</strong></span> <span class='ocrx_word' id='word_1_861' title='bbox 1753 2758 1836 2785; x_wconf 79' lang='lat' dir='ltr'><strong>tuenti</strong></span> 
     </span>
    </p>
   </div>
   <div class='ocr_carea' id='block_1_118' title="bbox 1046 2805 1837 2839">
    <p class='ocr_par' dir='ltr' id='par_1_118' title="bbox 1046 2805 1837 2839">
     <span class='ocr_line' id='line_1_118' title="bbox 1046 2805 1837 2839; baseline -0.006 -4"><span class='ocrx_word' id='word_1_862' title='bbox 1046 2809 1193 2836; x_wconf 84' lang='lat' dir='ltr'><strong>ollcrebant</strong></span> <span class='ocrx_word' id='word_1_863' title='bbox 1217 2808 1316 2839; x_wconf 88' lang='lat' dir='ltr'><strong>obices,</strong></span> <span class='ocrx_word' id='word_1_864' title='bbox 1345 2807 1449 2835; x_wconf 81' lang='lat' dir='ltr'><strong>virtutis</strong></span> <span class='ocrx_word' id='word_1_865' title='bbox 1473 2812 1500 2834; x_wconf 89' lang='lat' dir='ltr'><strong>cl</strong></span> <span class='ocrx_word' id='word_1_866' title='bbox 1523 2807 1667 2834; x_wconf 84' lang='lat' dir='ltr'><strong>severioris</strong></span> <span class='ocrx_word' id='word_1_867' title='bbox 1689 2805 1837 2839; x_wconf 56' lang='lat' dir='ltr'><strong>disciplinae</strong></span> 
     </span>
    </p>
   </div>
   <div class='ocr_carea' id='block_1_119' title="bbox 1047 2850 1838 2886">
    <p class='ocr_par' dir='ltr' id='par_1_119' title="bbox 1047 2850 1838 2886">
     <span class='ocr_line' id='line_1_119' title="bbox 1047 2850 1838 2886; baseline -0.008 -6"><span class='ocrx_word' id='word_1_868' title='bbox 1047 2863 1138 2881; x_wconf 86' lang='lat' dir='ltr'><strong>amore</strong></span> <span class='ocrx_word' id='word_1_869' title='bbox 1157 2854 1260 2885; x_wconf 80' lang='lat' dir='ltr'><strong>ductus,</strong></span> <span class='ocrx_word' id='word_1_870' title='bbox 1278 2853 1384 2880; x_wconf 83' lang='lat' dir='ltr'><strong>tandem</strong></span> <span class='ocrx_word' id='word_1_871' title='bbox 1404 2852 1547 2886; x_wconf 74' lang='lat' dir='ltr'><strong>superavit,</strong></span> <span class='ocrx_word' id='word_1_872' title='bbox 1564 2856 1591 2879; x_wconf 87' lang='lat' dir='ltr'><strong>et</strong></span> <span class='ocrx_word' id='word_1_873' title='bbox 1605 2851 1637 2879; x_wconf 90' lang='lat' dir='ltr'><strong>ad</strong></span> <span class='ocrx_word' id='word_1_874' title='bbox 1650 2851 1692 2879; x_wconf 83' lang='lat' dir='ltr'><strong>illa</strong></span> <span class='ocrx_word' id='word_1_875' title='bbox 1708 2850 1838 2886; x_wconf 76' lang='lat' dir='ltr'><strong>montium</strong></span> 
     </span>
    </p>
   </div>
  </div>
