2034 3109
190 166 224 194 93
795 163 886 192 nunc
907 162 1037 191 rutuuu
1058 163 1252 192 sponsam.
1792 176 1825 202 θ,

190 222 360 249 tabernacula
371 221 541 249 conscendit:
553 222 617 248 nihil
627 229 642 256 p
656 226 734 248 ‘trere
746 221 838 248 matris
850 228 942 255 preces
956 224 982 247 et

189 267 321 302 lacrymzr,
339 272 367 293 ut
381 268 452 294 illum
464 272 615 295 averterent
628 276 641 294 a
655 272 707 294 tam
722 267 820 294 salubri
835 267 980 301 proposito,

188 313 234 339 sed
251 313 350 340 Christi
366 313 478 340 consilio
492 314 632 348 obtempcr
652 323 664 339 ιι
683 334 691 346 ,
706 317 817 340 matrem
832 312 939 346 reliquit
954 317 982 339 ut

188 356 273 392 ipsum
287 363 455 392 sequeretur.

222 404 334 430 Joannes
348 405 373 431 in
388 405 538 431 monasterio
548 413 628 432 annos
638 414 653 439 η
689 409 746 431 tuor
759 405 922 439 lransigil.—-
931 404 980 432 Illo

186 455 247 475 cum
262 449 380 476 venisset
396 449 480 484 (firmo
497 450 557 477 571.
573 450 612 477 vel
631 450 648 477 ὅ
667 449 683 477 5
697 450 820 484 ineunte),
841 449 866 476 in
881 449 978 485 Syrum

185 495 328 529 quemdam
349 496 458 528 incidit,
477 496 652 524 severissima:
668 495 814 530 disciplina)
834 503 936 528 senem,
952 499 979 522 et.

186 541 292 568 duriora
308 541 367 576 ejus
377 542 438 569 vitae
449 542 568 569 instituta
581 542 700 569 imitatus
713 546 755 569 est
765 541 842 568 annis
853 546 976 576 quatuor,

187 587 288 615 luctans
299 595 359 615 cum
373 588 539 622 voluptatum:
551 588 678 623 scopulis,
690 595 757 623 quos
770 587 848 615 facile
860 595 912 614 non
925 592 978 614 tam

186 633 276 660 labore
292 641 371 668 quam
387 634 492 661 ratione
506 634 640 670 superavit
653 633 768 668 (Pallad.
783 642 809 668 ρ.
825 633 880 668 41).
896 632 978 660 Paulo

186 684 324 714 postquam
341 679 374 706 ad
395 685 500 707 mortles
515 679 656 707 secedendi
671 687 751 706 causa
770 687 801 706 se
817 678 975 712 contulerat,

185 731 199 750 a
215 725 348 751 Demetrio
367 725 455 752 amico
475 729 583 760 rogatus
603 725 698 751 librum
718 724 751 752 de
765 724 977 758 Compunctione

185 771 276 798 edidit.
305 771 362 798 lloc
384 771 499 806 primum
522 771 656 807 specimen
684 770 758 798 dedit
782 770 920 805 scriptoris
943 770 976 797 ad

185 824 287 844 sunmia
308 818 363 844 nati
383 827 389 844 :
408 817 450 844 hic
473 817 599 852 quidquid
621 817 654 844 ad
674 816 839 844 suadendum
862 817 976 845 validius

184 863 327 898 excogitari
344 867 431 898 potest
447 863 596 891 adhibetur.
619 863 681 891 Post
702 863 772 891 hunc
796 871 860 891 vero
879 864 975 891 librum

183 909 215 936 ad
231 909 395 936 Stelechium
415 909 528 936 alterum
548 909 581 936 de
599 909 811 944 Compunctione
825 909 975 937 ardentiore

184 957 253 991 stylo
263 956 345 982 misit.
362 955 389 982 In
411 956 495 990 primo
509 955 541 982 ad
558 955 718 983 Demetrium
732 964 762 983 se
780 963 865 990 nuper
882 955 914 982 ad
934 961 974 982 ta-

183 999 323 1028 bernacula
339 1001 529 1028 monachorum
544 1001 673 1029 accedere
686 1001 836 1029 decrevisse
845 1001 892 1034 ait,
907 1006 933 1029 et
948 1002 973 1029 in

183 1046 358 1080 sequentibus
373 1054 403 1073 se
419 1047 472 1073 illic
487 1052 540 1073 tum
555 1046 655 1074 versari
672 1047 787 1074 insinuat
802 1056 808 1073 ε
825 1054 908 1082 quare
922 1055 973 1074 una

185 1090 231 1117 fuit
246 1091 367 1118 omnium
381 1091 471 1126 opinio
485 1091 535 1118 hoc
545 1099 612 1126 opus
625 1092 741 1120 edidisse
751 1092 881 1120 Joannem
895 1093 974 1127 paulo

183 1143 320 1173 postquam
337 1138 370 1165 ad
397 1138 557 1165 monasteria
577 1147 606 1166 se
620 1139 779 1172 contulerat,
798 1143 826 1166 et
843 1146 904 1166 cum
921 1139 974 1167 illic

183 1189 350 1212 versaretur.
365 1185 464 1212 Verum
477 1185 662 1212 Tillemontius
675 1189 767 1212 contra
781 1185 848 1212 hanc
864 1190 972 1212 senten-

183 1231 257 1262 tiam,
273 1239 349 1266 quam
365 1236 454 1259 tatnen
474 1231 584 1259 omnino
604 1239 656 1258 non
672 1231 783 1266 respuit,
799 1239 829 1259 se
841 1232 972 1259 validissi-

183 1284 255 1302 mum
267 1277 347 1304 telum
361 1282 538 1312 contorquere
553 1280 638 1311 putat,
652 1284 711 1304 cum
725 1278 772 1310 ait,
787 1277 830 1304 hic
842 1277 971 1305 Joannem

183 1323 216 1349 ita
236 1323 316 1358 loqui,
338 1328 365 1350 ut
381 1328 434 1350 tum
454 1323 592 1358 presbyter
612 1323 695 1351 fuisse
712 1331 821 1358 prorsus
840 1323 970 1351 videatur.

183 1368 278 1395 Verum
293 1374 320 1395 ut
333 1369 359 1395 in
373 1369 471 1396 Monito
482 1369 514 1396 ad
528 1369 598 1396 hunc
611 1369 706 1396 librum
718 1369 843 1402 diximus,
854 1369 971 1397 utetiam

182 1415 332 1442 monuimus
351 1419 413 1442 ante
434 1415 530 1441 librum
552 1415 586 1442 de
601 1415 768 1450 Virginitate,
787 1415 822 1443 ita
842 1416 972 1444 familiare

181 1466 220 1487 est
232 1460 434 1495 Chrysostomo,
443 1461 576 1488 variorum
590 1469 732 1496 personam
744 1462 864 1494 induere,
876 1469 972 1497 nempe

180 1508 376 1541 episcoporum,
399 1507 628 1542 presbyterorum,
645 1508 699 1535 imo
714 1508 794 1535 etiam
816 1509 971 1544 conjugato—

181 1561 248 1583 rum,
268 1552 337 1587 quod
354 1553 485 1587 exemplis
498 1553 696 1588 comprobatur,
716 1558 746 1581 ut
764 1554 830 1582 nihil
849 1554 911 1582 hinc
931 1556 971 1582 iu~

181 1597 240 1624 ferri
255 1605 333 1632 posse
345 1598 454 1624 omnino
465 1599 596 1626 videatur.
605 1599 721 1634 Tempus
735 1599 815 1634 igitur
825 1600 869 1628 ille
877 1606 970 1636 aperte

180 1643 288 1674 indicat.
315 1652 375 1671 eum
402 1649 495 1672 narrat
518 1652 549 1672 se.
572 1653 657 1680 nuper
681 1645 714 1673 ad
741 1647 901 1674 monasteria
927 1655 970 1676 se-

177 1690 299 1718 ccssi~se.

212 1735 306 1762 Srribit
323 1735 443 1762 adversus
462 1740 645 1771 oppugnatores
661 1737 717 1764 vitro
733 1738 878 1765 monastica:
891 1739 970 1766 alios-

177 1790 232 1816 que.
257 1797 292 1802 _.
321 1783 417 1810 Valens
445 1782 611 1817 Imperator,
635 1784 679 1818 qui
704 1785 828 1811 Arianam
853 1784 968 1812 hmresin

178 1829 338 1860 sectabatur,
355 1829 411 1856 dira
429 1829 454 1856 in
467 1828 635 1863 Catholicos,
658 1831 825 1866 maximeque
838 1831 864 1858 in
877 1839 968 1859 mona-

177 1875 240 1901 chos
256 1874 363 1901 molitus
377 1878 429 1901 est.
445 1874 596 1910 Tamenque
607 1896 615 1908 ,
628 1875 691 1902 dtlm
706 1875 788 1903 frater
801 1876 858 1911 ejus
872 1876 968 1904 Valen-

178 1920 292 1946 Iinianus
306 1920 364 1954 pius
376 1924 403 1947 et
416 1920 568 1947 Catholicus
583 1921 703 1953 viveret,
721 1929 754 1948 ne
770 1921 877 1949 fratrem
892 1930 968 1949 com-

177 1970 306 1996 moveret,
322 1973 334 1991 a
346 1966 487 1992 vexatione
502 1965 640 1993 inferenda
651 1965 806 1994 desistebat.
824 1967 967 2002 Postquam

176 2015 264 2037 autem
279 2010 481 2036 Valentinianus
493 2018 508 2037 e
521 2010 588 2037 vivis
605 2015 758 2038 excesserat
776 2020 846 2038 anno
858 2013 926 2044 574,
942 2013 967 2039 in

177 2055 327 2081 Catholieos
341 2055 450 2089 impune
462 2059 596 2089 grassatur
607 2075 615 2088 ,
638 2056 805 2090 maximeque
827 2057 853 2083 in
873 2065 967 2084 mona-

176 2100 238 2128 chos
248 2121 255 2132 ,
281 2108 349 2135 quos
367 2100 447 2135 jussit
461 2108 493 2127 ex
505 2100 611 2128 sedibus
626 2101 704 2136 pelli,
720 2101 752 2128 ad
768 2101 887 2129 militiam
901 2110 967 2130 con-

177 2147 264 2177 scribi,
280 2152 307 2173 ct
322 2147 346 2172 in
362 2153 484 2173 carceres
497 2146 601 2180 conjici.
616 2147 658 2174 Sic
674 2147 840 2174 Antiochiam
854 2149 966 2176 tinnultu

179 2196 331 2227 terrorequc
351 2192 465 2226 replevit
487 2192 546 2226 (An.
558 2193 620 2220 575.
637 2193 675 2219 vel
688 2193 763 2229 575).
780 2193 853 2221 Tunc
867 2195 967 2222 anticus

180 2238 281 2271 quidam
301 2238 413 2265 Joannis
433 2237 459 2264 in
474 2238 615 2266 Solitudine
635 2239 756 2274 degentis
774 2240 848 2267 illum
863 2241 928 2268 adiit
941 2246 968 2269 et

182 2288 297 2316 precatus
322 2288 383 2316 est,
415 2288 442 2310 ut
466 2284 654 2311 monachorum
677 2289 704 2311 ct
729 2286 882 2313 monasticrc
905 2287 966 2314 vita:

183 2335 281 2355 causam
302 2328 459 2355 defenderet
479 2328 580 2364 (Chrys.
595 2334 614 2357 t.
631 2330 656 2356 1.
676 2332 726 2359 col.
751 2333 803 2360 520
837 2337 860 2358 et
874 2332 964 2367 seqq).

186 2371 243 2399 [lem
263 2379 314 2400 tam
329 2375 473 2401 immanem
488 2374 530 2401 vix
549 2374 657 2401 credere
671 2379 775 2409 poterat
786 2375 902 2404 Joannes
917 2386 922 2403 :
939 2382 967 2404 at

187 2419 224 2445 ubi
235 2428 263 2446 ex
276 2420 355 2447 amici
365 2425 471 2447 narratu
485 2421 650 2448 verissimam
663 2429 723 2448 esse
738 2423 877 2456 comperit,
893 2427 966 2451 tanto

189 2465 313 2496 perculsus
335 2466 428 2493 dolore
451 2466 516 2500 fuit,
546 2471 574 2493 ut
596 2467 622 2493 in
649 2466 779 2502 lacrymas
802 2473 964 2503 erumperet,

191 2510 312 2547 [tertiaque
327 2518 480 2547 precaretur
490 2533 498 2546 ,
515 2514 553 2540 uti
566 2521 595 2541 se
609 2521 644 2540 ex
661 2513 713 2541 hac
727 2514 780 2540 vita
795 2515 913 2548 tolleret,
931 2523 965 2542 ne

189 2555 273 2584 similia
294 2558 384 2585 videre
406 2562 556 2593 cogeretur.
584 2558 651 2586 Tum
674 2558 696 2585 is
709 2559 753 2594 qui
769 2563 896 2592 verterat,
912 2567 965 2587 non

189 2599 234 2632 jam
249 2606 349 2637 tempus
372 2602 536 2638 lacrymandi
556 2610 614 2630 esse
633 2603 717 2637 dixit,
741 2603 788 2632 sed
804 2608 876 2631 tanto
896 2605 966 2632 malo

191 2648 369 2676 0ttt'urrendum
382 2656 455 2680 csse,
481 2648 551 2684 quod
566 2649 620 2684 ipse
640 2654 761 2684 poterat,
789 2650 810 2677 si
838 2651 965 2685 scriptum

192 2691 286 2726 ederet,
313 2701 365 2728 quo
390 2693 543 2721 violentiam
571 2694 721 2729 huiusmodi
747 2695 840 2722 sedare
864 2700 963 2730 posset.

194 2735 330 2772 Respondet
350 2740 467 2768 Joannes
490 2745 606 2768 metuere
621 2749 649 2769 se
665 2749 698 2768 ne
712 2741 825 2776 gentiles
840 2742 965 2770 Ecclesia:

197 2781 234 2809 Dei
243 2784 404 2817 insultarent;
420 2785 442 2812 si
456 2786 523 2812 mala
538 2785 592 2821 ejus
602 2795 633 2814 ex
645 2788 744 2822 scripto
758 2795 806 2814 suo
820 2788 963 2816 discerent.

199 2825 296 2860 chouit
319 2830 380 2862 ille,
405 2830 480 2857 istam
501 2831 586 2857 omnia
608 2831 661 2866 jam
683 2832 796 2866 gentiles
811 2840 940 2866 cngnosse
957 2842 963 2859 :

199 2870 398 2910 Christianosque
423 2882 483 2902 esse
505 2875 648 2912 multosque
671 2878 719 2905 sibi
742 2883 817 2905 notos
838 2878 882 2913 qui
904 2879 963 2905 talia

1039 225 1233 255 perpetrarent.
1255 221 1322 249 Tum
1338 230 1401 251 vero
1419 223 1535 254 Joannes
1549 228 1662 256 amicum
1677 229 1824 266 dimittens,

1035 274 1064 293 se
1078 267 1102 293 id
1120 266 1248 295 facturum
1264 269 1399 303 pollicitus
1413 276 1453 299 est
1469 281 1475 298 :
1490 277 1569 308 atque
1583 273 1662 303 hosce
1675 280 1730 306 tres
1743 278 1826 307 libros

1033 313 1126 340 edidit.
1144 314 1242 342 l‘rioris
1255 315 1347 344 titulus
1360 322 1411 350 est,
1427 318 1552 347 Adversus
1567 321 1758 358 Oppugnatora
1768 325 1825 352 vitta

1033 361 1178 386 monastica:
1193 368 1202 387 :
1217 361 1242 388 in
1255 362 1372 390 secumlo
1382 384 1390 397 ,
1402 364 1444 391 cui
1458 365 1548 393 titulus
1560 387 1567 398 ,
1582 367 1622 394 Ad
1635 369 1763 403 inﬁdelem
1776 380 1824 406 pa-

1033 409 1110 437 trem,
1132 405 1201 432 idem
1221 413 1404 441 argumentum
1420 412 1588 446 persequitur
1602 422 1609 439 :
1626 414 1652 441 in
1671 405 1824 449 tertio,rcui

1033 449 1139 482 titulus,
1155 451 1196 477 Ad
1208 451 1308 485 ﬁdelem
1321 459 1432 488 patrem,
1449 463 1505 482 rem
1519 458 1668 487 accuratius
1684 461 1820 496 expendit.

1031 496 1200 532 ostenditque
1220 506 1299 533 quam
1319 499 1427 528 difficile
1448 502 1482 528 sit
1497 502 1522 530 in
1539 504 1637 532 mundo
1651 509 1766 535 versanti
1779 517 1824 536 sa-

1031 541 1111 570 lutem
1125 545 1261 579 consequi,
1277 549 1304 572 et
1312 545 1380 574 filios
1390 548 1536 575 secundum
1546 549 1724 580 Christianam
1738 555 1823 590 legem

1030 588 1153 617 educare.
1174 589 1202 617 In
1216 592 1395 620 masculorum
1410 602 1475 622 vero
1488 597 1673 627 concubitores
1693 588 1824 630 acerrime

1032 634 1166 663 invehitur
1180 645 1188 664 :
1204 637 1275 672 quod
1299 638 1430 667 nefarium
1445 641 1540 678 [scelus
1553 643 1701 672 Antiochia:
1722 646 1757 674 ita
1771 648 1823 676 du-

1029 681 1158 714 valuerat,
1175 686 1204 709 ut
1217 683 1363 716 periculum
1380 691 1461 719 esset,
1477 687 1571 722 inquit,
1588 697 1622 717 ne
1635 698 1718 719 sexus
1728 694 1823 721 mulie-

1028 726 1084 754 bris
1105 726 1161 761 jam
1186 729 1337 762 superﬂuus
1364 731 1525 760 efﬁceretur.
1555 734 1584 762 in
1610 738 1727 764 secundo
1754 739 1823 766 libro

1029 771 1165 799 historiam
1180 773 1263 801 refert
1282 774 1420 810 cujusdam
1439 778 1516 805 amici
1536 779 1576 806 sui
1589 800 1596 812 ,
1620 782 1665 815 qui
1682 783 1822 811 solitariam

1027 816 1244 852 vitotnamplcxur
1254 821 1336 854 fuerat
1350 828 1359 847 :
1374 822 1528 858 cujus-pater
1541 824 1652 858 inﬁdelis
1663 834 1726 862 erat,
1742 830 1820 864 dives,

1028 867 1154 897 spectatus
1169 869 1191 890 et
1206 865 1370 893 clarissimus.
1393 867 1423 894 Is
1445 870 1553 902 primum
1576 873 1709 900 concitavit
1727 875 1823 910 princi-

1028 917 1081 943 pes,
1095 910 1205 937 minatus
1216 916 1252 938 est
1266 912 1376 945 tinnula,
1393 914 1525 951 ipseatque
1534 917 1617 951 ﬁlium
1631 921 1746 949 omnibus
1759 931 1821 950 exu-

1028 960 1082 982 lum
1095 957 1122 984 in
1135 958 1219 985 aliena
1232 963 1299 986 terra
1313 960 1413 995 reliquit
1426 981 1433 993 ,
1448 965 1594 992 necessariis
1606 966 1682 993 etiam
1695 968 1822 998 alimentis

1027 1006 1138 1036 egentem
1153 1010 1163 1030 :
1176 1003 1223 1030 [me
1235 1004 1309 1032 modo
1319 1011 1415 1040 putans
1427 1015 1454 1034 se
1466 1007 1539 1035 illuni
1549 1009 1583 1036 ad
1594 1011 1680 1038 malli
1692 1013 1766 1040 vitam
1782 1024 1821 1042 re-

1027 1047 1174 1075 ducturum.
1184 1048 1322 1085 Postquam
1331 1056 1414 1079 autem
1421 1052 1494 1080 illum
1508 1054 1535 1081 in
1546 1055 1617 1082 nullo
1630 1057 1676 1084 sibi
1683 1059 1770 1086 cedere
1784 1061 1820 1087 vi-

1026 1092 1079 1125 dit,
1090 1093 1169 1121 victus
1177 1095 1277 1122 tandem
1292 1096 1448 1130 palinodiam
1458 1099 1556 1126 cecinit.
1567 1100 1604 1127 Ac
1614 1103 1712 1130 nuncin
1725 1104 1820 1134 honore

1026 1138 1109 1172 ﬁlium
1122 1140 1195 1167 habet
1204 1162 1211 1173 ,
1227 1149 1333 1177 eumque
1348 1143 1446 1179 magis,
1464 1153 1539 1179 quant
1552 1147 1575 1173 si
1587 1151 1658 1182 pater
1671 1157 1731 1176 suus
1741 1157 1815 1185 esset,

1025 1189 1158 1211 veneratur
1172 1194 1181 1213 :
1194 1194 1300 1221 cumque
1312 1187 1378 1215 alios
1397 1189 1486 1216 habeat
1508 1190 1576 1224 ﬁlios
1588 1212 1595 1223 ,
1616 1200 1741 1228 spectatos
1750 1217 1757 1229 ,
1773 1205 1817 1225 eos

1025 1238 1057 1257 ne
1069 1231 1159 1266 dignos
1172 1233 1273 1266 quidem
1292 1234 1336 1270 qui
1353 1235 1416 1262 servi
1432 1236 1509 1272 hujus
1523 1237 1573 1267 sint
1590 1239 1728 1268 arbitratur
1743 1243 1819 1279 :ipse

1025 1284 1126 1312 quoque
1139 1283 1242 1313 propter
1256 1280 1339 1313 ﬁlium
1350 1281 1424 1316 longe
1437 1282 1530 1310 clarior
1540 1289 1585 1311 est.

1061 1322 1088 1349 In
1108 1323 1187 1350 tertio
1201 1329 1289 1352 autem
1305 1325 1373 1354 libro
1396 1327 1506 1355 alteram
1529 1329 1612 1358 refert
1621 1331 1763 1362 historiam
1774 1335 1818 1370 ju-

1025 1370 1102 1396 venis
1115 1370 1252 1405 cujusdam
1267 1372 1445 1407 nobilissimi,
1459 1375 1534 1409 cujus
1550 1377 1709 1414 ptedagogns
1725 1388 1817 1410 mona-

1023 1414 1090 1442 chus
1103 1419 1170 1449 erat,
1185 1424 1200 1443 a
1215 1425 1267 1452 quo
1282 1418 1426 1454 pzedagogo
1438 1425 1521 1448 totum
1531 1422 1654 1454 Joannes.
1662 1426 1815 1456 edidicerat.

1024 1459 1139 1495 Hujusce
1153 1463 1228 1496 pueri
1239 1468 1314 1498 pater
1328 1464 1470 1494 Christiani
1486 1467 1571 1496 olTicia
1584 1477 1675 1504 parum
1693 1474 1813 1508 curabat,

1023 1510 1108 1534 mater
1128 1515 1192 1535 vero
1213 1509 1310 1543 pietate
1330 1511 1441 1544 prmdita
1464 1518 1522 1540 erat
1540 1519 1568 1541 et
1590 1515 1732 1544 admodum
1754 1513 1816 1547 reli-

1022 1551 1106 1586 giosa.
1131 1552 1211 1580 Pater
1233 1554 1316 1582 lilium
1340 1555 1372 1583 ad
1397 1557 1539 1586 saeculares
1563 1560 1648 1588 solum
1671 1562 1814 1598 dignitates

1023 1604 1180 1632 promovere
1203 1600 1354 1635 cogitabat;
1377 1607 1464 1630 mater
1478 1611 1545 1634 vero
1559 1605 1585 1632 id
1600 1614 1680 1634 unum
1692 1610 1812 1644 curabat,

1023 1647 1051 1670 ut
1072 1650 1119 1678 per
1133 1644 1194 1671 vita:
1216 1646 1383 1674 sanctitatem
1408 1655 1518 1684 regnum
1533 1651 1639 1680 ctelcste
1654 1661 1813 1691 mereretur,

1021 1693 1048 1716 et
1062 1689 1168 1724 quidem
1185 1698 1232 1725 per
1247 1691 1307 1718 vita:
1329 1694 1484 1722 monasticm
1499 1697 1636 1725 exercitia.
1659 1699 1698 1728 Ex
1711 1689 1813 1730 educa-i

1023 1733 1101 1762 tionis
1114 1740 1202 1763 autem
1216 1736 1295 1765 modo
1309 1742 1392 1766 totum
1406 1740 1537 1774 pendebat
1552 1751 1559 1769 :
1573 1751 1734 1781 quapropter
1746 1755 1814 1776 con-

1017 1779 1074 1815 jugi
1094 1780 1177 1808 suasit
1199 1785 1228 1808 ut
1242 1782 1316 1810 illum
1331 1784 1500 1814 Antiochiam
1517 1788 1654 1824 mitteret,
1670 1779 1698 1819 ut
1710 1792 1745 1820 ibi
1760 1794 1812 1822 lin-

1020 1832 1097 1860 guam
1117 1826 1237 1854 Latinam
1255 1833 1281 1855 et
1295 1828 1414 1857 Grmeam
1427 1831 1557 1860 edisceret
1570 1839 1711 1871 antequam
1725 1839 1813 1868 balteo

1022 1871 1245 1906 prtecingcretur;
1268 1881 1327 1908 qua:
1340 1874 1423 1903 baltei
1437 1878 1592 1911 prmcinctio
1607 1884 1669 1908 tunc
1682 1882 1715 1909 ad
1729 1886 1813 1920 magi-

1021 1920 1120 1943 stratus
1139 1922 1166 1944 et
1190 1918 1372 1949 nobilissimos
1396 1921 1468 1948 viros
1492 1923 1650 1957 pertinebat.
1677 1927 1732 1954 Sub
1754 1918 1812 1958 hinc

1020 1966 1107 1988 autem
1123 1963 1270 1991 solitarium
1286 1972 1319 1992 ex
1340 1967 1474 1996 montibus
1495 1970 1634 2004 evocavit,
1658 1972 1692 1999 ab
1712 1974 1810 2010 illoque

1022 2008 1116 2041 petiit,
1138 2013 1166 2036 ut
1180 2009 1225 2036 lilii
1241 2011 1280 2038 sui
1295 2011 1462 2040 Antiochiam
1476 2014 1508 2042 ad
1528 2016 1613 2044 studia
1629 2019 1748 2048 mittendi
1764 2008 1812 2050 cu-

1020 2061 1076 2081 ram
1093 2055 1215 2090 haberet,
1233 2057 1337 2092 ipsique
1351 2059 1485 2095 ptedagogi
1501 2061 1559 2089 loco
1570 2069 1650 2094 esset.
1664 2064 1810 2096 Obuiteba-

1021 2105 1064 2128 tur
1077 2101 1121 2128 ille
1135 2110 1167 2129 ac
1187 2102 1311 2136 dicebat,
1339 2104 1364 2132 id
1380 2105 1463 2133 officii
1486 2115 1539 2134 non
1561 2116 1639 2143 posse
1658 2118 1811 2147 competere

1020 2148 1162 2175 monacho.
1188 2149 1222 2176 At
1241 2149 1284 2176 illa
1306 2150 1410 2178 obnixis
1426 2153 1549 2186 precibus
1570 2159 1623 2182 tam
1640 2158 1812 2187 vehementer

1020 2193 1143 2227 institit,
1161 2199 1190 2221 ut
1214 2194 1320 2222 demum
1347 2198 1494 2226 monachus
1517 2199 1717 2236 obsequeretur.
1744 2205 1810 2233 Cum

1020 2247 1103 2275 puero
1127 2240 1205 2276 igitur
1226 2241 1393 2270 Antiochiam
1419 2245 1502 2272 venit.
1529 2245 1647 2275 Joannes
1660 2256 1741 2282 vero,
1765 2252 1809 2286 qui

1020 2289 1081 2313 tunc
1097 2286 1122 2312 in
1137 2287 1202 2314 urbe
1215 2291 1271 2314 erat
1282 2308 1289 2320 ,
1313 2292 1339 2315 et
1355 2288 1426 2316 illum
1442 2289 1469 2316 in
1489 2293 1650 2320 monasterio
1671 2294 1810 2330 degentem

1018 2332 1136 2366 viderat,
1166 2338 1335 2367 percontatus
1357 2339 1399 2362 est
1420 2335 1482 2370 quid
1503 2344 1590 2365 causae
1612 2345 1683 2367 esset
1707 2345 1736 2368 ut
1757 2342 1810 2370 tale

1018 2378 1136 2405 oflicium
1150 2379 1307 2413 susciperet.
1335 2379 1381 2407 Ille
1396 2389 1459 2408 vero
1475 2390 1530 2409 rem
1544 2385 1661 2412 narravit
1676 2391 1704 2413 ut
1718 2394 1810 2422 supra.

1018 2422 1188 2458 Puerumque
1201 2424 1240 2451 sic
1250 2423 1377 2456 instituit,
1394 2425 1432 2453 sic
1446 2425 1479 2453 ad
1494 2429 1648 2464 monasticm
1663 2430 1723 2458 vita:
1735 2439 1811 2459 amo-

1019 2476 1075 2495 rem
1096 2468 1286 2503 inllammavit,
1304 2475 1332 2497 ut
1347 2471 1425 2505 paulo
1440 2477 1531 2506 postea
1543 2473 1568 2500 in
1581 2475 1752 2504 solitudinem
1765 2485 1811 2506 se-

1018 2515 1141 2547 cederet,
1158 2519 1185 2542 ct
1200 2515 1234 2542 ibi
1250 2516 1422 2543 monasticam
1437 2517 1517 2557 vitam
1537 2526 1685 2548 exerceret.
1709 2522 1807 2551 Verum

1017 2559 1134 2587 Joannes
1157 2565 1247 2588 noster
1271 2566 1392 2589 metuens
1412 2570 1445 2590 ne
1459 2568 1533 2598 pater
1546 2565 1622 2600 ejus,
1647 2568 1692 2601 qui
1715 2573 1809 2596 natura

1019 2605 1160 2632 iracundus
1174 2610 1231 2633 erat
1242 2626 1248 2638 ,
1267 2606 1293 2634 in
1307 2606 1423 2634 furorem
1437 2616 1539 2643 versus,
1556 2615 1582 2638 ct
1596 2612 1768 2647 pmdagogum
1783 2620 1811 2641 et

1018 2651 1165 2678 monachos
1186 2651 1255 2678 male
1275 2653 1419 2687 multaret,
1442 2653 1550 2682 domum
1567 2662 1687 2692 repetere
1701 2660 1808 2694 coegit:

1017 2696 1062 2723 ubi
1077 2696 1122 2723 ille
1137 2704 1152 2723 a
1166 2697 1308 2733 pmdagogo
1322 2698 1360 2725 sic
1374 2698 1510 2728 institutus
1522 2721 1529 2733 ,
1546 2701 1652 2729 lectioni
1665 2703 1808 2738 Scriptura:

1018 2748 1100 2768 saerze
1112 2762 1120 2773 ,
1140 2742 1262 2776 jejuniis,
1278 2743 1373 2778 vigiliis
1386 2745 1542 2781 ctetcrisque
1556 2749 1708 2775 monasticis
1730 2757 1809 2777 exer-

1018 2787 1087 2814 citiis
1100 2788 1178 2815 dabat
1200 2797 1307 2824 operam
1323 2798 1330 2816 :
1345 2797 1458 2825 cumque
1480 2792 1584 2827 ingenio
1605 2794 1721 2828 valeret,
1743 2796 1808 2824 alios

1018 2833 1097 2860 etiam
1119 2841 1215 2868 pueros
1240 2835 1272 2861 ad
1295 2834 1408 2869 idipsum
1432 2836 1493 2863 vita:
1507 2845 1591 2871 genus
1604 2839 1704 2866 allexit.
1731 2841 1808 2869 Pater

1021 2887 1082 2906 vero
1097 2880 1178 2914 ipsius
1194 2880 1258 2907 nihil
1274 2888 1325 2908 non
1339 2881 1390 2916 egit
1408 2885 1435 2910 ut
1446 2881 1518 2910 illum
1529 2883 1562 2910 ab
1576 2883 1625 2913 hoc
1641 2885 1699 2913 vitm
1711 2894 1809 2922 genere
