2034 3109
189 126 221 154 97
778 122 871 150 NL'NC
894 118 1025 150 PRIMUM
1045 119 1240 152 ADORNATA.
1788 124 1821 153 9B

225 186 353 212 Diuccmts
370 183 503 211 ordiuntur
518 190 584 209 anno
600 186 707 209 t-L-i‘tcnte
731 181 782 208 580
795 202 802 213 ,
822 181 860 207 vel
881 181 980 207 ineunte

189 232 250 260 38f.
265 245 297 251 ——
313 230 359 257 Ait
382 230 525 261 Socrates,
552 235 629 262 quem
652 231 797 261 sequuntur
812 225 981 253 llermantius

189 277 283 311 aliique
300 283 411 307 omnes,
437 282 490 301 uno
512 277 624 308 excepto
647 272 817 299 Tillemoutio
829 292 836 303 ,
851 271 979 298 Joannem

187 322 241 357 jam
266 321 409 348 diaconum
443 320 538 351 fuisse.
565 317 670 353 quando
697 317 730 344 ad
751 317 892 352 Stagirium
916 316 980 343 scri-

190 368 250 402 psit.
270 367 356 401 Quid.
379 367 400 392 si
425 365 526 393 dicatur
554 365 625 391 illum
649 363 787 398 scripsisse
812 362 923 397 primum
947 361 980 388 ad

189 413 331 447 Stagirium
344 413 456 444 librum,
471 410 576 445 quando
595 410 689 436 morbo
711 409 836 436 detentus
857 407 982 435 manebat

189 458 281 490 domi,
298 458 421 492 duosque
435 457 502 483 alios
520 460 660 490 postquam
679 458 814 481 recreatus
829 461 844 480 a
866 453 960 480 morbo
972 472 979 485 ,

189 503 316 530 diaconus
330 502 470 529 ordinatus
482 501 587 528 fuerat?
600 500 695 527 Verum
710 499 768 526 haec
780 499 892 526 salebris
904 498 980 533 plena

189 555 251 577 sunt
263 570 271 583 ,
287 557 336 576 nec
347 553 435 583 potest
449 547 510 582 quid
529 551 602 574 certo
623 545 790 581 pronuntiari
806 554 812 572 :
835 545 870 572 ita
885 552 981 579 nempe

191 596 306 623 breviter
315 599 343 622 et
357 595 471 622 obscure
483 593 539 620 lucc
552 596 694 619 narrantur
706 600 720 619 a
735 591 845 618 Socrate
858 595 883 618 ct
894 590 980 617 Palla-

190 641 245 669 dio.
260 641 293 668 Ut
309 645 336 667 ut
351 647 395 667 res
409 643 450 666 est
463 659 470 672 ,
484 638 619 665 ordinatus
634 637 762 664 diaconus
781 636 830 663 fuit
850 643 865 662 a
877 635 981 662 Meletio

191 687 232 713 vel
245 692 316 712 anno
328 689 449 712 vertente
459 684 522 716 580,
534 683 573 709 vel
590 683 696 709 ineunte
711 682 759 709 581
779 679 858 708 :uam
875 681 982 708 ineunte

191 739 254 759 vere
270 731 389 766 ejusdem
405 730 466 757 anni
477 729 525 757 581
542 729 663 756 Meletius
680 727 928 762 Constantinopolin
951 732 981 755 se

190 776 321 808 contulit,
336 775 425 810 ibique
438 775 507 802 diem
521 774 627 802 clausit.

228 821 316 848 Libros
339 821 372 847 ad
393 820 499 847 Viduam
521 820 644 854 iuniorem
668 819 903 846 scribit—Paulo
923 824 983 854 post

190 875 269 903 quam
288 868 417 895 diaconus
431 866 533 894 electus
549 865 598 893 fuit
611 865 728 893 Joannes
746 862 824 900 (Vide
838 863 980 899 hinnitum,

191 920 209 941 t.
223 915 248 942 i.
263 924 286 943 ε.
299 913 377 948 595),
387 917 417 939 ut
428 919 459 940 ex
474 912 530 946 ipsa
540 912 599 946 ejus
616 911 767 938 narratione
779 911 918 946 diligenter
933 919 981 939 ex-

192 960 292 987 nlorata
317 960 372 993 jam
397 965 446 984 suo
469 956 528 984 loco
545 957 700 988 statuimus,
717 956 840 983 videlicet
858 961 980 984 vertente

189 1012 259 1032 anno
278 1005 341 1037 380,
356 1004 396 1031 vel
420 1004 527 1031 ineunte
549 1003 610 1035 58!,
628 1003 709 1030 libros
722 1002 789 1030 duos
812 1002 844 1030 ad
869 1002 981 1030 Viduam

191 1051 327 1086 juniorem
351 1051 459 1081 emisit,
473 1050 522 1077 hac
544 1049 638 1077 ductus
658 1049 797 1076 occasione
809 1069 817 1081 .
833 1056 911 1084 quam
925 1050 982 1084 ipse

189 1097 308 1131 pluribus
321 1096 452 1124 enuntiat.
465 1095 609 1123 Therasius
622 1115 629 1128 ,
648 1095 690 1122 vir
702 1095 770 1122 inter
784 1095 924 1129 primarios
941 1095 983 1122 sui

190 1143 316 1177 temporis
331 1142 501 1176 conspicuus,
515 1148 613 1176 genere
626 1141 848 1176 facultatibusque
861 1140 981 1176 insignis,

190 1197 269 1224 quem
285 1196 345 1223 spes
355 1193 416 1216 erat
430 1188 463 1215 ad
478 1187 648 1222 prefecturas
663 1191 851 1221 perventurum
866 1194 934 1219 esse;
948 1187 982 1214 ad

192 1233 251 1261 haec
273 1234 420 1269 probitate,
437 1233 566 1260 modestia
577 1250 585 1266 ,
599 1233 696 1268 pietate
713 1233 878 1259 ornatuszin
897 1233 983 1259 :etatis

193 1280 257 1307 flore
279 1280 348 1306 diem
363 1279 429 1306 obiit
444 1283 592 1306 extremum
605 1298 611 1311 ,
627 1281 767 1313 postquam
783 1283 868 1304 annos
880 1281 982 1303 tantum

191 1327 306 1361 quinque
325 1333 385 1353 cum
411 1328 495 1352 uxore
516 1328 618 1359 egomt.
640 1323 723 1357 Quam
747 1327 777 1350 ut
799 1323 983 1350 consolaretur

192 1372 261 1400 hunc
273 1373 368 1399 librum
383 1371 467 1399 edidit
481 1371 614 1398 Joannes:
626 1374 653 1397 et
667 1369 752 1404 primo
763 1369 809 1396 Dei
822 1369 981 1403 singularem

192 1426 252 1453 erga
267 1418 359 1444 viduas
375 1417 520 1445 exltibitam
534 1423 626 1443 curam
640 1416 674 1442 ob
685 1415 775 1442 oculos
790 1415 874 1450 ponit,
888 1415 982 1449 quibus

190 1467 270 1493 etiam
291 1465 340 1492 viri
367 1465 427 1492 loco
440 1471 499 1491 esse
513 1463 618 1497 probat.
633 1462 698 1489 llinc
712 1459 831 1489 honesta:
849 1461 984 1488 \iduitatis

190 1511 345 1545 dignitatern
358 1518 390 1537 ex
405 1508 479 1537 Pauli
494 1507 580 1536 verbis
593 1507 709 1534 celebrat
719 1527 726 1539 ,
737 1514 822 1541 neque
837 1506 982 1541 proborum

192 1558 262 1584 obitu
285 1556 454 1591 gaudendum
473 1562 532 1582 esse
552 1555 728 1582 demonstrat.
747 1554 841 1580 Postea
862 1553 982 1580 humana:

191 1603 252 1630 vita:
267 1603 459 1629 volubilitatem
470 1606 500 1628 ut
512 1601 633 1628 05teudat
646 1621 654 1633 ,
670 1600 820 1635 exemplum
833 1600 983 1635 atTcrtquo-

189 1649 312 1677 rumdam
329 1648 472 1683 insignium
490 1647 622 1678 virorum,
636 1646 680 1681 qui
695 1645 728 1672 ad
751 1645 877 1680 majorem
898 1646 982 1673 evecti

187 1695 359 1731 dignitatem,
376 1693 506 1728 p‘rmcipiti
521 1692 688 1726 violentaque
701 1695 786 1718 morte
800 1690 897 1717 sublati
909 1695 982 1719 sunt.

187 1735 243 1768 Nec
257 1741 289 1767 iis
302 1740 432 1767 beatiores
443 1745 505 1766 esse
517 1738 552 1764 ait
563 1737 750 1772 Imperatores,
761 1735 808 1763 sed
820 1743 872 1770 quo
882 1735 983 1770 majore

187 1787 294 1814 fortuna
311 1786 441 1812 tollantur
456 1784 483 1810 in
504 1783 585 1810 altum
596 1804 603 1815 ,
617 1789 650 1810 eo
661 1781 784 1817 graviore
797 1781 872 1815 lapsu
891 1788 980 1808 ruere.

187 1831 256 1858 llinc
270 1831 446 1865 imperatores
456 1829 498 1855 sui
510 1827 636 1862 temporis
647 1831 785 1858 recenset,
801 1826 845 1861 qui
860 1833 908 1853 suo
924 1833 982 1853 aevo

186 1879 288 1905 misere
301 1877 455 1911 perierant;
471 1882 523 1901 non
542 1873 652 1909 prolatis
665 1872 817 1900 nom’ﬁbus
826 1892 833 1904 ,
846 1871 893 1899 sed
907 1871 982 1899 invoc

183 1925 252 1951 iutis
264 1923 353 1951 verbis
363 1943 372 1955 ,
385 1929 445 1957 qua:
458 1928 510 1948 nos
525 1918 715 1954 explicavimus
735 1918 761 1944 in
776 1917 886 1944 Monito.
901 1917 984 1944 Erant

183 1974 277 1996 autem
303 1969 484 2003 imperatores
505 1965 543 1992 illi
571 1971 667 1992 novem
689 1970 815 1996 nurnero,
832 1970 864 1990 ex
886 1962 982 1997 quibus

179 2015 243 2042 duo
258 2004 361 2041 tantum
375 2011 512 2040 communi
532 2014 618 2037 morte
629 2009 726 2036 sublati
742 2008 847 2035 fuerant
864 2017 871 2035 :
887 2014 982 2035 novem

183 2061 227 2088 illi
246 2065 308 2088 sunt
321 2057 515 2087 Constantinus
534 2060 562 2083 et
574 2060 628 2082 tres
641 2054 687 2081 filii
704 2053 762 2088 ejus
775 2053 982 2086 Constantinus,

179 2106 365 2134 Constantius
379 2108 407 2131 et
426 2102 566 2134 Constans,
582 2100 688 2132 Gallus,
703 2099 834 2131 Julianus,
846 2098 982 2132 Jorianus,

179 2149 394 2180 Valentinianus
411 2153 440 2176 et
454 2148 560 2174 \‘alens.
576 2146 642 2173 Hinc
658 2145 751 2172 transit
764 2144 796 2171 ad
811 2145 943 2178 Augustas
957 2147 984 2171 et

178 2198 377 2234 fiiiperatrices
388 2217 396 2229 ,
410 2203 468 2230 qua:
482 2193 621 2221 infeliciter
632 2192 776 2227 perierant,
788 2195 815 2217 et
828 2190 982 2217 obscuriora

179 2245 385 2280 profert,qua:
406 2241 450 2268 vix
469 2239 501 2266 ad
526 2238 662 2265 historiam
689 2236 765 2263 istius
782 2235 831 2263 sivi
853 2234 983 2270 quadrare

178 2291 292 2326 p055int
306 2299 313 2317 :
327 2296 388 2323 qua:
403 2293 452 2314 nos
471 2293 519 2320 pro
537 2283 662 2311 facultate
677 2281 870 2317 explicavimus
886 2281 912 2307 in
932 2287 981 2307 eo-

175 2337 248 2363 dem
269 2335 378 2362 Monito.

218 2381 304 2408 Hunc
321 2379 355 2406 ad
371 2378 485 2405 Viduam
504 2375 635 2411 iuniorem
657 2373 753 2401 librum
777 2373 895 2407 sequitur
915 2372 983 2400 alius

176 2429 256 2455 lihcr
280 2426 319 2453 vel
342 2424 467 2456 Iiomilia,
484 2429 542 2457 qum
560 2421 638 2449 etiam
663 2420 696 2446 ad
717 2418 829 2447 Viduam
850 2419 983 2453 juniorem

176 2472 356 2501 inscribitur.
371 2470 468 2497 Verum
483 2469 525 2496 hic
538 2475 590 2495 non
603 2467 710 2494 viduam
723 2473 802 2492 unam
811 2485 818 2496 ,
830 2464 877 2492 sed
890 2464 984 2491 viduas

176 2525 291 2547 omnes
312 2516 433 2552 juniores
458 2514 616 2549 alloquitur,
638 2519 704 2547 quas
725 2511 881 2538 cohortatur
904 2513 933 2536 ut
956 2509 984 2536 in

176 2567 323 2594 \‘itfttllzllc
343 2566 534 2598 permaneant,
557 2567 609 2588 non
637 2558 706 2594 quod
732 2557 861 2585 secundas
881 2556 984 2597 nuptias
1007 2579 1012 2582 ι

176 2613 320 2642 damnet,
335 2609 383 2636 sed
399 2607 469 2642 quod
483 2607 522 2634 sic
535 2606 673 2633 liberiores
687 2607 829 2635 maneant,
846 2607 874 2630 et
885 2602 984 2630 caelesti

176 2663 297 2694 sponso
310 2654 417 2682 Christo
432 2660 460 2680 se
474 2652 572 2679 arctius
588 2652 699 2686 jungere
714 2649 824 2684 possint.

217 2701 340 2728 Librum
363 2699 394 2724 de
421 2697 565 2732 Virginitate
579 2695 673 2723 scribit.
689 2709 725 2714 —
743 2693 937 2728 Longissimum
958 2697 985 2720 et

177 2747 328 2776 eximium
341 2744 374 2771 de
387 2743 544 2777 Virginitate
556 2742 662 2774 librum,
679 2740 723 2775 qui
740 2739 877 2774 plusquam
887 2739 921 2766 68
937 2746 984 2772 pa-

177 2795 265 2829 ginas
282 2789 392 2823 implet,
407 2787 527 2815 emisisse
547 2787 675 2814 Joannem
691 2790 813 2820 putamus
838 2783 985 2811 Antiochiae

176 2842 206 2868 ει
227 2840 387 2870 antequam
401 2833 537 2868 presbyter
559 2836 637 2861 esset.
655 2830 729 2865 Quod
746 2830 816 2858 enim
836 2829 982 2858 Antiochia:

1036 182 1166 215 ediderit,
1182 183 1238 217 ipse
1263 183 1419 210 testificatur
1444 182 1551 210 homilia
1574 182 1770 217 undevigesim:
1793 183 1822 211 in

1036 225 1123 262 Epist.
1137 229 1168 255 ad
1184 229 1336 256 Corinthios
1352 229 1393 256 liis
1405 229 1493 256 verbis
1506 237 1513 253 :
1525 228 1556 256 Si
1569 233 1652 255 autem
1667 229 1822 262 praterbitas

1034 282 1063 300 ea
1076 281 1132 308 qua:
1152 274 1258 300 dicenda
1278 279 1357 300 euent
1373 273 1404 300 de
1416 273 1560 308 virginitate
1570 293 1578 306 ,
1592 281 1663 300 nemo
1682 281 1727 300 nos
1742 272 1821 308 negli-

1033 319 1124 352 gentia
1133 319 1244 347 damnet.
1259 319 1360 354 Integer
1374 320 1439 346 enim
1453 319 1512 346 fiber
1526 319 1552 346 in
1563 319 1628 346 hunc
1640 319 1721 346 locum
1737 327 1754 345 α
1774 327 1821 346 no-

1033 364 1070 390 bis
1083 369 1119 391 est
1133 365 1215 392 editus
1225 373 1234 392 :
1246 369 1268 392 et
1280 373 1347 398 cum,
1361 373 1437 399 quam
1452 365 1578 399 potuimus
1597 364 1782 392 accuratissime
1798 368 1821 391 et

1033 409 1223 444 diligentissime
1234 429 1242 442 ,
1256 409 1340 436 omnia
1361 410 1414 436 illic
1437 410 1577 444 persequuti
1590 409 1669 436 simul
1680 429 1687 441 ,
1703 417 1823 444 superva-

1036 463 1140 481 caneum
1155 463 1209 481 esse
1222 455 1341 481 duximus
1354 463 1383 481 ea
1396 463 1497 481 rursum
1514 455 1553 482 hic
1573 461 1706 489 exponere.
1721 453 1821 481 Locum

1036 507 1115 534 porro
1130 500 1215 532 illum,
1230 507 1308 534 quem
1329 499 1437 526 homilia
1456 499 1652 534 undevigesima
1674 499 1700 526 in
1720 499 1823 534 Episto-

1033 546 1085 572 lam
1101 547 1111 573 l
1128 545 1160 573 ad
1176 545 1330 573 Corinthios
1344 546 1370 572 in
1393 549 1577 580 argumentum
1604 544 1655 572 sibi
1678 545 1821 579 proponit.

1033 592 1145 624 scilicet,
1155 591 1257 618 Bonum
1267 596 1308 618 est
1315 590 1416 618 homini
1424 590 1562 618 mulierem
1571 598 1622 617 non
1634 594 1821 625 tangere.ctc.,

1033 637 1060 664 in
1069 637 1119 664 hoc
1129 637 1162 664 de
1171 637 1326 672 Virginitate
1338 637 1406 664 libro
1417 640 1544 672 perpetuo
1553 640 1642 664 versat
1654 640 1681 663 et
1692 635 1801 663 discutit
1812 644 1820 668 ;

1034 682 1068 709 ita
1082 686 1110 709 ut
1126 682 1236 716 perinde
1249 687 1351 709 certum
1365 682 1399 709 sit
1411 681 1481 708 hunc
1499 681 1533 709 de
1551 681 1709 716 Virginitate
1726 681 1822 708 librqu

1033 727 1059 755 in
1078 727 1186 755 liomilia
1211 728 1255 755 illa
1274 727 1478 755 commemorari
1494 736 1501 754 :
1525 732 1554 754 ut
1572 732 1673 754 eertum
1689 730 1749 760 est,
1765 727 1823 761 ipso

1034 778 1100 800 teste
1111 772 1306 808 Chrysoslomo
1315 792 1323 805 ,
1339 778 1367 800 et
1380 772 1478 800 fatente
1490 772 1661 800 Tillemontio
1672 793 1679 806 ,
1695 770 1823 800 llomilias

1033 818 1059 845 in
1071 818 1216 853 Epistolam
1228 818 1241 846 ί
1254 817 1287 845 ad
1293 817 1446 845 Corinthios
1456 818 1605 845 Antiochia;
1615 817 1718 844 habitas
1729 817 1821 844 fuisse.

1069 863 1166 891 Verum
1178 863 1209 891 V.
1220 863 1261 891 Cl.
1275 863 1461 891 Tillemoutius
1477 867 1576 890 tantam
1589 862 1651 890 huic
1665 862 1824 890 enervandae

1033 910 1172 937 sententize
1198 909 1382 937 difﬁcultatem
1408 915 1438 936 se
1461 909 1593 943 reperisse
1616 913 1709 943 putat,
1730 913 1759 935 ut
1779 909 1822 935 illa

1033 956 1179 987 abductus,
1203 955 1331 982 Joannem
1345 955 1399 989 jam
1419 955 1572 990 episcopum
1588 960 1615 982 et
1634 955 1823 982 Constantino-

1034 1000 1086 1035 poli
1103 1000 1199 1028 librum
1219 1000 1290 1027 hunc
1307 1001 1423 1028 edidisse
1447 1000 1591 1032 decernat,
1613 1001 1675 1034 quia
1700 1000 1823 1027 videlicet

1032 1046 1147 1081 quodam
1164 1047 1190 1073 in
1207 1046 1266 1074 loco
1292 1046 1338 1073 ille
1359 1046 1434 1080 quasi
1459 1046 1603 1080 episcopus
1626 1045 1752 1080 loquitur.
1768 1045 1821 1073 Sed

1033 1092 1210 1126 objectioncm
1223 1092 1295 1119 illam
1309 1091 1476 1119 confutamus
1492 1092 1518 1119 in
1531 1091 1629 1119 Monito
1644 1091 1678 1118 ad
1699 1091 1769 1118 hunc
1792 1091 1821 1117 li-

1033 1137 1110 1164 brum
1130 1137 1162 1164 T.
1177 1137 1204 1165 f.
1219 1141 1244 1163 θ.
1258 1136 1307 1164 531
1329 1136 1397 1164 :ubi
1417 1137 1490 1164 clare
1515 1136 1659 1171 probamus
1680 1135 1765 1171 ipsum
1795 1136 1820 1163 in

1033 1181 1093 1210 loco
1118 1182 1165 1210 illo
1179 1189 1213 1210 ex
1239 1181 1313 1210 Pauli
1346 1189 1460 1217 persona
1481 1181 1567 1216 loqui;
1582 1186 1609 1209 et
1636 1182 1734 1216 passim
1759 1182 1821 1208 alibi

1033 1228 1106 1256 illum
1120 1229 1305 1264 episcoporum
1316 1249 1323 1262 ,
1342 1228 1543 1263 conjugatorum
1555 1232 1582 1256 et
1600 1228 1713 1255 aliorum
1727 1235 1821 1262 perso-

1034 1282 1081 1302 nas
1094 1275 1132 1303 sic
1145 1282 1282 1302 assumere
1295 1275 1486 1309 coniperiinus.

1068 1320 1247 1348 indubitatum
1266 1320 1356 1355 itaque
1372 1324 1433 1352 est,
1449 1320 1506 1354 ipso
1526 1319 1690 1346 reclamante
1708 1318 1824 1354 Chryso-

1033 1371 1139 1398 stomn,
1154 1366 1250 1393 librum
1275 1365 1309 1393 de
1331 1362 1489 1400 Virginitate
1520 1364 1649 1392 emissum
1676 1363 1824 1391 Antiochia

1033 1411 1124 1443 fuisse,
1138 1412 1174 1438 ita
1191 1415 1220 1438 ut
1238 1418 1270 1438 ex
1293 1410 1381 1437 verbis
1406 1407 1467 1445 ejus
1491 1410 1565 1444 argui
1591 1417 1671 1444 posse
1692 1409 1822 1442 videatur,

1033 1458 1118 1494 ipsum
1133 1463 1195 1486 tunc
1211 1459 1236 1485 in
1252 1458 1394 1485 multorum
1410 1464 1504 1484 manus
1517 1456 1669 1484 devenisse.
1685 1456 1743 1490 Quo
1756 1460 1824 1483 tem-

1034 1512 1098 1540 pore
1116 1510 1206 1532 autem
1231 1505 1306 1531 illum
1331 1504 1486 1538 scripserit,
1500 1510 1629 1537 nusquam
1652 1502 1820 1537 reperimus;

1035 1551 1210 1586 probabiliter
1228 1555 1318 1578 tamen
1333 1550 1386 1577 dici
1400 1556 1479 1584 posse
1493 1553 1565 1584 puto,
1580 1549 1667 1585 ipsum
1681 1552 1823 1583 antequam

1034 1596 1171 1631 presbyter
1187 1600 1258 1624 esset
1282 1595 1351 1623 hunc
1374 1594 1470 1623 librqu
1487 1594 1674 1627 adornavisse,
1690 1600 1750 1621 cum
1765 1593 1823 1628 plus

1034 1642 1084 1669 sibi
1106 1642 1152 1669 otii
1173 1645 1254 1668 esset.
1275 1641 1417 1675 Postquam
1443 1640 1513 1667 enim
1534 1640 1674 1675 presbyter
1685 1639 1824 1666 ordinatus

1034 1686 1101 1720 fuit,
1115 1685 1289 1713 concionandi
1309 1685 1396 1713 oiticio
1409 1685 1622 1720 frequentissime
1641 1684 1801 1720 fungebatur
1813 1705 1821 1717 ,

1034 1737 1062 1760 ut
1076 1740 1128 1760 non
1141 1737 1247 1760 vacaret
1268 1732 1317 1767 ipsi
1338 1736 1391 1758 tam
1413 1731 1534 1766 prolixos
1551 1730 1711 1758 concinnare
1730 1730 1821 1757 libros.

1034 1778 1158 1813 Alioquin
1172 1782 1276 1810 autem,
1294 1777 1316 1804 si
1333 1776 1471 1812 presbyter
1485 1776 1542 1803 haec
1556 1776 1717 1811 scripsisset,
1732 1775 1758 1803 in
1770 1775 1822 1803 hou-

1035 1824 1138 1856 milias,
1153 1822 1303 1850 utcredcr’c
1313 1827 1364 1856 est,
1380 1826 1463 1849 totum
1479 1821 1659 1849 distribuisset
1671 1841 1678 1853 ,
1692 1825 1721 1848 ut
1738 1820 1823 1847 homi-

1033 1868 1082 1896 lias
1103 1868 1137 1896 dc
1161 1868 1331 1900 Pmniteutia,
1356 1867 1390 1895 de
1414 1865 1692 1901 lucompreltensibili,
1714 1865 1748 1893 do
1771 1865 1823 1893 La-

1033 1921 1106 1946 zaro,
1120 1918 1172 1941 etc.

1069 1960 1109 1988 De
1135 1964 1221 1987 sancto
1257 1959 1355 1994 Babyla
1377 1958 1468 1985 librum
1498 1957 1593 1984 scribit.
1614 1971 1649 1976 —
1669 1955 1726 1983 Huc
1750 1955 1821 1983 refe-

1034 2006 1132 2034 rendus
1147 2006 1214 2033 liber
1233 2005 1278 2032 ille
1294 2005 1320 2031 in
1336 2008 1457 2031 sanctum
1468 2003 1594 2038 Babylam
1609 2001 1661 2037 (Τ.
1675 2001 1702 2028 2.
1717 2007 1743 2027 es
1755 2000 1820 2028 527.

1034 2050 1097 2088 533)
1106 2071 1113 2084 ,
1122 2055 1216 2078 contra
1226 2049 1359 2078 Julianum
1371 2053 1398 2076 et
1417 2053 1510 2075 contra
1526 2047 1660 2080 Gentiles,
1674 2053 1754 2081 quem
1767 2046 1823 2072 An-

1035 2096 1141 2125 tiochiae
1153 2095 1261 2131 scripsit
1272 2099 1300 2122 et
1310 2101 1343 2122 ex
1356 2093 1491 2121 memorize
1502 2092 1577 2127 lapsu
1592 2090 1762 2118 Hermautius
1775 2097 1823 2124 pro

1035 2143 1142 2170 homilia
1156 2141 1258 2169 habuit.
1272 2139 1411 2174 Temporis
1432 2143 1522 2166 notam
1539 2137 1581 2165 hic
1598 2137 1714 2164 Joannes
1731 2140 1823 2162 noster

1035 2189 1120 2221 affert,
1135 2195 1195 2216 cum
1206 2187 1272 2215 dicit
1291 2187 1345 2221 jam
1368 2185 1524 2220 vigesimum
1553 2191 1650 2211 annum
1666 2183 1708 2218 agi
1722 2190 1754 2210 ex
1769 2188 1823 2216 quo

1034 2235 1154 2262 Julianus
1170 2234 1295 2268 Apostata
1307 2231 1433 2266 templum
1446 2229 1698 2265 Jerosolym‘itanum
1717 2231 1823 2255 restau-

1035 2288 1095 2308 rare
1118 2284 1229 2307 conatus
1249 2282 1300 2306 est.
1324 2277 1352 2304 ld
1376 2284 1441 2304 vero
1468 2275 1579 2303 tentavit
1601 2274 1722 2302 Julianus
1751 2280 1821 2299 auuo

1033 2325 1134 2354 Christi
1157 2324 1210 2353 362
1233 2333 1239 2351 :
1264 2322 1334 2350 unde
1357 2325 1512 2356 sequeretur
1524 2320 1652 2347 Joannem
1674 2325 1744 2344 anno
1771 2317 1824 2344 582

1036 2371 1107 2398 hunc
1120 2370 1264 2397 adornasse
1284 2367 1390 2394 librum.
1407 2365 1504 2393 Verum
1528 2364 1596 2391 solet
1614 2363 1657 2390 ille
1678 2370 1729 2389 non
1749 2366 1824 2389 tanto

1036 2416 1162 2450 scrupulo
1175 2415 1223 2442 has
1237 2421 1292 2441 suze
1304 2413 1385 2440 etiam
1397 2411 1483 2438 aetatis
1497 2415 1573 2438 notas
1589 2415 1723 2444 apponere
1732 2427 1741 2440 ,
1755 2412 1783 2434 ut
1796 2407 1824 2434 in

1036 2462 1135 2489 Monito
1150 2460 1182 2487 ad
1195 2459 1265 2486 hunc
1280 2459 1375 2486 librum
1389 2457 1511 2492 pluribus
1533 2455 1722 2489 comprobatur
1736 2452 1780 2488 (Τ.
1795 2451 1823 2478 '2.

1037 2516 1063 2543 ρ.
1081 2506 1156 2538 525).
1174 2505 1229 2532 lloc
1243 2511 1323 2531 unum
1338 2503 1396 2530 sine
1411 2501 1516 2531 errandi
1529 2500 1648 2535 periculo
1671 2498 1723 2526 dici
1747 2504 1825 2532 posse

1037 2552 1149 2584 videtur,
1165 2550 1238 2577 illum
1252 2555 1347 2583 nempe
1357 2555 1416 2574 cum
1429 2546 1555 2573 diaconus
1566 2548 1637 2572 esset
1646 2543 1716 2571 hunc
1729 2543 1825 2570 librum

1036 2598 1189 2633 scripsisse,
1203 2596 1236 2624 ab
1261 2602 1331 2622 anno
1352 2598 1448 2629 nempe
1467 2592 1516 2620 581
1543 2591 1577 2619 ad
1596 2590 1649 2619 585
1668 2595 1695 2618 et
1710 2590 1762 2617 386
1784 2587 1826 2615 in-

1037 2650 1155 2672 euntem.

1073 2690 1264 2723 Argumentum
1280 2685 1338 2712 libri
1355 2689 1396 2712 est
1415 2682 1525 2710 historia
1539 2680 1657 2716 martyrii
1676 2680 1703 2707 S.
1718 2678 1826 2713 Babylze

1038 2734 1155 2770 episcopi
1178 2731 1334 2760 Autiocheui
1356 2728 1545 2757 declatnatorio
1569 2733 1661 2758 more,
1682 2731 1767 2758 exque
1782 2731 1824 2750 ru-

1040 2768 1113 2807 more
1132 2768 1198 2812 vulg‘i
1218 2777 1376 2811 pierumquc
1397 2773 1538 2804 recensita,
1553 2771 1634 2805 tropis
1650 2768 1801 2797 redundans
1817 2775 1825 2794 :

1040 2827 1064 2854 'ui
1085 2832 1135 2861 qua
1162 2824 1299 2853 Veritatem
1322 2828 1392 2856 saepe
1415 2819 1559 2848 desideres.
1582 2816 1647 2844 Nam
1674 2820 1701 2843 ut
1724 2819 1825 2843 certum
