2034 3109
213 130 247 159 99
739 128 766 155 S.
787 126 924 155 JOANNIS
942 124 1179 154 CilRYSOSTOMl
1195 126 1284 159 \‘ITA,

213 187 336 216 existimo
349 186 367 214 S
394 185 517 222 Babylam
538 193 584 220 pro
604 185 709 212 Christo
732 191 830 211 caesum
855 183 950 214 fuisse;
968 183 1003 209 ita

213 241 296 269 genus
315 238 342 260 et
360 240 439 259 causa
462 231 580 266 martyrii
595 238 626 258 ev
649 230 738 265 populi
761 236 868 256 rumore
896 228 984 263 potius
997 248 1004 259 ,

213 287 291 314 quam
317 286 350 306 ex
365 286 426 305 vera
449 285 537 305 rerutn
559 281 693 312 gestarum
725 275 834 302 historia
865 282 880 301 a
902 274 1006 301 Joanne

215 324 324 359 proferri
349 331 400 350 non
430 323 537 350 dubium
564 327 614 350 est.
643 321 708 355 Quis
733 321 820 352 enim,
835 327 943 355 qttmso,
961 319 1005 346 ille

214 370 293 397 fuerit
316 369 495 396 Romanorum
515 366 661 402 imperator
683 366 864 398 Christianus,
879 365 925 400 qtti
939 364 1004 391 inita

212 424 273 443 cum
306 423 368 450 rege
396 414 509 442 barbaro
540 421 625 449 pace,
651 420 681 440 ca
716 412 885 444 conditione,
909 415 938 438 ut
972 410 1003 437 ﬁ-

212 463 275 489 limu
291 461 334 489 ille
348 461 397 488 sibi
412 460 578 488 educandum
595 459 730 492 traderet,
746 462 883 492 acceptum
899 465 947 491 pro
962 457 1003 491 pi-

211 514 294 541 gnere
318 506 390 541 pacis
415 505 496 532 ﬁlium
522 504 662 532 confestim
684 504 856 539 jugulavcrit,
874 509 956 537 caque
970 502 1004 529 de

211 560 290 579 e:ntsa
314 560 328 578 ει
353 552 431 579 beato
459 551 556 586 Babyla
578 550 704 577 Ecclesiae
725 549 796 576 aditu
825 548 1002 578 interclusus,

212 599 335 626 eumdem
349 599 377 625 S.
393 597 532 633 prtesulcm
543 597 568 624 in
580 603 713 623 carcerem
729 595 796 623 trudi
812 598 840 622 et
851 593 1002 621 obtruncari

213 644 344 678 jusserit?
356 643 432 670 ilunc
445 642 634 677 Imperatorem
645 641 751 676 quidam
766 641 822 668 sive
835 639 1002 672 scholiastes,

213 691 269 717 sive
283 689 406 716 librarius
421 688 486 716 dicit
500 695 560 715 esse
585 687 773 714 Nttmcrianum
788 695 794 712 :
809 693 861 720 quo
876 685 938 720 quid
960 685 1001 711 in-

214 735 318 770 eptius?
329 734 395 762 Nam
410 734 451 761 vel
462 733 640 761 Christianum
653 731 949 763 dicercNumerianum,
961 730 1001 758 vel

212 781 409 808 interfectorem
425 779 562 815 cujusdam
577 779 621 806 lilii
636 779 706 814 regis
720 778 911 810 barbarorum,
926 785 1002 812 mque

212 834 272 854 cum
292 833 355 854 vera
378 830 474 861 pugnat
490 825 610 852 historia.
630 824 683 851 Nec
698 824 782 859 magis
798 823 916 851 creditur
929 823 1002 850 Actis

211 872 368 904 quihusdam
390 879 404 898 a
419 870 546 898 Bollaudo
561 870 639 897 editis
652 870 684 897 ad
701 869 737 896 24
747 869 875 901 Januarii,
888 868 930 895 ubi
945 868 1001 895 Nu-

211 920 347 946 ntcrianns
363 917 494 944 idolorum
508 917 592 944 cultor
607 916 739 943 inducitur
758 915 785 942 S.
800 915 925 950 Babylam
942 919 1001 941 ten-

211 969 270 990 tans
292 964 325 990 ad
348 963 509 998 impietatem
536 969 610 989 suam
636 962 761 994 trahere,
782 961 919 995 ipsumque
939 967 1000 988 cum

210 1009 300 1042 pueris
310 1008 467 1044 quibusdam
483 1007 600 1043 martyrii
611 1007 693 1042 gloria
705 1006 824 1033 afﬁciens
838 1015 844 1033 :
859 1013 918 1041 qua:
929 1010 1001 1032 certe

210 1061 264 1081 non
279 1057 389 1088 possunt
400 1053 432 1081 ad
449 1053 574 1089 Babylam
591 1058 711 1080 nostrum
723 1051 827 1079 referri.

246 1099 395 1127 Verisimile
415 1099 494 1133 igitur
508 1103 550 1126 est
576 1098 618 1125 hic
645 1098 833 1132 imperatorem
850 1096 999 1132 Philippum

209 1145 426 1180 memorari,qui
450 1144 553 1180 imperii
581 1144 721 1171 invadendi
739 1151 818 1171 cattsa
841 1150 911 1170 casso
933 1142 1000 1170 Gor-

209 1192 290 1219 diano
316 1193 450 1226 Augusto,
472 1196 612 1225 postquam
640 1198 687 1224 per
706 1194 807 1217 tantum
834 1190 920 1216 scelus
946 1190 1000 1216 voti

209 1244 321 1271 Campos
345 1236 430 1263 factus
453 1236 618 1263 Antiochiam
634 1240 763 1268 venerat,
777 1234 913 1263 Paschalis
933 1239 999 1262 tem-

212 1290 276 1316 pore
290 1282 322 1309 ad
338 1282 478 1309 ecclesiam
491 1303 498 1314 ,
513 1288 621 1316 precum
635 1281 875 1316 mystcriorumque
888 1286 999 1308 censors

209 1328 323 1360 ruiturus,
337 1327 490 1354 accedebat.
510 1327 568 1360 Quo
586 1331 723 1361 comperto
746 1327 774 1354 S.
791 1326 902 1362 Babylas
922 1333 998 1354 acce-

211 1373 318 1399 dentem
340 1371 529 1407 lmperatorem
552 1372 666 1406 repulit,
690 1372 809 1399 ecclesia:
825 1372 897 1399 aditu
913 1372 998 1400 inter-

210 1418 295 1451 dixit,
309 1422 336 1445 et
355 1417 538 1452 pmnitentium
559 1418 618 1445 loco
640 1425 669 1445 se
689 1418 784 1445 sistere
800 1418 898 1452 jussit,
913 1418 998 1446 donec

209 1464 366 1500 poenitentia
379 1464 469 1491 ablato
480 1464 638 1499 expiatoquc
645 1464 764 1497 scelere,
783 1465 815 1492 ad
830 1465 997 1491 communio-

209 1518 270 1537 nem
286 1510 410 1537 Ecclesim
424 1515 513 1544 postea
536 1510 708 1544 reciperetur.
725 1510 798 1538 lianc
811 1518 826 1537 a
838 1511 867 1538 S.
883 1512 999 1545 prtcsule

208 1556 354 1591 repulsam,
365 1561 440 1591 grato
448 1556 537 1583 animo
546 1556 719 1590 modesteque
730 1555 822 1583 tulisse
836 1555 996 1591 Philippum,

208 1608 298 1629 narrat
313 1602 454 1634 Eusebius,
466 1602 581 1636 itemque.
592 1602 775 1636 pwnitentium
789 1602 876 1629 locum
889 1596 996 1635 adiisse;

207 1655 239 1674 ac
264 1652 335 1679 tum,
348 1651 519 1682 posteaquam
534 1652 586 1673 tam
602 1654 681 1681 grave
695 1651 831 1680 peccatum
852 1647 996 1675 secundum

208 1694 335 1720 Ecclesize
359 1699 454 1720 statuta
479 1702 526 1729 per
550 1692 743 1721 confessionem
766 1692 944 1727 deposuerat,
970 1694 996 1721 in

209 1739 354 1765 licclesiam
363 1738 507 1765 admissum
517 1738 606 1766 fuisse.
619 1738 673 1766 Sub
681 1739 738 1766 haec
744 1743 844 1770 autem.
851 1738 996 1774 imperante

208 1785 290 1812 Decio
301 1803 307 1815 ,
322 1783 531 1811 Christianorum
548 1784 638 1815 hoste,
654 1784 683 1812 S.
705 1783 817 1820 Babylas
833 1783 996 1819 proChristo

208 1829 327 1858 cervices
337 1829 419 1856 dedit.
434 1829 509 1863 Quod
527 1829 561 1857 de
584 1830 739 1864 pmnitentia
761 1830 847 1865 deque
867 1830 996 1858 Christia-

209 1876 298 1902 nismo
323 1875 436 1909 Philippi
460 1875 493 1902 ab
508 1875 623 1903 Eusebio
636 1875 750 1909 dicitur,
769 1883 821 1902 non
844 1876 918 1910 quasi
936 1884 995 1904 cer-

207 1926 275 1954 tum,
291 1919 336 1947 sed
353 1927 401 1947 cett
419 1928 433 1946 a
455 1920 611 1955 quibusdam
627 1920 660 1947 ab
673 1927 702 1947 se
716 1921 846 1954 auditum,
863 1926 995 1954 narratur,

207 1972 235 1993 et
246 1974 261 1992 a
277 1966 365 1993 multis
379 1970 487 1992 vocatur
502 1966 526 1991 in
540 1965 660 1992 dubium.
671 1964 822 1993 Verisimile
836 1973 915 2000 porro
938 1972 978 1993 est
988 1987 994 1997 .

207 2019 241 2038 ex
266 2011 373 2038 historia
398 2011 442 2038 illa
464 2011 590 2038 Gordiani
613 2018 627 2037 a
642 2011 764 2045 Philippo
786 2011 860 2044 czesi,
875 2019 996 2038 manasse

211 2056 295 2088 illam,
307 2064 386 2089 qualn
397 2055 519 2090 superius
533 2063 566 2082 cx
580 2056 771 2091 (.‘hrysostomo
784 2057 933 2089 retulimus;
948 2057 996 2084 scd

210 2101 245 2127 ita
265 2100 430 2135 delurpatam
449 2101 677 2136 deformatamque
695 2101 720 2128 in
739 2102 863 2129 omnibus
877 2102 932 2130 fere
955 2104 995 2130 sui

211 2147 339 2182 partibus,
353 2151 380 2173 ut
393 2146 443 2173 alia
455 2147 559 2181 penitus
573 2155 632 2174 esse
645 2147 775 2174 videatur.

245 2193 335 2227 Longe
360 2193 466 2220 saniora
493 2200 553 2220 esse
579 2193 702 2219 videntur
727 2201 786 2228 qua:
813 2194 846 2220 de
868 2194 997 2229 Reliquiis

209 2239 238 2265 S.
257 2238 362 2273 Babylo:
382 2245 418 2265 cx
439 2237 567 2264 suburbio
594 2237 718 2272 Daphnes
740 2238 765 2265 itt
788 2239 880 2266 urbem
905 2240 996 2266 Antio-

208 2285 295 2312 chiam
309 2285 441 2311 translatis
452 2285 658 2320 Chrysostomus
679 2290 819 2316 recenset;
840 2293 942 2313 necnon
963 2287 996 2314 de

209 2331 446 2365 tetnploApollinis
460 2329 587 2357 divinitus
601 2329 711 2357 iulmine
726 2335 832 2358 lactoct
846 2332 994 2360 combusto.

209 2377 308 2403 llorutn
329 2377 399 2403 cttim
415 2382 467 2402 non
485 2376 541 2410 ipse
563 2376 641 2402 modo
656 2375 861 2410 Chrysostomus
876 2378 996 2406 oculatus

209 2422 284 2449 testis
299 2427 356 2449 erat
367 2443 374 2453 ,
390 2421 435 2448 sed
450 2421 528 2448 etiam
542 2428 636 2448 omnes
651 2421 709 2455 ejus
723 2421 875 2454 auditores,
888 2431 954 2457 quos
970 2423 995 2450 in

210 2467 318 2494 humilia
342 2471 404 2493 ante
421 2467 491 2494 hunc
516 2466 611 2493 lihrtnn
641 2467 725 2501 posita
748 2466 899 2502 alloquitur.
924 2468 996 2495 Illius

208 2514 278 2540 enim
292 2513 402 2547 prodigii
416 2519 475 2539 cunt
492 2513 517 2538 in
531 2512 649 2543 hontilia,
662 2517 716 2539 tum
730 2512 756 2539 in
771 2513 838 2540 libro
851 2513 885 2540 de
898 2513 996 2549 Bahyla

209 2558 372 2586 mentionem
386 2558 467 2584 facit:
483 2558 508 2584 in
522 2558 590 2585 libro
612 2563 700 2584 autem
722 2566 778 2584 rem
799 2558 882 2586 fusius
905 2566 997 2593 prose-

209 2605 308 2639 quitur,
318 2608 345 2630 ct
355 2602 480 2630 irridendi
494 2611 573 2630 causa
588 2603 714 2638 sopltistm
726 2604 827 2630 Libanii
843 2605 996 2632 monodiatn

208 2657 255 2676 Sctt
279 2648 394 2675 lamenta
419 2648 569 2675 minutatim
593 2648 693 2680 refert,
709 2657 767 2683 qua:
793 2657 914 2684 magnam
937 2650 996 2677 libri

210 2697 310 2729 partem
334 2698 466 2728 occupant
484 2714 491 2726 ,
511 2695 587 2728 queis
608 2694 733 2721 Libauius
758 2694 878 2728 deplorat
905 2703 995 2722 casntn

209 2739 283 2766 illum
300 2739 457 2773 stupcmlum
470 2759 478 2771 ,
492 2747 544 2773 quo
559 2739 688 2774 Apollinis
701 2739 786 2775 magni
803 2741 928 2775 templum
946 2741 996 2768 itu-

211 2787 294 2812 misso
307 2785 366 2820 igne
384 2784 550 2812 combustum
566 2785 660 2813 fuerat.

246 2830 314 2858 Libri
327 2831 358 2857 de
369 2830 565 2858 Saccrdutio.—
577 2831 669 2859 Libros
691 2831 770 2858 ctiam
787 2831 819 2858 de
841 2831 997 2859 Sacerdoti?

1800 131 1849 161 WG

1061 182 1104 209 vel
1120 189 1181 209 cum
1195 182 1322 210 diaconus
1343 183 1481 212 ordinatus
1494 185 1555 218 fuit,
1570 186 1592 213 si
1612 186 1716 214 Socrati
1731 187 1765 214 sit
1784 187 1847 216 ﬁdes

1060 225 1200 261 habenda,
1216 228 1257 255 vel
1281 229 1359 262 paulo
1374 234 1436 257 ante
1455 238 1535 265 quam
1555 231 1725 260 ordinaretur
1736 240 1847 269 compo-

1058 271 1120 298 suit.
1136 272 1192 306 Qua
1208 272 1241 300 de
1252 280 1282 300 re
1297 273 1352 308 jatn
1366 275 1490 309 superius
1500 280 1587 302 actum
1603 276 1660 303 fuit.

1094 316 1122 344 ln
1136 317 1186 344 hoc
1198 319 1277 345 etiam
1289 319 1396 346 circiter
1417 324 1519 354 tempus
1533 319 1577 355 (T.
1589 320 1615 348 ϐ.
1642 329 1668 347 ε.
1680 322 1734 349 505
1746 323 1756 357 )
1779 323 1848 351 refe-

1057 363 1139 389 renda
1153 363 1257 391 videtur
1271 363 1399 399 Synopsis
1420 365 1464 392 illa
1485 366 1628 401 Scriptura:
1646 375 1729 395 sacra:
1740 381 1750 401 ά
1772 369 1847 403 cujus

1057 415 1179 443 magnam
1190 414 1292 444 partem
1303 410 1434 438 edidimus
1446 420 1452 438 :
1465 419 1517 438 non
1527 412 1597 438 enim
1607 413 1706 448 integra
1717 413 1750 440 ad
1761 421 1845 441 :evum

1057 461 1141 488 usque
1152 459 1271 482 nostrum
1283 455 1411 489 pervenit.
1424 457 1496 491 Opus
1508 464 1568 484 esse
1580 458 1723 492 genuinum
1737 459 1845 493 probavi

1057 498 1083 524 in
1102 499 1216 526 Diatriba
1229 520 1236 533 ,
1252 500 1285 527 ad
1298 508 1378 535 quam
1391 501 1516 529 lectorem
1529 503 1666 530 mittimus.
1679 503 1748 531 Sane
1763 511 1846 539 synoo

1056 543 1114 577 psin
1137 544 1332 579 Scripturarum
1351 546 1489 581 scripsisse
1509 555 1569 574 cum
1587 548 1632 582 qui
1651 549 1748 576 divinis
1763 550 1847 578 literis

1055 589 1195 622 addictus,
1221 598 1312 617 earum
1335 591 1442 619 lectioni
1463 596 1490 619 et
1510 593 1674 620 meditationi
1691 600 1845 629 perpetuam

1055 633 1134 661 dabat
1147 641 1256 669 operam
1268 656 1276 668 ,
1291 636 1366 663 facile
1379 636 1513 664 credatur.
1527 637 1586 665 Alia
1598 646 1661 666 vero
1673 646 1825 674 argumenta
1836 661 1845 673 ,

1055 687 1115 714 qua:
1130 681 1155 707 in
1173 681 1288 709 Diatriba
1301 682 1438 710 attulimus
1450 704 1457 716 ,
1472 684 1529 711 Orbi
1547 684 1664 713 literario
1683 687 1844 721 exploranda

1055 731 1082 753 et
1095 726 1127 753 ad
1142 726 1267 754 trutinam
1281 728 1457 756 examinanda
1470 729 1608 757 mittimus.

1090 770 1225 807 Presbyter
1239 773 1372 800 ordinatur
1385 782 1401 800 a
1416 773 1551 802 Flaviano.
1571 790 1607 795 —
1623 775 1739 805 Joannes
1758 777 1846 812 itaque

1055 822 1146 845 noster
1161 825 1208 853 per
1220 826 1304 846 annos
1314 819 1413 854 aliquot
1427 820 1486 855 (an.
1500 820 1567 855 586)
1580 821 1684 849 diaconi
1700 827 1751 849 tam
1762 823 1845 857 probe

1055 863 1160 892 functus
1173 865 1261 892 ofﬁcio
1271 886 1279 898 ,
1297 873 1356 894 cum
1377 866 1431 901 jam
1447 871 1485 894 tot
1500 867 1644 902 specimina
1659 868 1775 896 dedisset
1787 870 1845 896 exi-

1054 910 1114 937 mia:
1128 910 1288 944 eloquentim
1300 919 1359 938 cum
1378 912 1476 946 pietate
1494 913 1642 948 conjuncta:
1654 934 1663 947 ,
1683 922 1697 940 a
1720 914 1844 941 Flaviano

1054 956 1180 990 episcopo
1195 956 1333 991 presbyter
1343 957 1481 985 ordinatur
1495 959 1576 993 (Vide
1587 959 1745 986 Palladium.
1759 969 1785 995 ρ.
1800 961 1843 987 Li.

1053 1001 1098 1028 4‘2.
1114 1007 1137 1028 et
1150 1001 1320 1037 Tillemont.).
1346 1003 1461 1031 Noverat
1474 1004 1544 1032 enim
1558 1005 1602 1033 ille
1622 1005 1700 1034 Verbi
1715 1006 1761 1033 Dei
1777 1014 1844 1040 prm-

1055 1054 1149 1074 conem
1179 1055 1313 1075 summum
1337 1048 1394 1076 fore
1412 1049 1541 1077 Joannem
1564 1055 1683 1078 nostrum
1697 1073 1704 1084 ,
1727 1051 1772 1086 qui
1796 1051 1845 1078 etsi

1053 1092 1225 1120 concionatus
1247 1101 1392 1128 numquam
1413 1093 1518 1128 fuerat,
1538 1095 1592 1130 jam
1614 1104 1646 1123 cx
1664 1097 1770 1132 scriptis
1791 1097 1846 1123 suis

1053 1137 1144 1164 talenti
1159 1138 1207 1165 sibi
1221 1138 1315 1166 crediti
1328 1139 1476 1167 uberrimas
1490 1140 1599 1168 dederat
1615 1143 1754 1176 primitias.
1768 1142 1846 1170 Ordi-

1053 1187 1131 1211 natus
1141 1188 1233 1211 aulcm
1246 1189 1286 1212 est
1298 1189 1360 1213 ante
1370 1185 1604 1221 Quadragesimam
1615 1189 1675 1215 anni
1688 1189 1739 1216 ⁸586
1751 1210 1758 1222 ,
1774 1194 1802 1217 ιιι
1811 1196 1844 1217 ex

1053 1229 1120 1257 infra
1145 1229 1264 1258 dicendis
1289 1232 1431 1259 constabit.
1451 1233 1507 1261 Nec
1527 1241 1601 1262 mora
1623 1243 1629 1261 :
1652 1239 1789 1270 postquam
1810 1237 1844 1264 ad

1052 1275 1218 1305 sacerdotale
1226 1278 1402 1306 ministerium
1411 1285 1562 1314 assumptus
1574 1280 1630 1314 fuit,
1642 1281 1674 1308 ad
1685 1283 1845 1310 concionatu-

1053 1322 1080 1349 di
1093 1322 1209 1350 ofﬁcium
1224 1323 1365 1357 deputatur
1378 1331 1393 1351 a
1408 1324 1532 1352 Flaviano
1549 1334 1556 1352 :
1574 1334 1627 1360 qtto
1641 1332 1771 1361 prmscnte
1791 1328 1845 1362 pri-

1052 1375 1122 1395 mam
1137 1368 1272 1395 homiliam
1287 1368 1353 1396 dixit
1366 1390 1374 1403 ,
1388 1374 1485 1397 etcum
1499 1377 1600 1397 summa
1612 1371 1740 1399 modestia
1754 1373 1844 1399 animi.

1051 1422 1105 1449 quc
1119 1414 1281 1443 demissionc
1294 1423 1370 1443 orsus
1383 1420 1433 1443 est.
1449 1416 1483 1443 Sc
1497 1424 1550 1443 non
1565 1417 1647 1444 semel
1660 1417 1845 1445 adolescentu-

1052 1461 1107 1488 lum
1118 1481 1126 1493 ,
1143 1465 1220 1488 vocat
1233 1481 1240 1493 ,
1255 1461 1305 1489 etsi
1319 1469 1387 1496 pene
1403 1461 1627 1497 quadragenarius
1645 1462 1699 1497 jam
1720 1468 1796 1497 emt;
1813 1472 1844 1491 se

1051 1511 1218 1540 pcccatorcm
1234 1506 1317 1539 dicit,
1341 1506 1466 1541 additque
1485 1507 1611 1535 Davidem
1625 1529 1631 1541 ,
1651 1509 1744 1536 cadum
1757 1529 1764 1541 ,
1788 1515 1843 1536 ter-

1052 1559 1108 1578 ram
1120 1571 1128 1583 ,
1143 1551 1273 1579 elementa
1288 1553 1376 1579 omnia
1390 1573 1398 1584 ,
1415 1551 1484 1580 feras
1499 1552 1666 1588 bestiasque,
1683 1554 1803 1581 homines
1816 1559 1845 1582 et

1051 1598 1161 1633 angelos
1173 1598 1207 1626 ad
1222 1599 1304 1626 Deum
1321 1598 1479 1626 laudandum
1501 1604 1526 1626 et
1542 1599 1727 1627 celebrandum
1749 1609 1844 1635 provo-

1050 1651 1130 1676 care,
1149 1648 1302 1678 peccatores
1317 1651 1380 1671 vero
1401 1653 1556 1679 numquam.
1581 1645 1646 1673 lliuc
1668 1646 1701 1672 ad
1725 1646 1842 1673 Flaviani

1051 1694 1113 1716 tunc
1127 1690 1265 1724 praesentis
1279 1690 1371 1717 laudes
1391 1698 1420 1717 se
1439 1691 1589 1724 convertit,
1613 1692 1702 1727 aitque
1723 1692 1794 1719 illunt
1815 1693 1842 1719 in

1050 1740 1204 1770 sumptuosa
1212 1735 1292 1763 domo
1302 1736 1454 1768 educatum,
1465 1737 1518 1770 jam
1530 1744 1650 1771 asperam
1660 1742 1687 1765 et
1695 1738 1840 1773 squalidam

1050 1780 1138 1816 gregis
1152 1780 1193 1807 sui
1208 1781 1334 1815 pascendi
1348 1788 1426 1808 causa
1440 1781 1521 1808 vitam
1538 1789 1627 1816 agere.
1652 1783 1760 1810 Dcmum
1784 1784 1842 1819 ejus

1049 1833 1246 1856 antecessorem
1262 1827 1384 1855 laudibus
1398 1828 1501 1854 extollit
1516 1827 1663 1856 Mcletium.

1085 1873 1149 1901 Post
1164 1873 1231 1900 hanc
1245 1873 1357 1908 primatu
1372 1873 1528 1901 concionem
1542 1873 1664 1907 opinatur
1677 1874 1715 1901 vir
1728 1874 1842 1909 Sagacis-

1049 1918 1132 1946 simus
1142 1918 1326 1946 Tillemontius
1335 1918 1449 1946 habitam
1462 1918 1542 1946 fuisse
1554 1919 1688 1946 homiliam
1697 1919 1840 1948 secundam

1050 1964 1076 1991 in
1091 1963 1181 1991 Oziam
1195 1969 1221 1991 et
1235 1964 1260 1990 in
1274 1963 1436 1998 Seraphinos
1449 1985 1456 1998 ,
1472 1969 1500 1991 at
1520 1965 1621 1992 levibus
1639 1970 1774 2000 permotus
1794 1973 1841 1994 seu

1049 2009 1196 2036 rationibus
1209 2016 1255 2036 seu
1271 2009 1430 2042 coniecturis
1443 2030 1450 2042 ,
1466 2017 1530 2043 quas
1546 2011 1624 2038 etiam
1640 2011 1684 2038 ille
1696 2011 1841 2038 dubitando

1050 2053 1161 2088 profert.
1178 2053 1242 2080 Nam
1257 2059 1284 2080 Ill.
1299 2054 1324 2080 in
1339 2053 1438 2081 Monito
1460 2054 1502 2090 (T.
1517 2054 1542 2081 6.
1563 2063 1585 2081 c.
1599 2055 1652 2089 95)
1667 2055 1699 2082 ad
1716 2055 1842 2084 llomilias

1049 2099 1083 2126 de
1095 2099 1250 2133 Serapltinis
1264 2099 1380 2126 diximus
1391 2120 1398 2130 ,
1416 2099 1473 2126 haec
1485 2099 1591 2126 ltomilia
1604 2101 1713 2134 proferri
1730 2110 1781 2128 non
1796 2109 1842 2136 po-

1051 2144 1100 2171 tuit
1111 2150 1172 2172 ante
1187 2152 1284 2171 anntnn
1299 2145 1352 2172 588
1365 2165 1371 2177 ,
1384 2149 1413 2171 ttt
1426 2145 1451 2171 itt
1468 2145 1566 2171 Muttito
1579 2145 1672 2172 eodem
1687 2146 1822 2180 probatur.
1836 2165 1838 2167 τ

1085 2189 1222 2217 Concioncs
1236 2191 1261 2217 in
1277 2191 1401 2219 (ient-sim.
1418 2191 1490 2217 Anno
1505 2191 1567 2218 586.
1582 2206 1617 2211 -—
1633 2191 1728 2219 Verum
1741 2193 1842 2227 optime

1051 2237 1258 2272 opinaturident
1269 2237 1452 2264 Tillcmontins
1466 2238 1474 2271 (
1488 2234 1632 2264 Tillcmonl.
1649 2247 1674 2272 ρ.
1691 2239 1725 2265 42
1736 2239 1746 2272 )
1758 2259 1765 2271 ,
1780 2247 1840 2266 cum

1049 2283 1114 2309 dicit
1125 2287 1218 2316 putare
1233 2291 1262 2309 se
1277 2288 1337 2309 octo
1351 2282 1496 2310 Sermones
1511 2284 1535 2309 in
1548 2283 1670 2310 Genesim
1680 2303 1688 2316 ,
1699 2285 1743 2318 qui
1757 2285 1842 2312 Tomo

1049 2332 1143 2362 quarto
1154 2328 1279 2354 llomilias
1290 2328 1316 2354 in
1328 2327 1451 2355 Genesim
1464 2332 1611 2362 sequuntur
1632 2328 1674 2364 (T.
1689 2330 1714 2356 4.
1727 2330 1840 2364 c.5381),

1051 2374 1156 2401 habitos
1177 2373 1259 2401 fuisse
1280 2374 1387 2401 ineunte
1409 2373 1614 2409 Quadragcsima
1643 2375 1703 2402 anni
1727 2376 1788 2402 586.
1815 2375 1840 2402 Id

1050 2420 1121 2447 enim
1136 2419 1276 2454 perspicue
1290 2419 1408 2447 declarat
1422 2420 1628 2454 tlhrysostomus
1640 2441 1648 2453 ,
1667 2428 1725 2447 eum
1743 2428 1842 2448 secun-

1050 2465 1112 2492 dum
1129 2472 1279 2491 sermonem
1291 2464 1332 2491 his
1345 2465 1432 2492 verbis
1442 2465 1544 2492 orditur
1559 2474 1565 2491 :
1581 2465 1713 2500 Numquid
1726 2467 1840 2492 tuemini-

1049 2512 1094 2538 stis
1108 2513 1273 2545 quwstiouum
1286 2533 1292 2544 ,
1309 2520 1365 2547 qua:
1378 2521 1456 2547 nuper
1476 2513 1543 2539 vobis
1561 2513 1696 2547 proposin
1714 2517 1771 2539 sunt
1782 2513 1795 2539 Ζ)
1809 2511 1841 2539 In

1051 2562 1146 2584 tantum
1160 2558 1226 2584 enim
1237 2558 1409 2592 arrogantium
1424 2563 1447 2584 et
1469 2558 1601 2584 audaciam
1614 2567 1659 2584 nos
1674 2559 1820 2593 provenisti:
1833 2579 1838 2591 ,

1051 2608 1078 2628 ut
1092 2603 1240 2638 qum-tiones
1253 2603 1377 2637 intrepide
1386 2604 1563 2638 aggrediamur
1577 2612 1586 2630 :
1602 2605 1651 2630 into
1665 2612 1709 2630 nec
1719 2612 1842 2639 arrogan»

1052 2649 1093 2675 Iiw
1104 2657 1148 2675 nec
1161 2649 1274 2675 audacia:
1286 2649 1311 2675 id
1326 2649 1425 2683 facinus
1435 2654 1480 2675 cst.
1494 2648 1553 2675 Non
1566 2649 1631 2675 enim
1644 2649 1735 2676 viribus
1750 2650 1841 2676 nostris

1050 2695 1202 2728 conﬁdentes
1215 2716 1221 2727 ,
1235 2694 1278 2722 sed
1304 2695 1443 2721 antistitum
1463 2694 1576 2729 precibus
1597 2703 1627 2721 ιιι·
1649 2695 1736 2721 vestris
1756 2695 1840 2720 omnia

1052 2741 1232 2767 committentes
1252 2741 1286 2766 ad
1305 2740 1414 2766 stadium
1435 2748 1479 2766 nos
1502 2740 1666 2766 actinximus.
1694 2739 1742 2766 llic
1767 2739 1840 2766 clare

1051 2787 1124 2813 vides
1138 2786 1355 2822 Chrysostomum
1374 2785 1406 2812 ad
1428 2785 1541 2812 stadium
1557 2793 1586 2813 se
1598 2786 1778 2820 accingcntem
1791 2806 1799 2818 ,
1813 2790 1837 2812 ct

1053 2831 1263 2867 Quadragr‘simm
1285 2839 1421 2859 sermones
1444 2832 1555 2867 primum
1581 2831 1734 2865 ineuntem,
1757 2837 1836 2866 seque
