2034 3109
137 128 181 156 101
727 129 818 158 NUNC
839 128 969 156 Pm‘dUM
990 129 1189 157 ADORNATA.

136 195 202 223 pene
213 186 330 214 audacia:
346 186 510 213 incusantem
525 185 594 220 quod
614 193 670 213 rem
686 189 784 212 tantam
800 184 927 219 aggrede-

136 239 206 261 retur
221 241 227 259 :
242 240 300 266 qua:
315 236 389 259 certe
411 232 499 258 omnia
520 231 770 266 Quadragesimales
791 238 928 258 scrtnones

136 280 218 315 prima
238 279 297 306 vice
320 278 491 312 incipientem
511 277 638 304 indicant.
660 277 717 304 Non
737 277 808 304 enim
823 284 853 304 ea
866 284 929 303 u~us

134 331 174 353 est
187 324 307 352 ordiendi
328 325 433 352 ratione
450 331 520 350 anno
541 323 697 358 insequente
709 322 770 354 587,
788 329 849 349 cum
863 322 927 349 Ser-

136 378 228 398 mones
241 371 275 397 de
294 370 395 398 Statuis
411 377 457 404 per
471 374 552 396 tolaut
571 369 804 404 Quadragesimam
825 368 926 395 habuit.

136 418 224 452 Itaque
239 416 265 443 hi
280 423 423 443 sermones
438 416 496 443 sine
515 415 597 442 dttbio
621 415 756 450 pertinent
774 414 807 441 ad
829 422 928 441 annum

136 463 186 490 586
198 484 206 496 ,
221 469 275 498 quo
290 463 398 490 ineunte
413 462 551 498 presbyter
563 461 700 489 ordinatus
719 461 822 493 fuerat,
837 465 864 488 et
877 468 928 488 an-

135 509 175 536 nis
189 509 282 535 saltem
298 507 401 535 duobus
416 512 479 535 ante
493 515 571 542 quam
586 507 714 534 Homilies
733 507 767 534 67
792 507 818 534 in
839 506 927 534 Gene-

135 555 183 581 sim
197 575 204 585 ,
220 562 279 589 quae
294 554 319 580 in
333 553 431 581 eodem
447 553 530 580 'l‘omo
547 553 700 588 pratceduut
711 573 718 585 ,
734 552 843 580 haberet
856 573 863 585 ,
879 552 929 579 hos

134 607 270 627 sermones
285 599 391 627 dixerat
403 608 410 632 ;
423 599 466 626 ubi
479 598 589 634 plurima
602 598 700 633 passim
711 598 907 625 animadvertas
919 618 927 632 ,

133 652 192 680 qu:e
208 644 301 672 iisdem
317 652 389 680 saepe
405 644 493 671 verbis
508 645 534 671 iu
549 644 666 671 homiliis
678 644 730 671 illis
741 643 927 679 observantur.

171 691 197 717 In
209 691 251 718 his
261 691 438 718 concionibus
447 711 454 723 ,
467 690 570 717 etiamsi
585 690 654 718 inter
665 689 764 725 primas
773 697 839 724 quas
849 688 930 724 Chry-

133 741 268 763 sostemus
287 736 383 763 habuit
405 739 600 768 numerentur,
623 742 677 763 non
702 735 782 763 modo
800 736 928 770 eloquen-

133 776 196 809 tiam
209 803 216 813 .
234 782 382 809 ubertatem
397 782 423 808 in
439 781 552 809 dicendo
564 801 572 815 ,
595 781 706 808 nitidum
728 789 812 816 genus
833 781 929 809 verbo-

132 836 190 855 rum
204 849 211 859 ,
236 832 263 855 ct
285 828 446 855 inventionis
467 828 617 855 felicitatem
639 827 798 860 admireris.
822 835 881 863 qute
902 828 928 855 in

132 873 237 901 caeteris
257 873 382 900 omnibus
405 874 463 907 ejus
478 873 603 907 operibus
625 873 741 905 elucent,
763 872 806 900 ubi
829 873 928 908 stylum

132 927 239 954 semper
250 919 372 946 videmus
384 919 504 953 populari
517 919 665 946 assensioni
677 918 906 946 accommodatum
919 926 927 950 ;

131 966 178 993 sed
193 966 274 992 etiam
296 965 495 992 animadvertas
506 970 633 999 quantum
649 964 682 992 ad
696 970 928 1000 extemporaueam

129 1011 354 1039 declamationem
372 1018 478 1045 semper
489 1015 657 1045 comparatus
671 1010 751 1038 fuerit
763 1015 852 1038 tantus
865 1010 929 1038 arti-

129 1059 173 1086 fex
187 1080 195 1090 .
206 1063 234 1085 et
247 1065 325 1092 quant
340 1057 373 1084 ad
389 1065 432 1084 res
443 1057 612 1091 quantumvis
623 1057 773 1091 inpinzitas
786 1057 853 1092 ston
866 1064 928 1092 pcr-

129 1103 283 1137 sequendas
300 1108 398 1138 praesto
414 1103 500 1130 fuerit.
518 1103 573 1130 lloc
589 1110 642 1129 uno
662 1111 717 1130 rem
733 1103 854 1137 ext-mplo
869 1110 929 1137 per-

129 1151 227 1185 cipias.
244 1150 271 1177 In
292 1150 425 1177 Sermone
438 1153 535 1184 quarto
555 1158 628 1176 num.
648 1150 684 1182 5,
707 1156 766 1176 cum
786 1149 929 1177 accedente

129 1201 214 1223 nocte
240 1196 354 1223 lucerna:
386 1195 510 1223 ecelesize
540 1195 768 1228 accenderentur,
794 1195 929 1222 auditores

128 1241 238 1268 aversis
252 1249 265 1266 a
276 1241 466 1268 concionatorc
477 1241 560 1268 oculis
572 1261 580 1273 ,
591 1240 623 1267 ad
637 1241 760 1268 lucernas
773 1248 801 1267 se
811 1247 927 1268 conver-

130 1293 192 1315 tunt
210 1297 217 1314 :
239 1288 299 1315 hinc
322 1288 366 1315 ille
390 1287 480 1315 statim
496 1295 587 1315 eormn
608 1288 756 1314 socordiam
779 1288 885 1322 carpit,
902 1291 929 1315 et

130 1334 214 1360 multa
232 1333 301 1360 haud
317 1333 399 1361 dubie
422 1333 566 1368 imparatus
580 1354 587 1365 ,
603 1333 667 1360 dicit
685 1333 812 1368 prmclare
824 1355 831 1367 ,
856 1341 888 1361 ac
906 1333 928 1361 si

131 1388 190 1407 rem
205 1379 348 1407 meditatus
362 1379 521 1407 accessisset
533 1400 540 1412 ,
552 1379 597 1414 qui
611 1384 697 1407 tamen
713 1379 770 1408 lucc
784 1379 931 1415 providere

131 1426 208 1453 nullo
224 1426 305 1452 tnodo
321 1430 453 1461 potuerat.

169 1471 286 1498 Ilumilia
307 1471 333 1498 iu
355 1471 386 1498 S.
412 1471 597 1498 Melctium.—
610 1471 666 1498 lloe
687 1472 792 1499 circiter
810 1475 931 1507 tempore

131 1518 274 1545 hnmiliam
290 1517 357 1544 divit
371 1518 396 1544 in
411 1518 439 1546 S.
455 1517 587 1546 Meletium
603 1540 609 1551 ,
625 1526 639 1545 a
657 1526 711 1553 quo
731 1519 788 1554 ipse
808 1519 890 1546 lector
903 1523 931 1547 et

129 1569 226 1599 postea
239 1563 370 1592 diaconus
381 1564 521 1592 ordinatus
536 1561 630 1591 fuerat.
645 1563 760 1598 Tempus
776 1565 832 1599 ipse
843 1565 929 1600 Chry-

127 1615 267 1636 sostomns
279 1609 305 1636 iu
317 1610 446 1637 concione
458 1609 558 1644 profert
571 1617 630 1637 cum
641 1610 706 1637 dicit
721 1619 728 1637 ε
744 1610 852 1642 Quintus
864 1611 930 1637 enim

127 1664 214 1682 alium
225 1657 282 1690 jam
302 1656 441 1690 pra-teriit,
464 1664 495 1682 ea;
512 1664 560 1691 qua
580 1656 624 1682 ille
641 1656 757 1690 migravit
778 1656 812 1682 ad
831 1656 930 1683 Jesum.

125 1702 205 1728 Obiit
223 1706 314 1728 autem
338 1701 461 1729 Meletius
477 1701 703 1735 Constantinopoli
717 1721 724 1734 ,
743 1701 786 1727 illo
805 1707 931 1729 evocatus

126 1748 163 1774 ab
189 1748 355 1782 lmperatore
379 1755 451 1773 anno
475 1747 522 1774 58l
548 1747 616 1773 circa
641 1747 719 1774 ﬁnem
739 1747 838 1774 mensis
861 1745 930 1774 Maii.

125 1794 317 1826 Quamobrem
341 1798 400 1827 post
423 1799 546 1819 mensem
571 1792 666 1819 Maium
686 1792 747 1819 anni
767 1791 819 1819 586
843 1790 932 1819 habita

126 1838 214 1865 fin-rit
235 1839 293 1866 lure
312 1839 422 1865 homilia
434 1859 441 1870 ,
455 1844 516 1865 ante
527 1845 632 1873 capsam
658 1837 838 1873 Reliquiarum
862 1838 933 1874 ejus-

124 1885 190 1911 dem
206 1885 305 1911 sancti.
331 1884 388 1911 Non
403 1885 430 1911 in
445 1884 623 1911 anniversaria
638 1884 725 1911 obitus
745 1884 787 1911 die
808 1893 815 1912 :
847 1892 934 1919 neque

121 1931 202 1957 cnim
218 1930 331 1957 dixisset
351 1930 560 1966 Chrysostomus
577 1930 632 1964 jam
655 1930 815 1965 pratteriisse
835 1938 932 1957 annmn

121 1977 256 2010 quintum
267 1977 328 2003 :sed
337 1977 460 2003 fortassis
470 1977 496 2003 in
507 1975 549 2003 die
563 1977 743 2003 translationis
753 1976 933 2011 Reliquiarum

120 2025 186 2055 eius
209 2023 383 2050 Antiochiam
397 2044 405 2056 ,
421 2031 481 2057 qum.
502 2023 618 2050 incidere
638 2023 742 2050 videtur
761 2023 787 2049 in
809 2023 934 2050 duodeci-

121 2077 201 2096 mam
233 2069 372 2096 Februarii
386 2089 394 2101 ,
416 2077 468 2104 qua
492 2069 535 2096 dic
558 2069 745 2104 Martyrologia
764 2068 886 2096 Cra-cum
908 2072 935 2095 et

120 2115 288 2142 Romanum
312 2117 372 2145 eius
395 2115 493 2142 festum
514 2117 680 2142 annanliant.
705 2116 754 2149 Qui
775 2117 893 2144 calculus
913 2117 935 2144 si

120 2166 177 2189 stet
191 2183 200 2194 ,
216 2166 250 2189 ct
264 2163 285 2188 si
307 2161 497 2197 Martyrologia
519 2161 588 2189 diem
612 2163 791 2189 translationis
813 2168 936 2190 accurate

120 2214 226 2235 notent
243 2230 252 2241 ,
267 2208 338 2243 quod
356 2213 445 2235 tamen
465 2215 541 2235 secus
561 2212 613 2235 nun
634 2214 695 2235 raro
716 2209 864 2243 contingit,
879 2208 936 2236 hmc

119 2256 227 2281 Concio
247 2254 334 2281 habita
352 2254 432 2280 fuerit
445 2253 602 2280 duodecima
624 2252 760 2281 Februarii
782 2254 844 2280 anni
864 2252 935 2286 587,

120 2306 185 2335 post
200 2309 295 2328 annos
307 2301 428 2336 quinque
440 2304 466 2326 et
481 2305 541 2327 octo
559 2308 620 2327 cum
641 2300 750 2327 dimidio
770 2308 886 2327 menses.
903 2300 938 2328 Ut

119 2351 149 2372 ut
164 2354 216 2373 res
233 2350 299 2377 cst,
322 2351 428 2372 certutn
451 2346 560 2372 omnino
583 2345 688 2373 videtur
708 2346 776 2373 hanc
800 2345 936 2373 homiliam

119 2391 337 2425 pronuntiatam
367 2391 470 2422 fuisse,
493 2391 534 2418 vel
563 2398 634 2417 anno
659 2390 711 2418 ’586
733 2396 793 2426 post
817 2399 936 2418 tnensem

117 2439 226 2466 Maium
246 2459 255 2470 ,
275 2438 314 2465 vel
330 2440 442 2464 ineunte
458 2444 528 2464 anno
547 2437 609 2464 337.
629 2437 762 2464 Meletium
781 2444 845 2464 vero
865 2442 938 2464 tanto

116 2492 221 2511 amore.
241 2483 480 2519 prosequebantur
494 2482 650 2510 Antiochcui
663 2503 672 2516 ,
696 2486 768 2510 tanta
787 2483 857 2518 apud
879 2483 939 2512 illos

116 2537 179 2558 crat
195 2531 268 2565 ejus
286 2529 402 2556 nominis
416 2528 484 2555 fama
497 2549 504 2560 ,
518 2533 547 2556 ut
561 2537 653 2556 omnes
667 2529 723 2556 fere
739 2529 800 2556 ﬁliis
815 2529 870 2556 suis
885 2529 938 2556 Me-

116 2576 177 2604 lelii
198 2582 313 2603 nomen
328 2575 517 2609 imponerent,
541 2579 568 2602 et
586 2573 656 2602 illius
678 2575 819 2610 imaginem
841 2575 938 2610 ubique

116 2624 304 2658 [tinget-ent,
331 2621 569 2656 imprimerenlque
594 2621 620 2648 in
644 2620 770 2654 annulis,
797 2620 890 2656 sigillis
911 2626 939 2648 et

116 2669 227 2705 phialis
242 2689 251 2697 .
272 2668 414 2694 referente
426 2665 625 2701 Chrysostomo.

155 2713 370 2742 Concionalori
385 2716 459 2738 tanto
469 2712 611 2740 innnmcrze
621 2720 680 2740 sese
690 2712 835 2740 oll'crebant
845 2712 937 2740 orandi
953 2729 957 2732 ι

118 2766 145 2788 et
172 2757 325 2795 arguendi
349 2764 442 2784 causa:
463 2761 490 2784 et
507 2759 658 2785 occasiones
679 2767 686 2785 :
713 2757 938 2785 Antiochenurum

120 2808 286 2833 mnltor-Jm
304 2802 432 2830 dissoluti
450 2810 534 2829 mores
546 2824 553 2836 ,
572 2808 597 2830 ct
617 2803 741 2830 effrenata
765 2804 938 2837 quorunulnnt

123 2852 150 2879 ἱιι
166 2849 326 2887 peccando
338 2849 450 2876 licentia
465 2868 471 2878 ,
485 2855 559 2882 quant
571 2849 596 2876 in
611 2850 678 2878 serie
699 2850 865 2877 homiliarurn
886 2850 937 2878 frc-

1725 131 1774 158 ΙοΞ

983 190 1097 218 quenter
1112 185 1202 218 impeti
1218 184 1366 212 videbimus
1381 194 1387 212 :
1403 185 1589 214 luereticorum
1608 187 1673 214 varii
1694 196 1774 222 gene-

982 230 1018 257 ris
1031 251 1039 263 ,
1053 230 1223 265 maximeque
1237 232 1431 258 Anontmorum
1444 253 1451 263 ,
1471 232 1614 266 depravata
1633 233 1753 260 doctrina
1766 254 1774 267 ,

981 276 1024 310 qui
1039 276 1157 310 quotidie
1168 281 1260 303 contra
1273 277 1424 305 Catholicos
1437 278 1657 310 velilicabantur;
1672 278 1776 305 ludam.

981 329 1040 349 rum
1055 329 1161 358 quoque
1174 323 1270 350 Christi
1285 324 1453 352 inimicorum
1466 333 1547 352 ausus
1561 346 1568 357 .
1587 334 1653 360 quos
1667 326 1693 353 in
1707 334 1774 360 qna~

981 367 1041 394 dam
1056 368 1148 395 saltem
1165 369 1261 396 rituum
1271 375 1345 404 parte
1357 371 1526 398 sectabantur
1536 371 1635 406 aliquot
1645 372 1776 398 Christia-

981 413 1018 440 ni.
1035 413 1067 440 Et
1085 414 1230 441 Anommos
1250 415 1356 450 quidem
1377 416 1514 444 adoricndi
1534 417 1698 451 propositum
1720 417 1775 452 jam

982 459 1084 494 pridem
1095 465 1249 494 susceperat
1258 481 1265 492 .
1279 465 1359 496 atque
1372 461 1403 488 in
1409 461 1501 496 primis
1511 462 1566 489 suis
1577 462 1692 490 bomillis
1704 463 1776 497 iper

982 505 1110 540 impetere
1123 513 1200 534 OI‘SHS
1213 511 1284 534 esset
1296 515 1303 540 ;
1319 507 1366 534 sed
1378 516 1438 535 eum
1451 508 1553 536 videret
1567 509 1626 536 illos
1641 510 1775 537 concinni-

982 552 1031 580 bus
1045 553 1174 580 interesse
1187 554 1242 580 suis
1253 573 1260 586 ,
1276 558 1303 580 et
1315 561 1374 581 cum
1390 554 1526 588 voluptate
1539 562 1617 582 aures
1636 555 1685 583 sibi
1706 563 1775 590 pra--

981 597 1046 625 bere
1057 619 1065 631 ,
1082 606 1112 625 ne
1123 598 1235 633 prwdam
1250 600 1380 634 abigeret,
1397 600 1482 634 inquit
1504 600 1558 633 ille,
1574 606 1654 635 utque
1669 601 1774 628 illorqu

981 643 1084 670 animas
1097 643 1212 671 irretiret
1222 665 1229 677 ,
1247 644 1361 680 linguam
1375 645 1409 672 ab
1421 645 1573 680 huiusmodi
1586 647 1776 674 certaminibm

982 689 1143 723 aliquamdiu
1156 689 1284 717 coercuit.

1017 735 1117 770 Cmpta:
1131 741 1220 763 autem
1235 741 1296 763 sunt
1306 737 1450 764 conciones
1465 736 1517 764 illa:
1527 742 1620 764 contra
1631 737 1776 765 Anommos

981 787 1025 807 aut
1040 785 1159 808 vertente
1179 781 1250 808 .lnlio
1267 782 1328 808 anui
1349 782 1402 810 586
1415 803 1422 814 ,
1444 787 1489 809 aut
1509 782 1616 810 ineunte
1636 783 1773 817 Augusto:

982 827 1026 861 qui
1046 827 1164 854 calculus
1185 831 1308 854 constare
1330 827 1537 863 deprehenditur
1553 835 1586 855 cx
1605 828 1636 854 iis
1662 836 1721 862 qua:
1742 827 1776 855 de

983 872 1067 907 prima
1093 877 1185 900 contra
1209 873 1315 901 .lndteos
1343 873 1452 901 homilia
1476 874 1600 901 dicuntur
1625 874 1650 901 in
1677 874 1778 901 Monito

983 918 992 953 (
1008 918 1070 946 Vide
1083 919 1109 946 in
1124 919 1222 946 Manilo
1245 924 1264 946 ι.
1280 919 1306 946 Ι.
1323 926 1345 945 c.
1358 917 1531 954 857—844)
1549 919 1582 947 ad
1603 920 1662 947 illas
1683 925 1776 948 contra

982 964 1088 992 Judmos
1113 964 1254 997 homilias,
1282 965 1326 992 ubi
1345 973 1378 992 ex
1397 965 1462 1000 ipsis
1481 965 1666 1000 Chrysostomi
1688 966 1777 993 verbis

981 1011 1101 1045 arguitur
1116 1011 1226 1045 primam
1240 1010 1355 1038 habitam
1371 1010 1454 1039 fuisse
1467 1018 1558 1038 mense
1573 1012 1691 1046 Augusto
1706 1011 1776 1045 ejus-

982 1055 1043 1082 dem
1058 1056 1119 1083 anni
1135 1056 1198 1084 586.

1017 1101 1156 1129 Contiones
1177 1107 1264 1129 contra
1287 1102 1431 1129 Anomaeas.
1453 1117 1489 1122 —
1509 1101 1567 1128 Non
1588 1109 1639 1129 una
1661 1101 1729 1129 serie
1749 1105 1778 1129 et

981 1147 1152 1175 continenter
1163 1148 1241 1175 dicta:
1256 1148 1362 1176 fuerunt
1375 1147 1518 1175 conciones
1531 1148 1587 1175 ista:
1598 1152 1690 1174 contra
1707 1148 1777 1174 Ano-

983 1201 1086 1226 mteos;
1113 1193 1159 1221 sed
1177 1194 1279 1221 illarum
1299 1201 1395 1221 cursus
1418 1194 1582 1228 interceptus
1603 1199 1643 1221 est
1664 1193 1713 1220 sub
1734 1193 1776 1220 in-

983 1239 1070 1272 itium,
1084 1240 1190 1275 quando
1204 1241 1342 1275 ingruente
1363 1247 1426 1267 casu
1446 1245 1538 1266 contra
1559 1239 1666 1266 Judmos
1687 1239 1776 1265 disce-

983 1286 1110 1321 ptandum
1123 1286 1180 1313 fuit.
1194 1286 1293 1314 Deinde
1307 1294 1369 1313 vero
1384 1291 1476 1313 contra
1491 1287 1636 1312 Anonunos
1646 1290 1672 1312 et
1686 1291 1777 1312 contra

982 1333 1091 1362 Judteos
1101 1333 1210 1360 alternis
1222 1333 1322 1359 vicibus
1332 1337 1511 1359 eonecrtatum
1524 1336 1575 1359 est.
1592 1333 1624 1358 At
1638 1331 1710 1358 vices
1720 1331 1779 1358 illas

983 1378 1070 1406 metiri
1088 1387 1139 1405 non
1154 1385 1293 1413 possumus
1306 1378 1452 1405 intervallis
1465 1377 1624 1412 aequalibus.

1018 1424 1047 1453 lu
1062 1425 1143 1460 prima
1160 1425 1247 1459 itaque
1265 1428 1357 1451 contra
1378 1424 1524 1450 Anommos
1545 1423 1673 1450 concione
1684 1443 1692 1455 ,
1704 1426 1779 1456 post<

984 1477 1063 1505 quam
1079 1470 1192 1500 dixerat.
1209 1474 1237 1496 ut
1250 1469 1375 1501 vidimus,
1389 1477 1439 1503 qua
1454 1469 1487 1495 de
1501 1475 1579 1495 causa
1596 1468 1699 1502 pridem
1715 1475 1777 1494 sus-

983 1521 1088 1551 ceptum
1109 1515 1248 1543 consilium
1265 1515 1325 1542 illos
1349 1514 1521 1549 impugnandi
1540 1513 1611 1540 aliud
1628 1514 1653 1540 in
1675 1518 1778 1548 tempus

986 1561 1194 1592 transmisisset,
1215 1567 1310 1595 nempe
1321 1580 1330 1592 ,
1345 1564 1374 1586 ut
1386 1559 1520 1586 auditores
1536 1559 1579 1594 qui
1593 1559 1642 1586 sibi
1657 1559 1778 1586 benevoli

984 1608 1142 1635 videbantur
1154 1628 1162 1640 ,
1179 1607 1295 1634 irretiret
1308 1615 1313 1632 :
1329 1606 1435 1633 demum
1449 1605 1613 1632 hortantibus
1627 1604 1690 1639 ipsis
1707 1604 1781 1630 Ano-

985 1653 1063 1680 mwis
1082 1657 1110 1679 ut
1134 1653 1159 1679 in
1183 1659 1292 1678 arenam
1314 1650 1488 1678 descenderet
1502 1671 1509 1682 ,
1538 1649 1644 1676 illorum
1672 1656 1779 1676 errores

986 1700 1114 1733 impetere
1136 1705 1212 1725 orsus
1234 1702 1295 1729 est,
1320 1697 1406 1724 amico
1429 1701 1516 1723 tamen
1538 1695 1648 1727 animo,
1671 1702 1723 1721 non
1750 1699 1780 1722 nt

986 1745 1154 1772 adversarios
1169 1744 1260 1771 feriret
1271 1764 1278 1775 ,
1293 1743 1338 1770 sed
1354 1747 1381 1769 ut
1392 1742 1511 1776 jacentes
1524 1742 1648 1776 erigeret.

1023 1789 1173 1818 Secundam
1188 1794 1279 1816 contra
1301 1789 1446 1815 Anomaaas
1468 1787 1603 1814 h0miliam
1623 1785 1779 1820 interposito

988 1837 1162 1872 plurimorum
1176 1835 1279 1862 dierum
1301 1835 1387 1870 spatio
1406 1833 1594 1869 pronuntiavit.
1617 1832 1695 1859 Multa
1707 1833 1779 1859 enim

987 1886 1205 1920 Chrysnstomutn
1219 1891 1233 1910 a
1247 1883 1380 1910 destinato
1392 1889 1470 1909 cursu
1484 1880 1686 1915 interpellarunt
1697 1888 1705 1913 ;
1716 1886 1782 1906 con-

988 1937 1026 1959 tra
1041 1932 1148 1959 .lutla'os
1164 1938 1259 1964 nempe
1271 1929 1359 1956 habita
1371 1950 1378 1963 ,
1393 1935 1476 1963 eaque
1490 1927 1632 1955 admodum
1655 1934 1782 1955 necessa-

988 1979 1025 2006 ria
1039 1999 1045 2010 .
1061 1977 1225 2005 com-ertatio
1237 1999 1244 2010 ,
1260 1977 1294 2003 de
1314 1983 1364 2010 qua
1377 1996 1384 2007 ,
1401 1975 1442 2002 his
1460 1980 1552 2002 contra
1577 1975 1720 2001 Anommos
1739 1981 1781 2000 re.-

988 2023 1098 2052 ccnsilis
1110 2045 1116 2054 ,
1130 2023 1249 2058 pluribus
1262 2028 1371 2056 agemus
1383 2028 1390 2053 ;
1406 2021 1513 2047 Patrum
1533 2020 1707 2055 quorumdam
1728 2019 1782 2054 spi-

989 2071 1118 2097 ritualium
1130 2071 1138 2104 (
1152 2069 1191 2096 sic
1206 2069 1250 2095 ille
1262 2068 1270 2103 )
1282 2068 1403 2094 adventus
1414 2088 1422 2100 ,
1435 2067 1468 2094 de.
1484 2067 1579 2102 quibus
1589 2074 1637 2093 suo
1649 2067 1707 2093 loco
1721 2073 1781 2093 nar-

989 2117 1100 2144 rabitur.
1117 2117 1226 2143 Demunt
1242 2115 1293 2142 illis
1305 2114 1337 2141 ad
1361 2115 1418 2141 loca
1438 2121 1484 2140 sua
1509 2112 1622 2141 reversis
1635 2133 1642 2144 ,
1659 2117 1779 2139 sanctum

990 2170 1138 2198 prarconem
1154 2168 1282 2196 excepere
1297 2160 1432 2187 memoria:
1444 2163 1589 2194 martyrum
1610 2158 1780 2192 frequentes;

989 2209 1085 2244 quibus
1098 2208 1239 2236 celebratis
1255 2207 1432 2234 intermissam
1449 2211 1540 2233 contra
1556 2206 1701 2233 Anomoeos
1715 2212 1779 2233 cnn-

989 2255 1163 2282 certationem
1180 2253 1296 2289 repetiit.

1027 2301 1053 2327 In
1069 2301 1145 2327 tertia
1157 2299 1226 2326 idem
1239 2303 1422 2334 argumentum
1436 2297 1467 2324 de
1479 2295 1782 2331 1ιιίοηιρνεῖιεηδὶὸὶιίιιιιε

991 2344 1038 2373 Dei
1053 2351 1144 2373 contra
1161 2344 1326 2372 adversarios
1346 2343 1522 2378 prosequitur.
1543 2343 1597 2369 Sub
1617 2343 1697 2368 linem
1720 2349 1783 2368 vero

991 2392 1018 2419 in
1041 2391 1176 2418 auditores
1199 2389 1329 2417 acerrime
1353 2388 1505 2420 invehitur,
1530 2386 1602 2422 quod
1633 2387 1782 2420 concione,

991 2445 1070 2472 quam
1087 2436 1200 2463 libenter
1212 2435 1373 2466 audiebant,
1390 2434 1476 2461 soluta
1488 2454 1496 2465 ,
1511 2440 1571 2460 sese
1583 2432 1671 2459 statim
1685 2432 1783 2459 subdu-

992 2486 1084 2510 cerent
1096 2502 1103 2514 ,
1119 2486 1147 2509 et
1162 2480 1245 2507 sacris
1267 2479 1399 2515 mysteriis
1410 2500 1418 2512 ,
1443 2486 1501 2514 qua:
1522 2478 1648 2506 continuo
1665 2478 1785 2505 celebra-

991 2527 1088 2556 bantur
1100 2548 1107 2560 ,
1122 2533 1174 2554 non
1189 2525 1359 2553 interessent.

1029 2574 1056 2601 ln
1072 2576 1165 2609 quarta
1178 2594 1184 2605 ,
1201 2577 1260 2607 post
1273 2571 1364 2599 solitas
1381 2575 1472 2598 contra
1497 2569 1637 2598 hmreticas
1658 2569 1786 2596 velitatio-

993 2627 1040 2648 nes
1054 2641 1062 2651 .
1086 2619 1165 2646 οωιυὶ
1187 2618 1352 2654 gratulatur,
1375 2616 1445 2652 quod
1471 2616 1578 2643 monitis
1605 2616 1661 2645 suis
1683 2623 1785 2642 morem

993 2666 1125 2701 gesserit,
1140 2671 1303 2700 pravumque
1322 2667 1384 2690 ante
1403 2669 1478 2689 saera
1501 2662 1624 2698 mysteria
1644 2660 1784 2688 recedendi

994 2710 1212 2738 consuettulincut
1227 2709 1354 2744 abjeccrit
1367 2717 1373 2735 τ
1388 2708 1459 2736 dolet
1475 2712 1562 2735 tamen
1575 2728 1583 2741 ,
1598 2707 1667 2742 quod
1681 2714 1784 2733 tuarsuv

994 2758 1098 2789 piorum
1116 2760 1233 2783 sectores
1255 2755 1360 2790 quidam
1383 2754 1539 2781 concionem
1558 2751 1785 2782 inlcrturbarcnt,

995 2808 1137 2838 monetque
1152 2811 1184 2830 ne
1199 2809 1291 2830 aurum
1312 2805 1485 2836 argcnltnnvc
1504 2800 1530 2826 in
1549 2797 1690 2832 tnarsupiis
1713 2799 1785 2827 defc-

998 2855 1054 2877 rant
1068 2870 1075 2884 ,
1090 2850 1110 2876 si
1127 2849 1204 2876 velint
1221 2848 1298 2876 talem
1315 2852 1416 2883 pestem
1433 2846 1548 2880 abigere.
