2034 3109
267 113 317 142 503

302 171 328 196 lu
351 170 440 203 quinta
462 169 590 202 deiu'um,
616 169 647 196 iis
670 169 784 196 breviter
804 168 974 200 retractatis,
994 174 1055 201 (μω

265 217 338 249 prius
351 216 454 242 dixerat
467 236 474 248 ,
489 223 556 241 nova
575 213 682 241 adhibet
700 219 792 242 contra
811 215 957 241 Anommos
976 220 1055 245 antu-

265 267 364 296 m_c.nta.
379 261 407 288 ln
423 262 463 288 his
477 269 556 296 porro
576 260 748 290 concionibus
766 260 854 288 elucet
872 260 1006 294 Chrysostt
1019 259 1055 285 mi

265 315 318 334 non
332 307 416 333 solum
432 306 581 341 eloquentia
595 327 602 338 ,
619 306 665 334 sed
680 306 758 334 etiam
771 305 812 334 vis
824 310 1005 340 argumentort
1017 313 1053 331 in.

266 352 319 379 Nec
333 352 420 379 minus
435 351 609 386 suspicienda:
625 357 687 378 sunt
702 352 890 386 responsiones
905 351 937 377 ad
952 350 1003 385 obji
1013 355 1055 377 cla

266 397 450 425 hereticorum
463 418 470 430 ,
492 397 587 432 quibus
605 401 783 432 asperguntur
801 397 879 423 etiam
905 396 974 422 sales
988 415 996 427 ,
1014 395 1055 429 qtti

266 444 291 470 in
308 442 420 470 dicendo
435 443 530 470 mirum
552 447 680 478 quantum
702 443 815 470 valeant.
838 442 874 469 lla
899 446 928 469 ut
951 441 1020 468 haul
1041 449 1054 467 a

266 495 329 515 vero
339 489 501 516 aberraverit
513 488 534 515 si
545 488 604 523 quis
618 488 666 514 has
677 487 800 515 homilias
813 488 880 515 inter
893 487 1057 523 prmstautis-

264 533 331 561 sima
347 534 429 561 sancti
444 533 563 561 doctoris
575 541 655 568 opera
670 534 872 568 computaverit.

301 578 393 606 Concia
412 579 439 605 in
459 579 490 606 S.
513 578 704 614 Pliilogonium.
735 584 754 605 t.
776 579 802 606 1.
824 585 846 603 c.
867 578 928 605 747,
946 593 980 598 —
995 578 1058 605 Pest

266 624 384 659 quintam
397 645 404 657 ,
421 632 480 659 qua)
495 631 586 651 mense
602 624 740 651 Deccmbri
754 623 764 660 (
778 626 809 650 Α.
826 623 886 651 586.
902 623 1020 650 Decemb.
1033 624 1054 659 ),

267 675 296 696 ut
311 670 453 696 verisimile
467 674 507 696 est
520 690 527 702 ,
543 669 631 696 habita
646 669 692 696 fuit
704 690 711 703 ,
725 669 931 705 Chrysostomus
944 669 976 696 ad
990 675 1057 697 nova

266 715 321 742 tela
333 720 424 741 contra
437 716 581 742 Anomwos
592 715 719 742 vibrauda
734 719 839 749 paratus
850 735 858 748 ,
874 720 901 740 ut
914 715 971 749 ipse
982 714 1056 748 dicit,

258 758 310 786 'die
325 759 392 786 festo
406 758 434 786 S.
456 759 603 794 l’liilogonii
625 760 742 794 episcOpi
764 760 921 787 Antioclieui
934 780 942 792 ,
965 760 1010 795 qui
1031 761 1057 787 in

265 805 419 840 vigesimam
434 805 586 832 Decembris
598 826 606 838 ,
627 805 743 840 quinque
756 805 849 832 diebus
862 810 923 832 ante
938 805 1057 833 Natalem

267 850 370 877 Domini
383 871 390 883 ,
406 850 539 878 incidebat
550 870 558 883 ,
575 850 760 885 interpellatus
773 851 819 877 fuit
832 872 840 883 ,
853 851 963 885 ejusque
976 858 1058 886 paue-

265 897 386 933 gyricum
407 896 607 933 pronuntiavit,
629 897 717 931 ipsum
742 901 830 924 tamen
851 904 902 923 non
925 896 1056 928 absolvit,

266 943 313 970 sed
325 943 438 970 maxima
450 943 575 978 praeconii
588 948 660 977 parte
673 942 799 969 Flaviano
811 943 952 977 episcopo,
964 943 1056 970 cadent

265 988 309 1016 die
323 989 512 1016 concionaturo
525 1009 532 1020 ,
547 988 638 1014 relicta
651 1008 658 1020 ,
672 989 696 1014 in
708 988 836 1014 orationis
850 987 937 1014 medio
949 995 1056 1014 cursum

266 1033 407 1068 intercepit
420 1054 427 1065 ,
442 1038 470 1060 ut
483 1033 609 1068 populum
622 1033 654 1060 ad
669 1033 789 1060 Natalem
804 1033 901 1060 Christi
920 1033 970 1060 rite
988 1033 1058 1060 cele-

265 1080 397 1107 brandum
412 1079 568 1107 hortaretur
581 1100 589 1113 ,
604 1087 635 1106 ac
648 1085 786 1114 postquam
802 1079 984 1114 peccatoribus
999 1086 1057 1113 pre-

264 1125 382 1152 nitcutia:
403 1125 649 1160 resipiscentiznque
670 1125 777 1152 modum
799 1125 961 1160 prtcscripsit
974 1146 980 1158 ,
995 1133 1056 1152 ora-

265 1171 364 1198 tionem
379 1171 488 1198 claudit.

299 1216 460 1250 Sequentem
486 1215 521 1243 de
548 1215 773 1243 Consubstantiali
799 1215 937 1243 homiliam
965 1221 1057 1243 contra

264 1262 410 1288 Auomoaos
433 1261 545 1294 habuit,
573 1265 603 1288 ut
623 1261 722 1288 indicat
746 1261 822 1296 ipse,
848 1262 938 1296 paucis
963 1261 1058 1289 diebus

266 1313 405 1344 postquam
427 1309 461 1336 de
485 1308 579 1336 eodem
605 1313 761 1343 argumento
783 1309 956 1336 concionatus
981 1313 1055 1339 erat,

264 1355 373 1381 itu-uate
386 1354 508 1382 videlicet
526 1362 597 1381 anno
616 1355 668 1382 587
682 1375 689 1387 ,
709 1358 736 1381 ct
757 1358 884 1389 quantum
907 1353 1058 1389 conjectare

263 1401 342 1432 licet,
360 1401 450 1436 quinta
465 1399 584 1428 Januarii
599 1400 661 1433 die,
682 1408 732 1435 qua
753 1400 888 1427 circenses
910 1399 963 1427 ludi
987 1399 1058 1427 cele-

264 1447 419 1473 brabantur.
441 1446 486 1474 Sic
504 1446 575 1474 enim
591 1446 635 1474 ille
649 1446 805 1473 eoncionem
827 1445 939 1480 incipit:
961 1444 1058 1472 Iterum

264 1492 386 1520 circense:
398 1514 405 1525 ,
420 1493 511 1519 iterum
525 1492 596 1519 nobis
609 1492 758 1519 inuninntus
771 1497 807 1518 est
820 1496 964 1519 conventus.

300 1539 345 1566 Die
357 1538 479 1573 sequenti
498 1543 526 1565 ut
539 1538 689 1566 confutaret
701 1537 858 1570 Autitureos,
872 1538 917 1573 qui
936 1545 968 1564 ex
989 1537 1060 1573 peti-

263 1586 334 1613 tione
356 1585 471 1613 ﬁliorum
495 1580 617 1612 Zebedaei
641 1589 669 1612 et
684 1592 716 1611 ex
740 1584 915 1619 responsione
938 1584 1055 1618 Christi,

261 1627 357 1660 Sedere
377 1637 461 1658 autem
475 1631 507 1658 ad
519 1632 648 1658 dexteram
662 1631 700 1657 vel
713 1631 843 1657 sinistram
856 1639 936 1657 meum
951 1639 1001 1657 non
1020 1635 1057 1657 est

261 1681 344 1705 incum
357 1679 418 1704 dare
430 1678 508 1711 ubis,
523 1675 692 1712 oppugnandi
707 1683 799 1704 ansam
814 1676 985 1711 arripiebant,
997 1684 1056 1703 eam

261 1721 355 1749 habuit
369 1722 505 1750 homiliam
520 1730 579 1757 qua:
594 1726 686 1749 octava
702 1721 866 1749 inscribitur.

298 1768 372 1795 llanc
390 1768 545 1795 concionem
566 1767 684 1802 sequitur
706 1767 751 1794 illa
773 1767 807 1794 de
828 1766 930 1794 Lazaro
954 1766 1056 1802 quatri-

262 1814 350 1840 tloauu
366 1812 410 1848 (Τ.
425 1821 443 1839 1.
457 1822 480 1840 ε.
494 1813 575 1848 779),
592 1813 618 1839 in
634 1820 686 1847 qua
708 1812 898 1839 Anomteorum
914 1819 1057 1846 argumen-

263 1866 317 1887 tum
334 1867 366 1887 ex
381 1859 490 1886 historia
515 1857 608 1886 Lazari
621 1857 790 1893 quatriduani
812 1858 923 1892 pelitutn
938 1857 1058 1885 confuta-

263 1908 315 1932 tur.
332 1905 359 1932 In
383 1905 450 1932 hanc
465 1912 528 1931 vero
547 1903 730 1939 illegitimitatis
748 1903 924 1938 suspicionem
949 1903 1058 1937 injicere

261 1957 372 1978 conatus
396 1955 437 1978 est
459 1950 567 1985 quidam
593 1956 728 1984 nuperus,
752 1949 797 1984 qui
827 1957 879 1976 non
907 1948 1058 1976 adverterat

263 1998 279 2024 h
291 2005 332 2025 ne
342 1997 374 2024 de
390 1997 490 2024 Lazaro
504 1996 678 2031 quatriduauo
693 1996 841 2023 luculenter
854 1995 1057 2023 commetuorari

260 2044 288 2069 iu
301 2044 420 2077 sequenti
434 2043 468 2069 de
479 2042 576 2068 Christi
589 2041 721 2076 precibus,
735 2042 859 2076 quoniam
874 2041 932 2068 [nec
946 2040 1056 2067 homilia

261 2089 289 2114 in
304 2088 420 2115 editione
437 2087 570 2114 Sariliana
591 2087 669 2121 longo
690 2087 829 2115 intervallo
848 2094 862 2113 a
876 2085 997 2121 sequenti
1015 2092 1058 2112 se-

264 2138 352 2168 parata
368 2137 425 2160 erat
440 2142 447 2159 :
465 2140 554 2160 rerum
570 2132 626 2167 ejus
641 2137 795 2168 argumenta
818 2132 936 2166 pluribus
960 2131 1057 2159 confu-

261 2175 376 2205 tavimus
392 2178 418 2204 in
432 2177 531 2204 Monito
545 2177 577 2204 ad
593 2177 642 2204 has
656 2177 777 2204 liomi‘lias
792 2176 844 2204 col.
860 2175 920 2205 779.

298 2224 387 2252 Altera
408 2224 442 2251 de
456 2223 553 2250 Christi
570 2223 691 2258 precibus
706 2223 873 2250 continenter
896 2227 955 2258 post
967 2223 1058 2250 llomi-

261 2267 324 2298 liam
339 2270 372 2298 de
385 2269 486 2296 Lazaro
507 2269 593 2296 habita
609 2271 659 2296 est.
682 2268 710 2295 ln
726 2268 776 2295 hac
795 2269 900 2304 egregie
918 2276 1057 2296 commou-

262 2320 362 2343 SLratur
372 2315 469 2343 Christi
483 2321 575 2349 preces
588 2314 620 2341 ad
635 2315 738 2340 l’atrem
747 2314 871 2347 directas,
883 2322 935 2341 non
946 2315 1058 2350 probare

261 2363 337 2390 illum
360 2365 420 2390 esse
444 2362 522 2389 Patre
548 2361 689 2388 minorem.
713 2360 858 2395 Utramque
881 2369 942 2388 vero
967 2362 1058 2389 hahuit

262 2409 372 2436 income
386 2417 456 2435 anno
466 2408 529 2440 587,
544 2407 623 2442 paulo
639 2412 698 2441 post
710 2414 788 2440 quam
804 2406 870 2434 alias
884 2412 975 2434 contra
986 2408 1058 2434 Ano-

263 2456 349 2481 inu-os
364 2454 477 2486 dixerat,
493 2457 520 2480 ut
535 2452 591 2487 ipse
605 2451 686 2479 refert
701 2451 727 2478 in
742 2451 866 2483 secunda,
883 2460 954 2478 num.
970 2452 996 2484 2,
1014 2453 1058 2480 ubi

265 2501 301 2527 ait
322 2507 351 2526 se
371 2508 459 2535 nuper,
475 2499 509 2526 de
531 2498 613 2533 gloria
638 2497 769 2533 Unigeniti
793 2498 901 2526 dixisse.
921 2499 965 2526 Sic
986 2500 1058 2526 cnitn

265 2545 408 2572 conciones
441 2544 476 2572 de
510 2543 770 2579 lncomprehensibili
807 2551 858 2571 non
894 2544 978 2572 Semel
1012 2551 1060 2578 ap-

264 2592 357 2628 pullat.

305 2637 374 2664 Duas
386 2625 452 2664 alias
465 2640 556 2663 contra
577 2637 721 2663 Anommos
740 2636 882 2663 conciones
904 2635 947 2663 ille
968 2635 1061 2663 habuit

265 2682 495 2717 Constantinopoli
511 2681 553 2716 (T.
571 2689 589 2708 ι.
605 2689 629 2709 c.
641 2681 721 2716 795),
739 2682 782 2709 ubi
799 2682 843 2709 illa
859 2682 967 2710 lnercsis
986 2689 1061 2717 gras-

265 2730 387 2763 sabatur,
410 2733 438 2756 ut
457 2733 484 2756 et
506 2727 653 2755 Antiochia:
668 2736 674 2753 ε
691 2727 724 2755 de
749 2727 800 2754 illis
819 2734 907 2755 autem
931 2735 979 2755 suo
1003 2728 1061 2755 loco

266 2776 370 2810 agetur.

305 2821 441 2848 Concioucs
455 2824 540 2847 contra
553 2818 698 2847 Juda'os.--
714 2819 885 2848 llomiliaruni
896 2826 958 2848 vero
969 2825 1061 2849 contra

808 110 836 138 S.
857 102 996 138 JOANNIS
1013 100 1250 137 CllRYSOSTOlll
1273 105 1362 137 VlTA.
1857 112 1898 139 tot

1111 165 1218 193 JudlCOS
1232 166 1351 193 ordinem
1368 166 1392 192 in
1417 166 1491 200 prius
1505 164 1590 193 Editis
1612 166 1679 193 mire
1703 168 1897 202 perturbatum,

1110 209 1164 237 Deo
1177 209 1268 242 dante,
1283 218 1333 237 nec
1345 211 1402 237 sine
1418 211 1509 238 labore
1525 211 1689 238 restituitnus
1702 211 1747 246 (T.
1763 220 1781 239 t.
1791 221 1815 241 c.
1827 212 1896 247 857).

1110 256 1225 282 Primam
1239 255 1375 283 homiliam
1389 256 1489 287 habuit,
1503 261 1641 291 postquam
1656 258 1803 284 certamina
1813 264 1897 286 contra

1109 303 1254 330 Anommos
1274 309 1361 334 orsus,
1383 303 1519 337 primaque
1531 301 1586 336 jam
1608 302 1696 329 habita
1711 303 1850 336 concione,
1864 304 1897 330 in-

1108 348 1240 375 stautibus
1252 347 1404 375 Judaeorutn
1422 347 1504 379 feriis,
1525 348 1702 383 seenopegiis,
1714 348 1832 383 jejuniis,
1849 350 1896 384 qui-

1109 393 1159 420 bus
1174 393 1317 420 Christiani
1333 393 1438 428 quidam
1455 393 1624 426 Antiocheni,
1639 394 1736 428 partim
1756 395 1898 429 spectandi,

1111 439 1205 474 partim
1229 439 1309 466 etiam
1327 447 1376 466 una
1400 439 1553 467 celebrandi
1576 440 1805 475 atquejejunandi
1826 449 1899 469 causa

1109 484 1238 512 interesse
1260 485 1403 512 solebant:
1421 485 1482 513 huic
1508 485 1553 513 ille
1573 485 1668 513 morbo
1681 491 1710 513 ut
1733 487 1900 521 mederetur,

1109 530 1315 557 conccrtatiouis
1327 533 1420 558 contra
1432 532 1577 558 Anommos
1591 539 1699 559 cursum
1711 532 1860 568 intercepit,
1873 540 1900 560 ac

1109 574 1216 603 ludat-cs
1228 576 1433 612 Judaiorumque
1444 584 1572 612 sequaces
1584 577 1693 605 adortus
1705 582 1756 606 est.
1773 578 1829 611 Qua
1843 586 1900 606 vero

1109 621 1173 648 anni
1195 625 1352 657 tempestate
1366 622 1423 649 lucc
1444 623 1597 650 concionari
1612 623 1734 657 coeperit,
1749 623 1805 658 ipse
1827 625 1901 658 paulo

1109 671 1170 702 post
1190 667 1293 694 initium
1314 667 1430 696 homilirc
1449 668 1542 704 prima:
1557 668 1713 696 testificatur
1734 669 1776 697 his
1795 670 1899 698 verbis:

1110 711 1195 740 Ferae
1216 713 1362 741 miserorum
1376 719 1450 750 atque
1465 718 1666 742 rerumnoaarum
1683 714 1832 742 Iudaeorum
1845 724 1901 742 con-

1110 758 1187 785 tinua:
1208 763 1231 786 et
1243 759 1389 794 frequentes
1404 760 1510 793 instant,
1527 760 1602 793 labre,
1618 762 1782 797 scenopegim,
1794 761 1900 796 jejunio.

1110 801 1158 830 llis
1172 808 1279 831 notatur
1293 804 1364 832 haud
1373 805 1453 833 dubie
1467 807 1567 833 mensis
1576 806 1655 838 Tisri,
1667 807 1725 834 sive
1739 805 1900 841 September,

1110 849 1186 884 cujus
1207 849 1312 877 decimo
1334 851 1427 885 quinto
1447 851 1491 879 die
1512 852 1654 886 incipiebat
1674 853 1841 888 scenopegia,
1858 860 1901 880 seu

1111 893 1206 922 festum
1230 895 1485 923 Tabernaeulorum.
1508 897 1556 924 lllo
1584 902 1674 925 autem
1703 904 1793 925 mense
1818 899 1902 933 plures

1110 941 1179 976 apud
1192 941 1299 969 Judaios
1311 943 1489 970 occurrebant
1500 943 1558 971 dies
1573 943 1643 975 festi,
1656 952 1736 979 quam
1750 945 1775 972 in
1788 945 1903 980 quolibet

1110 987 1164 1013 alio
1177 987 1255 1014 totius
1267 987 1339 1021 anni,
1364 993 1392 1015 ut
1404 988 1495 1015 videas
1518 989 1585 1023 apud
1601 989 1767 1024 Buxtorl‘um,
1790 990 1902 1018 Leusde-

1111 1040 1174 1059 num
1188 1037 1214 1060 ct
1228 1033 1304 1060 alios.
1319 1034 1395 1067 Quod
1408 1034 1487 1061 etiam
1504 1035 1600 1063 indicat
1616 1035 1831 1072 Chrysostomus,
1846 1043 1902 1064 cum

1110 1077 1175 1105 dicit
1196 1080 1292 1106 assidui
1312 1085 1335 1106 et
1356 1080 1444 1108 crebri.
1471 1081 1544 1109 Hanc
1564 1083 1762 1110 soletnuitatum
1783 1083 1903 1118 frequen-

1112 1125 1173 1151 tiam
1188 1124 1287 1159 aliquot
1300 1125 1394 1153 diebus
1412 1128 1586 1154 antevertisse
1605 1127 1834 1163 Chrysostomum;
1851 1134 1902 1156 tum

1111 1171 1249 1205 pramtissa
1264 1172 1344 1199 verba
1358 1172 1504 1206 declarant,
1527 1178 1582 1200 tum
1598 1181 1657 1203 mox
1681 1173 1816 1202 aﬂ‘erenda
1832 1175 1903 1202 testi-

1112 1217 1232 1244 ﬁcantur.
1256 1218 1344 1251 Quare
1369 1224 1463 1246 mense
1483 1220 1601 1255 Augusto
1630 1220 1742 1254 primam
1767 1220 1902 1248 homiliam

1111 1263 1212 1290 dixisse
1226 1263 1337 1291 videtur.

1147 1308 1174 1336 In
1191 1310 1239 1336 hac
1260 1318 1323 1337 vero
1338 1311 1456 1343 homilia,
1475 1311 1517 1338 ubi
1533 1311 1698 1339 Christianos
1717 1312 1773 1340 illos
1786 1313 1902 1341 insecta-

1111 1358 1163 1387 tur,
1180 1355 1222 1390 qui
1237 1355 1372 1390 religionis
1381 1364 1461 1383 causa
1473 1356 1626 1384 Judmorum
1640 1365 1715 1384 sacra
1729 1357 1817 1390 ferias,
1831 1358 1902 1386 aedes

1110 1399 1225 1432 adirent,
1241 1408 1296 1427 rem
1311 1400 1388 1427 affert
1414 1401 1584 1436 singularem,
1602 1403 1643 1429 cui
1667 1399 1712 1430 ille
1727 1403 1846 1431 interfuit
1856 1425 1863 1436 ,
1877 1402 1903 1432 et

1110 1451 1189 1480 quam
1205 1446 1406 1480 praitermittere
1425 1454 1478 1474 non
1492 1447 1563 1475 licet.
1585 1448 1726 1483 Postquam
1747 1449 1803 1476 lucc
1818 1449 1902 1476 Evan-

1110 1491 1170 1526 gelii
1192 1491 1303 1526 Joannis
1317 1493 1396 1520 verba
1411 1488 1498 1520 attulit
1513 1493 1556 1529 (T.
1566 1500 1584 1520 I.
1595 1501 1619 1519 c.
1628 1492 1823 1528 847.1.27),Si
1837 1495 1902 1522 enim

1112 1536 1215 1564 Putrem
1229 1545 1312 1564 meum
1328 1539 1443 1571 nossetis,
1465 1544 1488 1566 et
1502 1547 1541 1566 me
1560 1540 1665 1566 nossetis
1679 1547 1689 1567 :
1700 1548 1778 1575 neque
1790 1549 1847 1567 vero
1863 1549 1902 1567 me

1111 1583 1198 1615 nostis,
1213 1591 1258 1609 nec
1273 1583 1376 1610 Putrem
1388 1591 1398 1615 ;
1413 1584 1448 1611 ita
1462 1585 1549 1619 pergit
1563 1593 1570 1611 :
1587 1584 1662 1617 Quod
1674 1586 1843 1613 testimonium
1856 1587 1903 1613 hoc

1110 1628 1161 1662 ﬁde
1177 1628 1277 1663 dignius
1298 1629 1445 1656 adducant?
1459 1629 1490 1657 St
1512 1629 1614 1657 Patrem
1629 1639 1678 1658 non
1691 1636 1792 1663 norunt,
1807 1631 1904 1659 Filium

1109 1674 1298 1708 cruci/iterant,
1319 1675 1430 1710 Spiritus
1445 1675 1568 1702 auxilium
1581 1677 1737 1711 repulerunt,
1753 1677 1807 1713 quis
1820 1678 1904 1705 locum

1110 1719 1182 1746 illum
1197 1729 1249 1747 esse
1262 1721 1405 1748 dwmonum
1419 1722 1582 1748 diversorium
1599 1722 1726 1758 afﬁrmare
1749 1732 1799 1750 non
1813 1719 1880 1750 ausit
1891 1725 1905 1751 .’

1110 1765 1170 1792 Non
1184 1765 1306 1792 adorator
1318 1766 1351 1792 ibi
1371 1765 1451 1798 Deus,
1465 1766 1546 1799 absit;
1559 1768 1603 1794 sed
1625 1768 1776 1795 idololatria:
1787 1768 1905 1804 deinceps

1109 1811 1179 1838 locus
1199 1816 1234 1838 est
1248 1819 1257 1838 :
1271 1816 1294 1838 et
1308 1816 1391 1838 tamen
1413 1812 1492 1847 aliqui
1512 1812 1563 1839 illis
1577 1818 1705 1845 tamquam
1722 1814 1841 1841 sacrariis
1853 1815 1905 1841 ad-

1110 1857 1215 1885 ltwrent.
1237 1859 1318 1893 Atque
1332 1858 1385 1885 Iuro
1400 1867 1450 1885 non
1464 1859 1612 1894 canjecturis
1633 1860 1758 1887 adductus
1771 1861 1836 1892 dico,
1859 1862 1906 1888 sed

1110 1904 1165 1938 ipsa
1178 1904 1280 1930 edoctus
1294 1904 1457 1939 experientia.
1479 1903 1548 1931 Nam
1562 1910 1619 1932 ante
1635 1905 1682 1932 Itac
1703 1906 1825 1939 triduum,
1841 1907 1907 1933 mihi

1110 1949 1212 1982 credite,
1235 1957 1286 1976 non
1300 1949 1421 1982 mentior,
1436 1955 1578 1977 matronam
1599 1950 1735 1985 quamdam
1749 1951 1880 1978 honestum
1896 1972 1906 1985 ,

1110 1995 1254 2030 ingenuam,
1279 1995 1417 2022 modestam
1430 2000 1454 2022 et
1472 1996 1572 2030 fidelem
1585 1996 1646 2028 vidi,
1669 2005 1744 2031 quant
1758 1997 1833 2024 homo
1846 1998 1907 2030 qui-

1110 2041 1169 2068 dant
1187 2041 1311 2075 impurus,
1326 2041 1444 2076 opinione
1457 2041 1616 2069 Christianus
1630 2043 1703 2077 (talia
1724 2043 1788 2070 enim
1803 2044 1906 2070 auden-

1110 2091 1170 2120 tem,
1184 2086 1308 2113 sincerum
1330 2086 1501 2114 Christianum
1520 2095 1570 2114 non
1591 2087 1722 2124 dixerim),
1738 2088 1908 2116 Hebro-orum

1107 2132 1189 2160 cedem
1203 2132 1297 2158 intrare
1308 2151 1315 2164 ,
1330 2131 1411 2167 ibique
1418 2133 1603 2167 jusjurandum
1617 2133 1648 2160 de
1662 2135 1767 2169 negotiis
1779 2135 1827 2161 sibi
1842 2143 1907 2161 con-

1110 2179 1210 2206 creditis
1230 2179 1290 2205 dare
1303 2178 1412 2213 cogrbat.
1431 2179 1465 2206 Ut
1486 2186 1543 2206 vero
1561 2179 1607 2206 illa
1621 2186 1693 2212 opem
1706 2181 1868 2215 implorabat,
1882 2186 1908 2207 et

1110 2225 1159 2252 vim
1179 2224 1324 2251 sceleratam
1343 2224 1443 2250 antoliri
1464 2224 1599 2259 cupiebat;
1612 2224 1659 2252 sibi
1672 2225 1752 2258 enim,
1767 2230 1824 2257 qua:
1836 2225 1908 2252 dioi-

1111 2280 1200 2299 norum
1222 2271 1395 2306 mysteriorum
1416 2278 1517 2297 consors
1539 2271 1606 2306 facta
1627 2276 1699 2303 esset,
1724 2271 1796 2297 illum
1819 2272 1909 2298 locum

1110 2318 1190 2350 adire,
1207 2318 1278 2351 nefas
1298 2324 1349 2342 case
1368 2316 1471 2350 putabat
1485 2324 1494 2342 :
1509 2316 1625 2343 incensus
1639 2325 1684 2351 ego
1703 2316 1757 2343 zelo
1770 2322 1844 2350 atque
1863 2325 1912 2344 ar—

1111 2364 1172 2389 dens
1186 2362 1294 2393 surrexi,
1318 2369 1363 2388 nec
1382 2361 1452 2387 illam
1468 2360 1502 2387 ad
1516 2362 1745 2396 prwvaricationem
1760 2362 1826 2388 (ra/ti
1846 2370 1912 2389 sum

1112 2417 1212 2444 passus,
1228 2409 1357 2443 eripuique
1370 2407 1400 2434 ob
1411 2408 1496 2443 iniqua
1509 2407 1557 2435 ista
1569 2408 1727 2435 abductione.
1742 2408 1834 2435 Postea
1845 2417 1912 2435 eum

1112 2455 1155 2489 qui
1178 2459 1287 2480 traxerat
1319 2453 1406 2486 illam,
1428 2451 1618 2480 C/tristianume
1641 2459 1721 2487 esset,
1741 2453 1828 2489 rogavi
1841 2461 1852 2482 :
1866 2454 1914 2481 cui

1112 2499 1239 2534 conﬁtenti
1251 2499 1357 2534 graviter
1375 2498 1463 2532 institi,
1480 2499 1622 2534 fatuitatem
1643 2499 1807 2533 exprobrans,
1822 2504 1914 2526 utre-

1114 2552 1229 2578 "tantque
1242 2544 1402 2575 dementiam,
1423 2548 1446 2570 et
1460 2544 1538 2571 asinis
1550 2543 1623 2570 illum
1639 2549 1758 2579 praetore
1770 2545 1870 2579 negavi,
1887 2545 1916 2571 si

1113 2591 1239 2618 Christum
1252 2598 1278 2616 se
1287 2589 1393 2615 adorare
1408 2589 1538 2624 pro/item,
1552 2590 1585 2616 ad
1594 2589 1753 2622 Juda’Orum,
1767 2590 1810 2624 qui
1822 2590 1915 2624 ipsum

1115 2635 1307 2669 cruri/inissent,
1323 2634 1456 2669 speluncas
1469 2642 1616 2669 quemquam
1631 2636 1749 2663 traheret.
1760 2633 1916 2662 Producto-

1115 2689 1162 2716 quc
1174 2681 1273 2716 longius
1285 2688 1407 2713 sermone,
1423 2681 1531 2715 primum
1540 2682 1630 2716 jurare
1642 2690 1746 2716 prorsus
1756 2687 1807 2709 non
1821 2683 1917 2715 licere,

1116 2735 1193 2762 neque
1216 2726 1250 2753 ad
1267 2726 1450 2762 jusjurandum
1469 2727 1610 2762 quempiam
1642 2728 1758 2760 incitare,
1781 2737 1814 2755 ea:
1835 2737 1922 2757 sacro

1117 2772 1255 2808 Erungclio
1281 2773 1354 2800 docui
1370 2773 1489 2806 :dcimlc,
1516 2782 1566 2801 non
1589 2774 1690 2808 ﬁdelem
1714 2780 1737 2802 et
1761 2775 1925 2808 initiatum,

1117 2820 1175 2856 quin
1192 2828 1269 2854 neque
1283 2828 1338 2847 cum
1352 2821 1394 2855 qui
1416 2821 1527 2848 nondum
1548 2821 1579 2849 sit
1594 2822 1716 2856 initiatus,
1732 2822 1756 2848 in
1771 2822 1842 2849 istam
1863 2829 1928 2849 nc—
