2034 3109
115 128 164 158 103

112 191 249 219 cessitate)"
265 188 416 215 trahenaun
435 187 521 222 fuisse.
536 185 676 221 Postquam
694 184 738 212 diu
753 184 908 216 multumque

113 237 230 272 loquutus
243 236 357 262 animum
372 234 427 269 ejus
439 234 470 260 ab
482 240 567 260 errare
581 231 707 266 opinionis
721 229 832 262 liberavi,
846 237 908 255 cau-

112 291 166 310 sam
187 281 326 309 sciscitatus
340 288 407 313 sum,
422 288 468 306 cur
486 278 590 306 ecclesia
610 278 698 304 relicta
713 276 746 303 ad
758 275 909 302 Iudaeorum

113 328 218 364 collegia
230 327 301 353 illam
315 326 429 353 traxerit.
445 325 478 352 At
490 325 534 352 ille
546 324 638 351 multos
648 324 695 351 sibi
707 320 909 356 dixisseinquie-

114 376 164 407 bat,
173 373 368 410 jusjurandum,
380 372 448 408 quod
458 372 491 399 ibi
504 372 617 404 daretur,
629 370 709 406 magis
720 368 910 405 formidandum

113 423 174 450 esse.
200 421 238 449 Ob
261 428 319 456 qua:
338 419 538 455 ingemiscebam.
562 423 585 445 et
606 418 646 445 ira
666 417 825 449 incendebar,
850 417 909 443 hinc

113 468 201 494 rursus
213 467 336 493 ridebam.
348 465 457 492 Carnem
469 465 535 492 enim
549 463 644 491 diaboli
656 463 775 490 astutiam
785 462 907 498 ingemui,

113 514 178 548 quod
192 513 333 540 horninibus
348 512 375 539 id
391 511 540 545 persuadere
555 514 635 545 posset
649 517 659 536 .'
672 509 831 536 considerata
851 512 909 535 bere

112 567 199 586 eorum
219 559 262 593 qui
283 557 470 593 decipiebautur
482 555 607 588 socordia,
621 554 755 587 excandui,
772 558 794 580 et
806 554 908 580 eorum-

113 606 168 632 dem
181 609 277 639 quanta
296 608 359 631 esset
377 603 487 630 amentia
507 610 602 629 mecum
624 606 754 636 reputans,
770 600 824 627 risi.
840 599 910 627 Risit

113 652 192 686 igitur
206 651 260 683 ille,
275 651 339 678 licet
352 651 390 677 rei
404 649 519 685 gravitas
534 649 665 688 adimepet
676 647 783 682 iocandi
799 646 910 674 inculta.

114 703 183 730 tem;
198 697 245 725 sed
257 697 335 732 jocus
351 697 395 724 ille
408 696 471 723 nihil
487 696 520 723 de
532 695 661 730 gravitate
679 693 821 729 decerpsit.

146 744 298 772 Secundam
314 743 452 770 homiliam
475 742 569 770 decem
582 746 629 768 aut
650 741 770 776 pluribus
782 739 881 774 elapsis
893 742 908 767 tt

114 790 196 825 prima
212 789 307 816 diebus
328 788 430 820 habuit,
452 794 484 814 ac
496 787 612 822 quinque
626 785 720 814 diebus
741 790 813 818 ante,
829 792 909 820 quam

113 835 264 863 linteorum
286 833 418 869 jejunium
438 832 554 865 adesset,
568 837 598 859 ut
611 831 651 859 sic
665 831 722 866 ipse
733 830 852 858 declarat
866 830 910 857 in-

99 883 173 910 'itio:
185 881 356 917 lllegitimum
369 880 447 915 igitur
461 880 573 914 ipsorum
586 877 714 914 jejunium
730 882 785 911 post
799 877 910 911 quinque

113 929 163 955 dies
176 928 296 962 deinceps
307 927 386 953 instat
401 933 410 952 :
424 930 450 951 at
462 933 508 960 ego
521 929 579 951 ante
588 923 672 951 decem
684 923 747 955 dies,
762 922 801 949 vel
813 921 908 957 plures,

113 973 310 1001 cohortationth
322 972 357 998 ad
370 980 411 998 vos
422 970 507 1003 habui,
522 975 549 996 ut
563 969 654 1004 ﬂ'utrés
665 973 758 996 uestros
772 968 910 1003 prtemuni<

113 1029 174 1047 rem.
196 1020 235 1048 Ne
247 1026 315 1047 vero
329 1018 436 1046 dubites
451 1018 519 1045 hanc
533 1018 616 1052 ipSam
631 1022 702 1049 esse,
720 1017 799 1051 qham
815 1022 911 1043 secun-

114 1067 172 1093 dam
192 1071 284 1093 contra
305 1062 415 1092 Judazo’s
439 1064 546 1096 habuit,
572 1063 631 1090 vide
663 1062 796 1097 quomodo
819 1062 854 1089 ibi
875 1061 910 1089 de

114 1114 195 1148 prima
211 1114 336 1148 loquatur
359 1120 434 1138 num.
448 1111 486 1138 '5:
503 1109 561 1137 Non
575 1109 682 1137 audistis
704 1110 731 1136 in
746 1109 825 1144 priori
847 1117 910 1135 ton-

112 1160 193 1191 cionr,
205 1166 279 1192 quam
300 1157 371 1184 clare
387 1157 463 1192 fuerit
481 1156 595 1183 oratione
614 1155 822 1187 demonstratum,
841 1154 911 1189 ipsa:

111 1204 213 1230 animos
225 1203 385 1236 Judtrornnt;
401 1207 424 1228 et
447 1201 501 1228 loca
516 1200 556 1227 ubi
578 1205 770 1236 congregantur,
786 1208 802 1226 a
815 1200 911 1227 daemo-

112 1251 186 1277 nibus
199 1249 304 1276 habitari
316 1250 328 1276 ?
345 1249 373 1276 Id
387 1255 462 1278 vero.
476 1255 572 1283 nempe
592 1253 618 1274 ct
631 1247 734 1273 animas
745 1246 908 1278 Judmorum,

112 1297 138 1323 et
158 1296 214 1322 loca
234 1295 390 1322 eorumdem
405 1302 419 1321 ιι
433 1293 601 1321 daemonibus
618 1292 741 1324 habituri,
765 1292 910 1327 conspicuo

112 1347 138 1368 'ct
151 1341 208 1368 fuse
224 1341 315 1375 prohat
328 1341 374 1368 illc
389 1339 497 1367 homilia
509 1339 592 1374 prima
607 1343 698 1366 contra
714 1338 820 1365 JlldtBOS
834 1345 906 1364 num.

112 1382 129 1415 Β
144 1397 151 1413 :
166 1387 199 1414 ita
217 1391 246 1417 ut,
257 1392 332 1414 certo
354 1386 453 1414 certius
467 1386 518 1417 sit,
535 1385 606 1412 illati:
621 1392 681 1412 esse
695 1390 787 1412 contra
802 1384 910 1412 Judteos

113 1434 234 1467 primam,
250 1434 318 1460 hanc
332 1441 399 1460 vero
414 1432 568 1465 secundum,
585 1440 663 1467 quam
678 1432 799 1460 dolemus
812 1432 845 1459 ad
861 1439 910 1459 nos

113 1482 232 1507 mutilam
256 1480 398 1508 devertisse
414 1489 419 1506 :
436 1479 501 1506 nihil
515 1484 588 1507 certe
608 1487 660 1506 non
684 1479 786 1514 egimus
807 1483 836 1506 ut
849 1486 909 1507 eam

111 1529 210 1554 Sanam
225 1531 251 1553 et
268 1531 364 1554 tectam
387 1525 547 1559 cderemus;
563 1525 609 1553 sed
625 1525 722 1552 frustra
742 1533 848 1553 cessere
862 1528 909 1553 cu-

110 1575 188 1601 batus
201 1580 307 1600 omnes.
637 1609 653 1613 μ
716 1609 718 1611 μ

145 1619 265 1647 Tertiam
282 1620 468 1646 incunctanter
485 1620 621 1654 posuimus
635 1619 776 1647 Homiliam
790 1627 847 1647 eam
863 1627 909 1647 cu-

111 1665 150 1699 ius
165 1666 258 1692 titulus
279 1670 329 1697 est,
344 1664 377 1692 In
392 1672 433 1692 eos
452 1665 495 1699 qui
519 1666 599 1699 primo
622 1665 723 1692 Pascha
738 1666 869 1701 jrjunant,
884 1666 909 1692 id

111 1715 160 1741 cst,
173 1716 268 1738 contra
281 1711 450 1738 Christianos
462 1710 532 1742 illus,
546 1710 590 1745 qui
611 1718 671 1737 cum
688 1710 788 1738 Pascha
801 1711 911 1738 Judtco-

112 1755 169 1783 rum
183 1757 288 1791 aliquot
301 1756 398 1783 diebus
413 1761 470 1790 post
488 1756 588 1783 Pascha
603 1755 815 1783 Christianorum
838 1755 909 1784 cclc-

113 1801 211 1833 bratur,
230 1802 257 1828 in
279 1801 410 1828 Paschate
423 1800 634 1828 Christianorum
646 1801 777 1836 jejunum,
793 1807 820 1828 ut
840 1802 909 1836 jeju-

112 1847 182 1874 nium
194 1855 281 1882 usque
295 1847 329 1874 ad
345 1847 446 1874 Pascha
458 1847 610 1874 Judmorum
626 1853 829 1883 prosequantur.
845 1847 910 1874 Illud

113 1899 198 1920 autem
214 1901 285 1920 antro
300 1893 424 1928 sequenti
447 1893 509 1925 587,
533 1893 618 1927 inquit
631 1893 848 1928 Chryso.~tomus,
864 1902 909 1921 ac-

112 1939 226 1971 cidebat,
248 1944 339 1973 atque,
364 1943 398 1965 ιιι·
415 1944 466 1965 tam
491 1946 599 1973 pravam
618 1939 836 1966 coiisuetudincm
861 1940 910 1966 ab-

112 1986 191 2019 olcat,
214 1985 386 2012 homiliarum
409 1989 500 2012 contra
524 1985 669 2012 Anomceos
692 1985 764 2012 ctdc
779 1979 910 2019 Unigcniti

112 2032 193 2066 gloria
207 2040 318 2059 cursum
331 2031 477 2065 intercipit,
493 2035 520 2058 ut
534 2031 590 2066 ipse
604 2031 679 2058 initio
694 2030 809 2058 humili-.e
822 2031 911 2058 dcc-la-

112 2082 153 2104 tut
166 2078 206 2105 his
220 2077 309 2105 verbis
324 2086 331 2103 :
347 2077 446 2104 Rursus
459 2076 626 2104 necessarium
640 2077 767 2111 quoddam
782 2083 804 2104 et
819 2086 911 2112 urgens

113 2123 248 2158 negotium,
263 2132 351 2151 eorum
361 2131 418 2158 qua:
432 2132 510 2158 nuper
524 2123 590 2150 dicta
601 2129 658 2150 sunt
671 2124 759 2151 s‘cricm
772 2124 910 2150 internun-

114 2169 182 2204 ῥίνη,
191 2170 225 2196 ad
236 2179 263 2197 se
276 2169 416 2196 orationem
427 2169 544 2202 traducit,
553 2174 575 2196 et
584 2170 726 2202 asusreptis
741 2178 797 2196 cum
813 2170 912 2196 lucreti-

114 2215 152 2241 cis
168 2217 346 2243 certaminibus
361 2224 407 2242 nos
421 2215 529 2242 abducit.
556 2215 625 2242 Nunt
646 2224 691 2242 nos
705 2216 805 2250 quidem
825 2224 912 2242 rursus

115 2262 148 2288 de
166 2261 292 2298 Uuigeuiti
314 2262 399 2298 gloria
420 2261 453 2288 ad
472 2263 601 2289 caritatem
615 2265 720 2289 vestram
734 2262 808 2289 verba
831 2264 913 2296 facere

115 2309 197 2342 partui
208 2317 320 2335 eramus.
337 2308 385 2334 llis
399 2309 477 2342 porro
490 2308 607 2335 declarat
621 2315 649 2335 se
661 2308 715 2342 jam
731 2308 848 2335 secundo
865 2308 914 2335 Ho-

115 2353 246 2380 miliarum
258 2359 354 2381 contra
369 2354 514 2381 Anomceos
524 2361 629 2380 cursum
645 2353 824 2388 interpellare,
841 2354 912 2388 quod

114 2406 146 2425 se
165 2400 246 2433 primo
271 2400 369 2427 fecisse
388 2399 451 2426 dicit
473 2399 547 2426 initio
570 2398 686 2427 homiliu:
707 2399 798 2434 priinze
820 2405 913 2429 contra

114 2443 231 2472 .Iuda-os.
248 2445 356 2473 Elenim
372 2448 432 2472 cum
449 2446 558 2480 primam
580 2451 673 2473 contra
689 2447 833 2474 Anommus
852 2454 914 2473 orae

115 2490 218 2517 tionem
241 2491 390 2521 habuisset,
413 2498 519 2517 cursum
542 2491 637 2518 sistere
658 2496 766 2518 coactus
785 2496 836 2524 cst,
862 2499 913 2518 non

115 2535 200 2562 modo
226 2541 253 2563 ut
272 2542 367 2563 contra
390 2527 495 2564 budteos'
519 2536 695 2569 éottccrtaret,
721 2537 791 2571 qllod
813 2537 915 2565 duabus

115 2581 236 2609 homiliis
251 2582 394 2617 praestitit;
409 2581 455 2609 sed
468 2583 547 2609 etiam
561 2585 590 2609 ut
606 2583 698 2610 Patres
712 2582 856 2617 spirilttait's
868 2591 914 2610 seu

115 2628 260 2662 episcopos
272 2629 388 2660 Vicinos,
403 2629 448 2663 qui
471 2629 637 2656 Antiochiam
659 2634 796 2663 venerant,
811 2630 916 2664 excipe-

116 2680 172 2705 rct,
190 2682 218 2701 ac
233 2680 325 2709 pouca
340 2672 510 2702 occurrentes
521 2675 616 2702 multas
630 2680 775 2711 martyrum
790 2676 916 2703 solemni-

118 2724 193 2745 tatcs
211 2719 374 2747 celebraret.
395 2719 450 2750 His,
466 2720 580 2754 inquam,
596 2721 720 2748 omnibus
735 2721 917 2756 interpellatus

117 2770 162 2791 est
177 2772 194 2790 τι
209 2770 295 2799 caput
309 2769 406 2791 contra
422 2766 561 2792 Anommus
577 2774 680 2800 pugna;
697 2767 730 2792 ita
747 2771 774 2794 ut
789 2775 841 2794 non
857 2776 915 2793 ιιιι)⁴

119 2809 213 2836 dicum
228 2809 363 2844 temporis
379 2809 539 2837 intervallum
560 2811 639 2838 fuerit
661 2811 772 2846 primam
786 2812 854 2839 inter
869 2812 912 2839 ho-

123 2855 225 2882 minum
240 2860 338 2882 comra
355 2854 494 2882 Auumuuos
506 2861 531 2884 ct
552 2857 664 2884 tertiam.
680 2857 745 2886 Cum
759 2865 846 2886 autem
860 2859 916 2894 pri-

698 124 790 153 NUNC
809 122 940 152 PRIMUM
960 122 1154 150 ADORNATA.

1704 129 1754 157 106

962 190 1033 210 mam
1054 187 1145 209 c0ntra
1166 182 1273 211 Judaeos
1293 182 1428 211 homiliam
1451 184 1573 213 habuerit
1587 194 1679 215 mense
1695 189 1755 215 Au-

961 233 1038 264 gusto
1059 229 1122 256 anni
1145 229 1206 259 386,
1224 235 1252 256 ut
1272 238 1352 264 supra
1367 230 1499 263 diximus;
1523 232 1667 260 secundum
1691 242 1754 261 vero

961 275 1073 303 ineunte
1087 275 1193 302 circiter
1207 274 1366 310 Septembri,
1383 275 1478 309 decent,
1493 278 1530 304 ait
1545 277 1599 311 ille,
1616 284 1660 305 aut
1673 281 1752 313 pluri-

961 321 1005 347 bus
1017 321 1103 348 diebus
1119 325 1177 355 post
1192 321 1316 357 primatu,
1329 330 1451 358 magnam
1471 323 1637 357 Septembris
1651 331 1754 361 [mrtem

961 366 1136 402 insumps‘erit
1155 367 1181 395 in
1200 367 1363 403 excipiendis
1389 369 1440 397 illis
1451 369 1545 397 vicinis
1564 372 1706 407 episcopis,
1727 377 1752 401 el

960 413 1126 440 celebrandis
1156 419 1302 450 martyrum
1333 416 1565 448 solemnitatibus,
1593 425 1754 454 rursumque

961 458 1112 494 Septembri
1133 462 1246 487 exeunte
1261 464 1353 488 mense
1369 469 1483 496 pugnum
1504 469 1596 490 contra
1610 465 1756 493 Anomwos

961 506 1146 541 resumpserit,
1166 514 1262 541 quam,
1277 507 1317 534 vel
1333 507 1450 535 nondum
1466 515 1560 537 exacto
1581 511 1753 546 Septembri,

962 553 1003 582 νει
1015 555 1092 582 inhio
1099 555 1220 583 Octobris
1234 557 1332 584 iterum
1344 561 1523 593 proscquutus
1534 558 1579 592 sit,
1592 563 1713 594 urgente,
1728 563 1755 586 ut

962 600 1006 628 ille
1019 601 1064 634 ait,
1080 603 1238 630 necessitate
1251 608 1279 629 ut
1288 608 1380 630 cautra
1393 601 1500 631 Judzeos
1515 611 1607 631 rursus
1619 610 1752 633 certamen

962 647 1080 675 haberet.
1104 648 1145 675 An
1161 655 1225 676 vero
1248 654 1308 684 post
1329 649 1472 677 secundum
1496 654 1590 677 contra
1612 651 1756 678 Anomusos

961 694 1128 725 concionem,
1143 693 1212 721 hanc
1227 695 1332 722 tertiam
1348 701 1439 722 contra
1453 695 1561 722 Iudaeos
1576 696 1706 726 habuerit,
1723 704 1756 722 an

962 745 1022 775 post
1035 741 1139 768 tertiam
1161 742 1202 769 vel
1228 743 1290 777 post
1314 742 1444 777 quartam,
1472 742 1499 769 id
1525 742 1602 777 plane
1626 742 1756 770 incertum

963 791 1014 820 est,
1031 795 1116 823 neque
1129 788 1178 816 hac
1192 788 1226 817 de
1241 796 1270 816 re
1288 789 1432 824 quidquam
1447 789 1513 817 certi
1528 789 1607 816 statui
1621 796 1700 824 posse
1715 789 1757 816 vi-

963 824 1051 861 detur.

996 878 1036 906 Ne
1052 883 1140 906 autem
1156 879 1226 908 hanc
1247 880 1352 908 tertiam
1368 885 1460 908 contra
1474 879 1581 908 Iudaeos
1600 880 1756 908 concionem

962 924 1005 952 diu
1021 930 1080 960 post
1095 925 1280 960 Septembrem
1295 925 1479 958 amandemus,
1495 925 1638 960 prohibere
1652 926 1758 953 videtur

962 969 1168 1004 Chrysosmmus
1181 970 1295 998 Homilia
1307 971 1332 997 in
1343 971 1414 998 diem
1426 971 1544 999 Natalem
1556 971 1666 1003 Christi,
1678 980 1757 1007 quam

963 1013 1054 1043 habuit
1076 1024 1147 1043 anno
1169 1017 1230 1049 586,
1256 1017 1300 1044 die
1315 1017 1440 1053 vigesima
1463 1018 1554 1053 quinta
1580 1018 1755 1046 Decembris:

962 1060 1072 1097 Tempus
1086 1067 1169 1089 autem
1190 1067 1242 1089 tum
1255 1069 1319 1095 erat,
1343 1063 1437 1098 inquit,
1455 1064 1512 1098 festi
1527 1063 1757 1090 Tabernaculorum

962 1112 986 1134 et
995 1108 1087 1143 jejuuii
1100 1116 1110 1136 .'
1125 1108 1171 1135 hoc
1183 1109 1249 1135 enim
1267 1109 1312 1136 illa
1334 1109 1407 1136 verba
1426 1109 1473 1136 sibi
1492 1111 1587 1141 volunt,
1613 1109 1758 1136 Hutnilialc

962 1153 1065 1180 animas
1087 1159 1207 1186 vestras;
1232 1155 1307 1190 idque
1321 1164 1337 1182 a
1355 1155 1453 1183 Judwis
1471 1155 1540 1182 circa
1567 1156 1643 1190 finem
1666 1157 1758 1183 ntt‘nsis

964 1199 1085 1234 borpiazi,
1109 1200 1135 1226 id
1149 1205 1184 1227 est
1200 1200 1370 1236 Septembris,
1384 1201 1452 1236 quod
1466 1206 1489 1228 et
1503 1209 1546 1228 vos
1565 1202 1700 1234 tutamini,
1715 1211 1758 1229 ee-

963 1246 1114 1273 lebrabatur.
1142 1247 1213 1274 Tunc
1244 1248 1310 1275 enim
1332 1249 1424 1275 multos
1450 1249 1610 1283 prolixosque
1630 1256 1758 1276 sermones

963 1298 1049 1320 contra
1061 1293 1166 1320 Judlros
1179 1293 1338 1328 protulimus,
1351 1295 1523 1330 importunum
1537 1303 1623 1322 eorum
1629 1297 1757 1332 jejunium

963 1345 1119 1367 accusantes.
1138 1340 1178 1367 Eo
1198 1341 1287 1376 igitur,
1310 1346 1337 1367 ut
1353 1349 1401 1368 nos
1424 1342 1621 1373 constituimus,
1638 1347 1759 1377 tempore

963 1385 1012 1413 has
1027 1391 1081 1414 tres
1094 1391 1185 1414 contra
1201 1386 1308 1414 Judatos
1329 1387 1473 1415 cenciones
1488 1387 1590 1414 habuit.
1613 1387 1704 1423 Neque
1720 1393 1759 1415 ta-

963 1440 1024 1459 men
1045 1433 1079 1460 ita
1102 1441 1194 1460 mense
1215 1432 1366 1468 Septembri
1388 1433 1491 1460 habitas
1509 1433 1574 1461 dicit
1595 1433 1643 1460 has
1663 1434 1760 1462 mlliL‘lS

963 1479 1133 1514 prolixasque
1154 1479 1289 1512 homilias,
1313 1483 1342 1506 ut
1365 1479 1466 1507 nullam
1487 1485 1560 1513 ante,
1576 1480 1675 1507 nullam
1699 1485 1760 1514 post

963 1524 1148 1560 Septembrem
1172 1525 1358 1560 pronuntiarit.
1373 1523 1440 1552 Nam
1461 1532 1521 1552 cum
1537 1526 1584 1557 ait,
1599 1525 1671 1552 Tunc
1691 1526 1757 1552 enim

962 1572 1056 1598 inultos
1069 1571 1230 1606 prolimsquc
1245 1579 1370 1598 sermones
1385 1574 1472 1598 contra
1488 1571 1594 1598 Judteas
1615 1572 1758 1605 Imbuimus,

964 1622 1067 1652 tempus
1081 1617 1187 1644 circiter
1209 1621 1327 1649 annotnt,
1344 1623 1430 1652 neque
1453 1617 1575 1644 homilias
1591 1617 1650 1644 illas
1664 1622 1760 1644 oumes

963 1671 1056 1691 mense
1080 1663 1232 1698 Septembri
1265 1663 1460 1691 circumscribit
1480 1673 1486 1690 :
1508 1671 1561 1691 non
1592 1664 1662 1691 enim
1690 1664 1759 1692 solet

963 1707 1169 1746 Chrysostnmus
1185 1714 1259 1737 tanto
1273 1710 1398 1745 scrupulo
1413 1714 1491 1737 notas
1505 1715 1655 1744 temporum
1670 1710 1758 1737 €0lt>i~

963 1764 1061 1791 gnare,
1087 1755 1117 1783 tit
1139 1756 1238 1790 passim
1260 1755 1473 1783 observavimus.
1499 1756 1565 1783 Cum
1587 1764 1651 1784 vero
1673 1756 1757 1789 dicit,

964 1803 1055 1829 multos
1070 1803 1230 1837 prolixosque
1247 1810 1384 1835 sermones,
1409 1802 1457 1830 has
1474 1807 1528 1830 tres
1543 1802 1666 1829 hotnilias
1690 1802 1759 1829 indi-

963 1856 1025 1876 care
1041 1848 1157 1879 videtur,
1182 1849 1315 1883 etiamque
1340 1849 1454 1876 fortasse
1475 1849 1552 1881 alias,
1576 1857 1636 1884 qure
1662 1849 1759 1885 injuria

965 1899 1113 1929 temporum
1138 1894 1341 1921 interciderint:
1359 1902 1450 1929 parum
1476 1894 1546 1921 enim
1568 1894 1667 1926 abfuit,
1695 1896 1759 1930 quin

964 1939 1079 1966 Schunda
1100 1939 1179 1966 etiam
1203 1938 1309 1966 humilia
1335 1939 1453 1973 perierit,
1469 1944 1561 1974 utpote
1579 1947 1639 1974 qua:
1663 1939 1690 1966 in
1706 1942 1759 1966 uno

965 1989 1064 2012 tantum
1080 1985 1178 2012 Codice
1199 1992 1292 2019 magna
1318 1985 1358 2011 sui
1383 1989 1456 2019 parte
1481 1985 1573 2012 mutila
1594 1990 1697 2020 reperta
1714 1986 1758 2012 sit.

965 2031 1020 2058 lmo
1032 2038 1096 2058 vero
1109 2035 1212 2058 certum
1231 2031 1335 2058 videtur
1349 2031 1448 2066 aliquot
1461 2039 1493 2058 ex
1510 2031 1541 2058 iis
1564 2039 1629 2066 quas
1643 2032 1685 2059 hic
1699 2040 1758 2059 mc-

966 2080 1051 2103 m‘orat
1066 2076 1188 2103 homilias
1202 2077 1368 2104 intercidisse
1381 2085 1388 2109 ;
1406 2084 1465 2104 nam
1482 2078 1507 2104 in
1520 2078 1571 2105 line
1586 2078 1670 2105 tertia:
1683 2078 1757 2105 dicit:

967 2118 1186 2155 Quemadmodum
1201 2122 1436 2154 demonstravimus,
1452 2131 1509 2149 cum
1532 2123 1578 2150 hac
1594 2123 1625 2150 de
1639 2132 1666 2150 re
1688 2124 1760 2151 multi

965 2168 1043 2195 habiti
1066 2169 1159 2203 fuerint
1174 2177 1189 2195 a
1204 2176 1242 2195 me
1264 2176 1410 2202 sermones;
1432 2176 1484 2196 non
1507 2169 1547 2196 sic
1568 2169 1714 2202 locuturus,
1737 2170 1760 2196 si

965 2214 1032 2242 duos
1047 2219 1147 2242 tantum
1163 2215 1212 2242 hac
1233 2215 1266 2242 de
1288 2224 1317 2243 re
1331 2223 1470 2243 sermones
1485 2216 1690 2250 pronuntias‘sut.
1707 2215 1760 2244 Sed

965 2265 1030 2288 care
1043 2265 1118 2296 putes
1133 2263 1193 2288 cum
1215 2260 1349 2288 Frontone
1374 2261 1479 2294 Durteo,
1503 2261 1626 2292 homilias
1644 2262 1761 2296 quinque

966 2310 1107 2342 sequentes
1123 2307 1163 2334 his
1177 2307 1360 2342 Chrysostomi
1375 2308 1472 2339 verbis,
1487 2307 1579 2342 longos
1590 2309 1760 2343 prolixoslpui

968 2359 1105 2381 Sermones
1126 2354 1277 2388 signiﬁcari.
1300 2354 1361 2382 Illas
1382 2354 1512 2389 siquidem
1535 2355 1677 2382 conciones
1698 2363 1760 2389 pru-

965 2400 1095 2427 _Iuntiavit
1120 2399 1164 2426 ditt
1191 2404 1250 2434 post
1272 2399 1413 2427 llomlliam
1440 2400 1464 2427 in
1489 2399 1608 2428 Natalem
1637 2401 1761 2435 Dtimini,

967 2453 1036 2472 anno
1051 2445 1103 2472 586
1126 2445 1259 2478 hxbilam,
1277 2446 1346 2473 unde
1369 2438 1494 2480 excerpta
1511 2446 1554 2473 illa
1576 2447 1656 2474 verba
1679 2445 1742 2474 sunt

970 2496 997 2519 ,ι
1022 2499 1106 2524 ntox,
1134 2499 1220 2526 neque
1250 2491 1338 2518 dubiis
1374 2492 1535 2527 argumentis
1567 2492 1653 2527 palam
1684 2492 1763 2520 facie-

968 2542 1036 2565 IDUS.

1003 2584 1100 2612 Contra
1115 2583 1185 2611 hunc
1199 2590 1317 2612 nostrum
1330 2585 1459 2612 calculum
1472 2585 1550 2612 dubia
1566 2586 1685 2622 qumdam
1699 2592 1762 2622 pro-

969 2630 1044 2665 ponit
1060 2630 1089 2657 V.
1104 2630 1146 2657 Cl.
1159 2629 1345 2658 Tillemoutius
1357 2652 1364 2663 ,
1381 2631 1450 2658 circa
1470 2635 1574 2666 tempus
1597 2640 1693 2667 nempe
1712 2633 1764 2666 qud

970 2676 1076 2704 homilia
1094 2676 1169 2703 tertia
1184 2677 1272 2703 habita
1285 2676 1342 2703 fuit.
1356 2676 1407 2704 Sed
1420 2676 1456 2703 illi
1474 2681 1535 2711 apte
1546 2698 1552 2710 ,
1569 2677 1595 2704 ni
1611 2677 1686 2704 fallor
1698 2697 1706 2709 ,
1721 2678 1764 2704 rc-

969 2722 1124 2757 spondimus
1136 2722 1162 2749 in
1176 2722 1275 2750 Monito
1287 2722 1320 2749 ad
1334 2722 1462 2749 Homilias
1479 2727 1570 2749 contra
1581 2722 1687 2750 JUtimUS
1695 2723 1726 2750 Τ.
1739 2724 1763 2754 l,

971 2774 994 2793 ε.
1006 2766 1058 2794 837
1076 2777 1082 2794 :
1098 2776 1151 2803 quo
1167 2769 1291 2796 lectorem
1303 2768 1471 2795 remittimus.
1485 2767 1574 2803 Longe
1587 2767 1765 2795 diiliciliorcui

970 2814 1047 2841 altam
1069 2820 1154 2841 movel
1169 2815 1425 2849 qtunslionctu,qu;e
1439 2821 1514 2843 suam
1539 2815 1636 2849 puriter
1661 2821 1688 2842 et
1717 2824 1766 2842 Ito--

973 2868 1052 2889 stram
1067 2862 1226 2889 sementium
1242 2862 1360 2897 impetat,
1376 2869 1405 2888 cx
1422 2861 1498 2889 titulo
1512 2869 1606 2896 nempe
1619 2862 1696 2897 hujus
1711 2863 1764 2890 tci-
