2034 3109
125 161 164 189 109
703 162 791 190 NUNC
813 162 939 190 PRIMUM
960 161 1154 192 ADURZ‘ATA.
1698 166 1744 192 lltl

124 217 196 244 tttilias
216 223 307 244 mense
327 216 474 250 Septembri
495 217 648 244 absolvisse.
670 218 722 245 llac
742 218 774 246 de
791 227 818 246 re
831 220 900 245 ditii-

124 262 194 289 cultas
208 261 282 288 nulla
303 261 417 288 suboriri
433 266 527 296 potest.
547 262 638 290 Utruut
653 269 740 290 autent
755 272 824 290 anno
837 265 900 298 537,

123 309 203 335 eodem
226 313 382 335 recorrcute
401 308 517 342 jejunio,
539 308 614 343 cujus
629 316 707 336 causa
727 315 780 337 tres
803 310 903 344 priores

125 353 230 379 ltomilias
251 360 322 379 anno
342 353 462 387 proximo
475 352 616 385 habuerat,
641 353 688 381 has
706 355 821 389 quinque
835 363 901 382 (on-

124 398 199 425 tiones
215 398 437 432 prouuntiaverit,
452 399 501 426 etsi
514 407 565 425 non
581 399 689 433 perinde
701 405 802 426 certum
819 400 901 428 habe-

124 447 164 473 titr,
176 444 284 469 omnino
301 449 390 470 tamen
402 443 535 478 probabile
549 449 603 471 est.
617 444 647 471 In
663 444 754 472 harum
767 452 838 472 certe
852 445 902 472 ho-

123 488 239 514 ιιιιιέιιτιιιιι
247 488 368 515 decursu
380 493 524 524 martyrum
535 490 676 516 memorias
686 497 828 517 occurrere
839 490 902 517 dicit

121 538 214 560 sanctus
236 533 343 567 doctor,
360 533 582 568 quemadmodum
602 539 629 562 et
650 535 675 561 iit
697 535 829 569 prioribus
850 536 902 562 illis

121 579 280 605 cencionibus
293 579 358 605 anni
374 579 426 606 ’586
440 589 446 606 :
462 587 526 613 quas
541 587 630 607 mense
645 580 794 614 Septembri
809 587 838 607 se
853 581 901 607 Ita-

121 623 194 650 ltuisse
211 623 380 651 testiﬁcatur.
405 623 566 659 \‘idcturquc
588 624 792 659 Chrysostomus
812 625 902 652 .ludai-

120 676 168 696 cum
181 669 317 703 morbum,
333 670 542 697 Christianorum
554 671 729 705 quorumdam
745 672 840 698 animis
855 672 900 698 ad-

120 715 161 742 huc
177 716 342 748 haerentem,
359 715 402 742 cui
422 715 550 743 medicam
576 724 683 743 manum
698 725 768 744 anno
787 717 839 744 586
853 717 900 744 ad-

120 766 240 794 moverat,
263 768 335 788 anno
358 761 437 788 etiaitt
452 761 601 796 insequenti
624 762 728 796 penitus
745 769 839 789 curare
852 770 900 788 vo-

119 807 204 834 luisse:
225 807 367 842 ipsumque
381 806 495 834 humilia:
513 812 613 841 quarta:
631 807 769 835 exordium
780 828 786 839 ,
803 807 901 834 Rursus

119 852 190 879 Jndwt'
198 854 346 888 jejunatun‘
357 858 416 881 sunt
426 873 432 884 ,
449 853 570 880 eamdem
585 854 706 888 proxime
721 859 900 881 recurrentem

117 898 167 924 anni
178 903 363 932 tempestatem
378 906 486 933 prorsus
500 899 650 934 signiﬁcare
663 899 780 926 videtur.

147 945 203 978 Quat
217 950 314 971 contra
330 945 474 972 Anommos
489 950 515 972 ct
527 951 619 973 contra
633 945 740 973 Judzeos
754 946 829 973 annis
849 946 900 974 386

116 991 194 1017 et587
217 990 302 1022 dixit,
329 995 356 1016 ct
373 990 478 1024 quidem
493 999 545 1018 non
567 991 650 1018 semel
670 991 780 1018 alternis
800 991 900 1018 vicibus

117 1034 242 1062 interdum
259 1035 292 1062 de
310 1043 373 1066 uno,
390 1035 519 1063 interdum
534 1037 568 1063 de
580 1037 633 1063 alio
647 1041 816 1071 argumento,
835 1044 899 1064 con-

117 1079 219 1106 littenler
246 1084 272 1106 et
294 1087 345 1106 una
368 1081 437 1108 serie
459 1080 614 1114 referenda,
639 1089 689 1108 nec
710 1081 900 1116 intercipiendo

115 1123 226 1152 iluvimus
242 1146 251 1157 ,
274 1125 362 1152 missis
385 1126 444 1153 aliis
467 1127 565 1154 diversi
592 1127 739 1162 argumenti
763 1126 898 1162 hontiliis,

115 1178 172 1204 quas
185 1179 231 1206 per
247 1172 310 1199 illud
328 1173 456 1207 temporis
473 1174 585 1207 spatium
597 1174 630 1200 ad
647 1173 771 1208 populum
790 1173 897 1207 habuit,

114 1223 143 1241 ne
156 1217 208 1249 rei,
225 1225 285 1252 qua:
299 1218 419 1252 ejusdem
435 1219 580 1253 argumenti
599 1224 674 1252 erat,
695 1227 800 1246 cursum
816 1219 898 1246 inter-

112 1261 276 1294 pellaremus.
292 1263 470 1296 Quamobrem
484 1264 627 1298 repetenda
644 1269 705 1291 suttt
718 1272 748 1291 ea
758 1285 766 1296 ,
780 1272 838 1299 qua:
853 1272 900 1298 per

114 1306 170 1333 illud
192 1309 321 1343 temporis
345 1309 513 1336 intcrstitiunt
538 1310 674 1342 tractavit,
697 1318 808 1344 quoruut
833 1318 898 1337 non-

112 1351 176 1378 nulla
193 1361 245 1380 non
264 1354 392 1387 minoris,
417 1354 470 1381 into
494 1355 603 1389 majoris
625 1354 752 1382 momenti
773 1362 831 1382 esse
851 1363 898 1389 pu-

112 1400 203 1424 tantur.

145 1442 256 1471 llomz‘lt‘a
275 1445 307 1471 de
323 1446 499 1473 Antii/tentate.
515 1461 551 1466 —
563 1446 652 1473 Primo
674 1451 762 1474 autem
784 1446 898 1473 occurrit

112 1487 214 1516 llontilia
234 1491 272 1517 de
287 1491 480 1523 Anathemate,
501 1499 579 1527 quam
603 1496 662 1526 post
683 1492 785 1519 tertiam
805 1497 896 1519 contra

109 1534 247 1563 Anommos
262 1545 292 1564 se
305 1537 529 1571 pronuntiavisse,
545 1545 593 1564 nec
606 1538 718 1565 obscure
735 1537 852 1565 declarat
871 1538 895 1564 iu

109 1580 242 1616 principio,
263 1587 291 1609 ut
303 1582 328 1609 in
340 1582 440 1609 Monito
453 1582 675 1618 probavimnslT.
690 1584 713 1610 l.
728 1591 751 1609 ε.
766 1582 813 1609 941
827 1585 852 1618 );
869 1589 897 1611 ιιι

108 1633 196 1664 ncttipc
211 1629 322 1660 sedaret
342 1630 506 1660 simultatem
530 1630 664 1660 Sithorlanl
678 1630 741 1660 olim
762 1629 829 1660 inter
843 1630 897 1662 Me-

107 1673 214 1704 letianos
228 1683 256 1704 et
271 1678 441 1705 Paulinianos
455 1684 580 1714 utrosque
595 1678 755 1713 Catholicos,
771 1688 829 1714 qua:
844 1680 897 1707 dis-

106 1721 192 1748 cordia
206 1723 259 1750 sub
273 1723 413 1756 Flaviano,
427 1728 453 1750 et
463 1724 498 1751 ad
512 1724 617 1759 longum
632 1731 722 1759 postea
733 1731 835 1760 tempus
850 1734 897 1753 ex-

106 1768 180 1792 tracta
197 1772 250 1795 est.
278 1769 329 1796 Sed
339 1769 378 1795 ad
394 1769 501 1796 lectoris
520 1770 688 1798 conuuodum
709 1779 752 1799 rcs
772 1772 805 1799 ab
820 1772 897 1800 initio

105 1810 199 1840 dissidii
215 1815 364 1849 repetenda
380 1819 431 1842 est.

135 1858 292 1887 Eustathius
307 1861 501 1894 Antiochenus,
517 1862 557 1889 vir
569 1867 675 1889 sanctus
688 1867 714 1890 ct
725 1863 877 1890 Catltolicus
887 1885 894 1898 ,

105 1903 212 1940 ideoque
229 1908 339 1935 Arionis
358 1908 459 1935 invisus
469 1928 476 1939 ,
492 1908 607 1942 ipsorum
622 1916 702 1943 opera
715 1914 742 1936 ct
756 1910 896 1938 calumniis

102 1948 236 1982 dtthsilttS
250 1952 277 1979 in
300 1952 480 1987 exsiliumque
495 1958 569 1980 actus
589 1953 691 1986 fuerat,
707 1961 776 1981 anno
790 1955 896 1983 circiter

104 1993 161 2026 570;
177 1997 203 2023 in
220 1998 337 2034 ejn~qnc
351 1999 437 2025 locum
452 1999 608 2027 Substitutus
620 1999 703 2027 fuerat
714 2000 780 2027 alios
793 2001 894 2036 episco-

102 2047 145 2072 pus
174 2043 320 2071 Ariauus:
346 2044 525 2079 deincepsque
549 2046 701 2072 continuata
725 2047 894 2078 successione

100 2086 215 2116 ejusdem
233 2094 318 2116 sec-tte
338 2090 455 2124 episcopi
469 2091 659 2118 Antiochenam
672 2095 780 2119 tenuere
791 2092 893 2126 sedem,

101 2130 241 2161 tlatltolieis
268 2135 375 2163 interim
402 2143 462 2163 eum
487 2136 663 2164 Eustathiano
683 2137 756 2164 clero
778 2139 890 2165 seorsim

99 2177 223 2206 colle’ctas
245 2181 408 2216 agentibus,
430 2182 514 2209 donec
534 2183 622 2209 Ariani
645 2182 793 2217 Meletium,
815 2191 892 2218 quem

101 2220 115 2246 lt
125 2225 189 2251 i-rcsi
204 2233 265 2253 sua:
278 2227 412 2254 addictum
428 2228 563 2262 putabant,
578 2228 604 2256 in
619 2230 771 2264 episcopum
786 2230 894 2257 ordina-

100 2274 164 2295 runt.
183 2270 394 2306 Peropportune
411 2280 474 2299 vero
487 2273 580 2300 cecidit
601 2279 628 2300 ut
641 2274 696 2308 ipse
711 2282 762 2301 non
777 2273 894 2302 Catholi-

100 2320 142 2338 rtts
155 2316 255 2349 modo,
273 2317 320 2343 sed
334 2318 415 2344 etiam
431 2325 462 2345 ex
478 2317 677 2346 ferventioribus
695 2319 838 2346 Catholicis
852 2326 894 2346 es-

99 2363 143 2384 set.
158 2361 192 2386 At
206 2370 274 2388 cmn
294 2368 383 2397 postea
395 2364 585 2398 comperissent
598 2365 683 2399 ipsum
696 2365 838 2392 Catholica:
855 2365 892 2392 rei

101 2404 227 2433 vindicent
240 2427 248 2439 ,
266 2409 427 2444 Arianisqnc
445 2409 573 2437 infensum
589 2418 664 2442 esse,
685 2409 769 2437 virum
784 2411 810 2437 iit
824 2411 894 2438 exsi-

99 2447 157 2475 lium
179 2453 246 2486 pelli
272 2459 385 2486 curant,
407 2455 433 2481 in
447 2455 558 2490 ejusque
577 2456 662 2483 locum
679 2456 804 2483 Euzoiutn
817 2456 893 2483 Aria-

97 2501 155 2521 nunt
169 2497 353 2526 substituunt.
368 2499 443 2527 Tunc
457 2508 521 2527 vero
541 2506 594 2529 tres
613 2501 639 2529 in
661 2507 748 2536 partes
767 2497 892 2529 distracta

97 2538 188 2567 civitas
205 2541 259 2568 fuit
273 2552 280 2569 ε
301 2545 380 2577 prima
394 2549 450 2572 erat
463 2545 693 2573 Eustalltiauorum
705 2568 712 2579 ,
726 2547 782 2574 sive
799 2555 891 2574 corunt

97 2584 139 2616 qui
153 2587 184 2612 S.
202 2587 351 2615 Eustathio
364 2589 459 2617 addicti
479 2596 567 2624 erant,
587 2592 684 2627 quique
704 2592 798 2619 Mclctii
819 2599 892 2619 cont-

98 2630 254 2658 nmnioncm
268 2653 276 2664 ,
295 2633 363 2666 quod
386 2634 419 2660 ab
432 2636 535 2662 Arionis
549 2637 574 2663 in
588 2637 739 2672 episcopum
755 2642 892 2672 cooptatus

99 2672 187 2701 luisset
199 2697 207 2707 ,
226 2678 411 2711 reSpncltant;
427 2680 539 2707 secunda
559 2681 773 2714 Meletianorum,
791 2683 891 2710 scilicet

99 2716 320 2754 Callmllt‘ormn,
335 2724 379 2757 qui
393 2723 524 2752 Melctium
535 2747 541 2758 ,
559 2727 607 2753 etsi
622 2727 656 2753 ab
669 2727 773 2754 Arianis
786 2728 892 2754 ordina-

99 2766 150 2788 tntu
162 2786 169 2794 ,
184 2771 285 2800 utpote
301 2767 467 2795 Catholicum
483 2771 725 2806 sanctissimttmque
736 2772 836 2805 virum,
850 2780 892 2799 se-

100 2809 248 2841 quebantur
263 2821 270 2839 :
290 2812 368 2838 tertia
385 2813 555 2846 Arianorum,
576 2817 619 2850 qui
639 2824 697 2843 cunt
714 2816 812 2844 Euzoio
828 2825 891 2843 cott-

102 2859 191 2882 ventus
205 2856 340 2891 agebant.
356 2856 490 2884 llar’tenus
499 2863 581 2887 tamen
595 2860 697 2888 nonnisi
710 2861 761 2889 duo
772 2862 888 2897 episcopi

953 221 1099 247 Autiorltize
1112 226 1197 251 erattt,
1216 222 1338 248 nimirum
1350 230 1380 249 ex
1396 228 1468 257 parte
1482 221 1676 250 Catholicorum
1693 224 1744 255 δια·

954 265 1047 296 lctius;
1070 274 1101 292 ex
1123 267 1281 293 Atianornut
1295 275 1359 294 vero
1373 275 1446 302 parte
1462 269 1576 295 Euzoius
1588 277 1595 296 :
1609 277 1669 296 nam
1693 269 1744 295 Ett-

953 310 1076 337 stathiani
1099 318 1157 337 cum
1180 311 1289 338 Paulino
1309 314 1464 349 presbytero
1487 314 1599 341 scorsim
1618 315 1744 341 collectas

955 356 1078 391 agebant.

988 401 1163 434 Quamobrem
1185 402 1345 430 Athanasius
1369 403 1395 430 in
1418 403 1524 439 Syoodo
1546 404 1738 437 Alexandrina,

952 452 1022 472 anno
1032 446 1093 478 562,
1109 447 1169 474 totis
1189 447 1286 474 viribus
1300 448 1430 475 nitebatur
1444 454 1470 474 ιιι
1484 449 1647 478 Enstathiaui
1661 450 1734 477 Mele-

954 491 1219 526 tiauisjungcrentur,
1230 500 1372 527 omnesque
1381 493 1508 521 Catholici
1517 502 1597 522 unum
1609 494 1738 523 Mcletium

953 535 1105 570 episcopum
1118 543 1305 571 agnoscerent,
1321 537 1352 565 ad
1364 545 1476 573 eamque
1490 546 1544 566 rem
1561 539 1660 574 legatos
1673 540 1739 567 duos

952 581 1094 609 Eusebium
1110 583 1303 611 Vet-ccllcttsem
1316 589 1340 611 ct
1357 585 1490 612 Asterium
1506 585 1645 620 episcopos
1657 593 1671 612 a
1687 586 1738 621 Sy-

953 626 1024 653 nodo
1038 627 1213 655 Alexandrina
1224 629 1290 656 mitti
1305 630 1416 656 curavit.
1433 629 1526 656 Verum
1543 630 1658 663 interim,
1673 631 1735 657 dum

952 672 1029 707 legati
1045 673 1094 700 iter
1102 680 1219 708 agerent,
1232 674 1509 702 LucilerCalaritanus
1521 675 1590 709 pittnt
1604 676 1738 702 Athanasii

952 717 1191 753 Alexandrina-que
1204 719 1302 754 Synodi
1317 720 1455 747 consilium
1477 719 1662 747 interturhavit
1672 741 1678 752 ,
1695 720 1739 755 qui

951 763 1088 791 Paulinth
1111 765 1136 790 in
1157 765 1309 799 episcopum
1331 765 1434 799 allegit;
1451 765 1484 791 ita
1499 769 1528 792 ut
1545 770 1599 792 tres
1610 765 1664 799 jam
1680 766 1739 800 epi-

950 810 1023 845 scopi
1037 811 1184 838 Antiochia:
1197 815 1296 843 essent,
1310 811 1363 838 duo
1376 811 1519 841 Catholici,
1534 816 1560 838 et
1572 819 1640 838 unus
1661 811 1737 838 Aria-

951 863 1010 882 nus.
1026 857 1062 883 Ex
1079 856 1130 884 hoc
1143 860 1231 884 autent
1243 856 1438 884 Catholicorum
1452 856 1570 890 dissidio,
1582 857 1650 891 quod
1663 857 1738 884 annis

950 901 1017 928 bene
1032 901 1121 928 ntultis
1137 902 1268 935 perstitit,
1285 901 1430 928 innumera:
1450 903 1513 929 ήκω
1529 902 1642 928 subortu!
1658 908 1718 928 sunt
1729 919 1738 934 ,

950 947 1129 979 eontuttti‘lia‘,
1143 947 1263 978 dicteria,
1276 947 1425 980 maledicta,
1443 948 1537 982 quibus
1548 955 1576 974 se
1591 953 1681 974 ntutuo
1695 947 1737 973 di-

950 992 1034 1019 fcrsis
1047 992 1143 1019 addit-ti
1159 992 1278 1027 partibus
1291 993 1452 1025 lacerabant,
1466 993 1546 1020 rebus
1560 993 1644 1027 palatii
1660 993 1738 1019 evul-

950 1039 1055 1066 ceratis.
1071 1039 1195 1066 Paulinus
1210 1047 1272 1065 vcro
1287 1039 1311 1065 in
1325 1039 1478 1073 episcopum
1490 1038 1607 1065 adiectus
1622 1038 1736 1065 Alexan-

950 1084 1033 1111 drina:
1065 1083 1173 1119 Synodo
1207 1083 1382 1118 subscripsit,
1414 1084 1438 1110 iit
1467 1091 1519 1118 qua
1553 1083 1732 1117 Apolliuat‘itts‘

950 1128 1123 1160 Laodiccnus,
1140 1129 1184 1164 qui
1200 1137 1232 1156 eo
1247 1129 1392 1156 menacltos
1407 1134 1529 1157 oratores
1540 1136 1602 1155 suos
1617 1129 1734 1161 miserat,

950 1179 979 1201 ut
993 1174 1184 1209 professionem
1208 1174 1268 1202 lidci
1291 1183 1345 1202 sua:
1364 1175 1389 1201 iu
1406 1180 1475 1202 emtu
1495 1174 1600 1201 Patrum
1625 1175 1735 1208 darent,

950 1219 984 1246 ita
1000 1225 1085 1246 tamen
1099 1225 1127 1246 ut
1142 1228 1245 1247 errores
1260 1228 1322 1246 suos
1336 1219 1446 1247 subdole
1461 1220 1614 1252 reticerem,
1628 1221 1652 1246 itt
1664 1229 1736 1247 cont-

950 1266 1102 1292 muniottem
1118 1265 1276 1292 admittitur.
1293 1265 1419 1292 Paulinus
1434 1270 1520 1292 autem
1535 1274 1605 1292 anno
1620 1265 1671 1292 362
1691 1275 1735 1292 or-

949 1312 1065 1345 dinatus,
1082 1319 1151 1339 anno
1166 1311 1226 1344 588,
1241 1311 1280 1338 vel
1293 1311 1354 1345 339,
1367 1311 1444 1338 liuent
1457 1311 1558 1338 vivendi
1574 1311 1643 1338 fecit.
1657 1312 1734 1346 Apol-

949 1357 1060 1384 littarius
1088 1365 1170 1388 vero,
1201 1358 1246 1391 qui
1278 1361 1338 1392 post
1364 1356 1499 1391 Syttoilmn
1528 1356 1734 1383 Alexarulrinaut

949 1409 1053 1429 errores
1069 1410 1130 1428 suos
1143 1402 1284 1438 spargebat
1303 1407 1330 1428 ut
1342 1407 1403 1429 ante
1414 1422 1422 1436 ,
1438 1402 1470 1428 ab
1484 1401 1628 1428 Athanasio
1641 1402 1735 1428 coitiu-

950 1451 1018 1474 tatos
1031 1447 1078 1473 fuit
1093 1451 1119 1472 itt
1134 1447 1284 1474 Inrrcticus.

984 1492 1046 1519 ll.rc
1068 1492 1250 1526 pra-mittenda
1273 1497 1364 1525 erant,
1388 1496 1416 1518 ιιι
1437 1491 1617 1527 Cltrysostomi
1640 1499 1735 1526 scopas

948 1544 974 1566 et
989 1539 1057 1564 dicta
1077 1538 1297 1572 intelligerentur.
1314 1538 1444 1564 Meletiani
1460 1546 1523 1572 ergo
1537 1537 1665 1564 Catltolici
1677 1558 1683 1570 ,
1701 1538 1734 1565 de

947 1584 1025 1619 vulgo
1049 1584 1160 1623 loquor,
1185 1583 1366 1614 Eustalhianis
1390 1583 1496 1619 iitl'cnsi,
1513 1583 1573 1609 hinc
1596 1583 1733 1610 maledicta

948 1634 1097 1670 proferendi
1113 1634 1280 1661 occasionem
1294 1633 1451 1667 captabant,
1465 1629 1533 1667 quod
1554 1629 1679 1658 l‘aitliuus
1692 1630 1731 1658 ci-

946 1680 1006 1707 dem
1021 1679 1207 1707 Alexandrina:
1217 1678 1324 1715 Synodo
1339 1678 1547 1714 subseripsissct,
1560 1677 1600 1704 cui
1615 1678 1731 1704 subscri-

948 1729 1036 1760 pserat.
1061 1725 1140 1752 etiaut
1173 1725 1352 1760 Apollinarius
1389 1723 1586 1756 hmresiarcha,
1620 1723 1733 1758 ideoque

947 1771 1138 1806 Apollinarium
1151 1771 1252 1798 Paulini
1266 1771 1419 1805 magistrum
1433 1769 1601 1797 dictitabant.
1613 1769 1733 1804 Chryso-

946 1822 1048 1845 stomus
1061 1824 1124 1843 vero
1143 1817 1187 1851 qui
1209 1824 1279 1851 mgre
1303 1815 1446 1843 admodum
1465 1815 1569 1842 videbat
1588 1815 1731 1841 Ecclesium

947 1861 1139 1888 Antiochenam
1151 1861 1184 1888 ita
1197 1860 1345 1892 discissam,
1361 1864 1388 1887 ut
1402 1859 1527 1887 Catltolici
1542 1860 1567 1886 in
1579 1859 1730 1886 Catltolicos

947 1913 999 1934 tam
1015 1907 1140 1934 atrociter
1154 1907 1320 1941 insurgerent
1331 1927 1337 1937 ,
1353 1906 1487 1932 auditores
1500 1912 1563 1932 suos
1578 1905 1637 1931 talia
1653 1911 1731 1931 arms

945 1960 1039 1988 aspere
1054 1953 1150 1987 excipit
1164 1961 1170 1979 :
1186 1952 1238 1979 Sed
1250 1952 1310 1986 quid
1323 1952 1408 1978 dicunt
1421 1951 1469 1983 illi,
1485 1951 1578 1985 inquit,
1591 1949 1624 1976 ad
1633 1958 1730 1976 uttmcm

946 1999 1067 2025 malitiam
1083 1997 1212 2024 audaces?
1227 1997 1372 2029 Ilwrclicus,
1388 1997 1467 2028 aiunt,
1482 1995 1524 2022 ille
1536 1997 1617 2031 factus
1631 2000 1676 2025 (sl,
1691 1995 1730 2021 itt-

945 2044 1098 2070 Imbilmilem
1121 2043 1192 2069 liabet
1215 2042 1356 2073 diabolum,
1382 2046 1403 2068 cl
1425 2041 1534 2076 loquitur
1551 2046 1636 2067 contra
1651 2040 1730 2067 Deum

945 2089 1090 2124 nequitiam,
1106 2088 1246 2122 multosque
1259 2087 1361 2114 suadela
1375 2095 1486 2121 vanaque
1505 2085 1606 2120 fallacia
1625 2086 1650 2112 in
1671 2094 1730 2120 pro—

945 2133 1053 2168 fundum
1067 2133 1135 2160 exilii
1150 2132 1249 2159 abducit
1259 2140 1268 2164 ,'
1280 2132 1383 2166 ideoque
1404 2140 1418 2158 (ι
1441 2131 1557 2158 Patribtts
1574 2132 1666 2166 cjcclus
1678 2136 1729 2163 est,

945 2179 1053 2206 maxime
1066 2178 1140 2212 hujus
1155 2178 1282 2213 magister,
1302 2177 1344 2211 qui
1360 2181 1456 2211 partem
1469 2175 1589 2203 Ecclesia:
1608 2176 1729 2202 abscidit:

944 2225 980 2252 sic
994 2229 1038 2251 aut
1054 2224 1191 2250 Paulinum
1204 2227 1246 2249 aut
1261 2222 1445 2258 Apollinarium
1458 2222 1597 2256 designant.

980 2270 1042 2296 Hzec
1053 2269 1130 2296 refert
1142 2267 1347 2303 Chrysostomus
1358 2273 1384 2293 ιιι
1397 2267 1430 2293 ab
1441 2266 1573 2293 incondita
1587 2266 1660 2292 turba
1676 2273 1727 2291 non

945 2316 979 2342 ita
991 2318 1112 2346 accurate
1127 2314 1282 2341 dicebantur
1294 2322 1300 2340 :
1315 2317 1342 2340 ct
1356 2313 1415 2348 quia
1433 2321 1483 2339 tton
1495 2320 1555 2339 raro
1569 2312 1667 2346 plebeia
1681 2312 1727 2337 ltu—

941 2360 1056 2396 jusmodi
1072 2359 1190 2387 convicia
1207 2364 1233 2386 et
1245 2358 1313 2386 dicta
1332 2358 1498 2392 pcregrittuitt
1521 2357 1640 2384 sonantia
1665 2365 1725 2383 ora-

945 2407 1008 2434 tioui
1022 2406 1246 2441 intermiscentur,
1259 2405 1315 2431 hate
1333 2405 1425 2431 concio
1439 2403 1528 2430 tttultis
1548 2403 1573 2430 in
1595 2403 1660 2430 locis
1674 2411 1725 2429 non

944 2451 1000 2486 pari
1012 2456 1091 2486 atque
1104 2454 1206 2477 cattcrm
1222 2449 1351 2484 elegantia
1365 2449 1435 2475 dicta
1449 2448 1563 2475 videtur.
1579 2447 1653 2474 llanc
1665 2455 1725 2474 curn

943 2497 1057 2524 Baronio
1071 2500 1098 2523 et
1113 2495 1275 2528 llcrmantio,
1290 2498 1408 2522 vertente
1421 2501 1490 2520 attno
1503 2492 1554 2521 586
1567 2493 1662 2520 dictant
1677 2501 1727 2527 pu-

944 2547 1048 2575 tamus,
1073 2549 1168 2576 rcsquc
1185 2541 1293 2567 otnttiuo
1315 2544 1385 2567 certa
1410 2539 1522 2566 videtur.
1544 2538 1729 2566 Tillemontitts

945 2593 1032 2616 tamen
1046 2596 1079 2615 ex
1093 2588 1162 2614 male
1172 2587 1250 2613 allato
1263 2591 1289 2612 et
1303 2586 1436 2612 intellecto
1444 2584 1523 2618 hujus
1533 2584 1647 2611 homilize
1658 2585 1727 2616 loco,

944 2638 1017 2669 putat
1032 2641 1089 2660 eam
1105 2632 1219 2659 liabitattt
1242 2631 1321 2658 fuisse
1337 2635 1394 2665 post
1409 2630 1510 2657 Paulini
1526 2635 1652 2660 mortem,
1670 2634 1727 2662 post

944 2687 1042 2706 annum
1055 2678 1155 2705 scilicet
1169 2677 1231 2704 588.
1246 2677 1311 2704 Vide
1327 2677 1452 2703 Monitunt
1469 2680 1597 2707 nostrum,
1610 2675 1652 2701 ubi
1663 2681 1725 2700 scn-

946 2725 1025 2752 tentia
1040 2724 1097 2758 ejus
1112 2723 1268 2755 clarissime,
1285 2723 1309 2749 tti
1324 2723 1410 2754 fallor,
1426 2722 1584 2748 confutatur.

981 2769 1013 2795 In.
1027 2769 1116 2795 Natali
1129 2768 1222 2795 Chriin
1232 2768 1365 2794 roncio.——
1373 2768 1492 2801 Quinque
1506 2766 1597 2793 diebus
1612 2769 1669 2799 post
1682 2765 1728 2790 lia-

946 2813 1025 2841 ltitam
1040 2815 1065 2841 in
1086 2814 1114 2841 S.
1129 2813 1311 2848 I‘hilogonium
1335 2812 1467 2838 hontiliaut
1479 2832 1486 2843 ,
1503 2811 1526 2837 id
1541 2815 1581 2837 est
1597 2809 1726 2844 Vigcsima

943 2861 1032 2895 quinta
1048 2859 1199 2887 Decembris
1211 2879 1217 2892 ,
1231 2863 1257 2886 ut
1273 2859 1328 2892 ipse
1342 2858 1544 2893 Chrysostomus
1564 2855 1726 2888 testificatur,
