2034 3109
279 168 325 196 m
808 164 834 191 s.
856 163 994 191 JUANNIS
1011 161 1246 196 cunvsosrom
1268 163 1355 201 Vtra,
1863 150 1912 192 uti

276 227 361 261 prima
376 223 432 250 tice
446 223 479 250 de
493 223 536 250 die
548 222 632 249 Natali
644 220 739 249 Chri~ti
755 221 924 247 concinnatus
934 225 975 250 est
986 219 1064 254 (T02.

278 275 301 294 ε.
318 267 366 294 551
374 285 380 292 .
391 266 409 292 ι.
418 267 475 303 24).
485 266 550 294 Cum
561 267 634 295 enim
653 266 766 294 nondum
782 267 894 294 decimus
905 275 987 293 annus
997 272 1069 298 esset,

277 311 365 346 inquit
380 312 433 345 ille,
449 321 480 339 ea:
492 321 542 348 quo
556 313 609 342 dies
621 312 666 340 ille
680 312 856 340 Antiochenis
876 313 1020 341 inualuerat
1039 312 1071 340 ah

277 357 431 389 Occidente,
447 357 493 383 ubi
507 357 540 384 ab
554 355 664 385 exordio
679 355 723 382 illa
737 354 780 381 die
800 354 950 385 celebratus
965 354 1065 387 fuerat,

277 404 445 432 Antiochiam
465 402 584 434 delatus;
600 401 675 429 multi
691 401 761 428 diem
783 401 879 428 festum
902 399 1067 435 hujusmodi.

277 450 352 485 quasi
366 457 463 477 novum
479 456 509 476 ac
524 453 646 476 recenter
661 447 795 475 inductum
810 447 1008 478 detrectabant;
1023 446 1069 473 alii

278 500 366 522 tamen
389 502 485 529 magno
509 501 620 521 numero
641 493 755 520 libenter
778 492 973 525 admittebant:
989 499 1068 526 quam

277 541 496 575 disceptationem
509 546 536 567 ut
546 540 646 575 sopiret
660 539 876 575 Chrysostomus,
888 538 932 572 ubi
943 539 1067 573 primum,

277 592 418 622 postquam
441 587 580 622 presbyter
601 586 738 613 ordinatus
764 586 865 617 fuerat,
889 586 1005 612 occurrit
1026 585 1070 612 illa

278 633 431 665 celebritas,
451 633 518 659 hanc
533 631 669 659 homiliam
685 631 785 662 habuit,
800 634 830 657 ttt
844 630 979 657 subortam
997 630 1069 664 litem

280 678 398 711 tolleret,
410 682 437 704 et
451 677 521 704 diem
536 677 656 707 Natalem
669 676 766 704 Christi
783 677 809 702 in
822 676 977 710 vigesimum
990 675 1070 710 quin-

280 729 333 751 tam
349 723 504 751 Decembris
524 712 743 750 inciderepiultis
758 722 921 757 argumentis
937 721 1070 758 probaret,

282 770 373 797 Primo
393 770 431 796 ait
451 769 518 796 hanc
538 776 627 799 veram
641 777 700 797 esse
714 769 873 802 sententiam
887 768 929 795 vel
941 768 1000 795 inde
1011 775 1072 802 pro.

281 816 405 843 babiliter
417 815 492 850 argui
503 836 510 847 ,
524 814 594 850 quod
610 822 810 849 quaquaversus
823 814 976 841 denuntiata
988 835 995 846 ,
1010 821 1070 840 eum

281 866 354 888 tanta
369 861 506 889 celeritate
520 861 553 888 ab
571 860 694 894 omnibus
712 857 834 895 suscepta
858 859 948 895 fuerit.
971 859 1072 893 Deinde

281 910 320 936 ait
331 908 375 935 illa
389 908 432 935 die
444 908 478 935 ab
490 907 601 935 exordio
615 915 661 942 per
672 912 755 941 totum
770 906 940 938 Occidentem
952 906 1072 939 celebra-

281 958 338 981 tum
360 953 440 981 fuisse
453 953 552 980 Christi
573 957 678 986 ortum,
694 953 860 987 masimeque
880 952 983 979 Romae.
1006 952 1072 979 Cmn
1094 968 1098 972 -

280 1004 371 1026 autem
387 1005 483 1026 census
497 998 604 1034 Cyrenii
615 998 691 1038 jussu
705 999 814 1033 Augusti
834 999 919 1025 factus
930 1019 938 1029 ,
955 998 980 1024 in
996 997 1072 1024 tabu-

281 1045 368 1080 lisque
390 1045 557 1080 descriptus,
581 1052 663 1082 penes
683 1045 817 1079 Romanos
839 1044 997 1077 haberetur;
1012 1044 1074 1081 hinc

282 1098 371 1117 verum
388 1085 597 1125 germanumque
615 1090 715 1125 Natalis
729 1090 827 1125 Christi
848 1090 918 1117 diem
939 1090 1074 1121 Romanos

282 1136 414 1163 hausisse.
431 1136 508 1163 Aliud
521 1143 625 1171 quoque
645 1140 830 1173 argumentum
846 1140 982 1162 mutuatur
994 1143 1027 1163 ex
1041 1142 1074 1168 eo

282 1181 326 1208 die
336 1203 343 1215 ,
357 1189 411 1217 quo
426 1181 562 1218 ingressus
575 1185 616 1208 est
630 1181 655 1208 in
673 1181 798 1215 templum
819 1181 960 1213 Zacharias
970 1202 977 1214 ,
994 1189 1073 1216 quem

283 1226 341 1262 ipse
354 1235 486 1255 sunnnum
508 1226 660 1262 pontiﬁcem
675 1231 751 1261 putat
765 1235 772 1254 ε
790 1227 850 1254 inde
866 1235 929 1254 vero
943 1227 1074 1263 calculum

284 1273 374 1305 ducit,
396 1277 426 1300 ut
449 1273 541 1308 probet
563 1274 588 1300 in
604 1273 757 1309 vigesimum
780 1273 898 1309 quintam
919 1273 1075 1302 Decombris

285 1319 404 1347 incidere
419 1320 488 1348 diem
502 1319 622 1354 Natalem
639 1321 752 1348 Domini.
766 1321 820 1348 Hae
833 1328 897 1348 vero
912 1320 945 1348 de
959 1329 987 1348 re
1000 1321 1074 1356 plura

285 1366 442 1402 protulimus
458 1367 483 1393 in
498 1366 598 1396 Monito
612 1367 643 1394 T.
657 1367 684 1399 2,
698 1374 722 1393 ι’.
732 1367 800 1404 547,
817 1366 861 1393 ubi
875 1366 935 1394 vide
949 1367 996 1394 sis.

320 1412 413 1439 Coucio
421 1412 605 1440 alim—Erant
618 1412 766 1446 Antiochia:
779 1412 886 1449 quidam
897 1412 930 1445 de
939 1417 1009 1445 recta
1026 1412 1076 1440 ﬁde

285 1466 339 1486 non
355 1458 437 1493 probe
451 1459 608 1492 sentientes,
624 1459 668 1493 qui
683 1458 735 1486 hoc
747 1458 821 1493 Pauli
833 1458 934 1494 dictum
949 1458 974 1485 in
986 1458 1076 1486 Eccle-

285 1505 324 1532 sia
353 1504 450 1531 lectum
470 1503 521 1539 (Τ.
541 1504 567 1532 5.
590 1512 615 1539 1:,
637 1505 685 1539 511
700 1505 727 1540 ),
753 1504 813 1531 Sive
832 1513 877 1539 per
902 1505 1075 1538 occasionem,

284 1551 335 1579 sive
350 1559 394 1586 per
406 1551 534 1578 veritatem
547 1549 661 1578 Christus
675 1551 848 1582 annuntictttr,
862 1555 885 1578 et
903 1551 930 1577 in
949 1551 995 1578 hoc
1011 1559 1077 1587 gau-

285 1598 343 1629 deo,
366 1597 402 1630 ita
425 1605 506 1633 prave
526 1597 779 1633 interpretabantur,
802 1601 831 1624 ut
853 1597 991 1630 dicerent,
1014 1597 1077 1624 dum

285 1643 408 1670 Christus
420 1643 633 1674 annuntiaretur,
649 1650 741 1677 parum
755 1642 885 1669 interesse
899 1650 932 1669 an
953 1642 1077 1672 haeretica

286 1695 320 1715 an
342 1695 403 1715 vera
427 1688 551 1723 dogmata
565 1693 667 1715 essent.
683 1687 740 1714 lloc
754 1688 851 1715 erroris
866 1692 1017 1722 portentum
1030 1688 1078 1721 de-

287 1735 363 1769 pellit
385 1734 610 1769 Chrysostomus,
636 1734 808 1768 pluribusque
835 1733 999 1760 demonstrat
1026 1742 1079 1761 non

287 1787 347 1806 eam
360 1786 420 1807 esse
433 1779 506 1806 Pauli
519 1783 645 1806 mentem.
660 1778 712 1806 Sed
726 1786 759 1805 ex
770 1786 832 1805 vera
845 1787 933 1806 rerum
946 1784 1079 1814 gestarum

289 1826 400 1853 historia
412 1825 485 1852 Pauli
500 1825 658 1852 sententiam
681 1825 749 1851 hanc
768 1832 828 1852 esse
849 1823 1005 1852 conﬁrmat:
1019 1832 1080 1852 cum

288 1874 362 1901 Pauli
385 1872 484 1900 inimici
505 1872 612 1907 quidam
627 1879 688 1899 eum
706 1871 819 1898 vinculis
832 1872 1005 1898 constrictum
1019 1879 1080 1898 cer-

289 1924 401 1953 nerent,
426 1924 454 1946 ut
476 1919 608 1947 Neronem
632 1918 716 1953 magis
738 1918 764 1945 in
782 1926 843 1945 eum
871 1923 1080 1953 exasperarent,

290 1966 425 2000 ipsiusque
448 1965 593 2000 perniciem
624 1964 792 1999 molirentur,
820 1971 909 1991 veram
937 1971 1082 2000 sanamque

290 2011 371 2039 ﬁdem
387 2011 448 2038 ideo
463 2010 651 2045 prtedieabant,
675 2014 704 2038 ut
725 2014 803 2039 aucto
826 2009 1016 2044 discipulorum
1030 2019 1082 2044 nu-

291 2065 366 2084 tnero
382 2062 509 2092 tyrannus
523 2056 568 2083 illc
583 2056 610 2083 in
623 2056 732 2082 Paulmn
746 2057 847 2084 catenis
858 2062 982 2089 onustum
1000 2058 1084 2092 magis

292 2103 430 2138 magisque
442 2103 558 2129 smviret.
572 2101 628 2129 llac
641 2110 704 2129 vero
720 2102 751 2129 .le
764 2110 842 2130 causa
855 2124 861 2136 ,
875 2103 911 2129 ait
925 2103 1084 2139 Chrysosto-

293 2157 363 2181 mus,
376 2147 472 2175 Paulus
485 2148 549 2175 dicit
563 2156 569 2174 :
584 2148 644 2175 Sive
653 2156 698 2183 per
709 2148 880 2181 occasionem,
896 2149 946 2175 sive
963 2158 1008 2187 per
1021 2150 1085 2176 veri—

293 2199 368 2220 tatem
389 2192 503 2220 Christus
522 2193 695 2225 annuntietur,
720 2197 742 2219 et
763 2194 789 2219 in
810 2193 858 2220 hoc
876 2194 982 2230 gaudeo.
1004 2194 1084 2222 Multa

293 2238 401 2274 pra-fert
417 2238 474 2265 hinc
491 2238 599 2266 ltomilia
613 2239 638 2264 in
653 2237 785 2272 principio
796 2237 829 2265 de
848 2238 1005 2270 humilitate,
1019 2245 1045 2266 et
1058 2240 1084 2266 in

294 2285 347 2313 ﬁne
362 2284 396 2312 de
417 2284 530 2312 utilitate
546 2284 755 2318 nccessitateque
777 2283 945 2318 precationis.
965 2284 1084 2311 ltabitam

293 2336 383 2359 autem
406 2330 488 2358 fuisse
511 2335 571 2365 post
591 2329 661 2357 diem
677 2329 796 2356 Natalem
807 2329 904 2357 Christi
920 2330 1018 2357 ultimis
1032 2331 1085 2359 De-

292 2377 410 2405 cembris
420 2376 516 2407 diebus
526 2375 588 2403 anni
605 2375 672 2407 386,
689 2382 721 2401 ex
743 2375 808 2409 ipsis
823 2374 1005 2411 Chrysostomi
1027 2384 1086 2404 ver-

294 2423 337 2450 bis
358 2423 477 2457 arguitur
487 2443 494 2454 ,
510 2426 538 2448 ut
550 2421 642 2448 videas
663 2421 690 2447 in
705 2420 805 2448 Mouilo
818 2420 849 2448 T.
866 2421 893 2454 5,
911 2429 936 2448 ε.
951 2421 1004 2450 509
1018 2431 1024 2449 :
1040 2423 1085 2450 ubi

294 2476 350 2496 rem
360 2489 368 2500 ,
382 2469 404 2495 si
418 2476 470 2495 non
494 2467 606 2495 omnino
620 2473 738 2501 certam,
756 2466 899 2495 admodum
912 2467 1084 2496 verisnmileut

294 2514 574 2541 commonstravimus.

330 2560 424 2588 Concio
438 2560 464 2586 in
479 2560 649 2595 Epiphaniam
661 2564 684 2587 et
697 2560 765 2587 aliw.
776 2575 812 2580 -—
823 2559 849 2587 In
863 2559 906 2587 die
921 2566 1008 2587 autem
1023 2560 1086 2595 Epi-

296 2606 400 2642 phania:
415 2607 535 2641 sequenti
552 2605 635 2642 (Anno
648 2606 721 2641 587),
741 2610 770 2633 ut
786 2607 894 2633 omnino
913 2606 1086 2640 probabiliter

295 2652 472 2682 existimatur,
488 2651 522 2678 de
534 2651 668 2686 Baptismo
690 2656 716 2678 et
736 2651 881 2686 Epiphania
901 2651 999 2679 Christi
1021 2659 1086 2679 cnn-

296 2697 401 2724 cionem
415 2695 506 2723 habuit
521 2695 563 2731 (T.
577 2696 605 2722 2.
616 2705 639 2722 c.
656 2695 719 2730 563)
733 2695 792 2722 :ubi
806 2701 945 2731 postquam
961 2697 1084 2731 populum

296 2743 330 2770 ad
346 2742 490 2770 Ecclesiam
503 2741 718 2777 frequentandam
735 2742 856 2769 hortatus
870 2747 920 2775 est,
938 2743 970 2770 de
984 2743 1083 2777 duplici

296 2788 443 2824 epiphania
458 2788 527 2823 agit;
543 2788 576 2815 de
591 2788 636 2815 illa
654 2795 752 2823 nempe
764 2795 815 2822 qua
837 2789 920 2823 magis
934 2797 967 2815 ex
981 2789 1085 2816 oriente

296 2834 464 2862 venientibus
485 2835 617 2869 apparuit,
637 2834 724 2870 deque
742 2839 888 2869 postrema,
909 2843 959 2869 qua
981 2835 1006 2860 in
1020 2842 1085 2861 cou-

297 2882 474 2910 suutmatione
484 2882 573 2909 sa-culi
588 2889 647 2908 cum
663 2882 745 2917 gloria
763 2886 789 2909 et
804 2881 946 2916 splendore
960 2886 1085 2908 venturus

1122 225 1173 248 est.
1194 220 1347 248 llliracnlum
1370 221 1466 248 deinde
1488 221 1558 248 circa
1578 228 1673 256 aquam
1687 219 1810 256 baptismi
1828 229 1902 248 enun-

1122 266 1184 299 tiat;
1207 274 1270 293 nam
1292 274 1352 293 cum
1376 274 1469 293 versus
1491 266 1606 294 mediam
1628 271 1746 297 noctem,
1766 275 1824 303 qua:
1838 268 1900 295 diem

1122 312 1279 347 Epiphaniae
1294 312 1476 347 prwcedebat,
1491 312 1587 347 singuli
1603 312 1636 340 de
1651 319 1718 347 aqua
1734 313 1779 340 illa
1791 313 1902 347 baptismi

1122 357 1214 385 latices
1234 365 1323 385 secum
1338 361 1520 392 aspOrtarent,
1536 365 1603 393 aqua
1624 357 1667 385 illa
1687 365 1739 385 non
1761 365 1904 393 corrumpe.

1122 403 1209 436 batur,
1223 402 1270 430 sed
1286 403 1389 437 integro
1404 410 1474 429 anno
1485 423 1492 435 ,
1510 403 1572 437 quin
1587 407 1614 429 et
1630 403 1739 430 biennio
1757 408 1784 430 et
1799 404 1904 430 triennio

1122 449 1274 484 incorrupta
1288 450 1421 477 manebat.
1434 449 1517 477 Docet
1529 449 1624 477 deinde
1635 449 1696 484 quid
1708 449 1811 477 intersit
1820 450 1905 483 diseri.

1122 495 1201 521 minis
1215 495 1284 522 inter
1300 494 1430 529 baptisma
1442 494 1594 522 Judatorum
1604 515 1612 528 ,
1626 495 1756 529 baptisma
1766 495 1870 522 Joannis
1882 501 1905 523 et

1123 540 1252 575 baptisma
1277 539 1385 567 Christi.
1409 541 1476 568 llinc
1500 541 1614 575 explicat
1636 541 1770 576 quomodo
1794 541 1908 571 Christus

1124 586 1273 621 impleverit
1290 594 1395 614 omnem
1409 586 1557 622 justitiam;
1570 586 1677 619 demum
1693 586 1815 613 hortatur
1830 595 1907 622 popu-

1123 631 1189 664 lum,
1204 637 1232 658 ut
1244 639 1338 668 magna
1353 639 1413 659 cum
1428 633 1577 659 reverentia
1592 632 1624 659 ad
1639 631 1774 660 tremenda
1790 633 1909 669 mysteria

1123 678 1242 706 accedat.

1158 724 1321 752 Concionem
1343 724 1376 752 de
1399 724 1534 760 Baptismo
1553 725 1651 755 Christi
1675 726 1713 756 sic
1732 733 1810 753 orsus
1833 726 1912 760 fuerat

1123 768 1329 804 Chrysostomns
1345 779 1351 796 :
1370 770 1462 798 Omnes
1476 779 1518 797 ros
1528 770 1553 798 in
1567 771 1653 798 la'titia
1666 772 1751 803 hodie,
1766 780 1812 807 ego
1825 780 1878 799 vero
1890 773 1914 799 in

1123 823 1229 842 mturare
1243 823 1298 842 sum
1311 816 1390 843 solus.
1405 815 1474 844 Nam
1488 825 1545 843 cum
1558 817 1585 844 in
1603 817 1651 844 hoc
1669 818 1803 853 spirituale
1817 819 1915 853 pelagus

1124 860 1211 893 oculos
1233 869 1301 894 meos
1322 866 1456 893 converto,
1479 866 1502 888 et
1525 862 1659 889 immensas
1681 862 1804 890 Ecclesiw
1822 865 1917 891 divitias

1124 906 1293 940 amplector;
1307 915 1336 933 ac
1351 907 1440 934 deinde
1451 907 1578 943 perpendo
1597 910 1667 944 fore,
1688 913 1714 936 ut
1732 917 1791 935 cum
1813 910 1917 944 primum

1124 951 1271 979 solemnitas
1285 953 1333 979 ista
1346 954 1505 988 prtetericrit,
1519 953 1650 981 multitudo
1662 963 1750 982 rursus
1761 955 1813 982 ista
1827 956 1920 981 resiliat

1125 1004 1156 1023 ac
1170 997 1282 1024 discedat
1295 1006 1305 1024 :
1319 998 1418 1025 crucior
1431 1003 1455 1025 et
1469 999 1548 1032 animi
1562 999 1649 1027 dolare
1666 1008 1755 1035 angar,
1770 1001 1850 1035 quod,
1866 1009 1920 1027 cum

1126 1047 1178 1069 tam
1192 1044 1284 1075 multus
1299 1044 1390 1075 liberos
1400 1045 1523 1080 pepererit
1538 1045 1662 1078 Ecclesia,
1674 1054 1724 1073 non
1738 1046 1793 1073 illis
1804 1047 1888 1073 itidem
1897 1047 1923 1080 in

1126 1089 1233 1124 singulis
1247 1090 1358 1126 palladis
1369 1111 1377 1122 .
1400 1091 1444 1117 sed
1458 1091 1483 1118 in
1497 1091 1567 1126 festis
1581 1092 1737 1119 solummodo
1758 1094 1815 1128 frui
1836 1102 1880 1128 pos
1894 1094 1922 1120 it.

1126 1133 1202 1167 Quod
1217 1142 1297 1169 porro
1308 1135 1442 1163 metuebat
1452 1136 1495 1164 ille
1508 1136 1551 1164 die
1564 1138 1684 1172 sequenti
1700 1139 1817 1173 septima
1829 1139 1926 1166 Januao

1127 1180 1159 1207 rii
1174 1180 1273 1207 accidit
1287 1180 1372 1215 (Anno
1383 1181 1458 1217 587).
1470 1181 1537 1209 Cum
1552 1183 1622 1209 enim
1638 1183 1671 1210 de
1686 1184 1714 1210 S.
1731 1183 1854 1211 aniano
1865 1193 1928 1215 eun?

1127 1226 1231 1253 cionem
1246 1226 1354 1254 haberet
1371 1226 1412 1264 (T.
1427 1227 1456 1254 Ξ.
1471 1235 1493 1253 ε.
1511 1228 1588 1262 519),
1601 1228 1656 1263 jam
1672 1237 1723 1255 non
1739 1229 1815 1256 illam
1834 1230 1925 1265 populi

1127 1271 1305 1306 frequentiam
1316 1272 1410 1300 adesse
1421 1273 1496 1306 vidit,
1505 1272 1551 1300 sed
1564 1273 1641 1308 longe
1653 1275 1769 1302 rariores
1779 1276 1929 1308 auditores;

1128 1318 1301 1354 quamobrem
1315 1319 1354 1346 sic
1368 1318 1412 1346 ille
1426 1318 1529 1346 orditur
1544 1328 1550 1346 :
1567 1319 1642 1353 Quod
1655 1320 1773 1347 hesterno
1795 1321 1838 1348 die
1851 1321 1930 1356 pmi-

1128 1364 1266 1401 mescelzam
1287 1365 1381 1397 euenit,
1396 1369 1420 1392 et
1439 1365 1474 1391 ad
1494 1363 1612 1399 e/fectum
1627 1366 1685 1400 jam
1705 1366 1863 1399 perductum
1880 1372 1933 1398 est;

1129 1418 1219 1444 nempe
1230 1410 1272 1440 ubi
1287 1409 1377 1445 festum
1390 1410 1519 1444 prmteriit,
1532 1410 1608 1437 simul
1617 1411 1691 1437 etiam
1703 1412 1848 1438 multitudo
1862 1402 1933 1438 nobis

1129 1456 1263 1488 abscessu,
1287 1455 1418 1491 minorque
1437 1456 1507 1482 nobis
1523 1461 1600 1483 mtas
1618 1457 1701 1490 {actus
1719 1462 1768 1483 est.
1787 1457 1859 1484 Hinc
1877 1458 1935 1486 lucc

1129 1502 1227 1530 clarius
1242 1502 1445 1529 commonstrari
1465 1502 1570 1529 videtur
1586 1501 1654 1530 hanc
1666 1502 1693 1529 S.
1706 1502 1825 1531 Luciani
1851 1512 1935 1539 pauc-

1129 1548 1206 1585 gyrin
1221 1549 1416 1583 pronuntiatam
1433 1548 1512 1575 fuisse
1521 1548 1565 1576 die
1578 1548 1755 1583 Epiphaniam
1772 1551 1938 1584 insequente

1131 1599 1159 1623 ct
1172 1594 1266 1622 eodem
1280 1602 1349 1621 anno
1360 1594 1422 1622 587.
1435 1594 1566 1622 Lucianns
1579 1599 1666 1621 autem
1678 1596 1833 1632 presbyter
1845 1597 1942 1623 Antio-

1131 1640 1252 1672 chenus,
1277 1640 1362 1675 inquit
1379 1640 1601 1676 Chrysostontus,
1625 1640 1694 1673 fame
1715 1646 1745 1668 et
1771 1642 1942 1673 cruciatibus

1131 1687 1224 1716 multis
1238 1686 1338 1714 Christi
1351 1694 1447 1714 nomen
1464 1687 1578 1721 gloriose
1590 1686 1729 1714 confessus
1749 1693 1808 1715 est.
1825 1688 1854 1715 id
1871 1688 1945 1719 acci-

1132 1733 1171 1761 dit
1183 1741 1254 1760 anno
1267 1733 1334 1766 3H,
1351 1733 1393 1760 vel
1413 1733 1481 1766 512,
1503 1733 1529 1759 in
1550 1734 1763 1768 perseqtmtione
1788 1733 1945 1761 Maximini.

1131 1780 1347 1816 Martyrologium
1363 1779 1512 1806 Romanum
1528 1779 1559 1806 ad
1575 1778 1644 1805 diem
1666 1779 1681 1806 7
1699 1778 1833 1807 Januarii
1848 1780 1880 1807 S.
1897 1780 1950 1806 Ln-

1133 1826 1202 1853 eiani
1216 1825 1374 1861 martyrium
1387 1825 1537 1855 annuntiat.
1552 1825 1626 1852 llunc
1639 1825 1734 1852 Ariani
1751 1834 1873 1854 suarum
1888 1834 1952 1862 par-

1135 1872 1198 1898 tium
1212 1871 1292 1898 fuisse
1306 1871 1511 1905 mentiebantur,
1526 1871 1650 1905 quoniam
1666 1878 1700 1898 ex
1713 1871 1874 1908 discipulis
1892 1873 1952 1908 ejus

1134 1918 1241 1953 quidam
1263 1925 1293 1949 se
1316 1917 1342 1948 in
1365 1917 1523 1946 Arianorum
1547 1921 1634 1944 castra
1659 1917 1853 1951 coniecerant
1869 1928 1878 1946 :
1899 1919 1956 1950 imo

1135 1963 1192 1998 ipse
1214 1963 1293 1990 Arius
1316 1965 1433 1998 itemque
1457 1962 1588 1990 Eusebius
1608 1962 1857 1999 Nicomediensis,
1881 1965 1957 1994 illius

1136 2014 1216 2037 sectae
1229 2009 1415 2044 primipilarcs.
1429 2009 1537 2036 Luciani
1552 2008 1675 2043 discipuli
1691 2009 1815 2038 fuerant.
1826 2032 1835 2044 ,
1852 2017 1883 2039 et
1898 2019 1960 2039 sese

1136 2055 1338 2083 Collncianistas
1347 2055 1487 2081 vocabant.
1503 2054 1598 2081 Verum
1612 2054 1648 2080 illi
1660 2061 1674 2080 a
1685 2054 1812 2083 Luciani
1829 2057 1960 2088 doctrina

1136 2105 1163 2128 et
1178 2109 1192 2127 a
1208 2101 1338 2128 catholica
1357 2100 1409 2128 ﬁde
1430 2100 1606 2128 desciverant.
1625 2100 1678 2127 Ilac
1693 2101 1731 2127 de
1749 2110 1786 2130 re
1803 2112 1879 2130 vero
1895 2103 1963 2130 nihil

1137 2146 1162 2173 in
1179 2146 1363 2182 Chrysostomi
1380 2146 1505 2181 panegyri
1520 2146 1549 2173 S.
1561 2145 1669 2179 Luciani
1691 2146 1804 2176 fertur.

1173 2193 1229 2219 lloc
1251 2192 1359 2219 ineunte
1374 2199 1444 2218 anno
1460 2192 1511 2219 557
1525 2192 1699 2219 concionatus
1724 2199 1776 2220 est
1801 2194 1834 2223 S.
1853 2195 1966 2222 doctor.

1138 2239 1175 2266 Ex
1200 2238 1314 2273 homiliis
1337 2246 1415 2273 porro
1440 2238 1506 2270 illis,
1523 2245 1588 2272 quas
1608 2243 1671 2266 ante
1692 2239 1969 2276 Quadrages‘xmmn

1137 2285 1256 2320 ejusdem
1269 2284 1331 2316 anni
1344 2284 1376 2311 ad
1388 2284 1513 2319 pOpulum
1528 2284 1629 2316 habuit,
1642 2284 1716 2311 illam
1733 2287 1896 2320 ponimus,
1910 2295 1972 2322 qua:

1139 2331 1171 2359 de
1185 2331 1392 2359 Resurrectione
1411 2335 1576 2358 mortuorum
1592 2330 1773 2364 inscribitur.
1804 2334 1875 2368 ipso
1901 2334 1975 2360 indi-

1138 2381 1215 2404 cante
1229 2376 1305 2403 nobis
1317 2376 1508 2411 Chrysostomo
1519 2398 1526 2409 ,
1543 2376 1587 2411 qui
1599 2376 1721 2405 siciliam
1737 2379 1866 2406 orditur
1885 2379 1934 2413 (T.
1945 2379 1974 2406 '2.

1144 2428 1167 2448 τ.
1181 2422 1232 2448 417
1251 2431 1257 2448 :
1273 2421 1314 2448 De
1327 2422 1387 2456 ﬁdet
1399 2427 1490 2453 nostra
1500 2422 1669 2458 dogmatibus,
1683 2423 1782 2458 deque
1793 2426 1894 2461 gloria
1912 2426 1980 2453 Uni-

1138 2467 1216 2503 geuiti
1229 2466 1292 2494 Filii
1306 2466 1355 2495 Dei
1370 2473 1428 2494 ante
1444 2468 1514 2503 apud
1533 2476 1576 2495 vos
1594 2468 1776 2497 disseruimus
1787 2492 1797 2503 ,
1815 2473 1981 2499 obturantes

1139 2521 1225 2539 eorum
1238 2521 1292 2543 ora.
1306 2513 1349 2547 qui
1363 2513 1470 2547 gloriam
1484 2514 1522 2540 illi
1536 2513 1680 2546 detrahunt,
1698 2520 1728 2541 et
1746 2525 1766 2542 α
1779 2516 1924 2544 Genitore
1936 2527 1983 2544 sua

1139 2559 1250 2585 alimmm
1264 2559 1362 2586 dicunt.
1378 2559 1526 2587 Couciones
1537 2567 1600 2587 vero
1614 2564 1710 2587 contra
1729 2561 1926 2596 Anommos,
1939 2563 1986 2598 qui

1140 2605 1248 2641 gloriam
1263 2605 1395 2640 Unigeniti
1412 2605 1571 2633 labefactare
1593 2606 1753 2639 curabant,
1775 2609 1833 2636 hic
1851 2617 1987 2636 commc-

1141 2658 1236 2683 morat,
1251 2660 1316 2686 quas
1330 2651 1438 2679 ineunte
1453 2659 1523 2678 anno
1533 2652 1584 2679 587
1598 2651 1738 2685 absolvn,
1758 2659 1795 2684 ut
1822 2655 1856 2682 in
1880 2655 1991 2683 MOnito

1140 2697 1172 2723 ad
1187 2697 1294 2724 easdem
1311 2697 1490 2732 probavimus.
1505 2697 1572 2724 Hinc
1583 2705 1645 2724 vero
1657 2699 1810 2732 arguitur
1823 2701 1907 2728 hanc
1919 2708 1990 2727 cm:-

1140 2743 1242 2770 cionem
1257 2742 1307 2770 sub
1320 2743 1422 2770 initium
1441 2743 1502 2770 anni
1523 2743 1574 2771 δεῖ
1590 2743 1715 2770 ha‘bimm
1734 2744 1860 2781 fuisse,
1879 2753 1912 2775 (ut
1929 2746 1995 2782 qui-

1141 2788 1201 2816 dem
1215 2793 1276 2816 ante
1288 2789 1535 2824 Quadragesimam,
1550 2797 1629 2824 quant
1645 2792 1745 2817 totam
1767 2792 1800 2819 in
1822 2793 1995 2830 deploran-

1141 2834 1182 2861 dis
1194 2835 1418 2862 Antioencnorum
1431 2839 1490 2870 past
1505 2842 1612 2862 eversas
1627 2837 1748 2863 statuas
1762 2838 1998 2868 calamitatibus

1143 2883 1315 2917 consumpsit.
