2034 3109
132 145 169 173 ΗΞ
715 140 806 170 Νι]Νο
825 139 957 169 PRIMUM
978 140 1175 171 ADORNATA.

157 201 270 236 Hujusce
294 207 376 235 porro
397 199 533 228 coucionis
551 203 738 234 argumentum
759 198 786 225 in
804 197 914 225 exordio

129 247 209 275 statuit
221 247 249 273 S.
262 247 372 281 Doctor.
383 245 478 280 Agitur
485 245 518 272 de
528 243 724 272 resurrectione
737 249 912 274 mortuorum.

128 293 194 327 cujus
215 292 357 320 veritatem
383 291 480 326 passim
501 290 597 318 asserit
615 299 622 316 ε
641 294 805 316 mortuorum
827 293 915 316 autetn

130 339 351 368 resurrectionem
365 338 496 365 innumeri
508 337 639 372 negabant
651 336 833 372 Chrysostonti
847 344 915 363 :cvo.

128 385 292 420 Prosequitur
314 389 407 420 postea
430 384 465 411 de
486 383 647 411 instituenda
668 382 816 410 secunduut
831 382 914 409 Deum

127 433 185 463 vita,
202 432 235 458 de
247 431 389 463 adeundis,
404 438 533 465 perpensa
549 429 648 464 prmmii
664 428 860 464 magnitudine.
876 429 916 455 Ia-

127 477 256 504 boribus:
280 476 436 508 nonnullam
464 475 594 503 bonorum
620 482 732 509 operum
766 474 917 502 mercedem

125 523 201 550 etiam
215 523 241 549 itt
255 523 303 549 hac
315 523 367 549 vita
382 521 472 555 tributi,
484 521 556 548 Pauli
568 521 694 555 exemplo
709 519 845 554 probatur.

155 567 228 595 Inter
241 575 282 599 ea,
297 575 357 603 qum
370 567 482 596 Joannis
500 566 684 602 Chrysostomi
702 571 823 601 tempore
847 565 917 593 acci-

125 614 219 642 derunt
230 635 237 645 .
254 613 319 640 nihil
335 612 536 645 memorabilius
550 612 593 644 illa
605 611 832 639 Autiochenorum
849 610 920 638 sedis

126 661 203 692 tione,
218 667 270 694 qua
285 659 398 693 dejectis
408 658 553 687 Theodosii
563 658 733 693 Imperatoris
747 662 773 686 et
787 656 919 684 Flaccilla:

124 707 175 741 ejus
202 706 295 733 uxoris
315 705 430 738 statuis,
453 705 600 740 iisdemque
623 712 670 739 per
690 704 783 731 urbem
799 703 918 738 raptatis,

125 752 302 780 Theodosium
317 752 351 778 ita
365 755 568 785 exasperarunt,
586 754 614 777 ut
625 749 658 777 de
669 749 735 776 urbe
748 748 860 780 delenda
875 755 919 775 co-

124 798 253 832 gitaverit.
276 797 339 824 Ilaec
361 797 410 824 fuit
430 796 625 832 Chrysostomo
646 800 738 824 nostro
760 794 792 821 ad
812 794 920 822 concio-

123 844 197 871 nandi
216 843 372 871 facultatem
388 842 566 873 exercendam
582 841 668 877 ampla
683 841 817 868 materies.
831 840 920 868 Antio-

124 889 214 916 chenis
238 889 337 927 quippe
360 888 431 915 inter
451 895 524 923 spem
545 891 573 915 et
592 891 691 914 metum
713 885 918 918 ﬂuctuantibus,

122 935 180 964 dum
187 935 323 970 repentini
332 943 411 962 casus
421 942 516 962 novam
529 934 792 969 inexspectatamque
801 931 920 967 quotidie

125 981 162 1008 vel
181 980 312 1015 sperandi
329 980 371 1007 vel
389 979 498 1007 timendi
514 986 622 1006 causam
638 978 766 1006 oﬂcrreut
778 998 785 1009 ,
801 977 918 1012 impara-

122 1031 161 1053 tus
176 1027 235 1054 fere
247 1033 359 1061 semper
371 1025 588 1061 Cbrysostomus,
602 1029 682 1060 prout
693 1031 736 1051 res
750 1030 812 1051 sese
822 1022 921 1050 dabant

122 1072 218 1107 stylum
237 1076 343 1099 vertere
359 1075 477 1104 coactus,
492 1078 564 1105 saepe
578 1078 609 1098 ex
625 1075 754 1104 tempore,
768 1069 826 1096 illas
837 1068 922 1096 admi-

121 1118 226 1145 ratione
241 1117 336 1152 diguas
359 1117 503 1144 conciones
527 1116 714 1151 pronuntiabat
731 1118 740 1150 (
756 1114 876 1146 Humilia:
888 1115 922 1141 ad

120 1162 310 1195 Aniiochcnos,
337 1167 355 1189 ι.
379 1162 407 1190 2.
437 1162 543 1198 initio);
570 1161 650 1190 modo
670 1165 700 1190 ut
722 1161 748 1187 in
771 1160 923 1187 calamitate

119 1212 279 1236 versantem
303 1207 431 1242 populum
457 1207 649 1238 consolaretur,
674 1205 755 1233 modo
776 1209 806 1232 ut
826 1205 922 1232 fractos

118 1254 235 1293 periculi
257 1253 440 1289 magnitudine
454 1254 556 1296 animos
571 1253 744 1280 conﬁrmaret
757 1261 763 1279 :
776 1257 830 1279 tum
852 1259 922 1286 prm-

118 1300 196 1335 cipue
213 1304 247 1327 ut
259 1300 403 1327 occasione
422 1299 618 1328 imminentium
631 1299 762 1326 malorum
777 1296 922 1327 Antioche-

117 1355 167 1374 nos
199 1347 236 1374 ad
269 1347 333 1374 vitia
358 1345 517 1381 corrigenda
539 1350 566 1372 et
591 1352 680 1372 mores
704 1343 922 1379 componcndos,

118 1392 291 1428 eluendaque
312 1393 415 1420 scelera
427 1413 434 1426 ,
458 1400 517 1427 quae
533 1396 632 1419 tantam
649 1391 694 1418 Dei
709 1391 776 1422 iram
792 1390 922 1417 accende-

117 1444 188 1472 runt,
203 1440 373 1467 monitorum
388 1438 534 1474 frequentia
548 1438 693 1466 deduceret
706 1447 713 1464 :
727 1437 771 1472 qui
786 1442 858 1464 certe
875 1443 923 1463 co-

117 1490 196 1515 natus
208 1486 410 1521 Chrysostomo
424 1485 506 1512 cessit
525 1492 559 1518 ex
573 1488 636 1512 voto
646 1505 653 1517 ,
668 1487 698 1511 ut
715 1483 760 1511 ille
773 1483 869 1510 alicubi
885 1481 924 1513 fa-

115 1535 199 1557 tetur.

147 1578 326 1606 Auliochena:
343 1577 475 1604 seditionis
490 1576 606 1604 historia.
619 1591 655 1596 —
667 1575 760 1604 Tantm
774 1583 837 1603 vero
851 1575 923 1604 sedi-

113 1623 196 1650 tionis
217 1631 305 1651 causa
319 1624 384 1657 fuit,
400 1627 469 1650 teste
492 1622 599 1650 Zosimo
613 1621 725 1658 (Zosim.
741 1622 760 1648 ι.
777 1622 808 1656 Δ)
821 1642 828 1655 ,
844 1621 924 1649 nimia

112 1670 288 1697 tributorum
304 1690 312 1700 .
334 1678 395 1705 qure
416 1669 533 1704 quotidie
549 1669 767 1703 excogitabantur
779 1689 786 1699 .
801 1668 904 1695 exactio
916 1688 924 1700 ,

112 1716 169 1742 sive
184 1724 240 1751 pro
255 1716 418 1744 celebritate
440 1716 525 1750 quinti
539 1715 596 1742 initi
618 1715 652 1742 ab
673 1714 788 1744 Arcadio
806 1714 867 1741 anni
892 1721 925 1747 ex

109 1769 165 1794 quo
193 1763 344 1797 Augustus
359 1762 545 1797 promulgatus
572 1762 675 1794 fuerat,
691 1765 718 1788 et
741 1760 837 1788 decimi
864 1760 925 1787 anni

111 1806 271 1836 Theodosii
288 1807 476 1843 Imperatoris,
488 1807 533 1842 qui
549 1815 618 1834 anno
632 1807 680 1835 58l
698 1806 856 1842 incipit-bat,
871 1805 928 1835 sive

109 1860 158 1887 pro
173 1859 321 1889 apparatu
337 1854 400 1881 belli
413 1858 506 1883 contra
531 1853 673 1880 Maximum
689 1857 829 1889 tyrannum
842 1873 850 1885 ,
871 1852 928 1882 sivo

107 1905 158 1933 pro
172 1899 244 1928 aliis
263 1899 380 1935 publicis
404 1899 618 1926 necessitatibus.
635 1898 738 1925 Tributi
761 1905 843 1925 onere
867 1905 928 1932 pcr—

106 1944 175 1971 cuIsi
193 1945 370 1972 Antiocheni
390 1944 464 1972 cives
482 1943 639 1972 Prml‘ectum
662 1943 778 1977 adeunt,
795 1944 812 1970 ii
827 1944 929 1975 scilicet

102 1989 150 2023 qui
165 1990 340 2018 urbanioris
362 1993 432 2017 nota:
446 1994 521 2016 erant
535 1999 541 2021 ;
558 1995 584 2016 et
604 1989 780 2024 lacrymautes
793 2009 801 2021 ,
816 1988 928 2023 vectigal

103 2034 248 2063 indictum
267 2035 385 2063 nimium
399 2039 557 2071 queruntur,
572 2035 672 2071 Deique
686 2042 763 2069 opem
778 2035 928 2069 implorant.

102 2080 215 2110 Deinde
237 2089 316 2109 vero
330 2081 604 2114 circumforaneorum
620 2086 647 2108 ct
665 2085 818 2110 extet-orum
845 2081 931 2107 homi-

103 2134 171 2154 num
189 2137 229 2156 cx
256 2128 359 2155 inﬁma
382 2127 461 2163 plebe
490 2127 567 2154 turba
580 2148 588 2160 ,
604 2127 745 2154 commotis
764 2126 861 2154 animis
873 2147 881 2161 ,
903 2127 929 2154 in

102 2172 235 2201 facinora
265 2178 429 2209 erumpunt.
445 2173 535 2201 Primo
555 2174 580 2200 in
609 2173 715 2208 publico
732 2173 828 2200 balneo
841 2173 930 2200 omnia

100 2219 254 2255 susdeque
286 2223 416 2254 ponunt:
441 2218 502 2246 hinc
525 2218 644 2247 Prmfecti
679 2219 787 2246 domum
812 2219 929 2254 adeunt,

101 2266 255 2292 cancellos
284 2266 440 2300 j.tnuasque
455 2263 706 2298 ittvadunt;vixque
729 2265 857 2298 coerciti,
879 2265 931 2292 alio

99 2310 232 2339 furorem
254 2316 439 2340 convertunt.
454 2311 626 2346 depictasque
639 2310 829 2346 Imperatorunt
847 2311 931 2338 tabel-

102 2356 141 2384 hs
158 2358 322 2393 lapidibus
334 2359 467 2393 impetum
478 2378 486 2391 ,
503 2358 603 2385 findant
614 2362 640 2385 et
653 2356 813 2385 labefactant
825 2367 832 2385 :
845 2358 932 2392 ipsos-

99 2410 154 2437 que
167 2403 488 2440 Augustosmaledictis
501 2409 528 2431 et
539 2404 666 2431 conviciis
681 2408 810 2431 onerant:
824 2404 932 2431 demum

99 2449 307 2486 Imperatoris
334 2450 481 2478 Theodosii
503 2450 690 2485 Flaccilla-que
703 2450 761 2484 ejus
775 2450 865 2478 uxoris
878 2451 931 2485 jam

97 2498 254 2526 defuncta:
269 2502 384 2525 statuas
392 2497 531 2531 dejiciunt,
543 2501 570 2525 et
583 2504 631 2532 per
645 2497 718 2524 vicos
732 2497 803 2524 urbis
815 2502 930 2532 raptant.

98 2543 226 2581 Jamque
250 2544 350 2579 ‘plura
376 2543 477 2571 inferre
501 2543 598 2570 damna
624 2548 782 2578 crepet-ant,
801 2551 860 2569 eum
885 2543 934 2569 int-

98 2593 187 2619 mis.=a
207 2600 225 2619 ει
249 2589 400 2618 Prxl‘ecto
414 2591 610 2625 sagittariorum
627 2597 705 2617 manu
716 2611 723 2622 ,
735 2589 840 2624 depulsi
859 2593 931 2616 sunt.

97 2637 146 2666 Sic
160 2639 328 2667 exstincta
350 2637 491 2669 seditione,
509 2636 590 2664 furori
606 2637 684 2664 timor
694 2636 838 2668 successit;
854 2640 933 2671 atque

97 2684 294 2712 imminentis
317 2689 407 2717 pinna:
422 2682 586 2716 exspectatio
603 2681 709 2709 onerosi
723 2681 837 2716 impositi
851 2681 933 2708 vecti-

99 2732 173 2765 galis
189 2729 386 2758 oblivimtem
414 2727 529 2754 induxit.
548 2728 614 2760 Quid
637 2728 700 2755 hinc
721 2727 757 2754 sit
781 2734 932 2762 consequu-

98 2782 159 2804 tutn
168 2797 178 2810 ,
192 2776 278 2804 infra
294 2773 459 2801 narrabitur
473 2772 502 2799 in
516 2775 667 2801 recensione
678 2773 864 2806 homiliarum;
878 2773 932 2808 jam

98 2824 134 2850 de
149 2831 231 2850 anno
253 2817 415 2849 seditionis
426 2839 435 2851 ,
450 2825 505 2853 quo
531 2818 569 2845 ha:
586 2825 645 2847 Sunt
673 2819 769 2847 habitat
793 2819 909 2846 Itomilire
921 2839 929 2852 ,

100 2869 205 2905 aliquid
223 2864 403 2897 dicendum.

1712 145 1761 179 Ηε

1007 197 1085 224 Missa
1099 197 1260 226 Theodoreti
1276 203 1304 226 ct
1319 199 1458 228 Sozomeui
1473 202 1640 237 narratione.
1662 212 1696 232 ex
1710 213 1761 240 qua

971 249 1031 278 post
1045 245 1142 271 bellum
1154 249 1246 272 contra
1259 245 1403 274 Maximum
1415 248 1511 276 seditio
1526 249 1598 277 istmc
1611 255 1638 278 cI
1652 252 1761 279 eoncio-

971 297 1042 317 nesa
1061 290 1253 326 Cltrysostomo
1268 291 1364 320 habitae
1379 292 1496 321 locanda:
1521 300 1610 323 essent
1622 317 1628 327 .
1644 304 1677 324 ex
1693 298 1763 326 notis

972 332 1100 366 temporis
1112 332 1191 367 longe
1204 333 1363 362 certioribus
1376 340 1439 363 ante
1461 336 1558 364 bellum
1573 343 1663 365 contra
1678 339 1763 367 Mari-

972 387 1044 406 tuum
1072 379 1130 406 lucc
1143 379 1273 408 accidiSse
1297 382 1353 415 jam
1376 382 1520 416 probarunt
1544 384 1594 412 viri
1623 384 1713 418 docti.
1737 391 1762 414 et

972 426 1090 460 pluribus
1102 427 1218 454 asseruit
1242 427 1424 456 Tillemontius
1438 429 1464 456 in
1488 435 1550 457 nota
1573 430 1607 457 27
1628 431 1660 458 ad
1676 431 1761 459 Vitam

972 471 1113 499 Theodosii
1136 472 1315 507 Imperatoris.
1333 473 1528 502 Validissimum
1545 483 1623 510 porro
1635 477 1760 505 adversus

972 516 1044 543 illam
1071 517 1185 552 priorem
1207 519 1365 552 sententiam
1391 520 1495 547 eruitur
1517 527 1701 555 argumentum
1730 531 1763 552 ex

947 601 951 604 _
973 562 1036 596 ipsis
1051 562 1235 598 Cltrysostomi
1250 564 1339 592 verbis
1354 573 1361 591 :
1378 572 1439 592 nam
1455 565 1567 594 Ilomtlia
1589 566 1648 594 XVI
1663 588 1672 600 ,
1689 576 1763 595 nutu.

972 608 989 635 2
1004 629 1012 642 ,
1027 609 1186 642 testiﬁcatur
1208 609 1279 639 hunc
1297 618 1395 638 annum
1411 611 1556 639 secundum
1571 620 1630 640 esse
1642 634 1650 646 ,
1666 622 1699 642 cx
1712 622 1764 648 quo

972 653 1125 685 coneionari
1138 660 1266 689 cmperat.
1282 655 1370 690 prit
1381 661 1471 684 autem
1486 665 1546 684 cutn
1568 657 1707 693 presbyter
1721 667 1766 686 or-

973 700 1079 727 dinatus
1104 700 1153 727 fuit
1163 721 1171 734 ,
1185 708 1255 728 anno
1269 702 1377 730 ineunte
1391 703 1443 731 586
1457 712 1464 730 :
1478 705 1651 738 quamobrem
1667 705 1692 732 in
1714 713 1765 732 aue

973 754 1036 773 num
1059 746 1111 774 587
1136 747 1193 776 htec
1217 748 1375 779 conferenda
1399 753 1471 778 sunt.
1496 749 1628 777 Baronius
1655 754 1763 782 tamen,

973 790 1097 822 Petavius
1111 796 1137 819 et
1160 792 1288 820 Henricus
1313 793 1434 826 Valesius
1460 794 1486 821 itt
1512 802 1611 822 annum
1634 795 1687 823 588
1709 795 1766 824 ha-c

973 837 1136 872 canjiciunt:
1154 838 1266 874 ideoque
1282 840 1352 868 hunc
1362 841 1494 868 calculum
1508 846 1629 876 ponunt,
1644 842 1705 877 quia
1721 842 1767 869 illo

973 892 1044 915 anno
1054 885 1198 920 incipiebat
1211 886 1332 919 decimus
1348 887 1452 922 imperti
1474 887 1629 920 Theodosii,
1643 888 1677 916 ad
1690 889 1767 923 cujus

973 930 1155 958 celebritatem
1169 930 1306 960 inductum
1320 931 1369 959 fuit
1392 933 1520 959 tributunt
1536 941 1616 968 supra
1632 941 1766 960 memora-

975 981 1040 1003 tum.
1054 976 1131 1010 Quod
1152 981 1241 1011 autem
1257 985 1288 1005 ex
1305 977 1415 1006 Libanio
1429 978 1539 1005 alfertur
1551 979 1584 1006 ad
1604 979 1675 1006 illam
1689 984 1769 1008 lue-'-

974 1022 1034 1050 dam
1045 1023 1215 1054 scuteutiaut,
1231 1024 1382 1050 intricatum
1395 1024 1504 1051 omnino
1517 1029 1568 1057 cst,
1581 1028 1609 1052 et
1622 1024 1655 1051 ad
1668 1029 1767 1052 utram-

975 1069 1015 1100 vis
1027 1070 1178 1104 opinionem
1195 1074 1282 1104 potest
1295 1070 1458 1105 detorqueri.
1470 1070 1618 1098 Certiorem
1633 1079 1714 1106 porro
1725 1071 1767 1102 his

975 1116 1099 1143 onmibus
1120 1120 1209 1142 notant
1225 1115 1344 1144 eruimus
1365 1124 1398 1143 ex
1425 1124 1457 1144 eo
1472 1137 1479 1149 ,
1503 1116 1574 1152 quod
1600 1116 1768 1147 Theodosius

977 1161 1123 1196 Imperator
1153 1162 1303 1190 certissime
1332 1163 1565 1198 Constantinopoli
1589 1163 1697 1198 degeret
1721 1173 1768 1199 per

976 1208 1089 1238 hiemem
1098 1214 1124 1236 et
1135 1208 1368 1244 Quadrugesimam
1379 1210 1440 1236 anni
1452 1210 1503 1238 387
1517 1219 1523 1237 :
1541 1217 1594 1245 quo
1607 1211 1686 1238 etiam
1698 1218 1769 1238 anno

975 1254 1132 1281 seditionem
1144 1254 1287 1289 contigisse
1299 1259 1419 1288 oportet:
1430 1263 1490 1282 nam
1504 1260 1622 1290 tempore
1632 1256 1770 1283 seditionis

975 1299 1203 1335 Constantinopoli
1222 1304 1280 1334 erat
1295 1308 1302 1332 ;
1317 1308 1388 1327 anno
1400 1305 1488 1332 autem
1502 1302 1623 1336 sequenti
1643 1303 1692 1329 ltac
1713 1301 1769 1336 ipsa

977 1351 1135 1381 tempestate
1167 1345 1364 1380 Thessalonica:
1400 1347 1557 1375 versabatur
1593 1347 1769 1378 Theodosius.

976 1391 1052 1426 Quod
1063 1392 1187 1426 objicitur
1194 1399 1260 1419 vero
1273 1399 1305 1423 ex
1314 1392 1493 1420 coiebratione
1505 1394 1566 1425 anni
1574 1393 1669 1420 decimi
1684 1393 1770 1421 'I'heo-

977 1439 1044 1466 d05ii
1054 1459 1061 1471 ,
1076 1439 1119 1473 qui
1134 1446 1204 1466 anno
1218 1438 1271 1466 388
1282 1438 1425 1473 incipiebat
1439 1448 1446 1470 ;
1464 1439 1528 1466 illud
1539 1459 1547 1471 ,
1571 1439 1677 1474 inquam
1694 1440 1769 1467 nihili

977 1489 1028 1517 est,
1053 1492 1114 1512 cmn
1129 1490 1230 1512 certum
1246 1484 1281 1516 sit
1303 1492 1334 1514 ex
1363 1484 1437 1511 fastis
1454 1484 1528 1512 Idatii
1552 1489 1580 1512 et
1601 1485 1770 1518 Marcellini,

978 1531 1063 1565 ipsum
1078 1531 1139 1558 anni
1155 1530 1250 1557 decimi
1267 1530 1369 1565 imperii
1388 1530 1429 1558 sui
1439 1530 1619 1558 celebritatem
1633 1538 1685 1558 uno
1701 1538 1772 1557 anno

979 1576 1145 1612 pnevertisse
1159 1596 1166 1607 ,
1190 1580 1218 1603 ut
1239 1583 1299 1604 cum
1323 1575 1377 1603 ﬁlio
1402 1583 1450 1602 suo
1463 1576 1576 1603 Arcadio
1591 1597 1598 1609 ,
1612 1576 1656 1611 qui
1672 1584 1770 1603 annum

978 1623 1099 1658 quintum
1128 1623 1230 1657 imperii
1259 1629 1330 1654 anno
1353 1623 1403 1650 587
1432 1622 1530 1655 inibat,
1550 1630 1602 1650 una
1639 1621 1771 1649 decimutu

978 1677 1055 1696 sntttn
1090 1669 1256 1702 celebraret,
1292 1668 1514 1704 quemadmodum
1545 1673 1572 1697 et
1602 1669 1773 1696 Maximianus

980 1715 1139 1746 Herculius,
1167 1723 1228 1742 cum
1249 1723 1346 1742 annum
1371 1714 1502 1747 decimum
1525 1718 1647 1744 octavum
1671 1719 1773 1742 tantum

980 1761 1083 1797 imperii
1098 1761 1137 1789 sui
1160 1765 1270 1796 ageret,
1298 1768 1348 1788 una
1363 1768 1423 1788 cutn
1437 1760 1617 1792 Diocletiano,
1633 1761 1677 1796 qui
1699 1762 1770 1796 vige-

980 1807 1077 1834 simum
1098 1807 1378 1841 agehat,vigesimum
1394 1810 1421 1833 et
1445 1806 1502 1840 ipse
1527 1806 1684 1833 celebrarat.
1703 1807 1773 1834 Nihit

981 1853 1069 1887 itaque
1084 1851 1145 1881 hinc
1167 1857 1254 1886 potest
1269 1857 1361 1882 contra
1376 1852 1505 1882 calculum
1521 1856 1640 1882 nostrum
1661 1852 1750 1881 inferri
1764 1873 1773 1886 ,

981 1903 1009 1927 ut
1024 1899 1124 1933 optime
1138 1899 1232 1933 probat
1246 1898 1442 1929 Tiilcmontius.

1016 1944 1106 1978 Longe
1119 1945 1224 1979 gravior
1238 1943 1379 1971 difﬁcultas
1394 1944 1490 1978 opponi
1505 1949 1596 1979 posset
1616 1952 1648 1972 ex
1673 1944 1775 1971 calculo

982 1990 1103 2020 Paschali
1124 1990 1199 2017 istius
1222 1990 1282 2017 anni
1303 1990 1365 2022 587,
1385 1998 1436 2023 quo
1449 1989 1594 2017 secundum
1611 1990 1712 2017 tabulas
1727 1990 1776 2017 Pa-

982 2036 1088 2066 schales
1100 2036 1200 2064 Pascha
1214 2036 1346 2063 incidebat
1357 2037 1383 2063 in
1396 2036 1465 2063 diem
1476 2036 1511 2063 ‘25
1526 2036 1637 2070 Aprilis;
1653 2041 1678 2063 et
1687 2041 1775 2064 tamen

982 2082 1083 2110 Pascha
1094 2082 1245 2110 Iudaeorum
1263 2082 1313 2109 hoc
1329 2089 1399 2108 anno
1409 2081 1603 2115 celebrabatur,
1616 2086 1682 2109 teste
1695 2081 1775 2117 Chry-

982 2132 1100 2156 sostomo
1112 2149 1119 2162 ,
1135 2128 1235 2162 aliquot
1249 2127 1343 2155 diebus
1357 2133 1414 2162 post
1433 2126 1534 2154 Pascha
1555 2127 1775 2155 Christianorum.

982 2174 1059 2209 Quod
1080 2182 1143 2202 vero
1166 2174 1251 2202 Judu‘i
1274 2178 1334 2208 post
1357 2174 1512 2209 vigesimum
1533 2174 1653 2208 quintam
1677 2174 1777 2209 Aprilis

983 2220 1085 2248 Pascha
1105 2219 1285 2252 celebrariut,
1302 2219 1326 2246 id
1341 2221 1432 2254 utique
1453 2227 1596 2254 numquam
1619 2220 1776 2254 contingere

983 2267 1079 2302 potuit.
1095 2266 1275 2300 Quamobrem
1287 2286 1294 2299 ,
1309 2270 1339 2292 ut
1354 2265 1474 2300 pluribus
1487 2273 1565 2300 supra
1581 2265 1712 2298 diximus,
1729 2273 1777 2292 va-

985 2313 1106 2339 rietatem
1119 2312 1144 2338 in
1153 2312 1258 2339 calculo
1266 2311 1387 2338 PascbaIi
1395 2311 1543 2341 Antiochiae
1551 2319 1622 2338 anno
1634 2311 1686 2338 587
1696 2311 1778 2341 fuisse

985 2358 1130 2393 putandum
1145 2362 1186 2385 est
1201 2366 1206 2384 :
1229 2365 1289 2392 qum
1303 2357 1445 2384 varietates
1459 2362 1511 2384 tam
1533 2356 1686 2391 frequenter
1705 2364 1777 2384 accr-

984 2404 1098 2437 dt-runt,
1116 2408 1145 2430 ut
1169 2402 1266 2430 ibidem
1286 2402 1417 2436 dicimus,
1430 2407 1458 2429 ut
1477 2402 1521 2430 hic
1543 2402 1623 2430 etiam
1649 2402 1780 2431 accidisse

986 2451 1080 2476 tuirum
1099 2457 1150 2476 non
1166 2449 1210 2476 sit.

1022 2496 1204 2523 'I'illctnontius
1227 2499 1315 2523 tamen
1342 2494 1386 2529 qui
1420 2493 1602 2521 difﬁcultatem
1626 2493 1779 2529 Itujusmodi

986 2541 1011 2568 itt
1027 2541 1095 2567 notis
1108 2541 1141 2567 ad
1155 2540 1241 2567 Vitam
1262 2539 1456 2574 Chrysostomi,
1474 2539 1517 2566 ubi
1533 2539 1621 2574 agitur
1635 2539 1668 2565 de
1685 2539 1775 2566 Iiouti-

987 2587 1029 2614 liis
1043 2592 1136 2614 contra
1149 2586 1267 2619 Ιιιώιιοδ,
1286 2585 1475 2613 animadvertit
1488 2589 1514 2612 et
1531 2585 1663 2616 excussit,
1679 2585 1779 2610 nullam

986 2633 1044 2667 ejus
1073 2633 1237 2660 mentionem
1260 2632 1321 2659 fecit
1336 2631 1362 2658 in
1383 2631 1454 2658 notis
1479 2630 1512 2658 ad
1530 2630 1616 2657 Vitam
1636 2630 1778 2657 Theodosii

986 2678 1157 2713 Imperatoris
1181 2686 1187 2705 :
1216 2678 1259 2705 ubi
1293 2677 1417 2704 homilias
1437 2677 1516 2704 hasce
1542 2675 1725 2711 Chrysostomi
1747 2675 1780 2701 ad

987 2724 1112 2760 populum
1126 2724 1321 2752 Antiochenum
1337 2724 1372 2751 ita
1384 2723 1507 2756 ordinat,
1521 2730 1553 2749 ac
1571 2723 1592 2749 si
1609 2721 1710 2749 Pascha
1724 2742 1730 2754 ,
1752 2727 1779 2748 ttt

987 2772 1075 2799 ferunt
1091 2770 1231 2798 Paschalcs
1243 2770 1348 2802 tabulae,
1363 2769 1484 2796 inciderit
1499 2767 1687 2804 invtgesimam
1703 2768 1781 2798 ouiu-

988 2822 1040 2845 lam
1062 2817 1169 2852 Aprilis.
1184 2817 1298 2844 Primam
1313 2817 1392 2851 igitur
1408 2815 1543 2842 homiliaut
1561 2814 1638 2849 paulo
1653 2819 1715 2841 ante
1736 2822 1779 2840 sc-

989 2863 1115 2891 ditiunem
1128 2863 1193 2888 locat
1213 2871 1218 2888 :
1235 2861 1391 2888 seditionem
1413 2869 1475 2888 vero
1498 2860 1623 2895 vigesima
1639 2865 1712 2887 sexta
1730 2860 1782 2886 I~‘n~
