2034 3109
257 194 305 221 Hii

257 248 355 276 bruarii
369 268 375 278 ,
392 247 482 273 decem
507 243 599 270 diebus
623 243 683 266 ante
701 233 932 271 Quadragesimant
947 253 953 262 ,
983 238 1040 264 quae

258 293 405 321 Antiochia:
431 289 572 324 incipiebat
594 285 658 312 feria
674 281 788 310 secunda
812 276 1042 313 Quinquagesinue

260 343 367 369 nostrai,
378 337 422 364 illo
431 321 500 362 anno
513 334 537 360 in
547 333 563 359 8
577 331 658 358 Martii
670 328 790 356 cadente.
801 324 949 353 Secundam
959 321 1044 348 homi-

260 384 320 410 Iiam
335 382 374 409 vel
399 381 463 408 l'eria
481 379 571 414 quinta
585 376 627 403 vel
648 374 758 401 sabbato
781 375 843 397 ante
867 366 1043 402 Quadragesi-

259 438 329 457 mam
345 430 360 456 ti
374 427 469 459 Martii,
484 430 576 452 octavo
601 427 659 457 post
685 421 841 448 seditionem
859 417 911 444 die.
928 414 1044 442 Tertiam

261 474 395 501 Ilontinica
406 475 532 506 sequente
541 470 556 495 7
568 468 651 495 Martii
665 466 706 493 vel
718 465 833 492 circiter.
846 462 971 496 Quartam
983 458 1046 486 feria

259 518 375 546 secunda
388 504 507 551 sequenti
521 516 537 542 8
549 513 643 541 Martii.
655 512 778 545 Quintam
793 510 857 536 feria
871 507 946 535 tertia
957 505 974 533 9
986 504 1048 532 Mar-

261 565 300 591 tii.
317 550 502 591 Sextaturleria
522 564 613 594 quarta
627 558 732 584 circiter
742 577 749 588 ,
763 563 809 582 seu
833 553 865 581 l0
890 551 985 579 Martii.
1000 550 1048 576 Se-

264 611 371 646 ptimam
386 609 449 636 feria
465 607 555 642 quinta
571 606 601 632 ll
626 603 720 631 Martii.
736 602 860 629 Octavam
886 598 950 625 feria
975 601 1048 623 sexta

264 644 300 683 η
315 655 410 682 Martii.
426 653 525 680 Nonam
551 651 614 677 l‘eria
631 648 745 676 secunda
761 644 932 673 hebdomadae
955 649 1049 669 seeuu<

264 702 306 729 dte
317 699 529 734 Quadragesimaa
545 697 576 723 l5
591 694 685 722 Martii.
698 693 830 720 Decimam
851 689 941 725 paucis
953 686 1051 721 elapsis

266 751 356 781 postea
371 745 474 772 diebus.
489 742 658 770 Undecimam
674 744 762 774 utpote
778 735 975 770 transpositam,
986 731 1051 760 feria

266 791 380 819 secunda
389 793 488 825 quarta:
502 785 674 814 hebdomadis
688 782 900 818 Quadragcsitum
909 779 944 805 ‘29
956 777 1050 805 Martii.

271 824 457 864 Duodecimam
485 834 549 861 feria
563 832 638 859 tertia
665 834 792 865 sequente
807 828 841 855 30
861 825 955 853 Martii.
975 824 1052 851 Deci-

269 891 339 909 mam
355 881 458 908 tertiam
475 879 538 906 feria
560 881 651 912 quarta
667 879 795 910 sequente
819 873 849 900 51
867 871 963 898 Martii.
980 869 1054 896 Deci-

270 936 339 956 Iuam
359 932 478 962 quartam
498 924 575 960 paulo
600 927 659 957 post
679 930 736 948 eam
758 927 816 954 qua:
835 918 937 945 decima
961 920 1053 942 octava

270 977 434 1004 numeratur,
448 978 558 1006 quasque
572 969 660 995 habita
675 967 722 993 fuit
739 964 872 992 Dominica
887 962 976 997 quinta
990 960 1056 993 Qua-

270 1019 426 1053 dmgesima:
446 1017 462 1043 5
477 1015 583 1050 Aprilis.
600 1014 733 1040 Decimam
751 1010 868 1045 quintam
889 1006 1000 1034 sabbato
1014 1013 1056 1031 se-

270 1065 365 1093 cunda:
379 1054 549 1091 hebdomadis
572 1058 805 1094 Quadragesimze,
832 1063 878 1082 seu
902 1053 938 1080 20
960 1051 1055 1080 Martii.

273 1111 406 1138 Decimum
430 1112 531 1136 sextam
549 1105 682 1133 Dominica
699 1104 775 1130 tertia
796 1099 1010 1134 Quadragesimm
1023 1097 1054 1123 2!

272 1155 367 1185 Martii.
383 1154 516 1180 Decimam
541 1151 680 1185 septimam
697 1149 766 1175 circa
783 1146 862 1172 linem
877 1148 978 1179 quartte
993 1141 1059 1169 lteb—

273 1200 393 1228 tloiuadis
405 1197 627 1233 Quadragesimze.
643 1194 776 1222 Decimam
789 1195 908 1219 octavam
925 1188 1059 1216 Dominica

274 1247 365 1278 quinta
386 1242 598 1277 Quadragesimae
623 1240 640 1268 5
655 1239 752 1274 Aprilis
779 1237 821 1264 vel
847 1236 963 1263 circiter.
985 1233 1058 1260 Deci-

273 1299 346 1319 tuam
361 1298 457 1318 nonam
474 1293 532 1323 post
543 1287 671 1314 decimam
686 1289 804 1320 quartam
822 1284 850 1310 ll
865 1281 971 1309 circiter
984 1279 1063 1314 Apri-

277 1339 320 1366 lis.
338 1337 496 1371 Vigesimam
511 1334 554 1361 die
579 1332 712 1360 Pascbatis
732 1331 767 1358 9.5
779 1329 886 1364 Aprilis.
900 1327 1062 1362 Vigesimam

278 1383 389 1418 primam
410 1380 504 1408 eodem
518 1380 624 1406 circiter
639 1383 757 1411 tempore
770 1383 822 1411 quo
844 1374 997 1409 vigesimum
1017 1379 1062 1400 se-

278 1428 390 1456 cundam
412 1431 564 1462 sequentem
577 1446 585 1458 ,
599 1432 656 1459 qua:
671 1422 759 1450 habita
782 1427 822 1449 est
840 1421 903 1448 l'eria
917 1425 992 1447 sexta
1006 1423 1065 1453 post

280 1473 444 1502 Dominicam
466 1470 601 1498 Passionis
626 1468 659 1496 l6
687 1467 795 1503 Aprilis.
816 1466 860 1494 Sic
884 1465 1065 1501 perturbatum

282 1520 407 1546 harumce
431 1516 598 1543 homiliarum
625 1514 746 1541 ordinem
771 1519 873 1540 summa
897 1510 1066 1538 accuratione

282 1565 422 1593 restituere
449 1567 559 1590 conatur
579 1560 779 1592 Tillemontius,
795 1559 853 1591 cui,
877 1562 906 1584 ut
928 1556 955 1584 in
975 1555 1067 1583 multis

282 1609 474 1644 adstipulamur
486 1628 493 1640 ,
507 1608 535 1634 in
559 1606 617 1633 aliis
630 1612 778 1640 repugnare
799 1600 926 1638 cogimur:
941 1601 1067 1628 Ordinem

283 1664 364 1691 porro
386 1656 552 1684 homiliarum
565 1653 671 1689 qualem
689 1653 734 1681 ille
745 1651 855 1684 statuit,
878 1650 922 1678 hic
935 1657 987 1677 uno
1002 1656 1067 1676 con-

284 1706 377 1737 spectu
390 1705 622 1736 reprmsontamus.

287 1778 377 1804 Titium.
445 1779 532 1802 Fronto
544 1780 604 1802 Dnc.
678 1776 682 1804 1
696 1775 785 1803 Tillem.
850 1777 936 1799 Fronto
950 1777 1009 1798 Duc.

318 1822 328 1846 ί
454 1820 529 1844 Prima
678 1815 683 1846 l
724 1816 754 1841 1'2
859 1815 955 1839 Decima
972 1817 1041 1838 sexta

317 1845 333 1876 Ξ
454 1850 561 1875 Secunda
679 1845 683 1876 I
725 1848 754 1871 l3
860 1845 986 1870 Undecima

317 1883 334 1907 5
455 1882 534 1906 Tertia
679 1876 684 1907 Ι
725 1878 755 1905 14
861 1876 1002 1900 Duodecima

316 1913 333 1937 4
454 1915 538 1941 Quarta
679 1906 684 1941 [
726 1909 755 1941 1Ξξ
863 1907 955 1941 Decima
972 1906 1043 1931 tertia

317 1945 333 1968 5
456 1938 540 1971 Quinta
679 1938 684 1971 Ι
727 1940 756 1964 16
864 1938 959 1971 Decima
971 1941 1074 1967 septima

317 1975 334 2008 ρ
455 1968 526 2008 Sexta
680 1968 685 2008 ι
863 1968 956 2008 Decima
963 1972 1044 1993 octava

316 2007 331 2030 7
455 2003 559 2034 Septima
680 1999 685 2034 Ι
864 1999 958 2034 Decima
969 2003 1054 2028 quarta

318 2036 334 2059 8
455 2030 543 2058 Octava
681 2030 685 2059 1
728 2032 758 2056 lt)
865 2030 960 2053 Decima
978 2034 1039 2052 nona

319 2067 348 2100 t)‘
457 2068 519 2100 bona
682 2060 686 2100 |
865 2060 982 2100 igesima
990 2065 1075 2093 secuti.

321 2096 350 2120 10
458 2095 551 2120 Decima
682 2089 686 2120 Ι
728 2092 755 2116 2t
866 2095 876 2113 \
884 2089 983 2119 iges‘una
1003 2089 1077 2120 prima

321 2127 347 2151 ll
457 2126 551 2150 Decima
559 2125 641 2157 qulata
682 2121 687 2143 Ι
728 2123 759 2147 22
866 2121 985 2151 \‘Igesima

327 2201 474 2234 Antequam
487 2206 550 2226 vero
564 2197 597 2226 de
612 2197 720 2232 singulis
735 2195 849 2223 homiliis
861 2195 1032 2227 disseramus,
1047 2201 1079 2221 ac

290 2245 325 2272 de
339 2244 466 2279 cujusque
481 2249 534 2271 tum
556 2242 649 2270 ordine
669 2247 724 2269 tum
744 2245 898 2275 argumento
913 2248 995 2275 pauca
1007 2240 1079 2267 dira-

293 2299 362 2323 mus,
377 2298 392 2317 e
405 2297 434 2317 re
445 2289 523 2316 fuerit
532 2292 670 2319 anuotare,
683 2294 715 2314 ex
728 2286 802 2313 titulo
813 2285 937 2318 bomiliat,
948 2293 1007 2320 qua:
1016 2284 1079 2311 olim

294 2337 418 2372 vigesima
434 2335 559 2367 secunda,
572 2335 627 2369 jam
643 2340 705 2360 vero
718 2332 843 2366 vigesima
858 2337 1019 2363 numeratur,
1035 2331 1079 2365 qui

294 2383 383 2409 titulus
399 2382 424 2408 in
433 2380 507 2408 Notis
515 2379 656 2406 Frontonis
666 2383 692 2405 et
705 2378 730 2404 in
739 2377 800 2404 Mss.
810 2376 908 2403 nostris
916 2375 1003 2408 docet,
1013 2375 1081 2403 hanc

296 2428 429 2455 homiliam
446 2425 639 2461 pronuntiatam
657 2424 737 2450 fuisse
748 2423 839 2450 decem
853 2422 945 2449 diebus
957 2427 1018 2448 ante
1032 2421 1082 2448 Pa-

295 2468 358 2501 Scba
373 2483 379 2500 :
395 2474 510 2507 itemque
524 2479 555 2499 ex
570 2471 611 2498 bis
626 2470 712 2498 verbis
725 2473 787 2497 ante
799 2470 876 2496 tinent
891 2468 1015 2499 hominm,
1025 2468 1082 2502 jam

295 2519 462 2555 quadraginta
475 2518 528 2545 dies
540 2517 725 2552 prwtericrunl,
738 2515 820 2551 probe
832 2514 1028 2542 Tillemoutium
1043 2514 1082 2540 in-

297 2565 381 2597 ferre,
397 2563 627 2597 Quadragesimam
643 2561 710 2596 apud
737 2561 910 2588 tutiochenos
923 2567 954 2586 ex
969 2567 1081 2586 consue-

296 2610 388 2637 tudine
402 2610 515 2643 cuspisse
529 2608 595 2635 feria
609 2607 724 2635 secunda
740 2611 798 2641 post
812 2605 1061 2640 Quinquagesitnam
1074 2612 1081 2635 ς

297 2661 450 2690 septemque
463 2653 668 2681 hebdomadibus
683 2652 751 2687 apud
765 2652 823 2679 illos
838 2656 917 2678 totam
931 2650 1084 2683 Quadrage-

296 2701 391 2728 simam
415 2699 528 2734 prrsolti
551 2699 720 2726 consuevisse
741 2707 747 2725 :
766 2697 878 2732 jureque
900 2695 1084 2723 Tillemontius

298 2747 366 2773 hanc
379 2745 513 2772 hoiuiliam
527 2744 552 2771 in
567 2744 657 2771 feriam
670 2749 771 2771 sextam
783 2741 954 2770 hebdomadis
967 2740 1084 2768 ultimam

297 2790 511 2825 Quadragesimre
533 2789 723 2817 ltebdomadem
747 2786 933 2823 praecurrentis
955 2785 1083 2812 confert:

298 2841 353 2863 erat
369 2843 465 2870 quippe
483 2835 526 2862 illa
541 2835 598 2862 dies
610 2839 636 2862 et
650 2833 849 2869 quadragesima
863 2831 897 2858 ab
911 2830 1033 2857 inchoato
1045 2829 1086 2863 je-

296 2882 371 2918 junio
385 2886 411 2909 et
424 2881 522 2909 decima
541 2885 602 2909 ante
615 2879 725 2909 Pascha.
741 2878 806 2906 llinc
827 2885 874 2913 pro
888 2881 989 2905 asserto
1002 2875 1083 2903 habe-

785 179 812 207 S.
833 175 969 206 :0.“le
980 168 1215 201 CHRYSUSTOMI
1232 167 1322 199 Vl'l'A,

1830 155 1899 182 Ηῡλ

1099 234 1157 253 nius
1169 222 1412 257 Quadragesimam,
1427 225 1485 253 qua:
1500 217 1600 250 aliquot
1614 214 1640 241 in
1656 211 1781 240 Ecclesiis
1796 211 1884 238 limiti-

1097 273 1145 299 bus
1155 271 1233 298 variis
1244 267 1443 300 circumscripta
1453 269 1520 297 erat,
1533 270 1579 297 per
1591 267 1693 300 septem
1707 258 1884 286 hebdomadas

1097 317 1244 346 Antiochia:
1257 315 1423 342 observatam
1436 310 1528 337 fuisse.

1133 365 1197 391 Cum
1218 369 1295 396 porro
1315 357 1467 387 memoratis
1486 363 1565 390 supra
1578 354 1612 381 de
1626 353 1713 380 causis
1724 373 1731 384 ,
1748 349 1886 378 Paschalcs

1099 409 1200 437 tabulas
1213 407 1365 437 hodiernas,
1380 411 1438 438 quae
1452 401 1552 429 Pascha
1563 399 1624 426 anni
1635 398 1685 425 587
1697 397 1723 424 in
1735 395 1888 430 vigesimam

1099 455 1216 490 quintam
1230 452 1378 482 conferunt,
1391 457 1442 476 non
1456 451 1573 475 servatas
1585 445 1678 472 saltem
1691 443 1742 469 hoc
1754 449 1824 468 anno
1836 443 1889 466 An-

1101 500 1205 528 tiocbia:
1219 499 1299 525 fuisse
1313 504 1360 529 pro
1373 500 1446 522 certo
1459 493 1618 522 habeamus;
1631 497 1745 523 cumque
1758 487 1832 514 nobis
1844 495 1889 513 ex~

1101 547 1232 581 ploratum
1248 550 1300 570 non
1314 542 1348 568 sit
1361 548 1410 575 qua
1421 540 1464 566 die
1475 546 1544 565 anno
1555 537 1606 564 587
1617 533 1773 562 Antiocheni
1789 530 1889 560 Pascha

1101 589 1299 620 celebraverint,
1314 594 1328 613 a
1342 586 1386 613 die
1398 584 1497 611 mensis
1511 583 1536 609 in
1552 580 1708 608 recensione
1723 577 1889 604 hotniliarum

1102 633 1334 664 eonnuemorando
1354 629 1561 659 abstinebimus;
1577 626 1623 654 sed
1645 624 1819 652 indicabimus
1835 627 1892 648 tan-

1104 688 1158 710 tum
1169 702 1177 715 ,
1192 679 1297 715 quando
1311 678 1336 705 id
1351 677 1456 708 licebit,
1469 682 1520 709 qua
1533 673 1575 700 die
1591 669 1763 699 hebdomadis
1776 667 1892 695 homilie

1104 728 1180 756 dict-.e
1193 725 1299 753 iuerint.

1141 770 1260 798 Homilia:
1272 769 1302 796 de
1315 767 1422 795 Statuis.
1436 780 1467 786 ——
1479 764 1565 793 Prima
1582 763 1670 797 itaque
1685 759 1791 788 homilia
1805 758 1892 786 habita

1105 822 1145 844 est
1159 815 1250 852 paucis
1261 819 1322 841 ante
1336 812 1494 840 seditionem
1507 808 1698 836 Antiochenam
1707 805 1800 832 diebus
1811 803 1896 840 (Amm

1106 861 1179 898 587),
1193 866 1220 888 ut
1233 868 1266 888 ex
1280 860 1321 887 his
1336 857 1460 885 secunda:
1474 855 1588 883 humilia:
1599 861 1672 882 nutu.
1685 853 1701 879 5
1723 851 1809 877 verbis
1824 850 1895 875 erui.

1107 914 1149 937 tur
1165 918 1171 936 :
1187 907 1300 942 Longam
1314 913 1394 940 nuper
1407 902 1475 937 apud
1489 901 1617 928 caritatem
1636 903 1741 925 vestram
1760 896 1896 923 orationem

1107 955 1249 985 extendi....
1263 957 1285 979 et
1296 951 1409 978 laborant
1418 947 1553 976 mercedem
1565 945 1681 980 accepi...
1695 943 1757 976 Qua:
1767 949 1822 968 vero
1833 948 1899 966 mer-

1108 1009 1148 1028 ces
1162 998 1237 1027 erat?
1255 996 1367 1024 Civitatis
1385 994 1594 1029 blasphematorcs
1616 990 1720 1024 punire,
1736 992 1759 1014 et
1777 986 1900 1020 castigare

1109 1046 1191 1073 Deum
1208 1042 1356 1071 contumelia
1375 1040 1507 1075 alﬁcientes
1518 1058 1524 1069 ,
1541 1042 1564 1064 et
1578 1035 1686 1071 furiasos
1699 1033 1820 1060 cohibere.
1838 1031 1900 1057 l|:ec

1110 1091 1202 1127 procul
1217 1089 1297 1117 dubio
1314 1090 1435 1122 spectant
1448 1084 1480 1111 ad
1494 1083 1606 1119 primam
1622 1080 1757 1107 bontiliatn
1768 1098 1774 1109 ,
1788 1083 1901 1110 eamque

1111 1136 1302 1171 longissimam,
1315 1133 1348 1160 de
1360 1136 1512 1159 sanctorum
1525 1126 1661 1158 :crtnuuis,
1672 1125 1758 1159 deque
1779 1123 1824 1149 Dei
1839 1129 1900 1156 pro-

1113 1182 1229 1210 videntia
1243 1187 1305 1214 erga
1317 1179 1416 1206 electos
1430 1183 1503 1207 suos,
1515 1175 1559 1209 qui
1573 1173 1599 1200 in
1613 1172 1662 1199 hac
1675 1172 1725 1197 vita
1738 1169 1900 1199 cruciantur,

1112 1233 1140 1256 et
1151 1228 1277 1255 adversus
1294 1232 1341 1252 eos
1357 1223 1400 1258 qui
1421 1221 1576 1256 blasphema
1591 1219 1659 1245 dicta
1676 1217 1700 1244 in
1717 1216 1799 1242 Deum
1815 1213 1903 1249 prol'e.

1113 1275 1206 1303 rebant
1221 1282 1227 1300 :
1243 1272 1287 1300 ubi
1301 1271 1408 1298 demum
1427 1268 1483 1295 lucc
1495 1267 1636 1294 observatu
1655 1267 1727 1290 certe
1742 1261 1820 1295 digna
1841 1267 1902 1294 ιιι-οο

1115 1321 1166 1348 fert
1181 1329 1187 1345 :
1203 1318 1255 1346 Sed
1275 1322 1405 1352 postquam
1426 1315 1457 1341 de
1475 1311 1630 1347 blasphemia
1653 1309 1723 1336 nobis
1742 1307 1814 1334 verba
1837 1307 1904 1340 facta

1115 1374 1180 1395 nunc
1193 1369 1260 1398 sunt,
1275 1371 1351 1390 unam
1365 1370 1380 1388 a
1394 1361 1461 1388 vobis
1475 1358 1587 1387 omnibus
1602 1363 1682 1392 petere
1696 1355 1750 1381 volo
1764 1352 1904 1380 retributio‘

1116 1420 1173 1439 nem
1185 1419 1231 1447 pro
1245 1409 1364 1437 concione
1376 1408 1423 1434 hac
1435 1411 1508 1440 atque
1521 1411 1644 1435 sermone,
1658 1407 1685 1428 at
1701 1401 1727 1427 in
1745 1400 1841 1426 civitate
1851 1398 1904 1424 bla-

1119 1458 1276 1492 sp/tcmantes
1289 1454 1349 1481 mihi
1362 1452 1495 1487 castigatis.
1507 1450 1538 1477 Si
1550 1447 1731 1484 guemquamin
1740 1445 1801 1472 bivia
1815 1450 1837 1471 et
1850 1446 1906 1479 [oro

1118 1504 1144 1530 in
1159 1503 1239 1530 Deum
1252 1501 1465 1535 blasphemantem
1477 1495 1597 1527 audieris,
1611 1493 1710 1525 accede,
1723 1492 1832 1525 increpa,
1849 1494 1870 1515 cl
1885 1489 1908 1516 si

1118 1550 1218 1577 verbera
1230 1547 1343 1582 inﬂigere
1355 1548 1478 1580 oporteat,
1493 1551 1522 1569 ne
1535 1548 1650 1570 recuses;
1663 1539 1741 1573 ipsius
1753 1537 1840 1573 facient
1853 1536 1908 1564 ala~

1120 1604 1153 1631 pa
1171 1598 1281 1631 percute,
1298 1597 1397 1620 contere
1410 1599 1437 1617 os
1450 1589 1538 1625 ipsius,
1554 1586 1712 1622 percussione
1727 1591 1827 1611 umnam
1841 1587 1908 1608 timm

1120 1641 1259 1676 sancti/ica.
1280 1639 1329 1672 Qui
1348 1644 1411 1664 sane
1432 1633 1579 1669 corrigendi
1603 1631 1695 1659 modus
1713 1637 1765 1657 non
1786 1632 1855 1655 esset
1876 1627 1908 1654 ad

1122 1695 1199 1716 usum
1213 1685 1370 1714 hodiernum
1385 1680 1608 1709 accommodatus.

1157 1732 1304 1761 Secundam
1321 1729 1454 1758 homiliam
1468 1725 1571 1754 confert
1581 1723 1765 1751 Tillemontius
1778 1721 1818 1747 vel
1835 1721 1860 1746 in
1875 1720 1912 1745 l'e-

1123 1781 1189 1808 riam
1204 1779 1321 1814 quintam
1334 1777 1375 1803 vel
1391 1776 1416 1802 in
1431 1774 1567 1801 sabbatum
1583 1776 1643 1797 ante
1657 1768 1888 1803 Qumlragesituam
1903 1775 1909 1791 :

1124 1826 1206 1854 tutius
1220 1832 1283 1852 vero
1297 1823 1399 1850 dicatur
1412 1820 1451 1846 his
1466 1819 1571 1846 circiter
1583 1816 1675 1844 diebus
1692 1815 1806 1841 habitam
1821 1813 1912 1843 fuisse,

1125 1877 1224 1906 septem
1238 1868 1346 1901 exactis,
1363 1873 1391 1894 ut
1408 1866 1463 1900 ipse
1478 1865 1682 1898 Chrysostomus
1695 1860 1741 1892 ait,
1757 1867 1770 1885 a
1785 1858 1916 1885 seditione

1126 1917 1229 1948 diebus,
1245 1915 1341 1950 quibus
1353 1920 1382 1940 se
1397 1912 1509 1939 tacuisse
1524 1909 1596 1940 dicit,
1613 1907 1681 1942 quod
1696 1905 1793 1941 ingenti
1808 1903 1917 1931 calami-

1128 1966 1180 1990 tate
1191 1981 1197 1993 ,
1212 1965 1238 1987 et
1253 1949 1360 1994 periculi
1377 1956 1554 1991 magnitudine
1567 1952 1725 1981 consternati
1741 1949 1894 1978 Antiocheni
1907 1969 1917 1982 ,

1128 2016 1179 2035 non
1199 2010 1287 2034 essent.
1307 2003 1445 2032 audiendis
1465 2000 1635 2030 concionibus
1654 1998 1751 2025 idonei.
1767 1997 1807 2024 0b
1825 1996 1919 2030 negle-

1127 2059 1197 2082 ctam
1217 2059 1296 2087 porro
1317 2051 1425 2077 fratrum
1448 2045 1684 2082 blasphemantium
1704 2042 1919 2070 citieudatimieut

1129 2099 1186 2126 lucc
1200 2097 1267 2125 mala
1281 2096 1406 2123 divinitus
1421 2094 1483 2121 dicit
1505 2092 1631 2119 immissa.
1648 2090 1763 2124 Quorum
1779 2092 1920 2122 postquam

1130 2143 1270 2177 imaginem
1285 2142 1418 2176 eleganter
1431 2138 1580 2172 descripsit.
1597 2136 1630 2163 de
1642 2135 1750 2166 divitiis,
1765 2133 1798 2160 de
1812 2131 1921 2159 divitia-

1130 2196 1188 2216 rum
1202 2195 1261 2220 usu,
1275 2186 1358 2221 deque
1370 2185 1539 2219 eleemosyua
1552 2186 1578 2208 ct
1590 2181 1622 2208 de
1634 2184 1787 2216 paupertate
1801 2177 1925 2213 pluribus

1131 2235 1310 2266 concinnatus,
1325 2232 1470 2259 orationem
1483 2228 1590 2256 claudit.

1166 2281 1255 2308 Tertia
1270 2279 1378 2306 homilia
1391 2275 1533 2304 Secundam
1546 2283 1561 2301 e
1573 2273 1682 2307 vestigio
1693 2271 1813 2306 sequitur
1827 2279 1833 2295 :
1849 2270 1925 2295 illam

1133 2335 1195 2355 vero
1223 2326 1336 2353 habitam
1364 2328 1485 2358 putamus
1512 2328 1570 2347 cum
1596 2318 1764 2345 Tillemontio
1786 2315 1929 2342 Domit-ira

1133 2371 1371 2408 Quinquagesimm,
1387 2373 1415 2396 ut
1429 2367 1558 2396 hodierno
1576 2372 1651 2392 more
1665 2364 1812 2398 loquamur.
1829 2360 1933 2395 Agitur

1133 2406 1166 2447 de
1181 2406 1341 2453 profectione
1361 2413 1476 2442 Flaviani
1491 2410 1647 2439 Antiocheui
1661 2408 1777 2443 episcopi
1790 2406 1933 2434 Constan—

1135 2463 1262 2497 tinopolin
1284 2461 1316 2488 ad
1341 2460 1527 2493 Imperatorem
1553 2455 1707 2491 placandum
1726 2463 1731 2481 :
1748 2459 1774 2480 ct
1794 2453 1831 2479 rei
1855 2452 1938 2478 bent:

1133 2508 1256 2544 gerenda:
1269 2514 1316 2540 spe
1328 2505 1453 2540 pupulum
1468 2502 1619 2530 consolatur
1633 2500 1846 2534 Chrysrstamus.
1862 2497 1915 2523 [λιιι
1925 2513 1937 2517 -

1135 2555 1208 2582 ribus
1222 2552 1319 2580 deinde
1339 2553 1527 2578 connnonstrat
1543 2546 1651 2582 jcjuuii.
1667 2546 1716 2572 nisi
1730 2553 1745 2572 a
1760 2545 1822 2573 vitio
1839 2544 1941 2572 adusti"

1136 2604 1247 2631 nentur.
1271 2598 1409 2625 utilitatem
1433 2603 1492 2623 esse
1512 2594 1622 2621 nullam.
1643 2593 1783 2626 Postquam
1809 2598 1872 2617 vero
1891 2591 1944 2619 de

1136 2645 1298 2673 detractione
1312 2641 1416 2669 vitanda
1432 2648 1513 2675 pauca
1527 2639 1627 2668 dixerat
1639 2659 1646 2670 ,
1660 2637 1836 2665 calamitatem
1857 2643 1932 2669 prus.

1136 2695 1238 2718 sentem
1249 2689 1379 2724 deplorat,
1391 2692 1417 2714 et
1426 2685 1609 2713 intolerantius
1619 2683 1738 2710 swvitmn
1750 2690 1809 2709 esse
1819 2689 1895 2707 narra
1904 2686 1920 2708 ι
1936 2691 1944 2708 ε

1139 2735 1173 2762 Ili
1185 2735 1285 2767 quidem
1298 2735 1375 2769 [in-ro,
1388 2731 1481 2766 inquit,
1498 2731 1534 2757 illi
1549 2730 1616 2765 igne,
1630 2729 1732 2762 quidam
1746 2727 1828 2754 bestiis
1839 2727 1951 2754 Il'ﬂdili

1138 2781 1282 2816 perierunt,
1298 2787 1348 2806 non
1367 2778 1413 2804 viri
1434 2781 1529 2803 tantum
1543 2795 1549 2807 ,
1567 2775 1610 2801 scd
1633 2779 1654 2800 rt
1676 2773 1756 2809 pueri.
1776 2772 1831 2798 Nec
1845 2775 1952 2801 a-tutis

1136 2826 1315 2857 immaturitas,
1330 2832 1374 2851 nec
1390 2823 1475 2857 populi
1490 2821 1620 2853 tumultus,
1635 2829 1679 2846 nec
1693 2819 1760 2853 quod
1774 2820 1859 2853 furare
1869 2818 1956 2846 dia-

1140 2872 1219 2900 bolica
1233 2871 1319 2906 perciti
1337 2870 1437 2905 quidam
1454 2868 1505 2895 lucc
1525 2867 1626 2902 fecerint
1638 2887 1644 2899 ,
1661 2874 1703 2892 nec
1717 2866 1782 2900 quod
1797 2866 1958 2900 uectigalis
