2034 3109
174 123 213 151 ll7
743 125 831 154 HUNC
852 125 982 154 PRIMUM
1001 124 1195 154 ADOIINATA.

170 180 258 208 exactio
271 179 434 208 intolerabilis
445 184 516 213 esset,
529 189 578 208 non
592 186 735 215 paupertas,
748 190 797 208 non
808 182 874 217 quod
886 189 953 208 com-

170 236 236 254 mune
250 233 379 263 peccatum
391 227 482 263 fuerit,
498 236 548 254 non
563 229 628 263 quod
647 229 805 263 promiserint
820 237 953 264 numquam

170 281 192 300 te
204 274 312 308 ampliuc
326 273 387 300 talia
402 281 520 305 ausuros,
535 281 585 299 non
599 273 671 299 aliud
684 273 813 308 quidpiam
826 273 894 307 ipso;
905 274 953 300 eri-

173 320 218 354 puit
227 319 287 352 ;scd
294 319 387 353 absque
400 319 472 345 uenia
484 318 516 344 ad
525 319 668 345 barathrum
677 318 874 350 adducebantur,
884 319 952 345 mili-

173 364 230 391 tibus
242 363 367 398 utrimque
380 364 446 398 ipso:
460 364 611 398 urgentibus,
627 368 649 389 et
663 363 846 390 observantibus
856 371 886 389 ne
897 363 953 397 quis

172 418 206 436 eos
219 411 333 444 eriperet.
346 409 379 435 Et
389 409 554 444 sequebantur
566 414 666 440 matres,
682 408 768 442 procul
778 407 877 443 quidem
887 408 953 441 [illos

172 456 343 490 conspicientes
357 455 494 482 abstractos
504 475 511 488 ,
525 454 567 480 sed
580 453 610 480 de
622 454 762 480 calamitate
774 453 889 488 conqueri
904 461 952 479 non

171 502 285 527 audentes
302 508 311 527 .'
325 499 443 534 a/fcctum
457 500 520 526 enim
534 499 642 525 vincebat
662 498 769 533 formido
780 519 786 531 ,
802 503 824 524 et
838 503 953 524 naturatn

173 547 298 581 tuprrabat
313 552 403 572 metus.
425 545 486 571 lltuc
504 545 589 571 outnia
611 545 679 570 illata
702 549 762 570 sunt
783 543 953 570 Antiucltcnis

173 592 235 619 mala
249 600 262 617 a
277 590 423 621 l’rzel‘cctis,
437 597 482 616 seu
495 589 699 623 magistratibus,
714 593 852 622 antequam
867 587 953 614 Theo-

173 636 257 663 dOsius
271 635 305 662 de
319 635 449 662 seditione
464 634 603 668 quidquam
619 634 733 660 audisset
744 654 751 666 ,
766 639 793 659 ut
805 633 840 659 ait
857 632 952 659 ibidem

173 679 382 716 Chrysostontus.
406 679 557 707 Orationem
582 686 661 713 νυνι-ο
680 678 778 705 claudit
797 686 907 705 monens
925 682 954 705 ut

173 733 185 753 ι
193 718 362 757 detractione,
374 725 407 752 ab
417 724 559 752 inimicitiis
569 728 595 752 et
605 732 619 750 τι
628 724 784 758 juratttcntis
794 724 952 750 abstineant.

203 771 314 798 llontilia
334 775 427 805 quarta
439 791 446 803 ,
465 777 522 804 qua:
540 769 604 796 feria
617 769 731 796 secunda
748 774 806 803 post
817 769 953 803 Quinqua-

172 817 304 851 gesimam,
320 821 348 842 ut
362 815 475 847 videtur,
491 815 577 841 habita
591 814 648 846 fuit,
663 822 720 849 (pne
733 814 788 840 dics
802 819 858 841 erat
871 815 953 848 prima

172 861 397 896 Quadragcsimat;
415 861 455 887 illa
469 861 574 894 inquam
588 860 680 886 concio
690 880 696 891 ,
716 859 783 886 bona
799 867 831 886 cx
846 860 953 886 calami-

173 910 220 933 tate
235 911 308 940 parta
320 905 457 938 describit,
470 908 584 931 mutatos
595 905 658 931 dicit
670 908 696 932 et
708 913 721 931 a
736 904 853 939 pristinis
867 904 952 939 pravis

171 952 285 978 moribus
302 951 425 978 reductos
443 951 631 979 Atttioclteuos.
653 951 680 978 ltt
704 951 755 978 line
775 959 837 977 vero
851 958 880 977 ca
897 950 951 985 ipsa

170 997 281 1027 monita,
297 1004 357 1029 qua:
371 997 397 1022 in
414 995 570 1030 prazcedcnti
586 1003 615 1023 se
627 996 731 1024 dedisse
745 1000 949 1026 commemorat,

170 1041 260 1068 lterum
275 1042 368 1076 repetit
382 1062 390 1074 ,
406 1041 530 1071 nimirum
548 1041 582 1068 dc
598 1041 711 1068 vitandis
730 1041 950 1074 detractionibus,

169 1087 309 1114 inimicitiis
319 1092 344 1113 et
355 1087 511 1121 jurantentis
525 1096 532 1113 :
543 1094 573 1113 ac
586 1093 614 1113 se
626 1095 672 1121 per
684 1087 750 1113 hanc
762 1086 952 1114 hebdomadattt

169 1132 199 1159 de
209 1133 368 1167 juramentis
382 1132 512 1159 dicturum
528 1139 587 1159 esse.
601 1133 765 1166 prtenuutiat.

201 1178 311 1205 llotnilia
327 1178 419 1212 quinta
434 1178 476 1205 die
497 1178 632 1212 sequenti,
650 1183 678 1205 ut
695 1179 752 1213 ipse
766 1178 817 1210 ait,
834 1185 952 1212 pronun-

169 1223 229 1250 tiata
243 1223 288 1250 fuit
298 1244 306 1256 ,
322 1231 419 1258 nempe
438 1223 502 1250 feria
516 1224 603 1250 tertia.
618 1223 645 1250 ltt
661 1224 704 1250 illa
719 1231 882 1250 :erutnnosos
896 1224 951 1250 An-

168 1270 302 1297 tiocbcnos
325 1278 372 1304 pro
393 1277 467 1297 more
486 1271 638 1297 consolatur
655 1270 858 1306 Chrysostonms
877 1275 904 1298 et
919 1271 951 1298 ad

167 1315 256 1343 mortis
271 1316 355 1350 ipsius
375 1321 556 1350 contemptum
570 1316 731 1343 cohortatur.
753 1317 780 1343 Ιιι
798 1317 849 1343 line
864 1321 951 1343 autem

167 1359 198 1386 de
208 1359 366 1392 juramentis
378 1360 490 1386 vitandis
503 1360 556 1394 agit
568 1368 642 1387 uuttt.
659 1361 684 1392 7,
698 1367 729 1387 ac
748 1361 952 1394 prmecdentiutu

167 1406 384 1439 sequentiumqne
400 1405 566 1432 bomiliarum
584 1406 698 1440 aliquem
720 1406 818 1434 ittdncit
832 1407 951 1434 ordinem

167 1449 205 1477 his
218 1451 305 1478 verbis
320 1460 326 1478 :
342 1451 458 1478 Primum
473 1452 549 1486 igitur
563 1453 671 1478 auditori
683 1453 885 1486 persuadeamus,
895 1459 922 1479 ut
936 1461 952 1480 α

165 1496 362 1531 jararnentorum
377 1497 440 1531 fuga
455 1499 615 1523 mutationem
630 1497 734 1531 incipiat
748 1505 756 1524 :
770 1498 814 1524 etsi
827 1499 891 1524 enim
906 1506 952 1525 ηυ-

165 1541 308 1568 diustertius
328 1542 376 1568 hac
396 1541 426 1568 de
440 1550 467 1568 re
480 1542 547 1568 vobis
566 1543 681 1577 loquutus
693 1551 762 1576 sum,
779 1551 856 1576 neque
870 1548 952 1570 tamen

164 1586 235 1613 hodie
247 1587 379 1621 desistant,
395 1595 474 1621 neque
487 1595 552 1619 cras,
569 1596 646 1623 neque
660 1588 784 1622 perendie,
800 1589 884 1616 cadent
898 1597 951 1616 mo-

163 1639 227 1658 nere.

156 1671 166 1680 ⁵
197 1677 308 1704 llomilia
325 1682 410 1709 sexta,
426 1677 487 1704 feria
503 1683 595 1712 quarta
615 1679 706 1713 primm
720 1678 891 1706 hebdomadis
905 1679 951 1706 ha-

161 1722 224 1755 bita,
243 1723 456 1750 consolationem
476 1722 579 1750 afﬂictis
601 1723 732 1758 impertit,
747 1724 842 1750 bonam
863 1732 950 1751 rerum

162 1769 334 1796 mutationem
353 1775 461 1803 sperare
474 1769 550 1803 jubet
564 1778 570 1795 ε
585 1776 672 1795 moras
686 1769 783 1796 nuntiis
793 1790 800 1802 ,
814 1770 858 1804 qui
878 1769 950 1797 sedi-

161 1815 257 1841 tionem
284 1814 478 1842 Antiochenam
503 1814 656 1848 ltnperatori
678 1815 808 1842 narraturi
826 1820 918 1846 erant,
935 1823 950 1842 a

160 1859 214 1886 Deo
229 1859 363 1887 immissas
377 1860 450 1893 dicit,
465 1864 543 1895 atque
556 1859 616 1886 inde
629 1867 701 1894 spem
715 1860 810 1886 bonam
823 1860 951 1887 auditori-

158 1905 207 1932 bus
218 1906 304 1936 alfcrt.
318 1911 345 1933 et
359 1906 392 1933 de
403 1907 477 1932 venia
491 1914 505 1932 a
519 1906 643 1932 Flaviano
654 1906 777 1940 episcopo
788 1906 950 1941 impetranda

159 1950 282 1978 fiduciam
299 1951 399 1978 habere
417 1951 499 1985 jubet.
517 1951 657 1985 Postquam
677 1958 737 1978 vero
750 1951 782 1978 dc
800 1956 884 1978 morte
898 1959 949 1978 tton

159 1996 275 2023 timenda
296 1996 442 2028 disseruit,
458 1996 585 2023 adversus
596 1996 746 2030 juratnenta
761 2004 807 2030 pro
821 2004 895 2024 more
908 1996 949 2023 lo-

157 2042 257 2076 quitur.

192 2086 308 2114 llomilia
323 2086 436 2120 septima
452 2086 493 2114 die
507 2086 625 2121 sequenti
636 2107 642 2119 ,
659 2091 687 2114 ut
701 2087 789 2113 multis
801 2095 832 2113 ex
846 2087 910 2114 locis
924 2092 950 2114 et

154 2133 228 2158 notis
250 2131 384 2166 liquidum
405 2135 464 2164 est,
487 2132 573 2158 habita
590 2141 596 2158 :
615 2132 713 2158 Etenim
732 2133 845 2166 quintam
866 2133 948 2165 diem,

155 2177 242 2212 inquit
255 2176 475 2212 Cht'ysostomus,
490 2178 586 2212 agimus
598 2183 703 2204 vestram
715 2178 871 2204 consolantes
885 2178 950 2204 cari-

156 2223 242 2249 tatem.
258 2222 359 2255 Quinta
375 2228 454 2255 porro
468 2222 523 2249 dies
538 2222 594 2249 haec
605 2228 760 2249 numeratur
773 2223 922 2255 incipiendo
934 2230 949 2249 a

158 2267 311 2301 Dominica,
329 2267 365 2294 ita
382 2272 410 2294 ut
425 2267 457 2294 de
469 2268 558 2302 quinta
574 2268 744 2295 hebdomadis
759 2269 802 2296 die
815 2269 946 2303 loquatur.

157 2312 251 2346 Agitur
271 2313 314 2340 ltic
337 2312 371 2339 de
396 2313 486 2346 pritnis
500 2313 633 2340 Geneseos
647 2314 734 2341 verbis
748 2323 754 2340 :
770 2314 802 2341 In
821 2314 944 2349 princiaio

158 2358 214 2391 fecit
239 2357 307 2385 Deut
325 2358 417 2385 aetum
438 2363 460 2384 et
481 2363 592 2390 terram;
610 2359 758 2394 diciturque
781 2360 878 2391 Deum,
896 2368 948 2387 non

158 2403 238 2429 modo
252 2411 313 2430 cum
328 2402 472 2434 benefacit,
491 2404 537 2431 sed
551 2405 629 2431 etiam
643 2412 702 2432 cum
716 2406 834 2440 castigat,
850 2406 949 2433 bottum

159 2455 230 2480 esse,
243 2455 269 2477 et
278 2450 432 2484 juramcttta
445 2450 549 2476 vitanda
564 2458 622 2478 esse
634 2458 683 2485 pro
697 2459 770 2478 more
783 2452 855 2479 dicit.

197 2493 336 2521 Homiliam
348 2499 468 2522 octavam
481 2500 554 2530 putat
564 2496 746 2523 Tillcntontius
755 2497 797 2524 di‘c
809 2499 948 2532 septimam

161 2534 295 2567 homilim
308 2545 454 2574 sequente,
470 2541 495 2568 id
509 2546 563 2573 est,
578 2541 642 2569 feria
657 2546 730 2569 sexta
745 2541 840 2570 dictam
856 2543 946 2570 fuisse.

163 2583 260 2612 Verum
273 2587 404 2613 reclamat
414 2586 632 2622 Cbrysostomus,
646 2589 689 2623 qui
706 2588 861 2616 testiﬁcatur
874 2590 949 2616 initio

163 2636 195 2655 se
208 2638 285 2665 nuper
295 2653 302 2664 ,
317 2639 371 2658 non
387 2637 473 2658 autent
488 2632 555 2666 heri,
570 2633 595 2660 in
613 2634 675 2661 illud
686 2655 693 2667 ,
707 2634 740 2660 In
754 2635 877 2670 principio
891 2637 949 2672 fecit

165 2673 235 2703 Deus
245 2678 333 2704 etclam
347 2683 371 2704 et
384 2683 484 2710 terram,
495 2680 573 2707 verba
589 2681 691 2714 fecisse,
704 2682 774 2716 quod
787 2681 855 2710 haud
868 2683 949 2710 dubie

167 2720 202 2747 ad
215 2721 346 2750 homiliam
369 2724 506 2758 septimam
521 2727 641 2759 pertinet.
658 2726 705 2754 Est
720 2727 798 2763 igitur
812 2728 838 2755 in
851 2729 948 2756 sabba-

170 2768 225 2792 tum
235 2767 393 2795 eonferenda
404 2776 411 2799 ;
422 2769 490 2802 quod
500 2772 576 2797 etiam
590 2771 665 2798 nobis
677 2773 788 2800 suadent
800 2773 858 2800 lucc
867 2774 948 2801 verba

172 2811 256 2839 statim
274 2817 335 2847 post
355 2813 473 2842 initiunt.
489 2815 519 2839 ad
542 2816 610 2842 ﬁnem
631 2817 698 2845 nobis
718 2820 782 2846 venit
801 2819 946 2848 hebdomat.

320 2870 461 2900 Ριτηοι..
483 2869 538 2901 Gtt.
559 2872 681 2906 XLVII.

1006 183 1195 216 Argumentum
1211 181 1324 209 ltomilim
1340 185 1472 209 mutuatur
1485 181 1518 209 ab
1530 176 1570 208 bis
1584 180 1683 208 verbis:
1700 179 1792 207 Demn-

1005 226 1105 253 bulalmt
1125 226 1192 253 Dens
1212 227 1238 253 in
1258 227 1375 262 paradiso
1388 228 1413 253 in
1433 227 1550 259 meridie,
1565 226 1679 262 dicitque
1698 226 1794 261 impios

1005 279 1110 307 semper
1123 273 1230 307 pavidos
1242 279 1267 300 ct
1278 273 1463 300 formidolosos
1474 281 1542 305 esse,
1557 273 1616 307 pios
1626 277 1713 299 autem
1728 272 1794 299 ﬁdu-

1005 317 1045 344 cia
1065 317 1166 351 plcuos.
1185 317 1295 344 Dentuut
1316 325 1364 352 pro
1381 317 1570 345 consuetudine
1586 317 1620 344 de
1636 317 1795 352 juramentis

1005 362 1118 389 vitandis
1132 363 1201 397 agit,
1223 368 1378 397 seuumque
1389 363 1442 397 jam
1458 363 1528 390 diem
1548 370 1607 390 esse
1625 363 1678 395 ait,
1695 369 1748 398 quo
1761 361 1794 390 de

1005 407 1133 434 servanda
1149 407 1296 441 hujusmodi
1313 408 1369 442 lcge
1382 407 1532 435 admoneat.

1041 453 1180 480 llomiliam
1193 461 1288 480 nonam
1300 453 1325 480 in
1337 453 1428 480 feriant
1441 453 1583 480 secuttdam
1595 453 1718 481 secunda:
1729 453 1795 481 heb-

1005 497 1124 524 dotttadis
1135 497 1346 532 Quadragesimrc
1358 497 1527 532 probabiliter
1537 498 1644 532 conjicit
1653 497 1794 525 Tillemon-

1007 544 1067 570 tius.
1080 543 1132 570 llac
1146 543 1178 570 dc
1192 551 1220 570 re
1234 551 1296 570 Vero
1309 543 1379 570 nulla
1391 548 1525 578 comparet
1538 549 1608 575 nota,
1619 551 1670 578 qua
1683 544 1723 571 vel
1734 548 1793 571 ecr-

1007 593 1060 614 tutn
1075 587 1117 615 vel
1131 588 1272 615 verisimile
1287 588 1420 623 quidpiam
1439 593 1594 615 statuamus.
1611 589 1702 615 Habita
1717 593 1790 615 certo

1006 631 1054 659 fuit
1070 633 1126 660 lucc
1140 633 1232 660 concio
1248 638 1305 667 post
1319 633 1452 660 silentium
1467 633 1507 660 vel
1522 633 1598 660 unius
1617 633 1658 660 vel
1678 633 1792 668 plurium

1005 678 1124 711 dieruut,
1142 683 1170 705 ut
1191 678 1266 705 initio
1287 678 1384 706 diserte
1404 678 1440 705 ait
1458 678 1682 714 Chrysostomus,
1701 684 1793 705 contra

1005 732 1083 759 quam
1097 724 1220 758 opinatur
1239 724 1436 757 Tillcmontius,
1451 724 1495 759 qui
1509 732 1568 752 cum
1583 729 1701 751 octavam
1715 725 1741 751 in
1757 725 1794 756 fe‘:

1006 770 1070 796 riatn
1086 773 1186 796 sevtam
1199 770 1321 804 conjiciat
1331 790 1338 803 ,
1352 775 1379 798 et
1392 778 1488 797 nonatn
1504 770 1530 797 in
1545 770 1636 797 feriam
1650 770 1792 797 secundam

1006 813 1178 842 hebdomadis
1196 815 1346 849 sequentis,
1367 815 1404 842 ait
1422 816 1447 842 in
1466 815 1525 842 Vita
1541 815 1723 851 Chrysostomi
1742 821 1794 844 art.

1006 860 1050 893 15,
1065 860 1233 894 interpositas
1247 860 1348 887 sabbati
1361 865 1387 887 et
1401 860 1544 887 Dominicte
1556 860 1614 887 dies
1629 859 1710 887 fuisse
1725 860 1795 887 haud

1005 904 1084 931 dubic
1095 905 1276 940 Chrysostomi
1287 905 1457 932 concionibus
1469 905 1615 940 insignitas,
1624 913 1683 940 qua:
1693 906 1796 933 concio-

1006 958 1052 977 nes
1063 950 1116 984 jam
1127 950 1231 977 amissa:
1243 950 1347 977 fuerint.
1363 950 1490 985 Populum
1501 954 1588 978 autem
1600 950 1794 978 Antiochenum

1006 997 1095 1024 laudat
1114 997 1188 1023 initio
1200 1016 1207 1030 ,
1223 997 1291 1031 quod
1306 997 1413 1023 monitis
1425 997 1480 1024 suis
1494 996 1794 1032 obtemperantes‘audl-

1006 1047 1077 1070 tores
1089 1042 1122 1069 de
1139 1042 1266 1077 abigenda
1284 1042 1495 1077 juramcntorum
1510 1042 1700 1069 consuetudine
1714 1047 1792 1069 cura-

1006 1093 1073 1116 rent.
1089 1088 1116 1114 lu
1133 1088 1189 1114 base
1205 1088 1266 1114 item
1283 1087 1379 1120 verba,
1394 1087 1456 1114 Cwli
1468 1093 1586 1114 enarrant
1602 1087 1709 1122 gloriam
1730 1087 1792 1120 Dei,

1005 1134 1086 1161 multa
1100 1133 1172 1166 dicit,
1188 1141 1218 1160 ac
1232 1133 1278 1160 Dei
1293 1133 1482 1167 pretidetttiam
1497 1134 1522 1160 in
1535 1140 1621 1160 rerum
1634 1133 1792 1160 naturalium

1005 1178 1098 1205 ordine
1114 1184 1193 1213 atque
1214 1183 1344 1205 cottccntu
1365 1177 1490 1212 praedicat
1505 1186 1511 1204 :
1526 1177 1684 1213 demumquc
1703 1182 1794 1205 monet

1006 1227 1033 1250 ut
1047 1231 1061 1250 a
1075 1223 1232 1258 juratnetttis
1246 1223 1420 1251 abstineatur.

1041 1271 1151 1298 llomilia
1165 1270 1266 1298 decima
1281 1278 1333 1297 non
1350 1270 1393 1297 die
1413 1276 1509 1297 nouam
1530 1270 1684 1304 insequente
1704 1268 1793 1295 habita

1005 1316 1062 1350 fuit,
1078 1317 1138 1344 licet
1152 1317 1220 1343 idem
1237 1321 1410 1351 prosequatur
1423 1321 1607 1350 argumentum
1623 1319 1650 1342 ut
1665 1319 1729 1342 voce
1743 1322 1794 1340 nu~

1005 1371 1058 1398 per,
1072 1362 1210 1389 indicatur.
1226 1361 1396 1389 Auditoribus
1410 1366 1496 1388 autent
1511 1360 1657 1394 gratulatur
1674 1359 1793 1395 Chryso-

1005 1414 1122 1440 stomus,
1141 1408 1211 1443 quod
1232 1408 1339 1434 monitis
1359 1407 1413 1435 suis
1434 1407 1682 1441 obtemperaveriut.
1704 1406 1794 1441 Longe

1005 1454 1098 1481 tnelius
1109 1461 1167 1480 esse
1179 1454 1215 1480 ait
1228 1453 1337 1480 verbum
1351 1453 1451 1485 audire,
1463 1460 1541 1488 qualn
1553 1452 1684 1487 jejunare.
1697 1452 1794 1479 Probat

1004 1499 1099 1527 deinde
1109 1500 1236 1526 mundum
1248 1499 1304 1526 sine
1316 1498 1362 1526 Dei
1374 1499 1536 1533 providentia
1549 1503 1618 1524 stare
1631 1505 1683 1524 tton
1696 1504 1793 1532 posse:

1004 1544 1152 1578 desinitque
1164 1544 1270 1571 demum
1283 1543 1448 1571 cohortando
1461 1548 1487 1570 ttt
1500 1543 1650 1577 juramenta
1667 1543 1791 1569 vitentur.

1039 1589 1179 1616 llontiliam
1194 1589 1360 1616 undecimam
1382 1592 1454 1624 putat
1474 1588 1659 1615 Tillemontius
1676 1587 1793 1614 habitam

1004 1634 1085 1662 fuisse
1099 1639 1158 1669 post
1171 1642 1240 1668 eam,
1257 1642 1314 1670 qua:
1329 1634 1429 1661 decima
1443 1634 1533 1669 quinta
1547 1633 1698 1661 inscribitur
1713 1632 1790 1665 infra,

1003 1687 1106 1708 necnon
1121 1684 1180 1714 post
1194 1684 1346 1714 sequentem
1359 1678 1487 1706 decimam
1501 1684 1613 1706 sextam.
1630 1679 1685 1705 Hoc
1700 1682 1788 1706 autem

1003 1726 1141 1754 ratiocinio
1156 1726 1248 1753 nititur
1261 1726 1305 1752 ille
1318 1733 1324 1751 :
1339 1725 1366 1751 In
1382 1732 1411 1752 ea
1423 1745 1430 1757 ,
1442 1724 1542 1759 inquit,
1556 1724 1662 1751 homilia
1677 1724 1709 1751 de
1721 1724 1793 1759 peris

1003 1772 1070 1800 culis
1090 1776 1116 1799 et
1136 1771 1276 1804 :erntnnis,
1292 1771 1388 1805 quibus
1406 1770 1460 1805 jatn
1482 1770 1568 1797 functa
1588 1770 1680 1797 civitas
1699 1770 1792 1796 Antio-

1004 1818 1087 1845 chena
1102 1823 1172 1850 erat,
1188 1817 1283 1851 agitur,
1301 1825 1359 1851 qua:
1376 1821 1434 1851 post
1450 1816 1591 1843 adventant
1606 1815 1752 1843 Hcllcbichi
1765 1820 1792 1843 et

1004 1863 1111 1890 Cresarii
1133 1862 1260 1889 accidisse
1275 1862 1406 1889 videntur.
1424 1862 1468 1888 llic
1483 1865 1571 1888 autem
1587 1860 1714 1888 adventus
1729 1860 1792 1888 Hel-

1003 1908 1099 1935 lebiclti
1112 1912 1139 1935 ct
1151 1907 1257 1934 Cresarii
1273 1907 1298 1934 in
1312 1907 1421 1934 decima:
1439 1907 1558 1939 septima:
1572 1906 1688 1933 hontilize
1703 1905 1789 1938 titulo,

1003 1955 1079 1988 longe
1094 1959 1151 1988 post
1166 1954 1347 1985 undecimam,
1363 1953 1395 1979 de
1411 1960 1460 1988 qua
1477 1960 1545 1979 nunc
1559 1952 1676 1986 agimus,
1691 1959 1790 1978 memo-

1002 2006 1085 2027 ratur.
1105 2000 1160 2027 lloc
1179 1999 1258 2026 fultus
1272 2004 1428 2033 argumento
1447 1998 1631 2025 Tillcmontius
1644 2005 1696 2024 non
1711 1997 1790 2024 modo

1003 2045 1131 2072 decimam
1152 2045 1285 2079 quiutant,
1306 2044 1352 2071 sed
1372 2045 1451 2071 etiam
1466 2044 1594 2070 decimam
1610 2048 1711 2070 sextam
1729 2048 1790 2070 ante

1002 2092 1167 2119 undecimam
1179 2091 1315 2118 locandam
1326 2098 1384 2118 esse
1395 2094 1477 2125 putat.
1491 2090 1524 2117 At
1536 2095 1709 2125 praeterquam
1720 2089 1789 2124 quod

1002 2145 1093 2165 omnes
1106 2145 1215 2172 prorsus
1229 2136 1396 2171 t'llattuscripti
1410 2135 1531 2163 eutndctn
1546 2143 1622 2170 quem
1636 2135 1705 2162 Editi
1718 2134 1790 2162 ordi-

1003 2191 1062 2210 nent
1074 2188 1179 2210 servant
1192 2191 1239 2210 :ea
1250 2183 1337 2210 omnia
1349 2190 1407 2217 quzt‘
1420 2187 1481 2209 tunc
1492 2182 1618 2216 temporis
1625 2181 1788 2214 acciderunt,

1002 2229 1097 2256 bonatn
1109 2228 1239 2255 interdum
1254 2235 1336 2262 sporn,
1352 2227 1477 2261 pericula,
1492 2227 1612 2260 timores,
1625 2226 1719 2259 atinas,
1731 2234 1790 2260 qua:

1001 2273 1069 2300 bene
1088 2273 1168 2300 multa
1187 2274 1212 2300 in
1235 2273 1290 2307 pari
1307 2279 1370 2300 casu
1391 2279 1495 2307 semper
1513 2272 1666 2306 contingere
1684 2271 1790 2304 solent,

1001 2326 1054 2346 non
1064 2323 1105 2345 sat
1117 2323 1238 2345 accurate
1253 2318 1383 2350 novimus,
1401 2323 1428 2344 ιιι
1442 2325 1474 2344 ex
1490 2317 1639 2353 hujusmodi
1650 2317 1788 2343 ratiocinio

1001 2365 1100 2400 aliquid
1114 2365 1139 2392 in
1157 2365 1250 2392 ordine
1268 2364 1424 2391 tnutandum
1438 2372 1468 2390 ea
1483 2363 1516 2391 de
1528 2371 1606 2390 causa
1621 2370 1787 2390 censeamus.

1002 2410 1080 2438 Multa
1100 2410 1166 2437 dixit
1185 2410 1404 2445 Clttysostomus,
1425 2408 1545 2443 fortoque
1562 2408 1638 2442 longe
1659 2408 1732 2442 plura
1748 2413 1789 2435 ta-

1001 2457 1067 2484 cuit.
1082 2456 1259 2490 Quamobrem
1273 2455 1358 2482 donee
1371 2454 1432 2489 quid
1446 2454 1543 2481 certius
1558 2458 1685 2488 emergat,
1702 2453 1789 2488 prisco

1001 2501 1086 2529 ordini
1100 2500 1223 2528 standum
1238 2504 1369 2534 putamus.
1384 2499 1410 2526 ltt
1424 2499 1472 2526 hac
1485 2498 1564 2533 igitur
1578 2498 1684 2525 ltomilia
1702 2499 1788 2532 primo

1001 2547 1097 2583 gratias
1117 2547 1171 2582 agit
1188 2546 1411 2581 Chrysostomus,
1428 2544 1497 2578 quod
1512 2544 1604 2570 civitas
1618 2544 1651 2570 ab
1669 2543 1788 2570 immisso

1001 2598 1104 2621 terrore
1118 2593 1304 2626 respiraverit;
1320 2599 1351 2618 ex
1366 2590 1469 2625 injectis
1481 2590 1577 2624 quippe
1593 2589 1787 2623 suspicionibus

1001 2639 1133 2674 perterriti
1147 2638 1331 2673 quamplurimi
1346 2637 1499 2671 aufugerunt
1511 2645 1517 2662 :
1531 2635 1583 2662 hoc
1594 2635 1751 2662 calamitatis
1761 2640 1786 2661 et

999 2685 1110 2712 terroris
1122 2689 1252 2718 tempore,
1264 2683 1363 2718 aliquot
1375 2682 1468 2709 diebus
1480 2681 1559 2708 tacuit
1569 2681 1784 2716 Cbrysostomus,

1001 2735 1028 2757 ιιι
1043 2730 1098 2764 ipse
1112 2729 1156 2757 ait.
1175 2729 1247 2756 Hanc
1261 2736 1324 2756 vero
1337 2727 1470 2755 homiliam
1484 2726 1589 2761 conjicit
1603 2726 1785 2753 Tillemontius

1000 2776 1028 2802 in
1043 2775 1133 2802 feriam
1148 2775 1289 2802 secundum
1307 2777 1407 2809 quarta:
1422 2771 1594 2798 hebdomadis
1608 2770 1784 2806 Quadragesi-

1002 2829 1061 2852 mm.
1076 2826 1102 2849 et
1114 2821 1218 2852 quidem
1231 2820 1340 2852 optimc.
1354 2823 1383 2846 ut
1394 2817 1428 2845 ad
1442 2815 1576 2843 homiliam
1589 2816 1718 2844 decimam
1730 2817 1784 2844 tet-'-
