2034 3109
216 123 266 151 119

217 180 278 207 tiam
292 179 421 206 dicemus.
437 176 529 212 Agitur
542 172 673 210 prmcipue
687 180 712 198 In
724 171 773 198 hac
787 170 893 197 humilia
910 170 942 196 de
956 169 1001 196 Dei

215 225 343 260 sapientia
363 224 390 250 in
409 222 523 250 hominis
538 219 740 251 constitutione,
760 222 786 244 et
801 217 825 243 in
847 217 898 243 line
913 216 945 242 dc
962 215 987 242 vi

217 271 295 298 tando
306 270 466 304 juramento.
986 302 989 305 Ι

251 315 439 343 Duodecimam
455 318 518 341 item
532 316 558 340 et
571 311 700 338 decimam
719 309 839 340 tertiam,
855 313 915 343 post
931 307 1004 335 deci-

216 369 285 388 mam
300 360 417 395 quintam
432 363 458 385 et
474 357 602 384 decimam
618 360 719 383 sextam
729 375 735 386 ,
752 353 843 380 eadem
860 359 910 387 qua
924 359 1002 386 supra

215 407 248 433 de
262 413 341 433 causa
355 404 441 438 rejicrt
451 402 645 431 Tillemontius.
660 401 694 427 At
708 400 799 427 nescio
811 406 863 434 quo
877 402 952 433 pacto
964 398 1003 425 in-

215 451 316 485 telligat
329 449 392 476 illud
409 449 434 475 in
450 449 498 475 hac
515 447 622 474 humilia
635 446 790 473 duodecima
805 452 877 471 num.
894 445 907 470 1
925 453 931 471 :
947 442 1004 470 Tri-

216 497 260 522 bus
271 496 346 531 igitur
357 494 488 530 prmteritis
495 492 585 519 diebus
595 499 672 518 unum
686 490 833 525 cognitionis
843 489 891 515 Dei
901 489 1003 515 modum

217 541 399 575 quwrebaums,
414 540 544 573 ipsumque
561 538 587 563 in
602 537 677 571 finem
696 535 844 562 deduximus
855 555 862 567 ,
881 534 1004 568 interpre-

216 592 295 614 tantes
308 586 432 622 quomodo
444 584 506 611 Caeli
519 582 763 617 enarranlgloriam
778 581 824 608 Dei
835 589 842 613 ;
855 585 878 607 ct
888 581 961 615 quale
972 580 1003 606 sit

217 633 294 660 Pauli
308 634 402 659 dictum
412 653 418 664 ,
433 630 577 658 lnvisibilia
592 629 675 663 ipsius
688 635 702 654 a
717 631 839 655 creatura
852 625 942 653 mundi
958 633 1004 659 per

216 688 246 707 ca
257 699 265 712 ,
279 687 338 714 quae
353 678 420 705 facta
437 681 513 709 sunt,
535 675 668 703 intellecta
688 674 885 708 conspiciuntur
899 681 905 700 :
922 676 945 698 ct
960 671 1005 699 de-

216 725 407 752 monstravimus
426 722 550 758 quomodo
567 730 582 748 a
596 725 710 748 creatura
727 720 828 751 mundi.
844 724 866 746 et
881 719 1004 753 quomodo

216 779 260 806 per
271 771 358 798 mlum
372 775 394 797 et
410 774 500 796 terram
511 773 533 795 et
546 776 615 795 mare
628 767 732 794 Creator
745 765 908 801 gloriﬁcatur.
924 763 1005 791 Hodie

216 825 287 849 vero,
302 821 353 844 etc.
370 816 419 843 Hie
437 815 534 842 seriem
549 814 627 841 trium
646 812 812 840 homiliarum
823 832 830 844 ,
845 818 898 846 quo
911 810 1003 838 ordine

217 862 314 890 habitae
326 861 429 889 fuerant
438 865 500 888 ante
508 859 690 888 duodecimam
702 858 778 886 affert
787 858 1002 893 Chrysostomus,

217 915 312 942 nempe
327 915 419 939 nonae,
431 906 541 934 decimze
559 910 586 933 et
605 905 759 932 undecimae.
774 903 802 930 In
818 911 885 930 nona
899 911 972 930 num.
987 902 1004 929 2

216 956 399 986 argumentum
412 951 538 979 orationis
553 951 625 985 ponit
638 949 688 977 hoc
701 949 773 976 Pauli
787 949 897 982 dictum,
912 947 1004 975 Invisi-

216 997 276 1024 bilia
290 997 378 1032 ipsius,
394 1001 465 1029 etc.;
485 996 602 1030 illudque
620 995 796 1026 Psalmorum,
810 994 871 1021 ϐαἸὶ
886 999 1004 1021 enarrant

216 1042 321 1077 gloriam
335 1042 391 1068 Dei.
406 1041 434 1068 In
448 1042 549 1069 decima
565 1041 627 1068 item
641 1048 714 1068 num.
731 1040 748 1067 2
760 1047 788 1067 sc
801 1039 850 1067 hoc
863 1040 948 1074 ipsum
961 1047 1004 1066 ar-

215 1092 369 1123 gumentum
392 1088 514 1122 persequi
534 1087 652 1115 declarat
669 1095 676 1114 :
694 1086 718 1113 in
741 1086 880 1113 undecima
900 1093 1004 1120 quoque

216 1141 290 1161 num.
302 1133 320 1160 2
332 1141 360 1161 se
374 1133 460 1160 eidem
473 1137 628 1168 argumento
639 1132 761 1159 insistere
774 1131 938 1159 testificatur.
951 1134 1004 1158 An-

216 1187 268 1206 non
282 1179 464 1215 Chrysostomi
479 1179 556 1206 dictis
570 1179 622 1204 vim
642 1177 722 1204 infert
735 1177 928 1210 Tillemontius,
944 1184 1003 1204 cum

216 1225 346 1252 decimam
362 1225 430 1251 inter
444 1228 471 1251 ct
485 1224 651 1251 undecimam
671 1223 726 1250 vult
740 1223 860 1250 interseri
875 1222 1004 1249 decimam

216 1272 334 1306 quintam
352 1275 379 1297 et
397 1270 526 1297 decimam
542 1269 664 1296 sextam?
678 1269 704 1296 Id
718 1273 805 1295 autem
822 1269 865 1296 ille
878 1268 1005 1295 subdubi-

218 1317 298 1344 tando
309 1321 408 1343 tantum
421 1316 542 1351 proponit
555 1316 580 1343 in
595 1320 656 1342 nota
669 1315 703 1343 29
717 1315 750 1342 ad
765 1315 849 1342 Vitaxa
862 1315 1004 1342 Theodosii

218 1362 396 1396 Imperatoris,
412 1369 438 1388 n.
453 1361 497 1393 10,
512 1361 541 1387 il
556 1365 582 1387 et
594 1367 680 1395 Seqq.,
694 1359 840 1394 fateturque
853 1367 912 1386 eum
926 1367 1003 1394 quem

217 1414 265 1434 nos
279 1407 416 1434 statuimus
430 1406 549 1433 ordinem
564 1406 636 1433 clare
647 1413 660 1432 a
671 1405 860 1440 Chrysostomo
873 1405 982 1431 indicari
996 1414 1002 1431 :

216 1452 262 1479 sed
276 1452 365 1479 nescio
377 1459 428 1487 quo
439 1456 515 1486 pacto
528 1451 561 1478 ab
573 1451 667 1478 eodem
677 1451 734 1486 ipso
742 1450 835 1477 ordine
847 1455 937 1485 postea
951 1450 1005 1476 dis—

216 1498 301 1525 cedat.
315 1497 445 1525 C.cterum
463 1505 522 1524 cum
536 1496 600 1524 dicit
621 1496 836 1532 Chrysostomus,
850 1497 927 1523 tribus
941 1504 1005 1531 pra:-

217 1544 295 1570 teritis
307 1543 402 1574 diebus,
417 1550 470 1570 non
483 1542 638 1577 intelligitur
650 1542 683 1568 de
699 1542 783 1569 tribus
798 1543 938 1576 postremis
950 1542 1005 1569 die-

217 1589 266 1617 bus
282 1589 307 1615 in
325 1589 419 1623 quibus
439 1589 539 1616 scilicet
558 1589 730 1615 concinnatus
744 1593 810 1614 erat.
825 1588 852 1615 In
871 1588 921 1615 hac
941 1588 1004 1615 item

218 1635 324 1661 homilia
338 1634 504 1666 duodecima,
517 1642 575 1668 qua:
589 1634 676 1661 habita
691 1639 730 1660 est
744 1632 807 1660 feria
820 1633 895 1661 tertia
905 1638 1004 1668 quarta:

218 1679 390 1706 hebdomadis
403 1679 631 1714 Quadragesimm.
647 1679 732 1706 cidem
749 1679 846 1706 insistit
865 1679 1005 1714 hypothesi

218 1723 251 1751 de
264 1724 392 1758 sapientia
403 1724 449 1750 Dei
461 1724 485 1750 in
498 1724 586 1750 mundi
598 1724 703 1757 opiﬁcio
715 1732 722 1749 :
735 1727 824 1757 postea
839 1724 891 1757 agit
904 1723 936 1750 de
947 1723 1005 1757 jure

219 1767 341 1800 naturali,
355 1768 431 1802 cujus
443 1768 620 1802 cognitionem
636 1767 707 1795 Deus
720 1767 819 1795 homini
834 1767 944 1800 indidit,
959 1768 1005 1795 de-

218 1821 269 1848 que
280 1813 431 1848 juramento
444 1813 562 1840 vitando.

256 1859 386 1886 Decimam
401 1859 506 1886 tertiam
519 1858 653 1886 homiliam
664 1859 730 1886 dixit
742 1858 869 1894 postridie
880 1858 1006 1887 duodeci-

219 1912 299 1932 mam.
315 1905 449 1940 Principio
462 1905 560 1940 gratias
575 1905 627 1940 agit
640 1905 694 1933 Deo
709 1905 741 1932 de
755 1910 853 1933 mutata
867 1913 954 1932 rerum
970 1906 1006 1932 fa-

219 1951 270 1984 cie,
284 1951 369 1986 deque
382 1951 486 1978 sublato
497 1955 578 1982 metu.
590 1951 634 1986 qui
644 1955 732 1978 tantus
746 1951 839 1984 fuerat,
848 1956 875 1978 ut
889 1952 1004 1984 civitatis,

219 1995 313 2031 inquit,
327 1997 408 2031 major
420 2005 479 2031 pars
494 2004 546 2030 pra:
561 1997 648 2023 timore
660 2001 683 2023 et
697 1997 888 2023 comminatione
900 1996 946 2024 illa
955 2018 962 2028 ,
973 1997 1006 2023 ad

219 2041 317 2068 deserta
331 2047 354 2069 et
365 2042 449 2075 fauces
460 2042 581 2068 montium
593 2062 600 2074 ,
617 2047 639 2068 et
654 2042 751 2068 occulta
765 2043 876 2069 locorum
890 2043 1007 2069 transmi-

219 2087 336 2122 graverit.
352 2087 417 2114 lline
430 2087 462 2114 de
474 2087 563 2115 multis
577 2087 609 2114 ad
626 2087 738 2114 tribunal
751 2087 885 2119 adductis,
900 2088 933 2115 de
945 2088 1007 2115 hor-

219 2131 289 2158 ribili
304 2132 390 2159 habita
409 2132 547 2159 verberum
569 2137 596 2160 et
617 2132 778 2166 ﬂagellorum
794 2133 940 2168 quaastione
951 2154 958 2165 ,
974 2133 1007 2161 de

220 2178 278 2205 aliis
291 2179 323 2206 ad
336 2179 491 2213 supplicium
505 2179 624 2212 luptatis,
635 2179 669 2206 de
680 2183 764 2206 matre
776 2183 803 2206 et
813 2186 906 2206 sorore
920 2179 1008 2214 cujus-

220 2223 292 2255 dam.
304 2223 337 2251 de
350 2231 402 2258 quo
422 2224 492 2250 intus
504 2224 678 2259 indicabatur,
691 2224 725 2250 ad
740 2223 897 2251 vestibulum
911 2225 935 2251 in
951 2225 1007 2259 pul-

220 2275 282 2296 vere
293 2269 425 2296 volutatis.
440 2269 502 2296 lizee
515 2268 646 2303 pathetice
657 2268 782 2296 describit
792 2268 1006 2304 Chrysostomus,

220 2322 279 2349 qua:
291 2315 380 2348 paucis
391 2318 453 2341 ante
465 2314 567 2346 diebus,
579 2314 679 2341 scilicet
688 2319 828 2348 antequam
841 2314 1005 2342 undecimam

219 2361 374 2388 concionem
389 2360 499 2388 haberet
509 2381 517 2393 ,
533 2365 606 2395 gesta
620 2361 733 2388 fuerant.
749 2360 811 2388 llazc
823 2365 910 2388 autem
925 2360 1008 2387 homi-

220 2405 255 2432 lia
277 2405 364 2433 habita
383 2406 463 2434 fuisse
484 2406 592 2433 omnino
605 2405 708 2433 videtur
722 2405 785 2433 feria
802 2410 894 2440 quarta
908 2405 1008 2433 hebdo-

223 2451 309 2478 madis
321 2457 422 2486 quartze
436 2452 658 2487 Quadragesimaz.
678 2452 825 2480 Prmmissis
837 2457 925 2479 autem
940 2452 1007 2479 bene

222 2497 313 2524 multis
331 2496 364 2523 de
384 2497 533 2525 calamitate
554 2498 737 2530 Antiochena,
758 2497 791 2525 ad
815 2498 953 2532 pristinum
974 2498 1007 2526 de

224 2541 338 2570 hominis
352 2543 458 2577 opilieio
478 2549 661 2579 argumentum
684 2544 841 2576 descendit,
861 2548 889 2571 et
909 2544 1005 2571 cohor-

223 2587 304 2615 tando
316 2587 350 2615 de
366 2595 439 2616 more
453 2589 485 2616 ad
498 2589 647 2624 iuramenta
658 2590 763 2617 vitanda
777 2590 923 2618 orationem
936 2591 1008 2617 clau-

223 2633 271 2661 dit.

260 2679 393 2706 Decimam
424 2684 543 2714 quartam
568 2681 751 2708 Tillemontius
771 2680 909 2708 locandam
935 2685 1008 2715 putat

224 2729 283 2758 post
296 2724 423 2752 decimam
441 2730 559 2753 octavam
571 2747 578 2759 ,
601 2728 649 2753 hac
668 2730 802 2761 permotus
826 2726 929 2753 ratione
944 2735 949 2752 :
966 2725 1008 2753 ln-

226 2769 271 2794 itio
284 2770 319 2796 ait
331 2770 546 2805 Chrysostomus,
563 2770 623 2798 Non
637 2780 726 2806 parum
740 2772 862 2798 civitatem
871 2772 941 2798 nobis
955 2771 1007 2798 lteri

225 2814 338 2841 diabolus
355 2824 375 2849 ιλ
386 2816 511 2849 rturbarit,
527 2817 571 2843 sed
584 2820 608 2843 et
621 2816 685 2843 Deus
700 2824 744 2843 nos
755 2817 840 2843 iterum
853 2824 901 2843 non
918 2824 1005 2851 parum

751 114 777 141 S.
799 113 935 141 JOANNIS
955 111 1188 140 CIIRYSOSTOMI
1209 111 1297 144 VITA,
1797 114 1839 143 120

1057 169 1201 196 consolatus
1212 173 1256 195 est.
1268 168 1331 195 llaec
1343 168 1432 201 verba,
1447 169 1529 203 inquit
1546 169 1590 196 ille
1601 189 1608 201 ,
1625 169 1766 197 adventura.
1782 171 1839 198 llel-

1058 213 1164 246 lcbicbi,
1179 218 1205 240 et
1221 214 1339 240 nuntium
1348 214 1402 247 jam
1414 213 1642 249 Constantinopoli
1655 215 1749 244 adesse
1762 217 1838 253 signi-

1057 258 1144 285 ficant.
1161 258 1258 285 Verum
1278 258 1335 286 haec
1355 259 1509 286 hariolando
1529 259 1661 287 dicuntur.
1677 260 1747 293 Quot
1759 262 1839 296 suslsi-

1056 304 1147 331 ciones
1159 308 1186 330 et
1201 308 1316 331 terrores
1336 305 1470 332 immissos
1483 309 1558 339 putas
1574 306 1746 334 Antiochenis
1758 329 1767 340 ,
1781 307 1838 335 dum

1055 350 1135 376 animi
1151 350 1306 384 penderent,
1318 355 1343 377 et
1354 357 1479 385 quorsum
1489 354 1543 377 tam
1555 350 1667 378 infausta
1681 360 1724 379 res
1733 359 1838 380 evasura

1056 399 1126 422 esset
1149 396 1317 430 ignorarent?
1335 396 1372 423 De
1387 396 1418 423 iis
1433 404 1497 423 vero
1517 397 1663 425 terroribus
1682 399 1840 428 rumoribus-

1056 449 1107 475 que
1131 441 1281 468 ratiocinari
1300 442 1432 476 quomodo
1446 450 1596 478 possumus,
1612 445 1655 479 qui
1669 453 1761 472 eorum
1774 446 1838 474 hzuid

1056 487 1137 514 dubie
1156 489 1296 515 maximam
1313 493 1413 524 partem
1436 490 1604 524 ignoramus;
1619 496 1645 519 et
1659 493 1680 520 si
1701 502 1751 528 qua
1771 495 1828 522 novi

1056 541 1125 566 mus,
1139 533 1174 560 ita
1187 534 1342 569 plerumque
1356 535 1527 571 intelligimus
1537 557 1543 568 ,
1565 541 1593 564 ut
1611 538 1655 564 vix
1674 538 1734 566 inde
1748 547 1838 574 quam-

1056 580 1126 614 piam
1139 583 1228 606 notam
1244 581 1373 614 expiscari
1389 582 1543 615 possimus?
1562 583 1624 610 ﬂare
1637 583 1746 612 homilia
1763 586 1840 613 ferme

1056 628 1110 651 tota
1123 630 1164 652 est
1177 625 1210 652 de
1223 626 1330 653 vitando
1341 627 1500 661 juramento.

1092 671 1224 697 Decimam
1239 672 1356 705 quintam
1371 671 1506 700 homiliam
1522 674 1577 701 vult
1596 674 1783 703 Tillemontius
1798 677 1840 704 ha-

1056 716 1136 743 bitam
1155 715 1236 744 fuisse
1256 717 1325 744 inter
1345 717 1473 745 decimam
1492 724 1518 746 et
1539 720 1722 755 undecimam,
1740 727 1794 749 tum
1809 723 1838 751 ob

1056 769 1148 788 causas
1167 769 1246 797 supra
1268 762 1302 789 ad
1323 763 1489 790 undecimam
1510 770 1690 799 memoratas,
1711 771 1766 794 tum
1783 768 1838 802 quia

1056 806 1260 842 Chrysostomus
1278 808 1316 835 sic
1340 808 1420 836 habet
1433 809 1507 837 initio
1521 819 1527 837 :
1542 810 1676 845 Oportebat
1696 817 1718 839 et
1733 813 1806 839 hodie
1819 819 1838 839 et

1055 852 1184 886 superiore
1203 853 1306 880 sabbato
1321 854 1351 880 de
1365 855 1463 889 jejunio
1478 863 1575 883 movere
1587 865 1733 885 sermonem.
1749 858 1796 886 Ubi
1811 860 1839 886 il-

1056 897 1119 931 lud,
1141 899 1269 933 superiore
1281 920 1288 933 ,
1303 900 1378 935 quasi
1391 906 1461 928 esset
1480 902 1561 936 primo
1580 902 1613 930 de
1631 903 1716 937 primo
1734 905 1839 932 sabbato

1056 945 1285 980 Quadragesimat,
1301 947 1496 975 subdubilando
1515 953 1602 976 tamen
1613 970 1620 982 ,
1641 949 1779 985 intelligit;
1795 952 1838 978 sed

1057 999 1116 1024 nos,
1133 997 1161 1018 nt
1173 996 1200 1019 et
1213 992 1364 1020 Bcrnardus
1377 993 1528 1027 Brixianus,
1543 994 1578 1023 de
1591 996 1727 1030 superiore
1741 996 1796 1024 sive
1809 998 1840 1024 de

1056 1037 1223 1071 prmccdente
1236 1038 1417 1073 intelligimus,
1433 1044 1511 1074 atque
1525 1040 1559 1067 ita
1574 1041 1770 1076 intelligendum
1784 1051 1840 1071 esse

1055 1083 1187 1118 exemplis
1208 1085 1397 1119 comprobatur
1414 1093 1421 1111 :
1441 1086 1593 1121 nullamque
1613 1088 1691 1114 aliam
1710 1088 1838 1123 interponi

1057 1136 1134 1163 posse
1149 1129 1283 1156 homiliam
1297 1130 1366 1158 inter
1376 1130 1505 1158 decimam
1518 1137 1543 1159 et
1554 1132 1721 1160 undecimam
1733 1133 1787 1168 jam
1798 1142 1840 1162 su-

1057 1175 1146 1210 perius
1165 1176 1345 1210 probavimus.
1361 1177 1506 1205 Occasione
1521 1183 1607 1206 metus
1619 1187 1672 1214 quo
1686 1179 1772 1207 allecti
1789 1181 1840 1207 An-

1057 1220 1172 1248 tiocheni
1187 1226 1262 1248 erant
1274 1243 1281 1255 ,
1299 1222 1380 1249 multa
1402 1223 1467 1250 dicit
1489 1223 1522 1251 de
1544 1223 1613 1251 bono
1630 1224 1731 1252 timoris
1748 1234 1754 1252 :
1770 1230 1796 1252 et
1815 1226 1839 1252 in

1056 1265 1109 1293 fine
1120 1271 1210 1293 contra
1224 1267 1343 1302 iurandi,
1358 1268 1391 1295 ab
1403 1268 1515 1303 aliisque
1527 1269 1706 1304 juramentum
1721 1271 1840 1306 exigendi

1056 1312 1274 1340 consuetudinem
1287 1313 1467 1341 concinnatur.

1092 1358 1198 1385 Decima
1213 1364 1286 1386 sexta
1302 1363 1362 1386 tunc
1377 1359 1465 1386 habita
1479 1359 1538 1394 fuit,
1550 1369 1608 1388 cum
1623 1368 1715 1396 sparso
1728 1361 1840 1396 quodam

1056 1402 1122 1430 falso
1136 1403 1229 1430 futura:
1243 1404 1418 1438 populationis
1431 1413 1548 1438 rumore,
1563 1405 1596 1432 de
1609 1406 1668 1440 fuga
1680 1407 1840 1441 capessenda

1057 1455 1149 1475 omnes
1161 1448 1352 1475 deliberabant.
1366 1449 1438 1476 lianc
1450 1450 1528 1476 etiam
1542 1450 1599 1477 loco
1613 1458 1718 1478 movere
1732 1457 1841 1479 conatur

1056 1493 1249 1528 Tillemontius,
1260 1499 1286 1522 et
1300 1495 1367 1522 inter
1377 1494 1506 1523 decimam
1519 1500 1545 1523 et
1557 1496 1720 1523 undecimam
1734 1498 1840 1530 locare;

1056 1539 1127 1574 quod
1142 1544 1240 1572 tamen,
1258 1544 1288 1567 ut
1301 1540 1334 1567 ad
1349 1539 1532 1567 duodecimam
1543 1541 1667 1574 diximus,
1680 1542 1781 1569 admitti
1797 1551 1843 1570 ne-

1057 1585 1121 1619 quit.
1139 1584 1185 1612 His
1201 1592 1280 1619 porro
1295 1585 1387 1612 nititur
1399 1584 1582 1621 Chrysostomi
1599 1587 1686 1614 verbis
1701 1587 1844 1615 Tillemon-

1057 1630 1109 1657 tius
1125 1631 1177 1658 :ait
1187 1630 1215 1658 S.
1230 1630 1323 1658 doctor
1337 1639 1364 1658 n.
1381 1631 1407 1664 6,
1424 1631 1567 1658 Secundam
1578 1633 1843 1668 jejuniiseptimanam

1058 1676 1319 1710 prmlcrivinmsDuas
1325 1684 1388 1711 ergo
1395 1680 1494 1704 tantum
1501 1677 1679 1705 hebdomadas
1686 1680 1844 1713 praeteriisse

1056 1721 1130 1755 dicit,
1147 1722 1216 1757 quod
1232 1722 1334 1750 admitti
1357 1731 1410 1750 non
1435 1731 1512 1758 posse
1528 1724 1658 1756 videatur,
1674 1725 1695 1752 si
1716 1725 1804 1752 locum
1817 1730 1846 1753 ct

1057 1775 1196 1795 numerum
1221 1775 1298 1795 suum
1318 1768 1360 1796 illa
1376 1773 1483 1796 teneat:
1501 1769 1560 1797 ideo
1573 1770 1757 1799 Tillemontius
1772 1772 1844 1798 illam

1056 1813 1116 1839 loco
1130 1812 1286 1840 movendam
1297 1821 1357 1840 esse
1372 1818 1446 1848 putat
1459 1819 1486 1841 et
1498 1814 1566 1841 inter
1578 1814 1707 1842 decimam
1721 1821 1748 1843 et
1762 1816 1847 1844 unde—

1057 1858 1163 1885 eimam.
1177 1857 1234 1886 Non
1249 1866 1326 1893 posse
1342 1859 1413 1886 illam
1425 1860 1493 1887 inter
1503 1860 1631 1887 decimam
1642 1861 1843 1890 etundecimam

1058 1904 1168 1938 reponi,
1181 1904 1235 1938 jam
1250 1905 1370 1939 superius
1385 1904 1522 1939 probatum
1536 1910 1586 1933 est.
1600 1905 1657 1933 Non
1671 1913 1750 1941 posse
1763 1907 1844 1934 etiam

1058 1949 1109 1976 hoc
1129 1950 1155 1976 in
1173 1949 1232 1977 loco
1250 1954 1276 1977 et
1294 1958 1405 1977 numero
1424 1951 1569 1978 consistere
1590 1952 1699 1979 omnino
1717 1952 1823 1980 videtur
1839 1963 1845 1979 :

1059 2001 1119 2020 nam
1134 1994 1156 2020 si
1168 1999 1226 2029 post
1239 1994 1481 2030 secundamjejuuii
1493 1996 1665 2030 septimanam
1681 1997 1770 2024 habita
1786 1998 1845 2031 fuit,

1059 2040 1187 2068 decimam
1209 2041 1311 2068 tertiam
1330 2045 1357 2068 et
1377 2045 1515 2075 sequentes
1531 2042 1675 2076 prmcessit.
1697 2042 1760 2070 [huc
1775 2048 1849 2070 certe

1059 2086 1169 2114 salebris
1185 2091 1246 2113 sunt
1267 2086 1343 2121 plena
1362 2095 1369 2113 :
1388 2090 1546 2121 quapropter
1566 2095 1622 2114 rem
1637 2087 1743 2115 dubiam
1763 2089 1848 2116 relin-

1059 2139 1141 2166 quere
1155 2131 1239 2159 visum
1253 2135 1303 2159 est.
1320 2131 1386 2164 Quid
1407 2132 1428 2158 si
1444 2131 1588 2159 dixerimus
1602 2140 1718 2160 errorem
1735 2134 1850 2162 fortasse

1059 2177 1086 2203 in
1097 2176 1167 2204 hunc
1177 2177 1263 2204 locum
1279 2177 1409 2204 invectum
1419 2183 1479 2204 esse
1492 2184 1506 2204 a
1518 2177 1612 2210 scriba,
1625 2178 1668 2212 qui
1684 2178 1786 2206 literam
1798 2187 1850 2206 nu-

1059 2222 1184 2250 meralem
1194 2234 1208 2256 γ
1220 2229 1268 2257 pro
1279 2223 1353 2250 tertia
1366 2223 1477 2257 positam
1488 2223 1513 2250 in
1524 2227 1547 2255 6,
1562 2223 1588 2250 id
1601 2227 1642 2250 est
1655 2224 1680 2250 in
1692 2225 1849 2257 secundam,

1060 2268 1219 2295 mutaverit?
1239 2267 1268 2295 ln
1287 2268 1336 2296 hac
1351 2269 1477 2296 concione
1492 2268 1634 2303 przcmissis
1647 2269 1803 2304 quibusdam
1816 2270 1852 2297 de

1057 2313 1199 2340 timiditate
1213 2313 1436 2340 Antiochenorum
1447 2334 1454 2346 ,
1469 2313 1554 2348 deque
1565 2314 1717 2348 juramento
1727 2315 1850 2347 vitando,

1060 2364 1243 2394 argumentum
1258 2359 1374 2386 homiliae
1388 2364 1522 2387 mutuatur
1536 2360 1740 2396 Chrysostomns
1754 2369 1786 2389 ex
1808 2362 1853 2389 bis

1060 2405 1132 2432 Pauli
1147 2405 1234 2433 verbis
1248 2414 1254 2432 :
1272 2405 1369 2433 Paulus
1382 2407 1477 2433 vinctus
1486 2406 1548 2433 Jcsu
1560 2406 1654 2434 Christi
1666 2412 1688 2434 et
1700 2407 1853 2436 Timet/tem

1061 2452 1155 2486 frater,
1177 2451 1339 2486 Paulumque
1357 2452 1538 2486 gloriosiorem
1557 2460 1588 2480 ex
1607 2453 1719 2481 vinculis
1735 2453 1853 2481 demon-

1060 2502 1136 2531 strat,
1151 2505 1230 2532 quam
1245 2505 1276 2524 ex
1292 2497 1387 2524 virtute
1399 2498 1596 2526 miraculorum.

1096 2542 1203 2570 Decima
1224 2542 1336 2577 septima
1360 2542 1446 2570 habita
1461 2548 1502 2571 est
1521 2548 1658 2579 postquam
1678 2543 1856 2572 Hellebichus

1059 2589 1182 2625 Magister
1195 2589 1307 2616 militum
1321 2593 1347 2616 et
1361 2588 1489 2617 Ctesarius
1503 2590 1625 2625 Magister
1639 2590 1673 2617 ab
1685 2590 1856 2625 lmperatare

1060 2635 1133 2662 missi
1150 2634 1322 2670 perquisitum
1336 2634 1369 2661 de
1384 2634 1512 2662 seditione
1523 2656 1530 2668 ,
1546 2635 1714 2662 Antiochiam
1732 2635 1857 2663 advene-

1060 2684 1128 2707 rant.
1145 2680 1312 2708 Iicllebiehus
1325 2680 1367 2707 hic
1377 2701 1384 2713 ,
1399 2680 1521 2716 Magister
1533 2682 1649 2715 equitum
1664 2681 1854 2717 peditumque.

1060 2725 1121 2752 alibi
1143 2730 1304 2752 memoratus
1323 2726 1456 2758 occurrit,
1478 2729 1505 2752 et
1523 2726 1631 2760 iustitiae
1649 2726 1856 2761 clementiaeque

1061 2769 1136 2796 laude
1151 2770 1262 2797 celebris
1273 2775 1329 2798 erat
1344 2779 1349 2797 ;
1365 2770 1494 2798 Cretonius
1506 2771 1596 2803 etiam,
1612 2771 1736 2806 Magister
1749 2772 1854 2798 ofﬁcio-

1061 2823 1119 2842 rum
1134 2815 1195 2842 alibi
1209 2815 1302 2850 dictus,
1320 2817 1375 2851 pari
1388 2815 1518 2851 gaudebat
1533 2816 1671 2851 probitatis
1686 2817 1767 2843 fama.
1783 2816 1851 2844 Pro~
