  <div class='ocr_page' id='page_1' title='image "/cluster/home/n/w/nwhite01/storage/ocr_20150623/47-48/njp.32101077772612/160.png"; bbox 0 0 2034 3109; ppageno 0'>
   <div class='ocr_carea' id='block_1_1' title="bbox 182 125 1222 156">
    <p class='ocr_par' dir='ltr' id='par_1_1' title="bbox 182 125 1222 156">
     <span class='ocr_line' id='line_1_1' title="bbox 182 125 1222 156; baseline -0.001 -2"><span class='ocrx_word' id='word_1_1' title='bbox 182 128 227 154; x_wconf 69' lang='grc' dir='ltr'><strong>ίῖΙ</strong></span> <span class='ocrx_word' id='word_1_2' title='bbox 768 127 858 156; x_wconf 74' lang='lat' dir='ltr'><strong>NUNC</strong></span> <span class='ocrx_word' id='word_1_3' title='bbox 877 125 1006 154; x_wconf 73' lang='lat' dir='ltr'><strong>PRIMUM</strong></span> <span class='ocrx_word' id='word_1_4' title='bbox 1026 125 1222 154; x_wconf 70' lang='lat' dir='ltr'><strong>ADORNATA.</strong></span> 
     </span>
    </p>
   </div>
   <div class='ocr_carea' id='block_1_2' title="bbox 181 183 979 220">
    <p class='ocr_par' dir='ltr' id='par_1_2' title="bbox 181 183 979 220">
     <span class='ocr_line' id='line_1_2' title="bbox 181 183 979 220; baseline 0.003 -11"><span class='ocrx_word' id='word_1_5' title='bbox 181 183 300 210; x_wconf 81' lang='lat' dir='ltr'><strong>nuntiata</strong></span> <span class='ocrx_word' id='word_1_6' title='bbox 312 188 402 212; x_wconf 81' lang='lat' dir='ltr'><strong>autem</strong></span> <span class='ocrx_word' id='word_1_7' title='bbox 416 184 466 212; x_wconf 86' lang='lat' dir='ltr'><strong>fuit</strong></span> <span class='ocrx_word' id='word_1_8' title='bbox 476 183 533 212; x_wconf 79' lang='lat' dir='ltr'><strong>luec</strong></span> <span class='ocrx_word' id='word_1_9' title='bbox 543 183 650 212; x_wconf 86' lang='lat' dir='ltr'><strong>homilia</strong></span> <span class='ocrx_word' id='word_1_10' title='bbox 663 191 724 212; x_wconf 91' lang='lat' dir='ltr'><strong>cum</strong></span> <span class='ocrx_word' id='word_1_11' title='bbox 739 184 896 212; x_wconf 84' lang='lat' dir='ltr'><strong>Anliocheni</strong></span> <span class='ocrx_word' id='word_1_12' title='bbox 911 191 979 220; x_wconf 83' lang='lat' dir='ltr'><strong>pene</strong></span> 
     </span>
    </p>
   </div>
   <div class='ocr_carea' id='block_1_3' title="bbox 180 229 979 264">
    <p class='ocr_par' dir='ltr' id='par_1_3' title="bbox 180 229 979 264">
     <span class='ocr_line' id='line_1_3' title="bbox 180 229 979 264; baseline 0 -7"><span class='ocrx_word' id='word_1_13' title='bbox 180 236 194 257; x_wconf 74' lang='grc' dir='ltr'>α</span> <span class='ocrx_word' id='word_1_14' title='bbox 206 234 280 256; x_wconf 88' lang='lat' dir='ltr'><strong>metu</strong></span> <span class='ocrx_word' id='word_1_15' title='bbox 294 229 370 258; x_wconf 84' lang='lat' dir='ltr'><strong>liberi</strong></span> <span class='ocrx_word' id='word_1_16' title='bbox 386 235 486 258; x_wconf 87' lang='lat' dir='ltr'><strong>essent.</strong></span> <span class='ocrx_word' id='word_1_17' title='bbox 503 230 652 264; x_wconf 83' lang='lat' dir='ltr'><strong>Innumero,</strong></span> <span class='ocrx_word' id='word_1_18' title='bbox 665 231 700 258; x_wconf 86' lang='lat' dir='ltr'><strong>ait</strong></span> <span class='ocrx_word' id='word_1_19' title='bbox 711 231 755 258; x_wconf 85' lang='lat' dir='ltr'><strong>ille</strong></span> <span class='ocrx_word' id='word_1_20' title='bbox 765 239 838 258; x_wconf 91' lang='lat' dir='ltr'><strong>num.</strong></span> <span class='ocrx_word' id='word_1_21' title='bbox 850 230 878 263; x_wconf 79' lang='lat'><strong>‘2,</strong></span> <span class='ocrx_word' id='word_1_22' title='bbox 891 239 979 264; x_wconf 74' lang='lat' dir='ltr'><strong>exspe-</strong></span> 
     </span>
    </p>
   </div>
   <div class='ocr_carea' id='block_1_4' title="bbox 181 275 979 311">
    <p class='ocr_par' dir='ltr' id='par_1_4' title="bbox 181 275 979 311">
     <span class='ocr_line' id='line_1_4' title="bbox 181 275 979 311; baseline 0.003 -11"><span class='ocrx_word' id='word_1_23' title='bbox 181 275 302 302; x_wconf 65' lang='lat' dir='ltr'><strong>ctavimus</strong></span> <span class='ocrx_word' id='word_1_24' title='bbox 317 275 404 308; x_wconf 85' lang='lat' dir='ltr'><strong>malo;</strong></span> <span class='ocrx_word' id='word_1_25' title='bbox 418 277 529 303; x_wconf 87' lang='lat' dir='ltr'><strong>omnium</strong></span> <span class='ocrx_word' id='word_1_26' title='bbox 539 277 672 311; x_wconf 68' lang='lat' dir='ltr'><strong>facultates</strong></span> <span class='ocrx_word' id='word_1_27' title='bbox 682 277 808 311; x_wconf 82' lang='lat' dir='ltr'><strong>direptum</strong></span> <span class='ocrx_word' id='word_1_28' title='bbox 822 277 864 308; x_wconf 85' lang='lat' dir='ltr'><strong>iri,</strong></span> <span class='ocrx_word' id='word_1_29' title='bbox 881 276 979 303; x_wconf 82' lang='lat' dir='ltr'><strong>habito-</strong></span> 
     </span>
    </p>
   </div>
   <div class='ocr_carea' id='block_1_5' title="bbox 180 321 978 354">
    <p class='ocr_par' dir='ltr' id='par_1_5' title="bbox 180 321 978 354">
     <span class='ocr_line' id='line_1_5' title="bbox 180 321 978 354; baseline 0 -6"><span class='ocrx_word' id='word_1_30' title='bbox 180 321 238 348; x_wconf 82' lang='lat' dir='ltr'><strong>cula</strong></span> <span class='ocrx_word' id='word_1_31' title='bbox 251 329 310 347; x_wconf 84' lang='lat' dir='ltr'><strong>cum</strong></span> <span class='ocrx_word' id='word_1_32' title='bbox 324 321 495 349; x_wconf 63' lang='lat' dir='ltr'><strong>[militantibus</strong></span> <span class='ocrx_word' id='word_1_33' title='bbox 509 322 677 349; x_wconf 75' lang='lat' dir='ltr'><strong>coniburcnda</strong></span> <span class='ocrx_word' id='word_1_34' title='bbox 691 343 697 354; x_wconf 89' lang='lat'><strong>,</strong></span> <span class='ocrx_word' id='word_1_35' title='bbox 713 322 836 348; x_wconf 75' lang='lat' dir='ltr'><strong>ciuitatem</strong></span> <span class='ocrx_word' id='word_1_36' title='bbox 852 321 883 348; x_wconf 86' lang='lat' dir='ltr'><strong>de</strong></span> <span class='ocrx_word' id='word_1_37' title='bbox 897 322 978 348; x_wconf 75' lang='lat' dir='ltr'><strong>modio</strong></span> 
     </span>
    </p>
   </div>
   <div class='ocr_carea' id='block_1_6' title="bbox 182 367 979 404">
    <p class='ocr_par' dir='ltr' id='par_1_6' title="bbox 182 367 979 404">
     <span class='ocr_line' id='line_1_6' title="bbox 182 367 979 404; baseline 0.003 -11"><span class='ocrx_word' id='word_1_38' title='bbox 182 367 319 394; x_wconf 80' lang='lat' dir='ltr'><strong>tollendam</strong></span> <span class='ocrx_word' id='word_1_39' title='bbox 334 368 403 401; x_wconf 81' lang='lat' dir='ltr'><strong>orbe,</strong></span> <span class='ocrx_word' id='word_1_40' title='bbox 418 373 442 395; x_wconf 87' lang='lat' dir='ltr'><strong>et</strong></span> <span class='ocrx_word' id='word_1_41' title='bbox 453 369 530 403; x_wconf 72' lang='lat' dir='ltr'><strong>ipsius</strong></span> <span class='ocrx_word' id='word_1_42' title='bbox 542 369 660 403; x_wconf 79' lang='lat' dir='ltr'><strong>reliquias</strong></span> <span class='ocrx_word' id='word_1_43' title='bbox 671 377 755 395; x_wconf 83' lang='lat' dir='ltr'><strong>omnes</strong></span> <span class='ocrx_word' id='word_1_44' title='bbox 769 369 902 404; x_wconf 76' lang='lat' dir='ltr'><strong>perituros,</strong></span> <span class='ocrx_word' id='word_1_45' title='bbox 919 375 979 395; x_wconf 82' lang='lat' dir='ltr'><strong>ora-</strong></span> 
     </span>
    </p>
   </div>
   <div class='ocr_carea' id='block_1_7' title="bbox 183 413 979 447">
    <p class='ocr_par' dir='ltr' id='par_1_7' title="bbox 183 413 979 447">
     <span class='ocr_line' id='line_1_7' title="bbox 183 413 979 447; baseline 0.003 -9"><span class='ocrx_word' id='word_1_46' title='bbox 183 418 246 438; x_wconf 86' lang='lat' dir='ltr'><strong>trum</strong></span> <span class='ocrx_word' id='word_1_47' title='bbox 260 413 341 447; x_wconf 68' lang='lat' dir='ltr'><strong>ipsius</strong></span> <span class='ocrx_word' id='word_1_48' title='bbox 353 418 448 440; x_wconf 81' lang='lat' dir='ltr'><strong>terram</strong></span> <span class='ocrx_word' id='word_1_49' title='bbox 460 414 615 441; x_wconf 81' lang='lat' dir='ltr'><strong>sulcaturum</strong></span> <span class='ocrx_word' id='word_1_50' title='bbox 629 423 690 441; x_wconf 77' lang='lat' dir='ltr'><strong>esse.</strong></span> <span class='ocrx_word' id='word_1_51' title='bbox 705 415 756 442; x_wconf 72' lang='lat' dir='ltr'><strong>Sed</strong></span> <span class='ocrx_word' id='word_1_52' title='bbox 766 422 822 441; x_wconf 75' lang='lat' dir='ltr'><strong>ecce</strong></span> <span class='ocrx_word' id='word_1_53' title='bbox 830 415 882 441; x_wconf 73' lang='lat' dir='ltr'><strong>lum:</strong></span> <span class='ocrx_word' id='word_1_54' title='bbox 894 414 979 440; x_wconf 81' lang='lat' dir='ltr'><strong>omnia</strong></span> 
     </span>
    </p>
   </div>
   <div class='ocr_carea' id='block_1_8' title="bbox 183 457 979 495">
    <p class='ocr_par' dir='ltr' id='par_1_8' title="bbox 183 457 979 495">
     <span class='ocr_line' id='line_1_8' title="bbox 183 457 979 495; baseline 0.005 -12"><span class='ocrx_word' id='word_1_55' title='bbox 183 457 248 483; x_wconf 86' lang='lat' dir='ltr'><strong>intra</strong></span> <span class='ocrx_word' id='word_1_56' title='bbox 257 459 470 493; x_wconf 63' lang='lat' dir='ltr'><strong>exspectationem</strong></span> <span class='ocrx_word' id='word_1_57' title='bbox 479 464 574 486; x_wconf 82' lang='lat' dir='ltr'><strong>tantum</strong></span> <span class='ocrx_word' id='word_1_58' title='bbox 583 465 714 492; x_wconf 63' lang='lat' dir='ltr'><strong>steterunt,</strong></span> <span class='ocrx_word' id='word_1_59' title='bbox 724 466 746 487; x_wconf 89' lang='lat' dir='ltr'><strong>et</strong></span> <span class='ocrx_word' id='word_1_60' title='bbox 756 460 782 487; x_wconf 84' lang='lat' dir='ltr'><strong>in</strong></span> <span class='ocrx_word' id='word_1_61' title='bbox 790 469 853 495; x_wconf 78' lang='lat' dir='ltr'><strong>opus</strong></span> <span class='ocrx_word' id='word_1_62' title='bbox 861 469 910 487; x_wconf 88' lang='lat' dir='ltr'><strong>non</strong></span> <span class='ocrx_word' id='word_1_63' title='bbox 919 469 979 495; x_wconf 85' lang='lat' dir='ltr'><strong>pra-</strong></span> 
     </span>
    </p>
   </div>
   <div class='ocr_carea' id='block_1_9' title="bbox 183 504 978 540">
    <p class='ocr_par' dir='ltr' id='par_1_9' title="bbox 183 504 978 540">
     <span class='ocr_line' id='line_1_9' title="bbox 183 504 978 540; baseline 0.006 -11"><span class='ocrx_word' id='word_1_64' title='bbox 183 508 318 530; x_wconf 63' lang='lat' dir='ltr'><strong>ctsserunt.</strong></span> <span class='ocrx_word' id='word_1_65' title='bbox 335 504 390 531; x_wconf 89' lang='lat' dir='ltr'><strong>Sub</strong></span> <span class='ocrx_word' id='word_1_66' title='bbox 402 505 459 532; x_wconf 73' lang='lat' dir='ltr'><strong>lucc</strong></span> <span class='ocrx_word' id='word_1_67' title='bbox 473 510 561 532; x_wconf 84' lang='lat' dir='ltr'><strong>narrat</strong></span> <span class='ocrx_word' id='word_1_68' title='bbox 574 505 707 540; x_wconf 85' lang='lat' dir='ltr'><strong>quomodo</strong></span> <span class='ocrx_word' id='word_1_69' title='bbox 719 506 841 534; x_wconf 84' lang='lat' dir='ltr'><strong>monachi</strong></span> <span class='ocrx_word' id='word_1_70' title='bbox 855 514 887 533; x_wconf 82' lang='lat' dir='ltr'><strong>ex</strong></span> <span class='ocrx_word' id='word_1_71' title='bbox 900 514 978 534; x_wconf 88' lang='lat' dir='ltr'><strong>mon-</strong></span> 
     </span>
    </p>
   </div>
   <div class='ocr_carea' id='block_1_10' title="bbox 185 549 976 587">
    <p class='ocr_par' dir='ltr' id='par_1_10' title="bbox 185 549 976 587">
     <span class='ocr_line' id='line_1_10' title="bbox 185 549 976 587; baseline 0.006 -13"><span class='ocrx_word' id='word_1_72' title='bbox 185 549 253 575; x_wconf 87' lang='lat' dir='ltr'><strong>tibus</strong></span> <span class='ocrx_word' id='word_1_73' title='bbox 269 551 437 577; x_wconf 72' lang='lat' dir='ltr'><strong>Antiochiam</strong></span> <span class='ocrx_word' id='word_1_74' title='bbox 453 551 656 586; x_wconf 81' lang='lat' dir='ltr'><strong>descenderint,</strong></span> <span class='ocrx_word' id='word_1_75' title='bbox 671 556 700 579; x_wconf 89' lang='lat' dir='ltr'><strong>ut</strong></span> <span class='ocrx_word' id='word_1_76' title='bbox 712 552 815 587; x_wconf 79' lang='lat' dir='ltr'><strong>judiccs</strong></span> <span class='ocrx_word' id='word_1_77' title='bbox 832 552 976 587; x_wconf 84' lang='lat' dir='ltr'><strong>placarent,</strong></span> 
     </span>
    </p>
   </div>
   <div class='ocr_carea' id='block_1_11' title="bbox 184 594 978 631">
    <p class='ocr_par' dir='ltr' id='par_1_11' title="bbox 184 594 978 631">
     <span class='ocr_line' id='line_1_11' title="bbox 184 594 978 631; baseline 0.005 -10"><span class='ocrx_word' id='word_1_78' title='bbox 184 594 245 621; x_wconf 90' lang='lat' dir='ltr'><strong>dum</strong></span> <span class='ocrx_word' id='word_1_79' title='bbox 262 595 367 622; x_wconf 90' lang='lat' dir='ltr'><strong>interim</strong></span> <span class='ocrx_word' id='word_1_80' title='bbox 380 596 530 631; x_wconf 79' lang='lat' dir='ltr'><strong>philosophi</strong></span> <span class='ocrx_word' id='word_1_81' title='bbox 545 605 638 624; x_wconf 90' lang='lat' dir='ltr'><strong>omnes</strong></span> <span class='ocrx_word' id='word_1_82' title='bbox 658 597 743 625; x_wconf 72' lang='lat' dir='ltr'><strong>Grteci</strong></span> <span class='ocrx_word' id='word_1_83' title='bbox 760 598 853 625; x_wconf 93' lang='lat' dir='ltr'><strong>urbem</strong></span> <span class='ocrx_word' id='word_1_84' title='bbox 868 598 978 626; x_wconf 86' lang='lat' dir='ltr'><strong>desere-</strong></span> 
     </span>
    </p>
   </div>
   <div class='ocr_carea' id='block_1_12' title="bbox 185 644 977 680">
    <p class='ocr_par' dir='ltr' id='par_1_12' title="bbox 185 644 977 680">
     <span class='ocr_line' id='line_1_12' title="bbox 185 644 977 680; baseline 0.009 -13"><span class='ocrx_word' id='word_1_85' title='bbox 185 646 242 668; x_wconf 88' lang='lat' dir='ltr'><strong>rent</strong></span> <span class='ocrx_word' id='word_1_86' title='bbox 255 650 260 667; x_wconf 90' lang='lat'>:</span> <span class='ocrx_word' id='word_1_87' title='bbox 275 650 328 677; x_wconf 88' lang='lat' dir='ltr'><strong>quo</strong></span> <span class='ocrx_word' id='word_1_88' title='bbox 348 647 426 677; x_wconf 91' lang='lat' dir='ltr'><strong>pacto</strong></span> <span class='ocrx_word' id='word_1_89' title='bbox 441 644 520 671; x_wconf 89' lang='lat' dir='ltr'><strong>etiam</strong></span> <span class='ocrx_word' id='word_1_90' title='bbox 540 645 693 672; x_wconf 82' lang='lat' dir='ltr'><strong>sacerdotes</strong></span> <span class='ocrx_word' id='word_1_91' title='bbox 711 645 735 672; x_wconf 94' lang='lat' dir='ltr'><strong>in</strong></span> <span class='ocrx_word' id='word_1_92' title='bbox 757 647 868 680; x_wconf 79' lang='lat' dir='ltr'><strong>gratiam</strong></span> <span class='ocrx_word' id='word_1_93' title='bbox 890 646 977 680; x_wconf 79' lang='lat' dir='ltr'><strong>populi</strong></span> 
     </span>
    </p>
   </div>
   <div class='ocr_carea' id='block_1_13' title="bbox 184 690 976 726">
    <p class='ocr_par' dir='ltr' id='par_1_13' title="bbox 184 690 976 726">
     <span class='ocr_line' id='line_1_13' title="bbox 184 690 976 726; baseline 0.006 -13"><span class='ocrx_word' id='word_1_94' title='bbox 184 692 294 715; x_wconf 86' lang='lat' dir='ltr'><strong>strenue</strong></span> <span class='ocrx_word' id='word_1_95' title='bbox 309 697 365 715; x_wconf 87' lang='lat' dir='ltr'><strong>rem</strong></span> <span class='ocrx_word' id='word_1_96' title='bbox 377 690 509 724; x_wconf 71' lang='lat' dir='ltr'><strong>geSSerint</strong></span> <span class='ocrx_word' id='word_1_97' title='bbox 524 699 531 717; x_wconf 73' lang='grc' dir='ltr'><strong>ε</strong></span> <span class='ocrx_word' id='word_1_98' title='bbox 546 698 637 725; x_wconf 77' lang='lat' dir='ltr'><strong>ptenas</strong></span> <span class='ocrx_word' id='word_1_99' title='bbox 652 691 686 718; x_wconf 87' lang='lat' dir='ltr'><strong>ab</strong></span> <span class='ocrx_word' id='word_1_100' title='bbox 696 691 858 726; x_wconf 87' lang='lat' dir='ltr'><strong>lmpcratore</strong></span> <span class='ocrx_word' id='word_1_101' title='bbox 869 691 976 718; x_wconf 90' lang='lat' dir='ltr'><strong>demum</strong></span> 
     </span>
    </p>
   </div>
   <div class='ocr_carea' id='block_1_14' title="bbox 185 733 977 772">
    <p class='ocr_par' dir='ltr' id='par_1_14' title="bbox 185 733 977 772">
     <span class='ocr_line' id='line_1_14' title="bbox 185 733 977 772; baseline 0.008 -12"><span class='ocrx_word' id='word_1_102' title='bbox 185 733 313 769; x_wconf 82' lang='lat' dir='ltr'><strong>irrogatas</strong></span> <span class='ocrx_word' id='word_1_103' title='bbox 324 756 331 767; x_wconf 93' lang='lat'><strong>,</strong></span> <span class='ocrx_word' id='word_1_104' title='bbox 349 735 421 763; x_wconf 74' lang='lat' dir='ltr'><strong>leves</strong></span> <span class='ocrx_word' id='word_1_105' title='bbox 437 736 640 772; x_wconf 79' lang='lat' dir='ltr'><strong>tolerabilesquc</strong></span> <span class='ocrx_word' id='word_1_106' title='bbox 651 745 720 770; x_wconf 86' lang='lat' dir='ltr'><strong>esse,</strong></span> <span class='ocrx_word' id='word_1_107' title='bbox 734 745 820 772; x_wconf 86' lang='lat' dir='ltr'><strong>neque</strong></span> <span class='ocrx_word' id='word_1_108' title='bbox 833 737 977 766; x_wconf 87' lang='lat' dir='ltr'><strong>dolendum</strong></span> 
     </span>
    </p>
   </div>
   <div class='ocr_carea' id='block_1_15' title="bbox 184 780 977 819">
    <p class='ocr_par' dir='ltr' id='par_1_15' title="bbox 184 780 977 819">
     <span class='ocr_line' id='line_1_15' title="bbox 184 780 977 819; baseline 0.006 -12"><span class='ocrx_word' id='word_1_109' title='bbox 184 780 205 807; x_wconf 89' lang='lat' dir='ltr'><strong>si</strong></span> <span class='ocrx_word' id='word_1_110' title='bbox 221 781 375 808; x_wconf 76' lang='lat' dir='ltr'><strong>orchestram</strong></span> <span class='ocrx_word' id='word_1_111' title='bbox 391 787 413 809; x_wconf 82' lang='lat' dir='ltr'><strong>ct</strong></span> <span class='ocrx_word' id='word_1_112' title='bbox 426 782 517 809; x_wconf 69' lang='lat' dir='ltr'><strong>balnea</strong></span> <span class='ocrx_word' id='word_1_113' title='bbox 531 784 682 815; x_wconf 77' lang='lat' dir='ltr'><strong>occluserit,</strong></span> <span class='ocrx_word' id='word_1_114' title='bbox 698 791 729 810; x_wconf 83' lang='lat' dir='ltr'><strong>ac</strong></span> <span class='ocrx_word' id='word_1_115' title='bbox 743 784 921 819; x_wconf 85' lang='lat' dir='ltr'><strong>metropoleos</strong></span> <span class='ocrx_word' id='word_1_116' title='bbox 936 785 977 811; x_wconf 84' lang='lat' dir='ltr'><strong>di-</strong></span> 
     </span>
    </p>
   </div>
   <div class='ocr_carea' id='block_1_16' title="bbox 183 827 979 860">
    <p class='ocr_par' dir='ltr' id='par_1_16' title="bbox 183 827 979 860">
     <span class='ocr_line' id='line_1_16' title="bbox 183 827 979 860; baseline 0.009 -9"><span class='ocrx_word' id='word_1_117' title='bbox 183 827 309 860; x_wconf 78' lang='lat' dir='ltr'><strong>gnitatem</strong></span> <span class='ocrx_word' id='word_1_118' title='bbox 323 828 357 855; x_wconf 85' lang='lat' dir='ltr'><strong>ab</strong></span> <span class='ocrx_word' id='word_1_119' title='bbox 371 829 436 855; x_wconf 87' lang='lat' dir='ltr'><strong>urbe</strong></span> <span class='ocrx_word' id='word_1_120' title='bbox 450 829 598 856; x_wconf 72' lang='lat' dir='ltr'><strong>Antiochia:</strong></span> <span class='ocrx_word' id='word_1_121' title='bbox 613 830 760 857; x_wconf 70' lang='lat' dir='ltr'><strong>sustulerit.</strong></span> <span class='ocrx_word' id='word_1_122' title='bbox 777 830 872 858; x_wconf 76' lang='lat' dir='ltr'><strong>Veram</strong></span> <span class='ocrx_word' id='word_1_123' title='bbox 885 831 979 858; x_wconf 78' lang='lat' dir='ltr'><strong>Antio-</strong></span> 
     </span>
    </p>
   </div>
   <div class='ocr_carea' id='block_1_17' title="bbox 183 872 977 912">
    <p class='ocr_par' dir='ltr' id='par_1_17' title="bbox 183 872 977 912">
     <span class='ocr_line' id='line_1_17' title="bbox 183 872 977 912; baseline 0.008 -14"><span class='ocrx_word' id='word_1_124' title='bbox 183 872 249 899; x_wconf 75' lang='lat' dir='ltr'><strong>chio:</strong></span> <span class='ocrx_word' id='word_1_125' title='bbox 259 873 416 907; x_wconf 82' lang='lat' dir='ltr'><strong>dignitatem</strong></span> <span class='ocrx_word' id='word_1_126' title='bbox 430 882 502 907; x_wconf 83' lang='lat' dir='ltr'><strong>esse,</strong></span> <span class='ocrx_word' id='word_1_127' title='bbox 520 874 590 909; x_wconf 88' lang='lat' dir='ltr'><strong>quod</strong></span> <span class='ocrx_word' id='word_1_128' title='bbox 602 875 628 902; x_wconf 92' lang='lat' dir='ltr'><strong>in</strong></span> <span class='ocrx_word' id='word_1_129' title='bbox 643 883 672 902; x_wconf 87' lang='lat' dir='ltr'><strong>ea</strong></span> <span class='ocrx_word' id='word_1_130' title='bbox 684 875 804 911; x_wconf 84' lang='lat' dir='ltr'><strong>discipuli</strong></span> <span class='ocrx_word' id='word_1_131' title='bbox 814 876 912 904; x_wconf 82' lang='lat' dir='ltr'><strong>Christi</strong></span> <span class='ocrx_word' id='word_1_132' title='bbox 923 877 977 912; x_wconf 86' lang='lat' dir='ltr'><strong>pri-</strong></span> 
     </span>
    </p>
   </div>
   <div class='ocr_carea' id='block_1_18' title="bbox 183 919 978 956">
    <p class='ocr_par' dir='ltr' id='par_1_18' title="bbox 183 919 978 956">
     <span class='ocr_line' id='line_1_18' title="bbox 183 919 978 956; baseline 0.008 -11"><span class='ocrx_word' id='word_1_133' title='bbox 183 927 253 946; x_wconf 82' lang='lat' dir='ltr'><strong>mum</strong></span> <span class='ocrx_word' id='word_1_134' title='bbox 269 919 412 947; x_wconf 82' lang='lat' dir='ltr'><strong>Christiani</strong></span> <span class='ocrx_word' id='word_1_135' title='bbox 425 921 478 948; x_wconf 90' lang='lat' dir='ltr'><strong>sint</strong></span> <span class='ocrx_word' id='word_1_136' title='bbox 489 921 583 954; x_wconf 74' lang='lat' dir='ltr'><strong>vocali,</strong></span> <span class='ocrx_word' id='word_1_137' title='bbox 595 925 622 948; x_wconf 86' lang='lat' dir='ltr'><strong>et</strong></span> <span class='ocrx_word' id='word_1_138' title='bbox 630 922 701 956; x_wconf 89' lang='lat' dir='ltr'><strong>quod</strong></span> <span class='ocrx_word' id='word_1_139' title='bbox 711 923 868 950; x_wconf 81' lang='lat' dir='ltr'><strong>Antiocheni</strong></span> <span class='ocrx_word' id='word_1_140' title='bbox 879 924 978 951; x_wconf 78' lang='lat' dir='ltr'><strong>sanctis</strong></span> 
     </span>
    </p>
   </div>
   <div class='ocr_carea' id='block_1_19' title="bbox 182 964 977 1002">
    <p class='ocr_par' dir='ltr' id='par_1_19' title="bbox 182 964 977 1002">
     <span class='ocr_line' id='line_1_19' title="bbox 182 964 977 1002; baseline 0.006 -11"><span class='ocrx_word' id='word_1_141' title='bbox 182 964 414 1000; x_wconf 70' lang='lat' dir='ltr'><strong>Jerosolymitauis</strong></span> <span class='ocrx_word' id='word_1_142' title='bbox 425 967 492 993; x_wconf 86' lang='lat' dir='ltr'><strong>fame</strong></span> <span class='ocrx_word' id='word_1_143' title='bbox 504 966 684 994; x_wconf 88' lang='lat' dir='ltr'><strong>laborantibus</strong></span> <span class='ocrx_word' id='word_1_144' title='bbox 695 975 772 1002; x_wconf 85' lang='lat' dir='ltr'><strong>opem</strong></span> <span class='ocrx_word' id='word_1_145' title='bbox 788 968 912 996; x_wconf 85' lang='lat' dir='ltr'><strong>tulerint:</strong></span> <span class='ocrx_word' id='word_1_146' title='bbox 925 977 977 996; x_wconf 91' lang='lat' dir='ltr'><strong>non</strong></span> 
     </span>
    </p>
   </div>
   <div class='ocr_carea' id='block_1_20' title="bbox 182 1010 978 1046">
    <p class='ocr_par' dir='ltr' id='par_1_20' title="bbox 182 1010 978 1046">
     <span class='ocr_line' id='line_1_20' title="bbox 182 1010 978 1046; baseline 0.008 -10"><span class='ocrx_word' id='word_1_147' title='bbox 182 1010 389 1044; x_wconf 75' lang='lat' dir='ltr'><strong>magnitudinem</strong></span> <span class='ocrx_word' id='word_1_148' title='bbox 401 1032 407 1044; x_wconf 86' lang='lat'><strong>,</strong></span> <span class='ocrx_word' id='word_1_149' title='bbox 432 1011 479 1039; x_wconf 91' lang='lat' dir='ltr'><strong>sed</strong></span> <span class='ocrx_word' id='word_1_150' title='bbox 496 1012 619 1046; x_wconf 84' lang='lat' dir='ltr'><strong>pietatem</strong></span> <span class='ocrx_word' id='word_1_151' title='bbox 638 1013 716 1040; x_wconf 79' lang='lat' dir='ltr'><strong>nrbes</strong></span> <span class='ocrx_word' id='word_1_152' title='bbox 731 1021 870 1042; x_wconf 87' lang='lat' dir='ltr'><strong>exornare.</strong></span> <span class='ocrx_word' id='word_1_153' title='bbox 884 1014 912 1041; x_wconf 94' lang='lat' dir='ltr'><strong>In</strong></span> <span class='ocrx_word' id='word_1_154' title='bbox 925 1015 978 1042; x_wconf 84' lang='lat' dir='ltr'><strong>fine</strong></span> 
     </span>
    </p>
   </div>
   <div class='ocr_carea' id='block_1_21' title="bbox 176 1057 978 1094">
    <p class='ocr_par' dir='ltr' id='par_1_21' title="bbox 176 1057 978 1094">
     <span class='ocr_line' id='line_1_21' title="bbox 176 1057 978 1094; baseline 0.006 -11"><span class='ocrx_word' id='word_1_155' title='bbox 176 1062 269 1084; x_wconf 81' lang='lat' dir='ltr'><strong>autem</strong></span> <span class='ocrx_word' id='word_1_156' title='bbox 281 1057 355 1090; x_wconf 90' lang='lat' dir='ltr'><strong>dicit,</strong></span> <span class='ocrx_word' id='word_1_157' title='bbox 367 1058 434 1085; x_wconf 87' lang='lat' dir='ltr'><strong>alios</strong></span> <span class='ocrx_word' id='word_1_158' title='bbox 443 1058 529 1085; x_wconf 89' lang='lat' dir='ltr'><strong>adhuc</strong></span> <span class='ocrx_word' id='word_1_159' title='bbox 541 1059 566 1086; x_wconf 90' lang='lat' dir='ltr'><strong>in</strong></span> <span class='ocrx_word' id='word_1_160' title='bbox 577 1067 684 1087; x_wconf 88' lang='lat' dir='ltr'><strong>carcere</strong></span> <span class='ocrx_word' id='word_1_161' title='bbox 697 1059 805 1094; x_wconf 77' lang='lat' dir='ltr'><strong>degere,</strong></span> <span class='ocrx_word' id='word_1_162' title='bbox 817 1061 883 1088; x_wconf 87' lang='lat' dir='ltr'><strong>alios</strong></span> <span class='ocrx_word' id='word_1_163' title='bbox 896 1061 921 1088; x_wconf 89' lang='lat' dir='ltr'><strong>in</strong></span> <span class='ocrx_word' id='word_1_164' title='bbox 932 1069 978 1088; x_wconf 76' lang='lat' dir='ltr'><strong>cx-</strong></span> 
     </span>
    </p>
   </div>
   <div class='ocr_carea' id='block_1_22' title="bbox 176 1103 977 1135">
    <p class='ocr_par' dir='ltr' id='par_1_22' title="bbox 176 1103 977 1135">
     <span class='ocr_line' id='line_1_22' title="bbox 176 1103 977 1135; baseline 0.006 -6"><span class='ocrx_word' id='word_1_165' title='bbox 176 1103 268 1130; x_wconf 84' lang='lat' dir='ltr'><strong>silium</strong></span> <span class='ocrx_word' id='word_1_166' title='bbox 290 1104 435 1132; x_wconf 85' lang='lat' dir='ltr'><strong>mittendos</strong></span> <span class='ocrx_word' id='word_1_167' title='bbox 459 1112 528 1132; x_wconf 83' lang='lat' dir='ltr'><strong>esse.</strong></span> <span class='ocrx_word' id='word_1_168' title='bbox 552 1105 625 1133; x_wconf 83' lang='lat' dir='ltr'><strong>lianc</strong></span> <span class='ocrx_word' id='word_1_169' title='bbox 641 1105 776 1133; x_wconf 88' lang='lat' dir='ltr'><strong>homiliam</strong></span> <span class='ocrx_word' id='word_1_170' title='bbox 792 1107 977 1135; x_wconf 87' lang='lat' dir='ltr'><strong>Tillemoutins</strong></span> 
     </span>
    </p>
   </div>
   <div class='ocr_carea' id='block_1_23' title="bbox 176 1150 978 1188">
    <p class='ocr_par' dir='ltr' id='par_1_23' title="bbox 176 1150 978 1188">
     <span class='ocr_line' id='line_1_23' title="bbox 176 1150 978 1188; baseline 0.006 -13"><span class='ocrx_word' id='word_1_171' title='bbox 176 1150 284 1177; x_wconf 90' lang='lat' dir='ltr'><strong>confert</strong></span> <span class='ocrx_word' id='word_1_172' title='bbox 298 1151 322 1177; x_wconf 94' lang='lat' dir='ltr'><strong>in</strong></span> <span class='ocrx_word' id='word_1_173' title='bbox 345 1151 539 1179; x_wconf 87' lang='lat' dir='ltr'><strong>hebdomadcm</strong></span> <span class='ocrx_word' id='word_1_174' title='bbox 556 1157 676 1187; x_wconf 90' lang='lat' dir='ltr'><strong>quartam</strong></span> <span class='ocrx_word' id='word_1_175' title='bbox 690 1152 903 1188; x_wconf 66' lang='lat' dir='ltr'><strong>thdrngcsima‘.</strong></span> <span class='ocrx_word' id='word_1_176' title='bbox 919 1159 978 1188; x_wconf 90' lang='lat' dir='ltr'><strong>post</strong></span> 
     </span>
    </p>
   </div>
   <div class='ocr_carea' id='block_1_24' title="bbox 175 1191 976 1230">
    <p class='ocr_par' dir='ltr' id='par_1_24' title="bbox 175 1191 976 1230">
     <span class='ocr_line' id='line_1_24' title="bbox 175 1191 976 1230; baseline 0.005 -11"><span class='ocrx_word' id='word_1_177' title='bbox 175 1191 276 1220; x_wconf 83' lang='lat' dir='ltr'><strong>feriam</strong></span> <span class='ocrx_word' id='word_1_178' title='bbox 289 1199 421 1227; x_wconf 83' lang='lat' dir='ltr'><strong>quartam,</strong></span> <span class='ocrx_word' id='word_1_179' title='bbox 437 1194 484 1221; x_wconf 88' lang='lat' dir='ltr'><strong>sed</strong></span> <span class='ocrx_word' id='word_1_180' title='bbox 499 1202 532 1221; x_wconf 79' lang='lat' dir='ltr'><strong>ex</strong></span> <span class='ocrx_word' id='word_1_181' title='bbox 545 1195 696 1229; x_wconf 87' lang='lat' dir='ltr'><strong>conjectura</strong></span> <span class='ocrx_word' id='word_1_182' title='bbox 712 1200 823 1222; x_wconf 88' lang='lat' dir='ltr'><strong>tantum.</strong></span> <span class='ocrx_word' id='word_1_183' title='bbox 840 1195 976 1230; x_wconf 78' lang='lat' dir='ltr'><strong>Metropo-</strong></span> 
     </span>
    </p>
   </div>
   <div class='ocr_carea' id='block_1_25' title="bbox 173 1239 978 1274">
    <p class='ocr_par' dir='ltr' id='par_1_25' title="bbox 173 1239 978 1274">
     <span class='ocr_line' id='line_1_25' title="bbox 173 1239 978 1274; baseline 0.006 -9"><span class='ocrx_word' id='word_1_184' title='bbox 173 1239 240 1266; x_wconf 82' lang='lat' dir='ltr'><strong>leos</strong></span> <span class='ocrx_word' id='word_1_185' title='bbox 268 1246 328 1266; x_wconf 67' lang='lat' dir='ltr'><strong>Vero</strong></span> <span class='ocrx_word' id='word_1_186' title='bbox 358 1239 475 1274; x_wconf 84' lang='lat' dir='ltr'><strong>dignitas</strong></span> <span class='ocrx_word' id='word_1_187' title='bbox 498 1241 625 1267; x_wconf 84' lang='lat' dir='ltr'><strong>translata</strong></span> <span class='ocrx_word' id='word_1_188' title='bbox 651 1241 698 1268; x_wconf 89' lang='lat' dir='ltr'><strong>fuit</strong></span> <span class='ocrx_word' id='word_1_189' title='bbox 718 1241 858 1268; x_wconf 82' lang='lat' dir='ltr'><strong>Antiochia</strong></span> <span class='ocrx_word' id='word_1_190' title='bbox 884 1242 978 1270; x_wconf 88' lang='lat' dir='ltr'><strong>Laodi-</strong></span> 
     </span>
    </p>
   </div>
   <div class='ocr_carea' id='block_1_26' title="bbox 171 1285 767 1319">
    <p class='ocr_par' dir='ltr' id='par_1_26' title="bbox 171 1285 767 1319">
     <span class='ocr_line' id='line_1_26' title="bbox 171 1285 767 1319; baseline 0.007 -9"><span class='ocrx_word' id='word_1_191' title='bbox 171 1291 267 1317; x_wconf 78' lang='lat' dir='ltr'><strong>ceam,</strong></span> <span class='ocrx_word' id='word_1_192' title='bbox 277 1285 410 1312; x_wconf 78' lang='lat' dir='ltr'><strong>referente</strong></span> <span class='ocrx_word' id='word_1_193' title='bbox 425 1285 594 1313; x_wconf 87' lang='lat' dir='ltr'><strong>Thcodoreto</strong></span> <span class='ocrx_word' id='word_1_194' title='bbox 608 1287 625 1312; x_wconf 91' lang='grc' dir='ltr'><strong>Ι.</strong></span> <span class='ocrx_word' id='word_1_195' title='bbox 641 1287 668 1319; x_wconf 83' lang='lat'><strong>5,</strong></span> <span class='ocrx_word' id='word_1_196' title='bbox 682 1294 707 1314; x_wconf 92' lang='lat' dir='ltr'><strong>c.</strong></span> <span class='ocrx_word' id='word_1_197' title='bbox 723 1287 767 1314; x_wconf 79' lang='lat' dir='ltr'><strong>l9.</strong></span> 
     </span>
    </p>
   </div>
   <div class='ocr_carea' id='block_1_27' title="bbox 211 1330 976 1368">
    <p class='ocr_par' dir='ltr' id='par_1_27' title="bbox 211 1330 976 1368">
     <span class='ocr_line' id='line_1_27' title="bbox 211 1330 976 1368; baseline 0.007 -12"><span class='ocrx_word' id='word_1_198' title='bbox 211 1330 323 1357; x_wconf 86' lang='lat' dir='ltr'><strong>Decima</strong></span> <span class='ocrx_word' id='word_1_199' title='bbox 337 1336 430 1358; x_wconf 88' lang='lat' dir='ltr'><strong>octava</strong></span> <span class='ocrx_word' id='word_1_200' title='bbox 447 1331 555 1359; x_wconf 81' lang='lat' dir='ltr'><strong>humilia</strong></span> <span class='ocrx_word' id='word_1_201' title='bbox 571 1337 630 1366; x_wconf 88' lang='lat' dir='ltr'><strong>post</strong></span> <span class='ocrx_word' id='word_1_202' title='bbox 644 1332 783 1360; x_wconf 89' lang='lat' dir='ltr'><strong>dimidium</strong></span> <span class='ocrx_word' id='word_1_203' title='bbox 797 1333 891 1368; x_wconf 86' lang='lat' dir='ltr'><strong>jcjunii</strong></span> <span class='ocrx_word' id='word_1_204' title='bbox 906 1333 976 1361; x_wconf 87' lang='lat' dir='ltr'><strong>dicta</strong></span> 
     </span>
    </p>
   </div>
   <div class='ocr_carea' id='block_1_28' title="bbox 170 1375 978 1413">
    <p class='ocr_par' dir='ltr' id='par_1_28' title="bbox 170 1375 978 1413">
     <span class='ocr_line' id='line_1_28' title="bbox 170 1375 978 1413; baseline 0.006 -11"><span class='ocrx_word' id='word_1_205' title='bbox 170 1375 234 1408; x_wconf 83' lang='lat' dir='ltr'><strong>fuit,</strong></span> <span class='ocrx_word' id='word_1_206' title='bbox 254 1382 282 1403; x_wconf 93' lang='lat' dir='ltr'><strong>ut</strong></span> <span class='ocrx_word' id='word_1_207' title='bbox 297 1377 331 1403; x_wconf 84' lang='lat' dir='ltr'><strong>ait</strong></span> <span class='ocrx_word' id='word_1_208' title='bbox 348 1377 422 1404; x_wconf 83' lang='lat' dir='ltr'><strong>initio</strong></span> <span class='ocrx_word' id='word_1_209' title='bbox 434 1377 651 1413; x_wconf 73' lang='lat' dir='ltr'><strong>Chrysostomus.</strong></span> <span class='ocrx_word' id='word_1_210' title='bbox 670 1378 746 1405; x_wconf 86' lang='lat' dir='ltr'><strong>Putat</strong></span> <span class='ocrx_word' id='word_1_211' title='bbox 759 1386 822 1406; x_wconf 75' lang='lat' dir='ltr'><strong>vero</strong></span> <span class='ocrx_word' id='word_1_212' title='bbox 833 1379 978 1407; x_wconf 89' lang='lat' dir='ltr'><strong>Tillemon-</strong></span> 
     </span>
    </p>
   </div>
   <div class='ocr_carea' id='block_1_29' title="bbox 172 1423 978 1461">
    <p class='ocr_par' dir='ltr' id='par_1_29' title="bbox 172 1423 978 1461">
     <span class='ocr_line' id='line_1_29' title="bbox 172 1423 978 1461; baseline 0.006 -12"><span class='ocrx_word' id='word_1_213' title='bbox 172 1423 225 1450; x_wconf 89' lang='lat' dir='ltr'><strong>tins</strong></span> <span class='ocrx_word' id='word_1_214' title='bbox 241 1423 316 1449; x_wconf 83' lang='lat' dir='ltr'><strong>illam</strong></span> <span class='ocrx_word' id='word_1_215' title='bbox 333 1424 358 1450; x_wconf 88' lang='lat' dir='ltr'><strong>in</strong></span> <span class='ocrx_word' id='word_1_216' title='bbox 374 1424 538 1452; x_wconf 82' lang='lat' dir='ltr'><strong>Dominicam</strong></span> <span class='ocrx_word' id='word_1_217' title='bbox 554 1427 671 1460; x_wconf 89' lang='lat' dir='ltr'><strong>quintam</strong></span> <span class='ocrx_word' id='word_1_218' title='bbox 685 1425 901 1461; x_wconf 78' lang='lat' dir='ltr'><strong>Quadragesima:</strong></span> <span class='ocrx_word' id='word_1_219' title='bbox 916 1434 978 1461; x_wconf 90' lang='lat' dir='ltr'><strong>pro—</strong></span> 
     </span>
    </p>
   </div>
   <div class='ocr_carea' id='block_1_30' title="bbox 168 1468 976 1507">
    <p class='ocr_par' dir='ltr' id='par_1_30' title="bbox 168 1468 976 1507">
     <span class='ocr_line' id='line_1_30' title="bbox 168 1468 976 1507; baseline 0.005 -12"><span class='ocrx_word' id='word_1_220' title='bbox 168 1468 304 1495; x_wconf 82' lang='lat' dir='ltr'><strong>babiliter</strong></span> <span class='ocrx_word' id='word_1_221' title='bbox 313 1469 407 1502; x_wconf 74' lang='lat' dir='ltr'><strong>conjici</strong></span> <span class='ocrx_word' id='word_1_222' title='bbox 420 1477 508 1504; x_wconf 69' lang='lat' dir='ltr'><strong>posse.</strong></span> <span class='ocrx_word' id='word_1_223' title='bbox 524 1470 617 1504; x_wconf 78' lang='lat' dir='ltr'><strong>Agitur</strong></span> <span class='ocrx_word' id='word_1_224' title='bbox 632 1478 711 1505; x_wconf 92' lang='lat' dir='ltr'><strong>porro</strong></span> <span class='ocrx_word' id='word_1_225' title='bbox 724 1471 757 1498; x_wconf 84' lang='lat' dir='ltr'><strong>de</strong></span> <span class='ocrx_word' id='word_1_226' title='bbox 768 1479 830 1498; x_wconf 84' lang='lat' dir='ltr'><strong>vera</strong></span> <span class='ocrx_word' id='word_1_227' title='bbox 839 1472 976 1507; x_wconf 81' lang='lat' dir='ltr'><strong>jejunandi</strong></span> 
     </span>
    </p>
   </div>
   <div class='ocr_carea' id='block_1_31' title="bbox 166 1515 976 1550">
    <p class='ocr_par' dir='ltr' id='par_1_31' title="bbox 166 1515 976 1550">
     <span class='ocr_line' id='line_1_31' title="bbox 166 1515 976 1550; baseline 0.006 -9"><span class='ocrx_word' id='word_1_228' title='bbox 166 1516 280 1542; x_wconf 70' lang='lat' dir='ltr'><strong>ratione</strong></span> <span class='ocrx_word' id='word_1_229' title='bbox 291 1535 300 1546; x_wconf 80' lang='lat'><strong>,</strong></span> <span class='ocrx_word' id='word_1_230' title='bbox 317 1515 349 1542; x_wconf 89' lang='lat' dir='ltr'><strong>de</strong></span> <span class='ocrx_word' id='word_1_231' title='bbox 361 1515 513 1543; x_wconf 69' lang='lat' dir='ltr'><strong>dititiarum</strong></span> <span class='ocrx_word' id='word_1_232' title='bbox 525 1520 678 1550; x_wconf 86' lang='lat' dir='ltr'><strong>contemptu</strong></span> <span class='ocrx_word' id='word_1_233' title='bbox 687 1538 694 1548; x_wconf 85' lang='lat'><strong>,</strong></span> <span class='ocrx_word' id='word_1_234' title='bbox 708 1516 742 1544; x_wconf 92' lang='lat' dir='ltr'><strong>de</strong></span> <span class='ocrx_word' id='word_1_235' title='bbox 759 1517 866 1545; x_wconf 77' lang='lat' dir='ltr'><strong>tristitia</strong></span> <span class='ocrx_word' id='word_1_236' title='bbox 879 1525 976 1546; x_wconf 86' lang='lat' dir='ltr'><strong>secun-</strong></span> 
     </span>
    </p>
   </div>
   <div class='ocr_carea' id='block_1_32' title="bbox 165 1562 421 1593">
    <p class='ocr_par' dir='ltr' id='par_1_32' title="bbox 165 1562 421 1593">
     <span class='ocr_line' id='line_1_32' title="bbox 165 1562 421 1593; baseline 0.004 -5"><span class='ocrx_word' id='word_1_237' title='bbox 165 1562 231 1588; x_wconf 73' lang='lat' dir='ltr'><strong>dtnn</strong></span> <span class='ocrx_word' id='word_1_238' title='bbox 253 1563 354 1593; x_wconf 76' lang='lat' dir='ltr'><strong>“eum,</strong></span> <span class='ocrx_word' id='word_1_239' title='bbox 369 1567 421 1589; x_wconf 86' lang='lat' dir='ltr'><strong>etc.</strong></span> 
     </span>
    </p>
   </div>
   <div class='ocr_carea' id='block_1_33' title="bbox 202 1608 976 1638">
    <p class='ocr_par' dir='ltr' id='par_1_33' title="bbox 202 1608 976 1638">
     <span class='ocr_line' id='line_1_33' title="bbox 202 1608 976 1638; baseline 0.004 -3"><span class='ocrx_word' id='word_1_240' title='bbox 202 1609 349 1635; x_wconf 77' lang='lat' dir='ltr'><strong>Hactenus</strong></span> <span class='ocrx_word' id='word_1_241' title='bbox 372 1609 397 1636; x_wconf 91' lang='lat' dir='ltr'><strong>in</strong></span> <span class='ocrx_word' id='word_1_242' title='bbox 416 1608 586 1636; x_wconf 84' lang='lat' dir='ltr'><strong>homiliarum</strong></span> <span class='ocrx_word' id='word_1_243' title='bbox 608 1617 720 1637; x_wconf 89' lang='lat' dir='ltr'><strong>numero</strong></span> <span class='ocrx_word' id='word_1_244' title='bbox 733 1614 760 1637; x_wconf 91' lang='lat' dir='ltr'><strong>et</strong></span> <span class='ocrx_word' id='word_1_245' title='bbox 775 1609 869 1638; x_wconf 82' lang='lat' dir='ltr'><strong>ordine</strong></span> <span class='ocrx_word' id='word_1_246' title='bbox 884 1609 976 1638; x_wconf 81' lang='lat' dir='ltr'><strong>Savilii</strong></span> 
     </span>
    </p>
   </div>
   <div class='ocr_carea' id='block_1_34' title="bbox 159 1654 976 1690">
    <p class='ocr_par' dir='ltr' id='par_1_34' title="bbox 159 1654 976 1690">
     <span class='ocr_line' id='line_1_34' title="bbox 159 1654 976 1690; baseline 0.004 -9"><span class='ocrx_word' id='word_1_247' title='bbox 159 1660 190 1681; x_wconf 83' lang='lat' dir='ltr'><strong>et</strong></span> <span class='ocrx_word' id='word_1_248' title='bbox 212 1654 368 1682; x_wconf 84' lang='lat' dir='ltr'><strong>Frontonis</strong></span> <span class='ocrx_word' id='word_1_249' title='bbox 396 1655 483 1682; x_wconf 59' lang='lat' dir='ltr'><strong>Ducti</strong></span> <span class='ocrx_word' id='word_1_250' title='bbox 507 1655 641 1683; x_wconf 76' lang='lat' dir='ltr'><strong>Editioues</strong></span> <span class='ocrx_word' id='word_1_251' title='bbox 664 1661 792 1690; x_wconf 82' lang='lat' dir='ltr'><strong>sequutus</strong></span> <span class='ocrx_word' id='word_1_252' title='bbox 815 1664 896 1689; x_wconf 92' lang='lat' dir='ltr'><strong>sum;</strong></span> <span class='ocrx_word' id='word_1_253' title='bbox 923 1657 976 1684; x_wconf 90' lang='lat' dir='ltr'><strong>imo</strong></span> 
     </span>
    </p>
   </div>
   <div class='ocr_carea' id='block_1_35' title="bbox 159 1700 975 1737">
    <p class='ocr_par' dir='ltr' id='par_1_35' title="bbox 159 1700 975 1737">
     <span class='ocr_line' id='line_1_35' title="bbox 159 1700 975 1737; baseline 0.004 -10"><span class='ocrx_word' id='word_1_254' title='bbox 159 1702 246 1728; x_wconf 85' lang='lat' dir='ltr'><strong>etiam</strong></span> <span class='ocrx_word' id='word_1_255' title='bbox 265 1700 405 1728; x_wconf 88' lang='lat' dir='ltr'><strong>decimam</strong></span> <span class='ocrx_word' id='word_1_256' title='bbox 422 1709 519 1728; x_wconf 86' lang='lat' dir='ltr'><strong>nonam</strong></span> <span class='ocrx_word' id='word_1_257' title='bbox 529 1702 698 1729; x_wconf 89' lang='lat' dir='ltr'><strong>continenter</strong></span> <span class='ocrx_word' id='word_1_258' title='bbox 711 1703 797 1737; x_wconf 91' lang='lat' dir='ltr'><strong>posui,</strong></span> <span class='ocrx_word' id='word_1_259' title='bbox 811 1703 975 1730; x_wconf 87' lang='lat' dir='ltr'><strong>Tillemontii</strong></span> 
     </span>
    </p>
   </div>
   <div class='ocr_carea' id='block_1_36' title="bbox 158 1748 975 1785">
    <p class='ocr_par' dir='ltr' id='par_1_36' title="bbox 158 1748 975 1785">
     <span class='ocr_line' id='line_1_36' title="bbox 158 1748 975 1785; baseline 0.004 -11"><span class='ocrx_word' id='word_1_260' title='bbox 158 1749 291 1783; x_wconf 88' lang='lat' dir='ltr'><strong>opinioni</strong></span> <span class='ocrx_word' id='word_1_261' title='bbox 309 1748 507 1783; x_wconf 84' lang='lat' dir='ltr'><strong>adstipulatus,</strong></span> <span class='ocrx_word' id='word_1_262' title='bbox 523 1749 566 1783; x_wconf 87' lang='lat' dir='ltr'><strong>qui</strong></span> <span class='ocrx_word' id='word_1_263' title='bbox 584 1749 652 1776; x_wconf 91' lang='lat' dir='ltr'><strong>inter</strong></span> <span class='ocrx_word' id='word_1_264' title='bbox 663 1749 913 1785; x_wconf 81' lang='lat' dir='ltr'><strong>Quadragesimales</strong></span> <span class='ocrx_word' id='word_1_265' title='bbox 927 1750 975 1777; x_wconf 85' lang='lat' dir='ltr'><strong>de-</strong></span> 
     </span>
    </p>
   </div>
   <div class='ocr_carea' id='block_1_37' title="bbox 155 1794 974 1829">
    <p class='ocr_par' dir='ltr' id='par_1_37' title="bbox 155 1794 974 1829">
     <span class='ocr_line' id='line_1_37' title="bbox 155 1794 974 1829; baseline 0.002 -8"><span class='ocrx_word' id='word_1_266' title='bbox 155 1795 261 1821; x_wconf 87' lang='lat' dir='ltr'><strong>cimam</strong></span> <span class='ocrx_word' id='word_1_267' title='bbox 287 1802 392 1821; x_wconf 88' lang='lat' dir='ltr'><strong>nonam</strong></span> <span class='ocrx_word' id='word_1_268' title='bbox 415 1799 443 1821; x_wconf 83' lang='lat' dir='ltr'><strong>et.</strong></span> <span class='ocrx_word' id='word_1_269' title='bbox 463 1794 519 1828; x_wconf 87' lang='lat' dir='ltr'><strong>ipse</strong></span> <span class='ocrx_word' id='word_1_270' title='bbox 541 1795 642 1829; x_wconf 85' lang='lat' dir='ltr'><strong>putavit.</strong></span> <span class='ocrx_word' id='word_1_271' title='bbox 660 1796 864 1823; x_wconf 87' lang='lat' dir='ltr'><strong>accenscndam.</strong></span> <span class='ocrx_word' id='word_1_272' title='bbox 878 1795 974 1823; x_wconf 83' lang='lat' dir='ltr'><strong>Verum</strong></span> 
     </span>
    </p>
   </div>
   <div class='ocr_carea' id='block_1_38' title="bbox 152 1839 975 1876">
    <p class='ocr_par' dir='ltr' id='par_1_38' title="bbox 152 1839 975 1876">
     <span class='ocr_line' id='line_1_38' title="bbox 152 1839 975 1876; baseline 0.002 -10"><span class='ocrx_word' id='word_1_273' title='bbox 152 1846 252 1875; x_wconf 68' lang='lat' dir='ltr'><strong>postea</strong></span> <span class='ocrx_word' id='word_1_274' title='bbox 272 1839 407 1868; x_wconf 82' lang='lat' dir='ltr'><strong>secundis</strong></span> <span class='ocrx_word' id='word_1_275' title='bbox 422 1840 494 1867; x_wconf 91' lang='lat' dir='ltr'><strong>curis</strong></span> <span class='ocrx_word' id='word_1_276' title='bbox 507 1841 623 1875; x_wconf 85' lang='lat' dir='ltr'><strong>comperi</strong></span> <span class='ocrx_word' id='word_1_277' title='bbox 637 1840 707 1867; x_wconf 84' lang='lat' dir='ltr'><strong>illam</strong></span> <span class='ocrx_word' id='word_1_278' title='bbox 722 1841 767 1868; x_wconf 83' lang='lat' dir='ltr'><strong>ditt</strong></span> <span class='ocrx_word' id='word_1_279' title='bbox 782 1846 843 1876; x_wconf 87' lang='lat' dir='ltr'><strong>post</strong></span> <span class='ocrx_word' id='word_1_280' title='bbox 857 1841 957 1868; x_wconf 85' lang='lat' dir='ltr'><strong>Pascha</strong></span> <span class='ocrx_word' id='word_1_281' title='bbox 967 1862 975 1873; x_wconf 86' lang='lat'><strong>,</strong></span> 
     </span>
    </p>
   </div>
   <div class='ocr_carea' id='block_1_39' title="bbox 152 1886 972 1920">
    <p class='ocr_par' dir='ltr' id='par_1_39' title="bbox 152 1886 972 1920">
     <span class='ocr_line' id='line_1_39' title="bbox 152 1886 972 1920; baseline 0.002 -8"><span class='ocrx_word' id='word_1_282' title='bbox 152 1887 309 1914; x_wconf 78' lang='lat' dir='ltr'><strong>Dmninica</strong></span> <span class='ocrx_word' id='word_1_283' title='bbox 336 1893 433 1920; x_wconf 90' lang='lat' dir='ltr'><strong>nempe</strong></span> <span class='ocrx_word' id='word_1_284' title='bbox 449 1890 510 1913; x_wconf 87' lang='lat' dir='ltr'><strong>ante</strong></span> <span class='ocrx_word' id='word_1_285' title='bbox 530 1886 721 1914; x_wconf 80' lang='lat' dir='ltr'><strong>Ascensionem</strong></span> <span class='ocrx_word' id='word_1_286' title='bbox 735 1887 838 1914; x_wconf 90' lang='lat' dir='ltr'><strong>Domini</strong></span> <span class='ocrx_word' id='word_1_287' title='bbox 854 1887 972 1914; x_wconf 80' lang='lat' dir='ltr'><strong>habitam</strong></span> 
     </span>
    </p>
   </div>
   <div class='ocr_carea' id='block_1_40' title="bbox 148 1932 974 1968">
    <p class='ocr_par' dir='ltr' id='par_1_40' title="bbox 148 1932 974 1968">
     <span class='ocr_line' id='line_1_40' title="bbox 148 1932 974 1968; baseline 0 -8"><span class='ocrx_word' id='word_1_288' title='bbox 148 1933 259 1965; x_wconf 58' lang='lat' dir='ltr'><strong>fuism,</strong></span> <span class='ocrx_word' id='word_1_289' title='bbox 285 1937 323 1960; x_wconf 90' lang='lat' dir='ltr'><strong>ut</strong></span> <span class='ocrx_word' id='word_1_290' title='bbox 345 1933 426 1959; x_wconf 86' lang='lat' dir='ltr'><strong>etiam</strong></span> <span class='ocrx_word' id='word_1_291' title='bbox 449 1932 475 1959; x_wconf 91' lang='lat' dir='ltr'><strong>in</strong></span> <span class='ocrx_word' id='word_1_292' title='bbox 495 1932 572 1959; x_wconf 87' lang='lat' dir='ltr'><strong>titulo</strong></span> <span class='ocrx_word' id='word_1_293' title='bbox 592 1932 694 1966; x_wconf 87' lang='lat' dir='ltr'><strong>fertur,</strong></span> <span class='ocrx_word' id='word_1_294' title='bbox 719 1940 815 1968; x_wconf 85' lang='lat' dir='ltr'><strong>nempe</strong></span> <span class='ocrx_word' id='word_1_295' title='bbox 837 1933 974 1960; x_wconf 83' lang='lat' dir='ltr'><strong>Dominica</strong></span> 
     </span>
    </p>
   </div>
   <div class='ocr_carea' id='block_1_41' title="bbox 145 1978 976 2014">
    <p class='ocr_par' dir='ltr' id='par_1_41' title="bbox 145 1978 976 2014">
     <span class='ocr_line' id='line_1_41' title="bbox 145 1978 976 2014; baseline 0.001 -8"><span class='ocrx_word' id='word_1_296' title='bbox 145 1988 190 2010; x_wconf 73' lang='grc' dir='ltr'><strong>τῆς</strong></span> <span class='ocrx_word' id='word_1_297' title='bbox 206 1983 405 2011; x_wconf 68' lang='grc' dir='ltr'><strong>ἕπιτωξςμένης</strong></span> <span class='ocrx_word' id='word_1_298' title='bbox 419 1998 427 2007; x_wconf 90' lang='grc'><strong>.</strong></span> <span class='ocrx_word' id='word_1_299' title='bbox 449 1986 509 2012; x_wconf 61' lang='lat' dir='ltr'><strong>quae</strong></span> <span class='ocrx_word' id='word_1_300' title='bbox 525 1978 688 2005; x_wconf 86' lang='lat' dir='ltr'><strong>Dominicam</strong></span> <span class='ocrx_word' id='word_1_301' title='bbox 704 1979 822 2013; x_wconf 88' lang='lat' dir='ltr'><strong>quintam</strong></span> <span class='ocrx_word' id='word_1_302' title='bbox 844 1984 905 2014; x_wconf 84' lang='lat' dir='ltr'><strong>post</strong></span> <span class='ocrx_word' id='word_1_303' title='bbox 926 1979 976 2007; x_wconf 84' lang='lat' dir='ltr'><strong>Pa-</strong></span> 
     </span>
    </p>
   </div>
   <div class='ocr_carea' id='block_1_42' title="bbox 142 2024 976 2060">
    <p class='ocr_par' dir='ltr' id='par_1_42' title="bbox 142 2024 976 2060">
     <span class='ocr_line' id='line_1_42' title="bbox 142 2024 976 2060; baseline 0 -7"><span class='ocrx_word' id='word_1_304' title='bbox 142 2027 225 2059; x_wconf 84' lang='lat' dir='ltr'><strong>scha,</strong></span> <span class='ocrx_word' id='word_1_305' title='bbox 240 2026 310 2053; x_wconf 77' lang='lat' dir='ltr'><strong>sive</strong></span> <span class='ocrx_word' id='word_1_306' title='bbox 330 2024 502 2050; x_wconf 82' lang='lat' dir='ltr'><strong>Duminicam</strong></span> <span class='ocrx_word' id='word_1_307' title='bbox 513 2028 574 2051; x_wconf 88' lang='lat' dir='ltr'><strong>ante</strong></span> <span class='ocrx_word' id='word_1_308' title='bbox 587 2025 780 2052; x_wconf 80' lang='lat' dir='ltr'><strong>Ascensionem</strong></span> <span class='ocrx_word' id='word_1_309' title='bbox 794 2025 934 2060; x_wconf 83' lang='lat' dir='ltr'><strong>signiﬁcat,</strong></span> <span class='ocrx_word' id='word_1_310' title='bbox 947 2029 976 2053; x_wconf 85' lang='lat' dir='ltr'><strong>ut</strong></span> 
     </span>
    </p>
   </div>
   <div class='ocr_carea' id='block_1_43' title="bbox 141 2069 976 2106">
    <p class='ocr_par' dir='ltr' id='par_1_43' title="bbox 141 2069 976 2106">
     <span class='ocr_line' id='line_1_43' title="bbox 141 2069 976 2106; baseline -0.001 -7"><span class='ocrx_word' id='word_1_311' title='bbox 141 2073 178 2100; x_wconf 80' lang='lat' dir='ltr'><strong>ait</strong></span> <span class='ocrx_word' id='word_1_312' title='bbox 193 2073 255 2100; x_wconf 85' lang='lat' dir='ltr'><strong>Leo</strong></span> <span class='ocrx_word' id='word_1_313' title='bbox 268 2070 414 2099; x_wconf 83' lang='lat' dir='ltr'><strong>Allatius.</strong></span> <span class='ocrx_word' id='word_1_314' title='bbox 424 2069 477 2097; x_wconf 88' lang='lat' dir='ltr'><strong>Sed</strong></span> <span class='ocrx_word' id='word_1_315' title='bbox 492 2077 521 2097; x_wconf 87' lang='lat' dir='ltr'><strong>ea</strong></span> <span class='ocrx_word' id='word_1_316' title='bbox 535 2071 568 2097; x_wconf 90' lang='lat' dir='ltr'><strong>de</strong></span> <span class='ocrx_word' id='word_1_317' title='bbox 582 2078 611 2097; x_wconf 91' lang='lat' dir='ltr'><strong>re</strong></span> <span class='ocrx_word' id='word_1_318' title='bbox 624 2069 690 2098; x_wconf 88' lang='lat' dir='ltr'><strong>infra</strong></span> <span class='ocrx_word' id='word_1_319' title='bbox 705 2071 833 2106; x_wconf 86' lang='lat' dir='ltr'><strong>pluribus.</strong></span> <span class='ocrx_word' id='word_1_320' title='bbox 847 2071 911 2099; x_wconf 89' lang='lat' dir='ltr'><strong>Cum</strong></span> <span class='ocrx_word' id='word_1_321' title='bbox 927 2072 976 2099; x_wconf 90' lang='lat' dir='ltr'><strong>ita-</strong></span> 
     </span>
    </p>
   </div>
   <div class='ocr_carea' id='block_1_44' title="bbox 139 2116 976 2154">
    <p class='ocr_par' dir='ltr' id='par_1_44' title="bbox 139 2116 976 2154">
     <span class='ocr_line' id='line_1_44' title="bbox 139 2116 976 2154; baseline -0.001 -8"><span class='ocrx_word' id='word_1_322' title='bbox 139 2127 194 2154; x_wconf 91' lang='lat' dir='ltr'><strong>que</strong></span> <span class='ocrx_word' id='word_1_323' title='bbox 211 2120 263 2146; x_wconf 86' lang='lat' dir='ltr'><strong>illa</strong></span> <span class='ocrx_word' id='word_1_324' title='bbox 283 2119 374 2144; x_wconf 88' lang='lat' dir='ltr'><strong>inter</strong></span> <span class='ocrx_word' id='word_1_325' title='bbox 387 2116 518 2143; x_wconf 84' lang='lat' dir='ltr'><strong>llomilias</strong></span> <span class='ocrx_word' id='word_1_326' title='bbox 530 2116 563 2144; x_wconf 87' lang='lat' dir='ltr'><strong>de</strong></span> <span class='ocrx_word' id='word_1_327' title='bbox 574 2117 684 2150; x_wconf 86' lang='lat' dir='ltr'><strong>Statuis,</strong></span> <span class='ocrx_word' id='word_1_328' title='bbox 701 2117 741 2144; x_wconf 75' lang='lat' dir='ltr'><strong>vel</strong></span> <span class='ocrx_word' id='word_1_329' title='bbox 755 2117 976 2152; x_wconf 81' lang='lat' dir='ltr'><strong>Quadragesima-</strong></span> 
     </span>
    </p>
   </div>
   <div class='ocr_carea' id='block_1_45' title="bbox 137 2162 974 2199">
    <p class='ocr_par' dir='ltr' id='par_1_45' title="bbox 137 2162 974 2199">
     <span class='ocr_line' id='line_1_45' title="bbox 137 2162 974 2199; baseline -0.001 -7"><span class='ocrx_word' id='word_1_330' title='bbox 137 2166 177 2194; x_wconf 81' lang='lat' dir='ltr'><strong>les</strong></span> <span class='ocrx_word' id='word_1_331' title='bbox 192 2163 357 2194; x_wconf 82' lang='lat' dir='ltr'><strong>reccnseri</strong></span> <span class='ocrx_word' id='word_1_332' title='bbox 377 2170 429 2190; x_wconf 82' lang='lat' dir='ltr'><strong>non</strong></span> <span class='ocrx_word' id='word_1_333' title='bbox 439 2162 547 2196; x_wconf 87' lang='lat' dir='ltr'><strong>debeat,</strong></span> <span class='ocrx_word' id='word_1_334' title='bbox 559 2163 661 2190; x_wconf 77' lang='lat' dir='ltr'><strong>decima</strong></span> <span class='ocrx_word' id='word_1_335' title='bbox 677 2171 746 2190; x_wconf 88' lang='lat' dir='ltr'><strong>nona</strong></span> <span class='ocrx_word' id='word_1_336' title='bbox 757 2163 808 2190; x_wconf 93' lang='lat' dir='ltr'><strong>erit</strong></span> <span class='ocrx_word' id='word_1_337' title='bbox 821 2164 880 2197; x_wconf 89' lang='lat' dir='ltr'><strong>illa,</strong></span> <span class='ocrx_word' id='word_1_338' title='bbox 896 2171 974 2199; x_wconf 86' lang='lat' dir='ltr'><strong>quam</strong></span> 
     </span>
    </p>
   </div>
   <div class='ocr_carea' id='block_1_46' title="bbox 135 2209 977 2247">
    <p class='ocr_par' dir='ltr' id='par_1_46' title="bbox 135 2209 977 2247">
     <span class='ocr_line' id='line_1_46' title="bbox 135 2209 977 2247; baseline -0.001 -9"><span class='ocrx_word' id='word_1_339' title='bbox 135 2220 186 2239; x_wconf 75' lang='lat' dir='ltr'><strong>nos</strong></span> <span class='ocrx_word' id='word_1_340' title='bbox 199 2211 393 2247; x_wconf 79' lang='lat' dir='ltr'><strong>vigesimam</strong></span> <span class='ocrx_word' id='word_1_341' title='bbox 406 2216 590 2243; x_wconf 85' lang='lat' dir='ltr'><strong>posueramus,</strong></span> <span class='ocrx_word' id='word_1_342' title='bbox 600 2217 711 2244; x_wconf 74' lang='lat' dir='ltr'><strong>quaeque</strong></span> <span class='ocrx_word' id='word_1_343' title='bbox 722 2209 747 2236; x_wconf 91' lang='lat' dir='ltr'><strong>lu</strong></span> <span class='ocrx_word' id='word_1_344' title='bbox 759 2209 882 2237; x_wconf 87' lang='lat' dir='ltr'><strong>Editioue</strong></span> <span class='ocrx_word' id='word_1_345' title='bbox 892 2210 977 2237; x_wconf 64' lang='lat' dir='ltr'><strong>Frono</strong></span> 
     </span>
    </p>
   </div>
   <div class='ocr_carea' id='block_1_47' title="bbox 134 2255 976 2290">
    <p class='ocr_par' dir='ltr' id='par_1_47' title="bbox 134 2255 976 2290">
     <span class='ocr_line' id='line_1_47' title="bbox 134 2255 976 2290; baseline -0.005 -4"><span class='ocrx_word' id='word_1_346' title='bbox 134 2259 208 2286; x_wconf 89' lang='lat' dir='ltr'><strong>tonis</strong></span> <span class='ocrx_word' id='word_1_347' title='bbox 228 2257 338 2286; x_wconf 70' lang='grc' dir='ltr'><strong>[η]ςωί</strong></span> <span class='ocrx_word' id='word_1_348' title='bbox 362 2255 498 2289; x_wconf 74' lang='lat' dir='ltr'><strong>vigesima</strong></span> <span class='ocrx_word' id='word_1_349' title='bbox 512 2255 627 2282; x_wconf 85' lang='lat' dir='ltr'><strong>secunda</strong></span> <span class='ocrx_word' id='word_1_350' title='bbox 642 2260 812 2289; x_wconf 86' lang='lat' dir='ltr'><strong>numeratur,</strong></span> <span class='ocrx_word' id='word_1_351' title='bbox 833 2255 976 2290; x_wconf 84' lang='lat' dir='ltr'><strong>habitaque</strong></span> 
     </span>
    </p>
   </div>
   <div class='ocr_carea' id='block_1_48' title="bbox 131 2301 974 2339">
    <p class='ocr_par' dir='ltr' id='par_1_48' title="bbox 131 2301 974 2339">
     <span class='ocr_line' id='line_1_48' title="bbox 131 2301 974 2339; baseline -0.006 -6"><span class='ocrx_word' id='word_1_352' title='bbox 131 2305 181 2333; x_wconf 78' lang='lat' dir='ltr'><strong>fuit</strong></span> <span class='ocrx_word' id='word_1_353' title='bbox 191 2327 200 2339; x_wconf 91' lang='lat'><strong>,</strong></span> <span class='ocrx_word' id='word_1_354' title='bbox 221 2310 306 2333; x_wconf 81' lang='lat' dir='ltr'><strong>teste</strong></span> <span class='ocrx_word' id='word_1_355' title='bbox 331 2301 543 2336; x_wconf 76' lang='lat' dir='ltr'><strong>ChrySostomo</strong></span> <span class='ocrx_word' id='word_1_356' title='bbox 554 2321 561 2334; x_wconf 83' lang='lat'><strong>,</strong></span> <span class='ocrx_word' id='word_1_357' title='bbox 577 2301 669 2328; x_wconf 87' lang='lat' dir='ltr'><strong>decem</strong></span> <span class='ocrx_word' id='word_1_358' title='bbox 683 2301 776 2328; x_wconf 89' lang='lat' dir='ltr'><strong>diebus</strong></span> <span class='ocrx_word' id='word_1_359' title='bbox 789 2305 851 2328; x_wconf 84' lang='lat' dir='ltr'><strong>ante</strong></span> <span class='ocrx_word' id='word_1_360' title='bbox 861 2301 974 2328; x_wconf 86' lang='lat' dir='ltr'><strong>Pascha.</strong></span> 
     </span>
    </p>
   </div>
   <div class='ocr_carea' id='block_1_49' title="bbox 130 2346 973 2384">
    <p class='ocr_par' dir='ltr' id='par_1_49' title="bbox 130 2346 973 2384">
     <span class='ocr_line' id='line_1_49' title="bbox 130 2346 973 2384; baseline -0.002 -8"><span class='ocrx_word' id='word_1_361' title='bbox 130 2351 177 2378; x_wconf 79' lang='lat' dir='ltr'><strong>illa</strong></span> <span class='ocrx_word' id='word_1_362' title='bbox 194 2359 271 2379; x_wconf 80' lang='lat' dir='ltr'><strong>vero</strong></span> <span class='ocrx_word' id='word_1_363' title='bbox 284 2372 292 2382; x_wconf 88' lang='lat'><strong>,</strong></span> <span class='ocrx_word' id='word_1_364' title='bbox 312 2355 419 2384; x_wconf 79' lang='lat' dir='ltr'><strong>quam</strong></span> <span class='ocrx_word' id='word_1_365' title='bbox 434 2346 535 2373; x_wconf 87' lang='lat' dir='ltr'><strong>Fronto</strong></span> <span class='ocrx_word' id='word_1_366' title='bbox 552 2347 662 2374; x_wconf 69' lang='lat' dir='ltr'><strong>Duczeus</strong></span> <span class='ocrx_word' id='word_1_367' title='bbox 675 2347 828 2382; x_wconf 84' lang='lat' dir='ltr'><strong>vigesimam</strong></span> <span class='ocrx_word' id='word_1_368' title='bbox 845 2354 973 2374; x_wconf 84' lang='lat' dir='ltr'><strong>numera-</strong></span> 
     </span>
    </p>
   </div>
   <div class='ocr_carea' id='block_1_50' title="bbox 129 2392 975 2430">
    <p class='ocr_par' dir='ltr' id='par_1_50' title="bbox 129 2392 975 2430">
     <span class='ocr_line' id='line_1_50' title="bbox 129 2392 975 2430; baseline 0 -11"><span class='ocrx_word' id='word_1_369' title='bbox 129 2403 207 2426; x_wconf 66' lang='grc' dir='ltr'><strong>γει-τη</strong></span> <span class='ocrx_word' id='word_1_370' title='bbox 221 2419 229 2430; x_wconf 68' lang='grc'><em>,</em></span> <span class='ocrx_word' id='word_1_371' title='bbox 250 2402 283 2425; x_wconf 77' lang='grc' dir='ltr'><strong>οι</strong></span> <span class='ocrx_word' id='word_1_372' title='bbox 302 2402 370 2424; x_wconf 87' lang='lat' dir='ltr'><strong>nos</strong></span> <span class='ocrx_word' id='word_1_373' title='bbox 393 2392 552 2427; x_wconf 78' lang='lat' dir='ltr'><strong>vigesimam</strong></span> <span class='ocrx_word' id='word_1_374' title='bbox 567 2393 678 2427; x_wconf 89' lang='lat' dir='ltr'><strong>primam</strong></span> <span class='ocrx_word' id='word_1_375' title='bbox 694 2393 847 2428; x_wconf 87' lang='lat' dir='ltr'><strong>posuimus,</strong></span> <span class='ocrx_word' id='word_1_376' title='bbox 864 2393 918 2427; x_wconf 88' lang='lat' dir='ltr'><strong>jam</strong></span> <span class='ocrx_word' id='word_1_377' title='bbox 936 2393 975 2420; x_wconf 86' lang='lat' dir='ltr'><strong>vi-</strong></span> 
     </span>
    </p>
   </div>
   <div class='ocr_carea' id='block_1_51' title="bbox 125 2440 976 2479">
    <p class='ocr_par' dir='ltr' id='par_1_51' title="bbox 125 2440 976 2479">
     <span class='ocr_line' id='line_1_51' title="bbox 125 2440 976 2479; baseline -0.004 -9"><span class='ocrx_word' id='word_1_378' title='bbox 125 2446 237 2479; x_wconf 72' lang='lat' dir='ltr'><strong>gesima</strong></span> <span class='ocrx_word' id='word_1_379' title='bbox 247 2445 325 2478; x_wconf 70' lang='lat' dir='ltr'><strong>erit,</strong></span> <span class='ocrx_word' id='word_1_380' title='bbox 336 2443 466 2475; x_wconf 87' lang='lat' dir='ltr'><strong>dempta</strong></span> <span class='ocrx_word' id='word_1_381' title='bbox 475 2447 568 2475; x_wconf 83' lang='lat' dir='ltr'><strong>nempe</strong></span> <span class='ocrx_word' id='word_1_382' title='bbox 582 2441 623 2468; x_wconf 88' lang='lat' dir='ltr'><strong>illa</strong></span> <span class='ocrx_word' id='word_1_383' title='bbox 638 2440 726 2467; x_wconf 84' lang='lat' dir='ltr'><strong>habita</strong></span> <span class='ocrx_word' id='word_1_384' title='bbox 743 2441 770 2467; x_wconf 94' lang='lat' dir='ltr'><strong>in</strong></span> <span class='ocrx_word' id='word_1_385' title='bbox 785 2440 923 2467; x_wconf 89' lang='lat' dir='ltr'><strong>Dominica</strong></span> <span class='ocrx_word' id='word_1_386' title='bbox 934 2447 976 2471; x_wconf 78' lang='grc' dir='ltr'>τῆς</span> 
     </span>
    </p>
   </div>
   <div class='ocr_carea' id='block_1_52' title="bbox 123 2486 977 2525">
    <p class='ocr_par' dir='ltr' id='par_1_52' title="bbox 123 2486 977 2525">
     <span class='ocr_line' id='line_1_52' title="bbox 123 2486 977 2525; baseline -0.007 -7"><span class='ocrx_word' id='word_1_387' title='bbox 123 2493 327 2525; x_wconf 67' lang='grc' dir='ltr'><strong>ἐπισωζσμένης</strong></span> <span class='ocrx_word' id='word_1_388' title='bbox 339 2510 348 2519; x_wconf 86' lang='grc'>.</span> <span class='ocrx_word' id='word_1_389' title='bbox 371 2487 420 2514; x_wconf 88' lang='lat' dir='ltr'><strong>de</strong></span> <span class='ocrx_word' id='word_1_390' title='bbox 442 2493 491 2520; x_wconf 84' lang='lat' dir='ltr'><strong>qua</strong></span> <span class='ocrx_word' id='word_1_391' title='bbox 511 2493 560 2513; x_wconf 89' lang='lat' dir='ltr'><strong>suo</strong></span> <span class='ocrx_word' id='word_1_392' title='bbox 575 2486 632 2513; x_wconf 86' lang='lat' dir='ltr'><strong>loco</strong></span> <span class='ocrx_word' id='word_1_393' title='bbox 646 2491 747 2521; x_wconf 81' lang='lat' dir='ltr'><strong>agetur.</strong></span> <span class='ocrx_word' id='word_1_394' title='bbox 771 2486 832 2512; x_wconf 70' lang='lat' dir='ltr'><strong>llmc</strong></span> <span class='ocrx_word' id='word_1_395' title='bbox 844 2493 925 2521; x_wconf 85' lang='lat' dir='ltr'><strong>porro</strong></span> <span class='ocrx_word' id='word_1_396' title='bbox 938 2486 977 2512; x_wconf 82' lang='lat' dir='ltr'><strong>vi-</strong></span> 
     </span>
    </p>
   </div>
   <div class='ocr_carea' id='block_1_53' title="bbox 121 2531 976 2571">
    <p class='ocr_par' dir='ltr' id='par_1_53' title="bbox 121 2531 976 2571">
     <span class='ocr_line' id='line_1_53' title="bbox 121 2531 976 2571; baseline -0.007 -7"><span class='ocrx_word' id='word_1_397' title='bbox 121 2538 234 2571; x_wconf 72' lang='lat' dir='ltr'><strong>gesima</strong></span> <span class='ocrx_word' id='word_1_398' title='bbox 249 2541 298 2564; x_wconf 87' lang='lat' dir='ltr'><strong>cst</strong></span> <span class='ocrx_word' id='word_1_399' title='bbox 315 2533 442 2562; x_wconf 74' lang='lat' dir='ltr'><strong>ultima</strong></span> <span class='ocrx_word' id='word_1_400' title='bbox 453 2531 484 2558; x_wconf 91' lang='lat' dir='ltr'><strong>dc</strong></span> <span class='ocrx_word' id='word_1_401' title='bbox 494 2531 602 2558; x_wconf 79' lang='lat' dir='ltr'><strong>Statuis.</strong></span> <span class='ocrx_word' id='word_1_402' title='bbox 617 2531 707 2567; x_wconf 88' lang='lat' dir='ltr'><strong>Itaque</strong></span> <span class='ocrx_word' id='word_1_403' title='bbox 717 2532 772 2566; x_wconf 87' lang='lat' dir='ltr'><strong>jam</strong></span> <span class='ocrx_word' id='word_1_404' title='bbox 782 2531 875 2566; x_wconf 73' lang='lat' dir='ltr'><strong>viginti</strong></span> <span class='ocrx_word' id='word_1_405' title='bbox 890 2531 976 2558; x_wconf 88' lang='lat' dir='ltr'><strong>solum</strong></span> 
     </span>
    </p>
   </div>
   <div class='ocr_carea' id='block_1_54' title="bbox 121 2577 976 2613">
    <p class='ocr_par' dir='ltr' id='par_1_54' title="bbox 121 2577 976 2613">
     <span class='ocr_line' id='line_1_54' title="bbox 121 2577 976 2613; baseline -0.008 -2"><span class='ocrx_word' id='word_1_406' title='bbox 121 2583 269 2611; x_wconf 87' lang='lat' dir='ltr'><strong>Homilias</strong></span> <span class='ocrx_word' id='word_1_407' title='bbox 285 2582 329 2609; x_wconf 82' lang='lat' dir='ltr'><strong>de</strong></span> <span class='ocrx_word' id='word_1_408' title='bbox 346 2577 472 2607; x_wconf 79' lang='lat' dir='ltr'><strong>Statuis</strong></span> <span class='ocrx_word' id='word_1_409' title='bbox 483 2584 622 2605; x_wconf 85' lang='lat' dir='ltr'><strong>recensere</strong></span> <span class='ocrx_word' id='word_1_410' title='bbox 631 2583 746 2613; x_wconf 87' lang='lat' dir='ltr'><strong>oportet,</strong></span> <span class='ocrx_word' id='word_1_411' title='bbox 759 2578 819 2612; x_wconf 89' lang='lat' dir='ltr'><strong>quia</strong></span> <span class='ocrx_word' id='word_1_412' title='bbox 831 2578 886 2609; x_wconf 88' lang='lat' dir='ltr'><strong>illa,</strong></span> <span class='ocrx_word' id='word_1_413' title='bbox 897 2585 976 2612; x_wconf 88' lang='lat' dir='ltr'><strong>quam</strong></span> 
     </span>
    </p>
   </div>
   <div class='ocr_carea' id='block_1_55' title="bbox 119 2623 976 2657">
    <p class='ocr_par' dir='ltr' id='par_1_55' title="bbox 119 2623 976 2657">
     <span class='ocr_line' id='line_1_55' title="bbox 119 2623 976 2657; baseline -0.007 -1"><span class='ocrx_word' id='word_1_414' title='bbox 119 2638 172 2657; x_wconf 82' lang='lat' dir='ltr'><strong>nos</strong></span> <span class='ocrx_word' id='word_1_415' title='bbox 187 2630 351 2657; x_wconf 81' lang='lat' dir='ltr'><strong>decimam</strong></span> <span class='ocrx_word' id='word_1_416' title='bbox 371 2629 491 2652; x_wconf 84' lang='lat' dir='ltr'><strong>nonam</strong></span> <span class='ocrx_word' id='word_1_417' title='bbox 504 2624 646 2657; x_wconf 81' lang='lat' dir='ltr'><strong>posuimus,</strong></span> <span class='ocrx_word' id='word_1_418' title='bbox 663 2624 716 2651; x_wconf 89' lang='lat' dir='ltr'><strong>alio</strong></span> <span class='ocrx_word' id='word_1_419' title='bbox 729 2623 911 2651; x_wconf 83' lang='lat' dir='ltr'><strong>transferenda</strong></span> <span class='ocrx_word' id='word_1_420' title='bbox 925 2628 976 2656; x_wconf 91' lang='lat' dir='ltr'><strong>est,</strong></span> 
     </span>
    </p>
   </div>
   <div class='ocr_carea' id='block_1_56' title="bbox 117 2667 978 2707">
    <p class='ocr_par' dir='ltr' id='par_1_56' title="bbox 117 2667 978 2707">
     <span class='ocr_line' id='line_1_56' title="bbox 117 2667 978 2707; baseline -0.001 -10"><span class='ocrx_word' id='word_1_421' title='bbox 117 2682 144 2703; x_wconf 69' lang='grc' dir='ltr'>ει</span> <span class='ocrx_word' id='word_1_422' title='bbox 160 2675 288 2703; x_wconf 59' lang='lat' dir='ltr'><strong>nomina</strong></span> <span class='ocrx_word' id='word_1_423' title='bbox 299 2694 307 2705; x_wconf 86' lang='grc'><em>,</em></span> <span class='ocrx_word' id='word_1_424' title='bbox 330 2676 441 2707; x_wconf 81' lang='lat' dir='ltr'><strong>quam</strong></span> <span class='ocrx_word' id='word_1_425' title='bbox 463 2667 611 2702; x_wconf 74' lang='lat' dir='ltr'><strong>vigesimum</strong></span> <span class='ocrx_word' id='word_1_426' title='bbox 627 2669 738 2704; x_wconf 87' lang='lat' dir='ltr'><strong>primam</strong></span> <span class='ocrx_word' id='word_1_427' title='bbox 755 2669 859 2696; x_wconf 83' lang='lat' dir='ltr'><strong>Fronto</strong></span> <span class='ocrx_word' id='word_1_428' title='bbox 867 2669 978 2696; x_wconf 73' lang='lat' dir='ltr'><strong>Ducteus</strong></span> 
     </span>
    </p>
   </div>
   <div class='ocr_carea' id='block_1_57' title="bbox 116 2713 979 2756">
    <p class='ocr_par' dir='ltr' id='par_1_57' title="bbox 116 2713 979 2756">
     <span class='ocr_line' id='line_1_57' title="bbox 116 2713 979 2756; baseline -0.006 -9"><span class='ocrx_word' id='word_1_429' title='bbox 116 2726 256 2756; x_wconf 76' lang='lat' dir='ltr'><strong>posuerat</strong></span> <span class='ocrx_word' id='word_1_430' title='bbox 271 2743 280 2753; x_wconf 83' lang='lat'><strong>,</strong></span> <span class='ocrx_word' id='word_1_431' title='bbox 298 2723 355 2748; x_wconf 73' lang='lat' dir='ltr'><strong>est</strong></span> <span class='ocrx_word' id='word_1_432' title='bbox 371 2713 546 2744; x_wconf 75' lang='lat' dir='ltr'><strong>cateChesis</strong></span> <span class='ocrx_word' id='word_1_433' title='bbox 557 2719 629 2753; x_wconf 76' lang='lat' dir='ltr'><strong>extra</strong></span> <span class='ocrx_word' id='word_1_434' title='bbox 643 2716 740 2742; x_wconf 89' lang='lat' dir='ltr'><strong>seriem</strong></span> <span class='ocrx_word' id='word_1_435' title='bbox 755 2715 929 2742; x_wconf 84' lang='lat' dir='ltr'><strong>llomiliarum</strong></span> <span class='ocrx_word' id='word_1_436' title='bbox 945 2714 979 2743; x_wconf 85' lang='lat' dir='ltr'><strong>de</strong></span> 
     </span>
    </p>
   </div>
   <div class='ocr_carea' id='block_1_58' title="bbox 115 2759 751 2802">
    <p class='ocr_par' dir='ltr' id='par_1_58' title="bbox 115 2759 751 2802">
     <span class='ocr_line' id='line_1_58' title="bbox 115 2759 751 2802; baseline -0.011 -7"><span class='ocrx_word' id='word_1_437' title='bbox 115 2766 227 2794; x_wconf 62' lang='lat' dir='ltr'><strong>statuis</strong></span> <span class='ocrx_word' id='word_1_438' title='bbox 245 2762 424 2802; x_wconf 80' lang='lat' dir='ltr'><strong>ponenda,</strong></span> <span class='ocrx_word' id='word_1_439' title='bbox 446 2759 550 2787; x_wconf 85' lang='lat' dir='ltr'><strong>ulloco</strong></span> <span class='ocrx_word' id='word_1_440' title='bbox 564 2768 610 2788; x_wconf 90' lang='lat' dir='ltr'><strong>suo</strong></span> <span class='ocrx_word' id='word_1_441' title='bbox 621 2761 751 2788; x_wconf 87' lang='lat' dir='ltr'><strong>dicemus.</strong></span> 
     </span>
    </p>
   </div>
   <div class='ocr_carea' id='block_1_59' title="bbox 154 2804 979 2850">
    <p class='ocr_par' dir='ltr' id='par_1_59' title="bbox 154 2804 979 2850">
     <span class='ocr_line' id='line_1_59' title="bbox 154 2804 979 2850; baseline 0 -16"><span class='ocrx_word' id='word_1_442' title='bbox 154 2814 185 2842; x_wconf 80' lang='grc' dir='ltr'><strong>ιη</strong></span> <span class='ocrx_word' id='word_1_443' title='bbox 208 2814 369 2850; x_wconf 58' lang='lat' dir='ltr'><strong>vigesima</strong></span> <span class='ocrx_word' id='word_1_444' title='bbox 400 2804 539 2837; x_wconf 84' lang='lat' dir='ltr'><strong>homilia,</strong></span> <span class='ocrx_word' id='word_1_445' title='bbox 555 2814 630 2841; x_wconf 85' lang='lat' dir='ltr'><strong>quam</strong></span> <span class='ocrx_word' id='word_1_446' title='bbox 653 2814 702 2834; x_wconf 81' lang='lat' dir='ltr'><strong>n05</strong></span> <span class='ocrx_word' id='word_1_447' title='bbox 714 2807 769 2842; x_wconf 84' lang='lat' dir='ltr'><strong>jam</strong></span> <span class='ocrx_word' id='word_1_448' title='bbox 782 2806 912 2834; x_wconf 81' lang='lat' dir='ltr'><strong>decimam</strong></span> <span class='ocrx_word' id='word_1_449' title='bbox 931 2814 979 2835; x_wconf 90' lang='lat' dir='ltr'><strong>no-</strong></span> 
     </span>
    </p>
   </div>
   <div class='ocr_carea' id='block_1_60' title="bbox 119 2851 978 2887">
    <p class='ocr_par' dir='ltr' id='par_1_60' title="bbox 119 2851 978 2887">
     <span class='ocr_line' id='line_1_60' title="bbox 119 2851 978 2887; baseline -0.003 -2"><span class='ocrx_word' id='word_1_450' title='bbox 119 2867 184 2886; x_wconf 83' lang='lat' dir='ltr'><strong>nam</strong></span> <span class='ocrx_word' id='word_1_451' title='bbox 199 2861 442 2887; x_wconf 76' lang='lat' dir='ltr'><strong>numeramus,</strong></span> <span class='ocrx_word' id='word_1_452' title='bbox 457 2851 574 2879; x_wconf 83' lang='lat' dir='ltr'><strong>inlitulo</strong></span> <span class='ocrx_word' id='word_1_453' title='bbox 581 2853 636 2880; x_wconf 62' lang='lat' dir='ltr'><strong>haec</strong></span> <span class='ocrx_word' id='word_1_454' title='bbox 645 2853 780 2883; x_wconf 82' lang='lat' dir='ltr'><strong>adduntur</strong></span> <span class='ocrx_word' id='word_1_455' title='bbox 794 2854 820 2882; x_wconf 91' lang='lat' dir='ltr'><strong>in</strong></span> <span class='ocrx_word' id='word_1_456' title='bbox 834 2853 978 2883; x_wconf 78' lang='lat' dir='ltr'><strong>Manuscri-</strong></span> 
     </span>
    </p>
   </div>
   <div class='ocr_carea' id='block_1_61' title="bbox 1777 132 1827 163">
    <p class='ocr_par' dir='ltr' id='par_1_61' title="bbox 1777 132 1827 163">
     <span class='ocr_line' id='line_1_61' title="bbox 1777 132 1827 163; baseline -0.08 0"><span class='ocrx_word' id='word_1_457' title='bbox 1777 132 1827 163; x_wconf 65' lang='lat'><strong>19.2</strong></span> 
     </span>
    </p>
   </div>
   <div class='ocr_carea' id='block_1_62' title="bbox 1032 183 1826 220">
    <p class='ocr_par' dir='ltr' id='par_1_62' title="bbox 1032 183 1826 220">
     <span class='ocr_line' id='line_1_62' title="bbox 1032 183 1826 220; baseline 0.01 -9"><span class='ocrx_word' id='word_1_458' title='bbox 1032 183 1084 219; x_wconf 81' lang='lat' dir='ltr'><strong>ptis</strong></span> <span class='ocrx_word' id='word_1_459' title='bbox 1099 184 1257 220; x_wconf 82' lang='lat' dir='ltr'><strong>quibusdam</strong></span> <span class='ocrx_word' id='word_1_460' title='bbox 1275 194 1281 211; x_wconf 76' lang='grc' dir='ltr'><em>τ</em></span> <span class='ocrx_word' id='word_1_461' title='bbox 1301 185 1372 213; x_wconf 85' lang='lat' dir='ltr'><strong>Dicto</strong></span> <span class='ocrx_word' id='word_1_462' title='bbox 1385 190 1421 214; x_wconf 76' lang='lat' dir='ltr'><strong>est</strong></span> <span class='ocrx_word' id='word_1_463' title='bbox 1435 186 1519 215; x_wconf 75' lang='lat' dir='ltr'><strong>decem</strong></span> <span class='ocrx_word' id='word_1_464' title='bbox 1533 188 1619 217; x_wconf 66' lang='lat' dir='ltr'><strong>diebus</strong></span> <span class='ocrx_word' id='word_1_465' title='bbox 1637 194 1694 217; x_wconf 78' lang='lat' dir='ltr'><strong>ante</strong></span> <span class='ocrx_word' id='word_1_466' title='bbox 1712 197 1826 219; x_wconf 73' lang='lat' dir='ltr'><strong>sanctam</strong></span> 
     </span>
    </p>
   </div>
   <div class='ocr_carea' id='block_1_63' title="bbox 1032 229 1826 264">
    <p class='ocr_par' dir='ltr' id='par_1_63' title="bbox 1032 229 1826 264">
     <span class='ocr_line' id='line_1_63' title="bbox 1032 229 1826 264; baseline 0.011 -9"><span class='ocrx_word' id='word_1_467' title='bbox 1032 235 1055 256; x_wconf 85' lang='lat' dir='ltr'><strong>et</strong></span> <span class='ocrx_word' id='word_1_468' title='bbox 1066 231 1188 264; x_wconf 71' lang='lat' dir='ltr'><strong>riui/icon:</strong></span> <span class='ocrx_word' id='word_1_469' title='bbox 1202 230 1306 258; x_wconf 80' lang='lat' dir='ltr'><strong>Domini</strong></span> <span class='ocrx_word' id='word_1_470' title='bbox 1316 233 1394 259; x_wconf 82' lang='lat' dir='ltr'><strong>nostri</strong></span> <span class='ocrx_word' id='word_1_471' title='bbox 1406 229 1474 260; x_wconf 76' lang='grc'><strong>,1.0.</strong></span> <span class='ocrx_word' id='word_1_472' title='bbox 1492 234 1705 264; x_wconf 73' lang='grc' dir='ltr'><strong>Πεειιπεεῑὶοηεηι</strong></span> <span class='ocrx_word' id='word_1_473' title='bbox 1719 245 1749 264; x_wconf 72' lang='lat' dir='ltr'><strong>ex</strong></span> <span class='ocrx_word' id='word_1_474' title='bbox 1759 246 1826 264; x_wconf 87' lang='lat' dir='ltr'><strong>mor-</strong></span> 
     </span>
    </p>
   </div>
   <div class='ocr_carea' id='block_1_64' title="bbox 1032 275 1826 320">
    <p class='ocr_par' dir='ltr' id='par_1_64' title="bbox 1032 275 1826 320">
     <span class='ocr_line' id='line_1_64' title="bbox 1032 275 1826 320; baseline 0.014 -19"><span class='ocrx_word' id='word_1_475' title='bbox 1032 275 1081 302; x_wconf 76' lang='lat' dir='ltr'><strong>tuis</strong></span> <span class='ocrx_word' id='word_1_476' title='bbox 1094 283 1103 301; x_wconf 90' lang='lat'><em>:</em></span> <span class='ocrx_word' id='word_1_477' title='bbox 1115 276 1186 311; x_wconf 90' lang='lat' dir='ltr'><strong>quod</strong></span> <span class='ocrx_word' id='word_1_478' title='bbox 1210 278 1310 312; x_wconf 91' lang='lat' dir='ltr'><strong>optime</strong></span> <span class='ocrx_word' id='word_1_479' title='bbox 1331 278 1442 312; x_wconf 82' lang='lat' dir='ltr'><strong>quadrat</strong></span> <span class='ocrx_word' id='word_1_480' title='bbox 1463 279 1495 306; x_wconf 84' lang='lat' dir='ltr'><strong>ad</strong></span> <span class='ocrx_word' id='word_1_481' title='bbox 1512 280 1611 308; x_wconf 89' lang='lat' dir='ltr'><strong>dictum</strong></span> <span class='ocrx_word' id='word_1_482' title='bbox 1627 282 1690 309; x_wconf 89' lang='lat' dir='ltr'><strong>illud</strong></span> <span class='ocrx_word' id='word_1_483' title='bbox 1705 283 1826 320; x_wconf 77' lang='lat' dir='ltr'><strong>Chryso-</strong></span> 
     </span>
    </p>
   </div>
   <div class='ocr_carea' id='block_1_65' title="bbox 1031 322 1826 364">
    <p class='ocr_par' dir='ltr' id='par_1_65' title="bbox 1031 322 1826 364">
     <span class='ocr_line' id='line_1_65' title="bbox 1031 322 1826 364; baseline 0.011 -16"><span class='ocrx_word' id='word_1_484' title='bbox 1031 322 1110 348; x_wconf 88' lang='lat' dir='ltr'><strong>slomi</strong></span> <span class='ocrx_word' id='word_1_485' title='bbox 1133 323 1211 356; x_wconf 86' lang='lat' dir='ltr'><strong>paulo</strong></span> <span class='ocrx_word' id='word_1_486' title='bbox 1231 327 1294 351; x_wconf 86' lang='lat' dir='ltr'><strong>ante</strong></span> <span class='ocrx_word' id='word_1_487' title='bbox 1317 323 1395 352; x_wconf 82' lang='lat' dir='ltr'><strong>finem</strong></span> <span class='ocrx_word' id='word_1_488' title='bbox 1419 325 1536 353; x_wconf 73' lang='lat' dir='ltr'><strong>bomilice</strong></span> <span class='ocrx_word' id='word_1_489' title='bbox 1552 336 1558 353; x_wconf 92' lang='lat'>:</span> <span class='ocrx_word' id='word_1_490' title='bbox 1576 327 1751 364; x_wconf 82' lang='lat' dir='ltr'><strong>Quadraginta</strong></span> <span class='ocrx_word' id='word_1_491' title='bbox 1773 331 1826 357; x_wconf 72' lang='lat' dir='ltr'><strong>dies</strong></span> 
     </span>
    </p>
   </div>
   <div class='ocr_carea' id='block_1_66' title="bbox 1032 368 1825 405">
    <p class='ocr_par' dir='ltr' id='par_1_66' title="bbox 1032 368 1825 405">
     <span class='ocr_line' id='line_1_66' title="bbox 1032 368 1825 405; baseline 0.014 -12"><span class='ocrx_word' id='word_1_492' title='bbox 1032 368 1215 402; x_wconf 77' lang='lat' dir='ltr'><strong>prwterierunt.</strong></span> <span class='ocrx_word' id='word_1_493' title='bbox 1228 368 1320 397; x_wconf 85' lang='lat' dir='ltr'><strong>Habita</strong></span> <span class='ocrx_word' id='word_1_494' title='bbox 1333 378 1396 405; x_wconf 78' lang='lat' dir='ltr'><strong>ergo</strong></span> <span class='ocrx_word' id='word_1_495' title='bbox 1408 370 1487 399; x_wconf 87' lang='lat' dir='ltr'><strong>fuerit</strong></span> <span class='ocrx_word' id='word_1_496' title='bbox 1501 372 1558 400; x_wconf 74' lang='lat' dir='ltr'><strong>lucc</strong></span> <span class='ocrx_word' id='word_1_497' title='bbox 1567 374 1660 401; x_wconf 86' lang='lat' dir='ltr'><strong>concio</strong></span> <span class='ocrx_word' id='word_1_498' title='bbox 1675 375 1739 402; x_wconf 89' lang='lat' dir='ltr'><strong>feria</strong></span> <span class='ocrx_word' id='word_1_499' title='bbox 1751 382 1825 404; x_wconf 81' lang='lat' dir='ltr'><strong>sexta</strong></span> 
     </span>
    </p>
   </div>
   <div class='ocr_carea' id='block_1_67' title="bbox 1031 414 1827 457">
    <p class='ocr_par' dir='ltr' id='par_1_67' title="bbox 1031 414 1827 457">
     <span class='ocr_line' id='line_1_67' title="bbox 1031 414 1827 457; baseline 0.013 -18"><span class='ocrx_word' id='word_1_500' title='bbox 1031 418 1091 448; x_wconf 89' lang='lat' dir='ltr'><strong>post</strong></span> <span class='ocrx_word' id='word_1_501' title='bbox 1101 414 1273 448; x_wconf 85' lang='lat' dir='ltr'><strong>Dominicam,</strong></span> <span class='ocrx_word' id='word_1_502' title='bbox 1281 423 1360 450; x_wconf 86' lang='lat' dir='ltr'><strong>quam</strong></span> <span class='ocrx_word' id='word_1_503' title='bbox 1370 416 1505 446; x_wconf 85' lang='lat' dir='ltr'><strong>Passionis</strong></span> <span class='ocrx_word' id='word_1_504' title='bbox 1514 426 1649 447; x_wconf 84' lang='lat' dir='ltr'><strong>vocamus.</strong></span> <span class='ocrx_word' id='word_1_505' title='bbox 1658 420 1719 448; x_wconf 75' lang='lat' dir='ltr'><strong>llzec</strong></span> <span class='ocrx_word' id='word_1_506' title='bbox 1728 422 1827 457; x_wconf 82' lang='lat' dir='ltr'><strong>quippe</strong></span> 
     </span>
    </p>
   </div>
   <div class='ocr_carea' id='block_1_68' title="bbox 1031 459 1828 502">
    <p class='ocr_par' dir='ltr' id='par_1_68' title="bbox 1031 459 1828 502">
     <span class='ocr_line' id='line_1_68' title="bbox 1031 459 1828 502; baseline 0.011 -16"><span class='ocrx_word' id='word_1_507' title='bbox 1031 459 1088 487; x_wconf 85' lang='lat' dir='ltr'><strong>dies</strong></span> <span class='ocrx_word' id='word_1_508' title='bbox 1096 465 1153 487; x_wconf 82' lang='lat' dir='ltr'><strong>erat</strong></span> <span class='ocrx_word' id='word_1_509' title='bbox 1162 461 1373 496; x_wconf 79' lang='lat' dir='ltr'><strong>quadragesima,</strong></span> <span class='ocrx_word' id='word_1_510' title='bbox 1384 461 1533 498; x_wconf 88' lang='lat' dir='ltr'><strong>incipiendo</strong></span> <span class='ocrx_word' id='word_1_511' title='bbox 1543 473 1558 492; x_wconf 88' lang='lat' dir='ltr'><strong>a</strong></span> <span class='ocrx_word' id='word_1_512' title='bbox 1569 465 1633 492; x_wconf 89' lang='lat' dir='ltr'><strong>feria</strong></span> <span class='ocrx_word' id='word_1_513' title='bbox 1642 467 1758 495; x_wconf 88' lang='lat' dir='ltr'><strong>secunda</strong></span> <span class='ocrx_word' id='word_1_514' title='bbox 1768 473 1828 502; x_wconf 84' lang='lat' dir='ltr'><strong>post</strong></span> 
     </span>
    </p>
   </div>
   <div class='ocr_carea' id='block_1_69' title="bbox 1031 505 1825 547">
    <p class='ocr_par' dir='ltr' id='par_1_69' title="bbox 1031 505 1825 547">
     <span class='ocr_line' id='line_1_69' title="bbox 1031 505 1825 547; baseline 0.009 -14"><span class='ocrx_word' id='word_1_515' title='bbox 1031 505 1294 541; x_wconf 83' lang='lat' dir='ltr'><strong>Quinquagesimam,</strong></span> <span class='ocrx_word' id='word_1_516' title='bbox 1311 515 1370 543; x_wconf 75' lang='lat' dir='ltr'><strong>qua:</strong></span> <span class='ocrx_word' id='word_1_517' title='bbox 1392 513 1449 536; x_wconf 86' lang='lat' dir='ltr'><strong>erat</strong></span> <span class='ocrx_word' id='word_1_518' title='bbox 1468 509 1572 538; x_wconf 87' lang='lat' dir='ltr'><strong>initium</strong></span> <span class='ocrx_word' id='word_1_519' title='bbox 1587 511 1802 547; x_wconf 79' lang='lat' dir='ltr'><strong>Quadragesima:</strong></span> <span class='ocrx_word' id='word_1_520' title='bbox 1819 522 1825 539; x_wconf 91' lang='lat'>:</span> 
     </span>
    </p>
   </div>
   <div class='ocr_carea' id='block_1_70' title="bbox 1031 550 1825 590">
    <p class='ocr_par' dir='ltr' id='par_1_70' title="bbox 1031 550 1825 590">
     <span class='ocr_line' id='line_1_70' title="bbox 1031 550 1825 590; baseline 0.011 -13"><span class='ocrx_word' id='word_1_521' title='bbox 1031 555 1087 578; x_wconf 82' lang='lat' dir='ltr'><strong>erat</strong></span> <span class='ocrx_word' id='word_1_522' title='bbox 1100 551 1163 579; x_wconf 84' lang='lat' dir='ltr'><strong>item</strong></span> <span class='ocrx_word' id='word_1_523' title='bbox 1177 550 1279 580; x_wconf 85' lang='lat' dir='ltr'><strong>decima</strong></span> <span class='ocrx_word' id='word_1_524' title='bbox 1293 558 1354 581; x_wconf 85' lang='lat' dir='ltr'><strong>ante</strong></span> <span class='ocrx_word' id='word_1_525' title='bbox 1368 554 1467 582; x_wconf 88' lang='lat' dir='ltr'><strong>Pascha</strong></span> <span class='ocrx_word' id='word_1_526' title='bbox 1478 575 1485 586; x_wconf 94' lang='lat'><strong>,</strong></span> <span class='ocrx_word' id='word_1_527' title='bbox 1501 555 1587 590; x_wconf 90' lang='lat' dir='ltr'><strong>ipsum</strong></span> <span class='ocrx_word' id='word_1_528' title='bbox 1602 556 1740 585; x_wconf 87' lang='lat' dir='ltr'><strong>Paschalis</strong></span> <span class='ocrx_word' id='word_1_529' title='bbox 1754 558 1825 586; x_wconf 90' lang='lat' dir='ltr'><strong>diem</strong></span> 
     </span>
    </p>
   </div>
   <div class='ocr_carea' id='block_1_71' title="bbox 1031 597 1828 631">
    <p class='ocr_par' dir='ltr' id='par_1_71' title="bbox 1031 597 1828 631">
     <span class='ocr_line' id='line_1_71' title="bbox 1031 597 1828 631; baseline 0.011 -9"><span class='ocrx_word' id='word_1_530' title='bbox 1031 597 1240 624; x_wconf 85' lang='lat' dir='ltr'><strong>annumerando.</strong></span> <span class='ocrx_word' id='word_1_531' title='bbox 1254 598 1300 625; x_wconf 85' lang='lat' dir='ltr'><strong>Est</strong></span> <span class='ocrx_word' id='word_1_532' title='bbox 1312 603 1400 626; x_wconf 87' lang='lat' dir='ltr'><strong>autem</strong></span> <span class='ocrx_word' id='word_1_533' title='bbox 1415 599 1471 627; x_wconf 58' lang='lat' dir='ltr'><strong>huic</strong></span> <span class='ocrx_word' id='word_1_534' title='bbox 1485 600 1592 628; x_wconf 89' lang='lat' dir='ltr'><strong>homilia</strong></span> <span class='ocrx_word' id='word_1_535' title='bbox 1605 601 1688 631; x_wconf 84' lang='lat' dir='ltr'><strong>ferme</strong></span> <span class='ocrx_word' id='word_1_536' title='bbox 1699 608 1752 631; x_wconf 83' lang='lat' dir='ltr'><strong>tota</strong></span> <span class='ocrx_word' id='word_1_537' title='bbox 1763 611 1828 631; x_wconf 82' lang='lat' dir='ltr'><strong>con-</strong></span> 
     </span>
    </p>
   </div>
   <div class='ocr_carea' id='block_1_72' title="bbox 1032 643 1827 681">
    <p class='ocr_par' dir='ltr' id='par_1_72' title="bbox 1032 643 1827 681">
     <span class='ocr_line' id='line_1_72' title="bbox 1032 643 1827 681; baseline 0.011 -13"><span class='ocrx_word' id='word_1_538' title='bbox 1032 646 1071 669; x_wconf 87' lang='lat' dir='ltr'><strong>tra</strong></span> <span class='ocrx_word' id='word_1_539' title='bbox 1092 643 1254 670; x_wconf 75' lang='lat' dir='ltr'><strong>simultatem</strong></span> <span class='ocrx_word' id='word_1_540' title='bbox 1275 649 1302 672; x_wconf 87' lang='lat' dir='ltr'><strong>et</strong></span> <span class='ocrx_word' id='word_1_541' title='bbox 1324 644 1477 680; x_wconf 82' lang='lat' dir='ltr'><strong>injuriaram</strong></span> <span class='ocrx_word' id='word_1_542' title='bbox 1491 647 1647 674; x_wconf 89' lang='lat' dir='ltr'><strong>memoriam</strong></span> <span class='ocrx_word' id='word_1_543' title='bbox 1661 668 1668 681; x_wconf 89' lang='lat'><strong>,</strong></span> <span class='ocrx_word' id='word_1_544' title='bbox 1690 653 1716 677; x_wconf 81' lang='lat' dir='ltr'><strong>et</strong></span> <span class='ocrx_word' id='word_1_545' title='bbox 1734 649 1761 677; x_wconf 87' lang='lat' dir='ltr'><strong>iu</strong></span> <span class='ocrx_word' id='word_1_546' title='bbox 1775 649 1827 678; x_wconf 84' lang='lat' dir='ltr'><strong>lino</strong></span> 
     </span>
    </p>
   </div>
   <div class='ocr_carea' id='block_1_73' title="bbox 1031 689 1539 726">
    <p class='ocr_par' dir='ltr' id='par_1_73' title="bbox 1031 689 1539 726">
     <span class='ocr_line' id='line_1_73' title="bbox 1031 689 1539 726; baseline 0.008 -12"><span class='ocrx_word' id='word_1_547' title='bbox 1031 694 1079 722; x_wconf 91' lang='lat' dir='ltr'><strong>pro</strong></span> <span class='ocrx_word' id='word_1_548' title='bbox 1093 695 1166 715; x_wconf 80' lang='lat' dir='ltr'><strong>more</strong></span> <span class='ocrx_word' id='word_1_549' title='bbox 1181 689 1259 716; x_wconf 87' lang='lat' dir='ltr'><strong>solito</strong></span> <span class='ocrx_word' id='word_1_550' title='bbox 1273 694 1365 716; x_wconf 90' lang='lat' dir='ltr'><strong>contra</strong></span> <span class='ocrx_word' id='word_1_551' title='bbox 1380 690 1539 726; x_wconf 76' lang='lat' dir='ltr'><strong>iuramenta.</strong></span> 
     </span>
    </p>
   </div>
   <div class='ocr_carea' id='block_1_74' title="bbox 1068 734 1826 775">
    <p class='ocr_par' dir='ltr' id='par_1_74' title="bbox 1068 734 1826 775">
     <span class='ocr_line' id='line_1_74' title="bbox 1068 734 1826 775; baseline 0.009 -15"><span class='ocrx_word' id='word_1_552' title='bbox 1068 734 1200 769; x_wconf 67' lang='lat' dir='ltr'><strong>\‘igesima</strong></span> <span class='ocrx_word' id='word_1_553' title='bbox 1216 735 1299 770; x_wconf 86' lang='lat' dir='ltr'><strong>prima</strong></span> <span class='ocrx_word' id='word_1_554' title='bbox 1316 736 1434 771; x_wconf 88' lang='lat' dir='ltr'><strong>homilia,</strong></span> <span class='ocrx_word' id='word_1_555' title='bbox 1450 745 1529 773; x_wconf 89' lang='lat' dir='ltr'><strong>quam</strong></span> <span class='ocrx_word' id='word_1_556' title='bbox 1542 746 1591 767; x_wconf 93' lang='lat' dir='ltr'><strong>nos</strong></span> <span class='ocrx_word' id='word_1_557' title='bbox 1606 739 1759 775; x_wconf 78' lang='lat' dir='ltr'><strong>vigesimam</strong></span> <span class='ocrx_word' id='word_1_558' title='bbox 1776 749 1826 768; x_wconf 88' lang='lat' dir='ltr'><strong>nu-</strong></span> 
     </span>
    </p>
   </div>
   <div class='ocr_carea' id='block_1_75' title="bbox 1031 780 1826 820">
    <p class='ocr_par' dir='ltr' id='par_1_75' title="bbox 1031 780 1826 820">
     <span class='ocr_line' id='line_1_75' title="bbox 1031 780 1826 820; baseline 0.009 -13"><span class='ocrx_word' id='word_1_559' title='bbox 1031 780 1184 810; x_wconf 75' lang='lat' dir='ltr'><strong>merandam</strong></span> <span class='ocrx_word' id='word_1_560' title='bbox 1200 786 1340 816; x_wconf 84' lang='lat' dir='ltr'><strong>putamus.</strong></span> <span class='ocrx_word' id='word_1_561' title='bbox 1360 789 1400 810; x_wconf 88' lang='lat' dir='ltr'><strong>est</strong></span> <span class='ocrx_word' id='word_1_562' title='bbox 1420 783 1513 811; x_wconf 89' lang='lat' dir='ltr'><strong>ultima</strong></span> <span class='ocrx_word' id='word_1_563' title='bbox 1526 784 1560 812; x_wconf 89' lang='lat' dir='ltr'><strong>de</strong></span> <span class='ocrx_word' id='word_1_564' title='bbox 1573 784 1683 812; x_wconf 85' lang='lat' dir='ltr'><strong>Statuis.</strong></span> <span class='ocrx_word' id='word_1_565' title='bbox 1699 785 1758 820; x_wconf 88' lang='lat' dir='ltr'><strong>Ipso</strong></span> <span class='ocrx_word' id='word_1_566' title='bbox 1773 787 1826 814; x_wconf 56' lang='lat' dir='ltr'><strong>Rev</strong></span> 
     </span>
    </p>
   </div>
   <div class='ocr_carea' id='block_1_76' title="bbox 1031 826 1826 866">
    <p class='ocr_par' dir='ltr' id='par_1_76' title="bbox 1031 826 1826 866">
     <span class='ocr_line' id='line_1_76' title="bbox 1031 826 1826 866; baseline 0.009 -14"><span class='ocrx_word' id='word_1_567' title='bbox 1031 826 1203 854; x_wconf 85' lang='lat' dir='ltr'><strong>surrectionis</strong></span> <span class='ocrx_word' id='word_1_568' title='bbox 1225 827 1268 854; x_wconf 88' lang='lat' dir='ltr'><strong>die</strong></span> <span class='ocrx_word' id='word_1_569' title='bbox 1291 826 1380 855; x_wconf 83' lang='lat' dir='ltr'><strong>habita</strong></span> <span class='ocrx_word' id='word_1_570' title='bbox 1400 829 1529 863; x_wconf 86' lang='lat' dir='ltr'><strong>probatur</strong></span> <span class='ocrx_word' id='word_1_571' title='bbox 1549 838 1582 857; x_wconf 86' lang='lat' dir='ltr'><strong>cx</strong></span> <span class='ocrx_word' id='word_1_572' title='bbox 1603 831 1635 858; x_wconf 89' lang='lat' dir='ltr'><strong>iis</strong></span> <span class='ocrx_word' id='word_1_573' title='bbox 1650 839 1709 866; x_wconf 70' lang='lat' dir='ltr'><strong>qua:</strong></span> <span class='ocrx_word' id='word_1_574' title='bbox 1722 831 1772 859; x_wconf 88' lang='lat' dir='ltr'><strong>sub</strong></span> <span class='ocrx_word' id='word_1_575' title='bbox 1786 832 1826 859; x_wconf 91' lang='lat' dir='ltr'><strong>iu-</strong></span> 
     </span>
    </p>
   </div>
   <div class='ocr_carea' id='block_1_77' title="bbox 1031 872 1824 913">
    <p class='ocr_par' dir='ltr' id='par_1_77' title="bbox 1031 872 1824 913">
     <span class='ocr_line' id='line_1_77' title="bbox 1031 872 1824 913; baseline 0.01 -15"><span class='ocrx_word' id='word_1_576' title='bbox 1031 872 1106 898; x_wconf 86' lang='lat' dir='ltr'><strong>ttium</strong></span> <span class='ocrx_word' id='word_1_577' title='bbox 1132 873 1266 905; x_wconf 84' lang='lat' dir='ltr'><strong>dicuntur,</strong></span> <span class='ocrx_word' id='word_1_578' title='bbox 1290 879 1317 901; x_wconf 89' lang='lat' dir='ltr'><strong>et</strong></span> <span class='ocrx_word' id='word_1_579' title='bbox 1338 879 1399 909; x_wconf 85' lang='lat' dir='ltr'><strong>post</strong></span> <span class='ocrx_word' id='word_1_580' title='bbox 1418 875 1532 902; x_wconf 88' lang='lat' dir='ltr'><strong>reditum</strong></span> <span class='ocrx_word' id='word_1_581' title='bbox 1557 876 1675 904; x_wconf 73' lang='lat' dir='ltr'><strong>Flaviani</strong></span> <span class='ocrx_word' id='word_1_582' title='bbox 1697 878 1824 913; x_wconf 82' lang='lat' dir='ltr'><strong>episcopi.</strong></span> 
     </span>
    </p>
   </div>
   <div class='ocr_carea' id='block_1_78' title="bbox 1032 917 1827 955">
    <p class='ocr_par' dir='ltr' id='par_1_78' title="bbox 1032 917 1827 955">
     <span class='ocr_line' id='line_1_78' title="bbox 1032 917 1827 955; baseline 0.008 -11"><span class='ocrx_word' id='word_1_583' title='bbox 1032 917 1121 945; x_wconf 84' lang='lat' dir='ltr'><strong>Primo</strong></span> <span class='ocrx_word' id='word_1_584' title='bbox 1140 918 1230 945; x_wconf 87' lang='lat' dir='ltr'><strong>laudat</strong></span> <span class='ocrx_word' id='word_1_585' title='bbox 1251 919 1408 946; x_wconf 86' lang='lat' dir='ltr'><strong>Flavianum</strong></span> <span class='ocrx_word' id='word_1_586' title='bbox 1420 920 1509 955; x_wconf 86' lang='lat' dir='ltr'><strong>,quod</strong></span> <span class='ocrx_word' id='word_1_587' title='bbox 1525 928 1618 950; x_wconf 83' lang='lat' dir='ltr'><strong>sorore</strong></span> <span class='ocrx_word' id='word_1_588' title='bbox 1637 922 1731 950; x_wconf 86' lang='lat' dir='ltr'><strong>morbo</strong></span> <span class='ocrx_word' id='word_1_589' title='bbox 1751 923 1827 950; x_wconf 81' lang='lat' dir='ltr'><strong>labo—</strong></span> 
     </span>
    </p>
   </div>
   <div class='ocr_carea' id='block_1_79' title="bbox 1031 965 1825 1001">
    <p class='ocr_par' dir='ltr' id='par_1_79' title="bbox 1031 965 1825 1001">
     <span class='ocr_line' id='line_1_79' title="bbox 1031 965 1825 1001; baseline 0.008 -10"><span class='ocrx_word' id='word_1_590' title='bbox 1031 969 1122 997; x_wconf 86' lang='lat' dir='ltr'><strong>rante,</strong></span> <span class='ocrx_word' id='word_1_591' title='bbox 1136 965 1169 992; x_wconf 87' lang='lat' dir='ltr'><strong>dc</strong></span> <span class='ocrx_word' id='word_1_592' title='bbox 1182 965 1310 993; x_wconf 79' lang='lat' dir='ltr'><strong>extremis</strong></span> <span class='ocrx_word' id='word_1_593' title='bbox 1324 967 1508 1001; x_wconf 80' lang='lat' dir='ltr'><strong>periclitante,</strong></span> <span class='ocrx_word' id='word_1_594' title='bbox 1523 972 1550 996; x_wconf 86' lang='lat' dir='ltr'><strong>et</strong></span> <span class='ocrx_word' id='word_1_595' title='bbox 1563 967 1670 996; x_wconf 81' lang='lat' dir='ltr'><strong>fratrem</strong></span> <span class='ocrx_word' id='word_1_596' title='bbox 1686 976 1720 996; x_wconf 89' lang='lat' dir='ltr'><strong>ne</strong></span> <span class='ocrx_word' id='word_1_597' title='bbox 1733 977 1762 997; x_wconf 86' lang='lat' dir='ltr'><strong>se</strong></span> <span class='ocrx_word' id='word_1_598' title='bbox 1777 969 1825 997; x_wconf 90' lang='lat' dir='ltr'><strong>de-</strong></span> 
     </span>
    </p>
   </div>
   <div class='ocr_carea' id='block_1_80' title="bbox 1031 1012 1826 1048">
    <p class='ocr_par' dir='ltr' id='par_1_80' title="bbox 1031 1012 1826 1048">
     <span class='ocr_line' id='line_1_80' title="bbox 1031 1012 1826 1048; baseline 0.006 -11"><span class='ocrx_word' id='word_1_599' title='bbox 1031 1015 1133 1038; x_wconf 81' lang='lat' dir='ltr'><strong>sereret</strong></span> <span class='ocrx_word' id='word_1_600' title='bbox 1156 1015 1266 1046; x_wconf 72' lang='lat' dir='ltr'><strong>rogante</strong></span> <span class='ocrx_word' id='word_1_601' title='bbox 1279 1031 1286 1044; x_wconf 84' lang='grc'>,</span> <span class='ocrx_word' id='word_1_602' title='bbox 1302 1012 1391 1039; x_wconf 87' lang='lat' dir='ltr'><strong>omnia</strong></span> <span class='ocrx_word' id='word_1_603' title='bbox 1408 1016 1495 1039; x_wconf 87' lang='lat' dir='ltr'><strong>tamen</strong></span> <span class='ocrx_word' id='word_1_604' title='bbox 1516 1013 1561 1041; x_wconf 90' lang='lat' dir='ltr'><strong>illc</strong></span> <span class='ocrx_word' id='word_1_605' title='bbox 1578 1014 1760 1048; x_wconf 85' lang='lat' dir='ltr'><strong>posthabuerit</strong></span> <span class='ocrx_word' id='word_1_606' title='bbox 1773 1035 1782 1048; x_wconf 90' lang='lat'><strong>,</strong></span> <span class='ocrx_word' id='word_1_607' title='bbox 1798 1020 1826 1042; x_wconf 89' lang='lat' dir='ltr'><strong>ut</strong></span> 
     </span>
    </p>
   </div>
   <div class='ocr_carea' id='block_1_81' title="bbox 1032 1055 1824 1093">
    <p class='ocr_par' dir='ltr' id='par_1_81' title="bbox 1032 1055 1824 1093">
     <span class='ocr_line' id='line_1_81' title="bbox 1032 1055 1824 1093; baseline 0.004 -11"><span class='ocrx_word' id='word_1_608' title='bbox 1032 1055 1190 1090; x_wconf 84' lang='lat' dir='ltr'><strong>periclitanti</strong></span> <span class='ocrx_word' id='word_1_609' title='bbox 1204 1055 1277 1091; x_wconf 80' lang='lat' dir='ltr'><strong>gregi</strong></span> <span class='ocrx_word' id='word_1_610' title='bbox 1293 1057 1467 1091; x_wconf 87' lang='lat' dir='ltr'><strong>prospiceret.</strong></span> <span class='ocrx_word' id='word_1_611' title='bbox 1479 1057 1575 1085; x_wconf 89' lang='lat' dir='ltr'><strong>Narrat</strong></span> <span class='ocrx_word' id='word_1_612' title='bbox 1587 1058 1722 1093; x_wconf 77' lang='lat' dir='ltr'><strong>quomodo</strong></span> <span class='ocrx_word' id='word_1_613' title='bbox 1738 1058 1824 1093; x_wconf 86' lang='lat' dir='ltr'><strong>Impe-</strong></span> 
     </span>
    </p>
   </div>
   <div class='ocr_carea' id='block_1_82' title="bbox 1031 1101 1824 1138">
    <p class='ocr_par' dir='ltr' id='par_1_82' title="bbox 1031 1101 1824 1138">
     <span class='ocr_line' id='line_1_82' title="bbox 1031 1101 1824 1138; baseline 0.005 -10"><span class='ocrx_word' id='word_1_614' title='bbox 1031 1106 1146 1128; x_wconf 91' lang='lat' dir='ltr'><strong>ratorem</strong></span> <span class='ocrx_word' id='word_1_615' title='bbox 1162 1101 1258 1129; x_wconf 85' lang='lat' dir='ltr'><strong>adierit</strong></span> <span class='ocrx_word' id='word_1_616' title='bbox 1271 1106 1297 1129; x_wconf 89' lang='lat' dir='ltr'><strong>et</strong></span> <span class='ocrx_word' id='word_1_617' title='bbox 1313 1102 1339 1129; x_wconf 86' lang='lat' dir='ltr'><strong>in</strong></span> <span class='ocrx_word' id='word_1_618' title='bbox 1352 1107 1524 1137; x_wconf 83' lang='lat' dir='ltr'><strong>conspectum</strong></span> <span class='ocrx_word' id='word_1_619' title='bbox 1539 1103 1596 1138; x_wconf 84' lang='lat' dir='ltr'><strong>ejus</strong></span> <span class='ocrx_word' id='word_1_620' title='bbox 1611 1103 1752 1135; x_wconf 84' lang='lat' dir='ltr'><strong>adductus,</strong></span> <span class='ocrx_word' id='word_1_621' title='bbox 1767 1108 1824 1133; x_wconf 81' lang='lat' dir='ltr'><strong>sla-</strong></span> 
     </span>
    </p>
   </div>
   <div class='ocr_carea' id='block_1_83' title="bbox 1031 1147 1824 1185">
    <p class='ocr_par' dir='ltr' id='par_1_83' title="bbox 1031 1147 1824 1185">
     <span class='ocr_line' id='line_1_83' title="bbox 1031 1147 1824 1185; baseline 0.004 -11"><span class='ocrx_word' id='word_1_622' title='bbox 1031 1147 1077 1174; x_wconf 90' lang='lat' dir='ltr'><strong>tim</strong></span> <span class='ocrx_word' id='word_1_623' title='bbox 1088 1147 1222 1183; x_wconf 80' lang='lat' dir='ltr'><strong>Iacrymis,</strong></span> <span class='ocrx_word' id='word_1_624' title='bbox 1232 1148 1303 1175; x_wconf 91' lang='lat' dir='ltr'><strong>luctu</strong></span> <span class='ocrx_word' id='word_1_625' title='bbox 1315 1153 1339 1175; x_wconf 86' lang='lat' dir='ltr'><strong>et</strong></span> <span class='ocrx_word' id='word_1_626' title='bbox 1354 1148 1461 1176; x_wconf 90' lang='lat' dir='ltr'><strong>silentio</strong></span> <span class='ocrx_word' id='word_1_627' title='bbox 1469 1149 1522 1176; x_wconf 89' lang='lat' dir='ltr'><strong>vim</strong></span> <span class='ocrx_word' id='word_1_628' title='bbox 1533 1149 1633 1179; x_wconf 88' lang='lat' dir='ltr'><strong>doloris</strong></span> <span class='ocrx_word' id='word_1_629' title='bbox 1643 1150 1804 1185; x_wconf 75' lang='lat' dir='ltr'><strong>expresserit</strong></span> <span class='ocrx_word' id='word_1_630' title='bbox 1816 1159 1824 1180; x_wconf 84' lang='lat'><strong>:</strong></span> 
     </span>
    </p>
   </div>
   <div class='ocr_carea' id='block_1_84' title="bbox 1030 1192 1826 1228">
    <p class='ocr_par' dir='ltr' id='par_1_84' title="bbox 1030 1192 1826 1228">
     <span class='ocr_line' id='line_1_84' title="bbox 1030 1192 1826 1228; baseline 0.005 -9"><span class='ocrx_word' id='word_1_631' title='bbox 1030 1192 1183 1228; x_wconf 82' lang='lat' dir='ltr'><strong>deindeque</strong></span> <span class='ocrx_word' id='word_1_632' title='bbox 1195 1193 1291 1221; x_wconf 88' lang='lat' dir='ltr'><strong>leniter</strong></span> <span class='ocrx_word' id='word_1_633' title='bbox 1303 1193 1425 1223; x_wconf 82' lang='lat' dir='ltr'><strong>hortante</strong></span> <span class='ocrx_word' id='word_1_634' title='bbox 1439 1194 1601 1228; x_wconf 83' lang='lat' dir='ltr'><strong>lmperatore</strong></span> <span class='ocrx_word' id='word_1_635' title='bbox 1613 1195 1760 1225; x_wconf 80' lang='lat' dir='ltr'><strong>orationem</strong></span> <span class='ocrx_word' id='word_1_636' title='bbox 1775 1195 1826 1226; x_wconf 78' lang='lat' dir='ltr'><strong>ba-</strong></span> 
     </span>
    </p>
   </div>
   <div class='ocr_carea' id='block_1_85' title="bbox 1029 1238 1826 1276">
    <p class='ocr_par' dir='ltr' id='par_1_85' title="bbox 1029 1238 1826 1276">
     <span class='ocr_line' id='line_1_85' title="bbox 1029 1238 1826 1276; baseline 0.004 -10"><span class='ocrx_word' id='word_1_637' title='bbox 1029 1238 1140 1273; x_wconf 81' lang='lat' dir='ltr'><strong>buerit,</strong></span> <span class='ocrx_word' id='word_1_638' title='bbox 1155 1247 1233 1275; x_wconf 89' lang='lat' dir='ltr'><strong>quam</strong></span> <span class='ocrx_word' id='word_1_639' title='bbox 1255 1239 1462 1276; x_wconf 85' lang='lat' dir='ltr'><strong>Chrysoslomus</strong></span> <span class='ocrx_word' id='word_1_640' title='bbox 1484 1240 1516 1268; x_wconf 86' lang='lat' dir='ltr'><strong>ad</strong></span> <span class='ocrx_word' id='word_1_641' title='bbox 1537 1241 1645 1269; x_wconf 78' lang='lat' dir='ltr'><strong>verbum</strong></span> <span class='ocrx_word' id='word_1_642' title='bbox 1668 1242 1748 1269; x_wconf 84' lang='lat' dir='ltr'><strong>refert</strong></span> <span class='ocrx_word' id='word_1_643' title='bbox 1765 1247 1826 1276; x_wconf 83' lang='lat' dir='ltr'><strong>apte</strong></span> 
     </span>
    </p>
   </div>
   <div class='ocr_carea' id='block_1_86' title="bbox 1030 1285 1825 1321">
    <p class='ocr_par' dir='ltr' id='par_1_86' title="bbox 1030 1285 1825 1321">
     <span class='ocr_line' id='line_1_86' title="bbox 1030 1285 1825 1321; baseline 0.004 -10"><span class='ocrx_word' id='word_1_644' title='bbox 1030 1286 1203 1319; x_wconf 89' lang='lat' dir='ltr'><strong>compositam</strong></span> <span class='ocrx_word' id='word_1_645' title='bbox 1217 1285 1250 1313; x_wconf 84' lang='lat' dir='ltr'><strong>ad</strong></span> <span class='ocrx_word' id='word_1_646' title='bbox 1264 1285 1443 1314; x_wconf 86' lang='lat' dir='ltr'><strong>Theodosium</strong></span> <span class='ocrx_word' id='word_1_647' title='bbox 1461 1286 1620 1321; x_wconf 87' lang='lat' dir='ltr'><strong>placandum</strong></span> <span class='ocrx_word' id='word_1_648' title='bbox 1637 1296 1643 1313; x_wconf 86' lang='lat'>:</span> <span class='ocrx_word' id='word_1_649' title='bbox 1658 1285 1825 1316; x_wconf 67' lang='lat' dir='ltr'><strong>Theodosius</strong></span> 
     </span>
    </p>
   </div>
   <div class='ocr_carea' id='block_1_87' title="bbox 1030 1331 1825 1365">
    <p class='ocr_par' dir='ltr' id='par_1_87' title="bbox 1030 1331 1825 1365">
     <span class='ocr_line' id='line_1_87' title="bbox 1030 1331 1825 1365; baseline 0.005 -8"><span class='ocrx_word' id='word_1_650' title='bbox 1030 1339 1094 1358; x_wconf 86' lang='lat' dir='ltr'><strong>vero</strong></span> <span class='ocrx_word' id='word_1_651' title='bbox 1114 1331 1146 1359; x_wconf 88' lang='lat' dir='ltr'><strong>ad</strong></span> <span class='ocrx_word' id='word_1_652' title='bbox 1170 1332 1379 1360; x_wconf 83' lang='lat' dir='ltr'><strong>misericordiam</strong></span> <span class='ocrx_word' id='word_1_653' title='bbox 1403 1337 1570 1365; x_wconf 88' lang='lat' dir='ltr'><strong>commotus,</strong></span> <span class='ocrx_word' id='word_1_654' title='bbox 1593 1333 1650 1360; x_wconf 66' lang='lat' dir='ltr'><strong>haec</strong></span> <span class='ocrx_word' id='word_1_655' title='bbox 1672 1333 1825 1362; x_wconf 78' lang='lat' dir='ltr'><strong>Christiano</strong></span> 
     </span>
    </p>
   </div>
   <div class='ocr_carea' id='block_1_88' title="bbox 1030 1377 1826 1414">
    <p class='ocr_par' dir='ltr' id='par_1_88' title="bbox 1030 1377 1826 1414">
     <span class='ocr_line' id='line_1_88' title="bbox 1030 1377 1826 1414; baseline 0.004 -10"><span class='ocrx_word' id='word_1_656' title='bbox 1030 1377 1154 1413; x_wconf 79' lang='lat' dir='ltr'><strong>Prim-ipc</strong></span> <span class='ocrx_word' id='word_1_657' title='bbox 1173 1378 1251 1413; x_wconf 76' lang='lat' dir='ltr'><strong>digna</strong></span> <span class='ocrx_word' id='word_1_658' title='bbox 1273 1379 1381 1413; x_wconf 87' lang='lat' dir='ltr'><strong>protulit</strong></span> <span class='ocrx_word' id='word_1_659' title='bbox 1397 1379 1478 1406; x_wconf 83' lang='lat' dir='ltr'><strong>verba</strong></span> <span class='ocrx_word' id='word_1_660' title='bbox 1494 1387 1500 1406; x_wconf 91' lang='lat'><strong>:</strong></span> <span class='ocrx_word' id='word_1_661' title='bbox 1517 1379 1585 1412; x_wconf 79' lang='lat' dir='ltr'><strong>Quid</strong></span> <span class='ocrx_word' id='word_1_662' title='bbox 1596 1387 1713 1414; x_wconf 87' lang='lat' dir='ltr'><strong>magnum</strong></span> <span class='ocrx_word' id='word_1_663' title='bbox 1727 1381 1789 1411; x_wconf 86' lang='lat' dir='ltr'><strong>erit,</strong></span> <span class='ocrx_word' id='word_1_664' title='bbox 1805 1381 1826 1407; x_wconf 76' lang='lat' dir='ltr'><strong>si</strong></span> 
     </span>
    </p>
   </div>
   <div class='ocr_carea' id='block_1_89' title="bbox 1030 1424 1826 1458">
    <p class='ocr_par' dir='ltr' id='par_1_89' title="bbox 1030 1424 1826 1458">
     <span class='ocr_line' id='line_1_89' title="bbox 1030 1424 1826 1458; baseline 0.003 -8"><span class='ocrx_word' id='word_1_665' title='bbox 1030 1424 1183 1456; x_wconf 69' lang='lat' dir='ltr'><strong>horninibus,</strong></span> <span class='ocrx_word' id='word_1_666' title='bbox 1197 1424 1240 1458; x_wconf 85' lang='lat' dir='ltr'><strong>qui</strong></span> <span class='ocrx_word' id='word_1_667' title='bbox 1252 1433 1298 1451; x_wconf 71' lang='lat' dir='ltr'><strong>nos</strong></span> <span class='ocrx_word' id='word_1_668' title='bbox 1312 1425 1467 1452; x_wconf 73' lang='lat' dir='ltr'><strong>contumeliis</strong></span> <span class='ocrx_word' id='word_1_669' title='bbox 1480 1424 1626 1458; x_wconf 68' lang='lat' dir='ltr'><strong>affecerunt,</strong></span> <span class='ocrx_word' id='word_1_670' title='bbox 1636 1424 1701 1451; x_wconf 85' lang='lat' dir='ltr'><strong>iram</strong></span> <span class='ocrx_word' id='word_1_671' title='bbox 1712 1426 1826 1452; x_wconf 81' lang='lat' dir='ltr'><strong>remittu-</strong></span> 
     </span>
    </p>
   </div>
   <div class='ocr_carea' id='block_1_90' title="bbox 1030 1471 1823 1506">
    <p class='ocr_par' dir='ltr' id='par_1_90' title="bbox 1030 1471 1823 1506">
     <span class='ocr_line' id='line_1_90' title="bbox 1030 1471 1823 1506; baseline 0.003 -10"><span class='ocrx_word' id='word_1_672' title='bbox 1030 1478 1100 1502; x_wconf 81' lang='lat' dir='ltr'><strong>mus,</strong></span> <span class='ocrx_word' id='word_1_673' title='bbox 1117 1478 1173 1496; x_wconf 87' lang='lat' dir='ltr'><strong>cum</strong></span> <span class='ocrx_word' id='word_1_674' title='bbox 1186 1479 1231 1498; x_wconf 74' lang='lat' dir='ltr'><strong>nos</strong></span> <span class='ocrx_word' id='word_1_675' title='bbox 1247 1471 1295 1505; x_wconf 76' lang='lat' dir='ltr'><strong>ipsi</strong></span> <span class='ocrx_word' id='word_1_676' title='bbox 1310 1471 1422 1498; x_wconf 77' lang='lat' dir='ltr'><strong>homines</strong></span> <span class='ocrx_word' id='word_1_677' title='bbox 1437 1472 1536 1503; x_wconf 76' lang='lat' dir='ltr'><strong>simus;</strong></span> <span class='ocrx_word' id='word_1_678' title='bbox 1551 1471 1652 1506; x_wconf 79' lang='lat' dir='ltr'><strong>quando</strong></span> <span class='ocrx_word' id='word_1_679' title='bbox 1666 1472 1755 1498; x_wconf 82' lang='lat' dir='ltr'><strong>mundi</strong></span> <span class='ocrx_word' id='word_1_680' title='bbox 1768 1471 1823 1498; x_wconf 86' lang='lat' dir='ltr'><strong>Do—</strong></span> 
     </span>
    </p>
   </div>
   <div class='ocr_carea' id='block_1_91' title="bbox 1029 1517 1824 1551">
    <p class='ocr_par' dir='ltr' id='par_1_91' title="bbox 1029 1517 1824 1551">
     <span class='ocr_line' id='line_1_91' title="bbox 1029 1517 1824 1551; baseline 0 -8"><span class='ocrx_word' id='word_1_681' title='bbox 1029 1517 1112 1543; x_wconf 78' lang='lat' dir='ltr'><strong>minus</strong></span> <span class='ocrx_word' id='word_1_682' title='bbox 1125 1517 1151 1543; x_wconf 86' lang='lat' dir='ltr'><strong>in</strong></span> <span class='ocrx_word' id='word_1_683' title='bbox 1167 1521 1259 1543; x_wconf 67' lang='lat' dir='ltr'><strong>terram</strong></span> <span class='ocrx_word' id='word_1_684' title='bbox 1272 1517 1422 1544; x_wconf 66' lang='lat' dir='ltr'><strong>descendens</strong></span> <span class='ocrx_word' id='word_1_685' title='bbox 1433 1538 1439 1549; x_wconf 89' lang='lat'><strong>,</strong></span> <span class='ocrx_word' id='word_1_686' title='bbox 1462 1525 1492 1543; x_wconf 85' lang='lat' dir='ltr'><strong>ac</strong></span> <span class='ocrx_word' id='word_1_687' title='bbox 1509 1522 1612 1551; x_wconf 81' lang='lat' dir='ltr'><strong>propter</strong></span> <span class='ocrx_word' id='word_1_688' title='bbox 1630 1525 1676 1543; x_wconf 72' lang='lat' dir='ltr'><strong>nos</strong></span> <span class='ocrx_word' id='word_1_689' title='bbox 1695 1517 1770 1543; x_wconf 82' lang='lat' dir='ltr'><strong>homo</strong></span> <span class='ocrx_word' id='word_1_690' title='bbox 1784 1519 1824 1551; x_wconf 76' lang='lat' dir='ltr'><strong>fu-</strong></span> 
     </span>
    </p>
   </div>
   <div class='ocr_carea' id='block_1_92' title="bbox 1029 1562 1823 1598">
    <p class='ocr_par' dir='ltr' id='par_1_92' title="bbox 1029 1562 1823 1598">
     <span class='ocr_line' id='line_1_92' title="bbox 1029 1562 1823 1598; baseline 0 -8"><span class='ocrx_word' id='word_1_691' title='bbox 1029 1569 1093 1595; x_wconf 73' lang='lat' dir='ltr'><strong>ctus,</strong></span> <span class='ocrx_word' id='word_1_692' title='bbox 1106 1568 1127 1590; x_wconf 87' lang='lat' dir='ltr'><strong>ct</strong></span> <span class='ocrx_word' id='word_1_693' title='bbox 1138 1572 1153 1589; x_wconf 84' lang='grc' dir='ltr'><em>α</em></span> <span class='ocrx_word' id='word_1_694' title='bbox 1164 1563 1282 1597; x_wconf 77' lang='lat' dir='ltr'><strong>beneﬁcio</strong></span> <span class='ocrx_word' id='word_1_695' title='bbox 1293 1563 1389 1596; x_wconf 61' lang='lat' dir='ltr'><strong>ofﬁciis</strong></span> <span class='ocrx_word' id='word_1_696' title='bbox 1402 1563 1548 1597; x_wconf 70' lang='lat' dir='ltr'><strong>cruciﬁxus,</strong></span> <span class='ocrx_word' id='word_1_697' title='bbox 1562 1571 1607 1598; x_wconf 89' lang='lat' dir='ltr'><strong>pro</strong></span> <span class='ocrx_word' id='word_1_698' title='bbox 1617 1562 1823 1598; x_wconf 73' lang='lat' dir='ltr'><strong>cruciﬁgentibus</strong></span> 
     </span>
    </p>
   </div>
   <div class='ocr_carea' id='block_1_93' title="bbox 1029 1609 1824 1645">
    <p class='ocr_par' dir='ltr' id='par_1_93' title="bbox 1029 1609 1824 1645">
     <span class='ocr_line' id='line_1_93' title="bbox 1029 1609 1824 1645; baseline 0 -8"><span class='ocrx_word' id='word_1_699' title='bbox 1029 1618 1056 1638; x_wconf 71' lang='grc' dir='ltr'><strong>ιε</strong></span> <span class='ocrx_word' id='word_1_700' title='bbox 1066 1609 1171 1637; x_wconf 80' lang='lat' dir='ltr'><strong>Patrem</strong></span> <span class='ocrx_word' id='word_1_701' title='bbox 1185 1610 1264 1637; x_wconf 84' lang='lat' dir='ltr'><strong>oravit</strong></span> <span class='ocrx_word' id='word_1_702' title='bbox 1276 1610 1380 1637; x_wconf 79' lang='lat' dir='ltr'><strong>dicens:</strong></span> <span class='ocrx_word' id='word_1_703' title='bbox 1393 1610 1500 1645; x_wconf 80' lang='lat' dir='ltr'><strong>Ignosce</strong></span> <span class='ocrx_word' id='word_1_704' title='bbox 1513 1610 1582 1642; x_wconf 78' lang='lat' dir='ltr'><strong>illis;</strong></span> <span class='ocrx_word' id='word_1_705' title='bbox 1597 1619 1647 1637; x_wconf 85' lang='lat' dir='ltr'><strong>non</strong></span> <span class='ocrx_word' id='word_1_706' title='bbox 1660 1611 1726 1637; x_wconf 88' lang='lat' dir='ltr'><strong>enim</strong></span> <span class='ocrx_word' id='word_1_707' title='bbox 1740 1611 1824 1637; x_wconf 74' lang='lat' dir='ltr'><strong>sciunt</strong></span> 
     </span>
    </p>
   </div>
   <div class='ocr_carea' id='block_1_94' title="bbox 1028 1655 1822 1692">
    <p class='ocr_par' dir='ltr' id='par_1_94' title="bbox 1028 1655 1822 1692">
     <span class='ocr_line' id='line_1_94' title="bbox 1028 1655 1822 1692; baseline -0.001 -9"><span class='ocrx_word' id='word_1_708' title='bbox 1028 1657 1089 1692; x_wconf 85' lang='lat' dir='ltr'><strong>quid</strong></span> <span class='ocrx_word' id='word_1_709' title='bbox 1101 1657 1208 1692; x_wconf 75' lang='lat' dir='ltr'><strong>faciunt.</strong></span> <span class='ocrx_word' id='word_1_710' title='bbox 1223 1656 1289 1684; x_wconf 90' lang='lat' dir='ltr'><strong>Cum</strong></span> <span class='ocrx_word' id='word_1_711' title='bbox 1305 1661 1396 1684; x_wconf 79' lang='lat' dir='ltr'><strong>autem</strong></span> <span class='ocrx_word' id='word_1_712' title='bbox 1418 1657 1559 1684; x_wconf 82' lang='lat' dir='ltr'><strong>Flavianus</strong></span> <span class='ocrx_word' id='word_1_713' title='bbox 1576 1656 1676 1683; x_wconf 81' lang='lat' dir='ltr'><strong>Pascha</strong></span> <span class='ocrx_word' id='word_1_714' title='bbox 1692 1663 1753 1684; x_wconf 88' lang='lat' dir='ltr'><strong>cum</strong></span> <span class='ocrx_word' id='word_1_715' title='bbox 1769 1655 1822 1683; x_wconf 85' lang='lat' dir='ltr'><strong>lm-</strong></span> 
     </span>
    </p>
   </div>
   <div class='ocr_carea' id='block_1_95' title="bbox 1029 1700 1822 1738">
    <p class='ocr_par' dir='ltr' id='par_1_95' title="bbox 1029 1700 1822 1738">
     <span class='ocr_line' id='line_1_95' title="bbox 1029 1700 1822 1738; baseline -0.001 -8"><span class='ocrx_word' id='word_1_716' title='bbox 1029 1708 1155 1738; x_wconf 85' lang='lat' dir='ltr'><strong>peratore</strong></span> <span class='ocrx_word' id='word_1_717' title='bbox 1174 1702 1311 1730; x_wconf 81' lang='lat' dir='ltr'><strong>celebrare</strong></span> <span class='ocrx_word' id='word_1_718' title='bbox 1323 1702 1419 1734; x_wconf 83' lang='lat' dir='ltr'><strong>vellet,</strong></span> <span class='ocrx_word' id='word_1_719' title='bbox 1435 1702 1540 1736; x_wconf 88' lang='lat' dir='ltr'><strong>reponit</strong></span> <span class='ocrx_word' id='word_1_720' title='bbox 1553 1701 1720 1730; x_wconf 85' lang='lat' dir='ltr'><strong>Theodosius</strong></span> <span class='ocrx_word' id='word_1_721' title='bbox 1734 1711 1740 1728; x_wconf 92' lang='lat'>:</span> <span class='ocrx_word' id='word_1_722' title='bbox 1757 1700 1822 1730; x_wconf 84' lang='lat' dir='ltr'><strong>Novi</strong></span> 
     </span>
    </p>
   </div>
   <div class='ocr_carea' id='block_1_96' title="bbox 1029 1747 1824 1782">
    <p class='ocr_par' dir='ltr' id='par_1_96' title="bbox 1029 1747 1824 1782">
     <span class='ocr_line' id='line_1_96' title="bbox 1029 1747 1824 1782; baseline -0.001 -6"><span class='ocrx_word' id='word_1_723' title='bbox 1029 1748 1257 1776; x_wconf 85' lang='lat' dir='ltr'><strong>Antiochenorum</strong></span> <span class='ocrx_word' id='word_1_724' title='bbox 1270 1747 1375 1775; x_wconf 87' lang='lat' dir='ltr'><strong>animos</strong></span> <span class='ocrx_word' id='word_1_725' title='bbox 1389 1747 1574 1778; x_wconf 88' lang='lat' dir='ltr'><strong>conturbatos,</strong></span> <span class='ocrx_word' id='word_1_726' title='bbox 1587 1751 1614 1774; x_wconf 86' lang='lat' dir='ltr'><strong>et</strong></span> <span class='ocrx_word' id='word_1_727' title='bbox 1624 1747 1721 1775; x_wconf 87' lang='lat' dir='ltr'><strong>multas</strong></span> <span class='ocrx_word' id='word_1_728' title='bbox 1730 1754 1824 1782; x_wconf 82' lang='lat' dir='ltr'><strong>super-</strong></span> 
     </span>
    </p>
   </div>
   <div class='ocr_carea' id='block_1_97' title="bbox 1029 1792 1824 1828">
    <p class='ocr_par' dir='ltr' id='par_1_97' title="bbox 1029 1792 1824 1828">
     <span class='ocr_line' id='line_1_97' title="bbox 1029 1792 1824 1828; baseline -0.004 -7"><span class='ocrx_word' id='word_1_729' title='bbox 1029 1801 1089 1822; x_wconf 88' lang='lat' dir='ltr'><strong>esse</strong></span> <span class='ocrx_word' id='word_1_730' title='bbox 1103 1793 1263 1821; x_wconf 83' lang='lat' dir='ltr'><strong>calamitatis</strong></span> <span class='ocrx_word' id='word_1_731' title='bbox 1280 1792 1416 1828; x_wconf 88' lang='lat' dir='ltr'><strong>reliquias.</strong></span> <span class='ocrx_word' id='word_1_732' title='bbox 1430 1792 1477 1819; x_wconf 75' lang='lat' dir='ltr'><strong>Abi</strong></span> <span class='ocrx_word' id='word_1_733' title='bbox 1491 1797 1513 1819; x_wconf 75' lang='lat' dir='ltr'><strong>et</strong></span> <span class='ocrx_word' id='word_1_734' title='bbox 1525 1793 1664 1820; x_wconf 76' lang='lat' dir='ltr'><strong>consolare.</strong></span> <span class='ocrx_word' id='word_1_735' title='bbox 1682 1792 1714 1820; x_wconf 85' lang='lat' dir='ltr'><strong>Si</strong></span> <span class='ocrx_word' id='word_1_736' title='bbox 1733 1794 1824 1828; x_wconf 64' lang='lat' dir='ltr'><strong>gulam-.-</strong></span> 
     </span>
    </p>
   </div>
   <div class='ocr_carea' id='block_1_98' title="bbox 1029 1840 1823 1875">
    <p class='ocr_par' dir='ltr' id='par_1_98' title="bbox 1029 1840 1823 1875">
     <span class='ocr_line' id='line_1_98' title="bbox 1029 1840 1823 1875; baseline -0.003 -8"><span class='ocrx_word' id='word_1_737' title='bbox 1029 1846 1142 1867; x_wconf 82' lang='lat' dir='ltr'><strong>notorem</strong></span> <span class='ocrx_word' id='word_1_738' title='bbox 1163 1840 1287 1872; x_wconf 79' lang='lat' dir='ltr'><strong>viderint,</strong></span> <span class='ocrx_word' id='word_1_739' title='bbox 1305 1848 1351 1866; x_wconf 77' lang='lat' dir='ltr'><strong>nec</strong></span> <span class='ocrx_word' id='word_1_740' title='bbox 1371 1840 1503 1875; x_wconf 65' lang='lat' dir='ltr'><strong>praeteritur</strong></span> <span class='ocrx_word' id='word_1_741' title='bbox 1521 1840 1712 1866; x_wconf 68' lang='lat' dir='ltr'><strong>reminiscentur</strong></span> <span class='ocrx_word' id='word_1_742' title='bbox 1729 1844 1823 1873; x_wconf 76' lang='lat' dir='ltr'><strong>(enipe-</strong></span> 
     </span>
    </p>
   </div>
   <div class='ocr_carea' id='block_1_99' title="bbox 1028 1884 1822 1921">
    <p class='ocr_par' dir='ltr' id='par_1_99' title="bbox 1028 1884 1822 1921">
     <span class='ocr_line' id='line_1_99' title="bbox 1028 1884 1822 1921; baseline -0.005 -7"><span class='ocrx_word' id='word_1_743' title='bbox 1028 1887 1110 1918; x_wconf 76' lang='lat' dir='ltr'><strong>uatis,</strong></span> <span class='ocrx_word' id='word_1_744' title='bbox 1122 1887 1165 1913; x_wconf 84' lang='lat' dir='ltr'><strong>sed</strong></span> <span class='ocrx_word' id='word_1_745' title='bbox 1179 1887 1261 1921; x_wconf 72' lang='lat' dir='ltr'><strong>ipsum</strong></span> <span class='ocrx_word' id='word_1_746' title='bbox 1275 1886 1383 1913; x_wconf 66' lang='lat' dir='ltr'><strong>tristium</strong></span> <span class='ocrx_word' id='word_1_747' title='bbox 1398 1885 1543 1912; x_wconf 80' lang='lat' dir='ltr'><strong>memoriam</strong></span> <span class='ocrx_word' id='word_1_748' title='bbox 1560 1884 1684 1912; x_wconf 82' lang='lat' dir='ltr'><strong>delcbunt.</strong></span> <span class='ocrx_word' id='word_1_749' title='bbox 1699 1884 1761 1911; x_wconf 71' lang='lat' dir='ltr'><strong>ilzec</strong></span> <span class='ocrx_word' id='word_1_750' title='bbox 1777 1884 1822 1911; x_wconf 84' lang='lat' dir='ltr'><strong>ubi</strong></span> 
     </span>
    </p>
   </div>
   <div class='ocr_carea' id='block_1_100' title="bbox 1029 1929 1822 1966">
    <p class='ocr_par' dir='ltr' id='par_1_100' title="bbox 1029 1929 1822 1966">
     <span class='ocr_line' id='line_1_100' title="bbox 1029 1929 1822 1966; baseline -0.005 -6"><span class='ocrx_word' id='word_1_751' title='bbox 1029 1932 1203 1960; x_wconf 80' lang='lat' dir='ltr'><strong>Antiochcnis</strong></span> <span class='ocrx_word' id='word_1_752' title='bbox 1219 1932 1337 1959; x_wconf 82' lang='lat' dir='ltr'><strong>nuntiata</strong></span> <span class='ocrx_word' id='word_1_753' title='bbox 1353 1931 1437 1963; x_wconf 84' lang='lat' dir='ltr'><strong>fuere,</strong></span> <span class='ocrx_word' id='word_1_754' title='bbox 1451 1930 1547 1966; x_wconf 83' lang='lat' dir='ltr'><strong>gaudio</strong></span> <span class='ocrx_word' id='word_1_755' title='bbox 1561 1929 1661 1965; x_wconf 89' lang='lat' dir='ltr'><strong>perfusi</strong></span> <span class='ocrx_word' id='word_1_756' title='bbox 1677 1929 1761 1957; x_wconf 89' lang='lat' dir='ltr'><strong>forum</strong></span> <span class='ocrx_word' id='word_1_757' title='bbox 1777 1938 1822 1957; x_wconf 57' lang='lat' dir='ltr'><strong>eoa</strong></span> 
     </span>
    </p>
   </div>
   <div class='ocr_carea' id='block_1_101' title="bbox 1029 1975 1824 2011">
    <p class='ocr_par' dir='ltr' id='par_1_101' title="bbox 1029 1975 1824 2011">
     <span class='ocr_line' id='line_1_101' title="bbox 1029 1975 1824 2011; baseline -0.005 -5"><span class='ocrx_word' id='word_1_758' title='bbox 1029 1982 1168 2011; x_wconf 85' lang='lat' dir='ltr'><strong>ronarnnt,</strong></span> <span class='ocrx_word' id='word_1_759' title='bbox 1184 1978 1307 2005; x_wconf 90' lang='lat' dir='ltr'><strong>lucernas</strong></span> <span class='ocrx_word' id='word_1_760' title='bbox 1321 1977 1500 2004; x_wconf 86' lang='lat' dir='ltr'><strong>accenderunt</strong></span> <span class='ocrx_word' id='word_1_761' title='bbox 1511 1997 1518 2008; x_wconf 96' lang='lat'><strong>,</strong></span> <span class='ocrx_word' id='word_1_762' title='bbox 1534 1980 1562 2004; x_wconf 91' lang='lat' dir='ltr'><strong>et</strong></span> <span class='ocrx_word' id='word_1_763' title='bbox 1575 1981 1638 2003; x_wconf 84' lang='lat' dir='ltr'><strong>ante</strong></span> <span class='ocrx_word' id='word_1_764' title='bbox 1651 1975 1771 2003; x_wconf 87' lang='lat' dir='ltr'><strong>officinas</strong></span> <span class='ocrx_word' id='word_1_765' title='bbox 1785 1976 1824 2003; x_wconf 78' lang='lat' dir='ltr'><strong>le-</strong></span> 
     </span>
    </p>
   </div>
   <div class='ocr_carea' id='block_1_102' title="bbox 1029 2021 1824 2058">
    <p class='ocr_par' dir='ltr' id='par_1_102' title="bbox 1029 2021 1824 2058">
     <span class='ocr_line' id='line_1_102' title="bbox 1029 2021 1824 2058; baseline -0.004 -7"><span class='ocrx_word' id='word_1_766' title='bbox 1029 2024 1166 2052; x_wconf 85' lang='lat' dir='ltr'><strong>ctisternia</strong></span> <span class='ocrx_word' id='word_1_767' title='bbox 1181 2031 1305 2058; x_wconf 86' lang='lat' dir='ltr'><strong>posuere.</strong></span> <span class='ocrx_word' id='word_1_768' title='bbox 1322 2023 1370 2050; x_wconf 86' lang='lat' dir='ltr'><strong>llic</strong></span> <span class='ocrx_word' id='word_1_769' title='bbox 1386 2022 1491 2050; x_wconf 84' lang='lat' dir='ltr'><strong>tandem</strong></span> <span class='ocrx_word' id='word_1_770' title='bbox 1512 2021 1559 2050; x_wconf 86' lang='lat' dir='ltr'><strong>fuit</strong></span> <span class='ocrx_word' id='word_1_771' title='bbox 1571 2021 1745 2049; x_wconf 73' lang='lat' dir='ltr'><strong>Antiochcnte</strong></span> <span class='ocrx_word' id='word_1_772' title='bbox 1753 2021 1824 2049; x_wconf 70' lang='lat' dir='ltr'><strong>scili—</strong></span> 
     </span>
    </p>
   </div>
   <div class='ocr_carea' id='block_1_103' title="bbox 1029 2071 1220 2099">
    <p class='ocr_par' dir='ltr' id='par_1_103' title="bbox 1029 2071 1220 2099">
     <span class='ocr_line' id='line_1_103' title="bbox 1029 2071 1220 2099; baseline -0.005 -1"><span class='ocrx_word' id='word_1_773' title='bbox 1029 2071 1110 2099; x_wconf 79' lang='lat' dir='ltr'><strong>tionis</strong></span> <span class='ocrx_word' id='word_1_774' title='bbox 1123 2071 1220 2098; x_wconf 85' lang='lat' dir='ltr'><strong>exitus.</strong></span> 
     </span>
    </p>
   </div>
   <div class='ocr_carea' id='block_1_104' title="bbox 1064 2114 1824 2153">
    <p class='ocr_par' dir='ltr' id='par_1_104' title="bbox 1064 2114 1824 2153">
     <span class='ocr_line' id='line_1_104' title="bbox 1064 2114 1824 2153; baseline -0.005 -8"><span class='ocrx_word' id='word_1_775' title='bbox 1064 2118 1122 2145; x_wconf 79' lang='lat' dir='ltr'><strong>1am</strong></span> <span class='ocrx_word' id='word_1_776' title='bbox 1136 2117 1168 2145; x_wconf 89' lang='lat' dir='ltr'><strong>ad</strong></span> <span class='ocrx_word' id='word_1_777' title='bbox 1181 2117 1320 2153; x_wconf 85' lang='lat' dir='ltr'><strong>sequentia</strong></span> <span class='ocrx_word' id='word_1_778' title='bbox 1332 2117 1480 2148; x_wconf 80' lang='lat' dir='ltr'><strong>veniamus,</strong></span> <span class='ocrx_word' id='word_1_779' title='bbox 1491 2123 1548 2151; x_wconf 66' lang='lat' dir='ltr'><strong>qua:</strong></span> <span class='ocrx_word' id='word_1_780' title='bbox 1561 2115 1698 2150; x_wconf 80' lang='lat' dir='ltr'><strong>postdicm</strong></span> <span class='ocrx_word' id='word_1_781' title='bbox 1710 2114 1824 2142; x_wconf 70' lang='lat' dir='ltr'><strong>Pascha-</strong></span> 
     </span>
    </p>
   </div>
   <div class='ocr_carea' id='block_1_105' title="bbox 1029 2161 1824 2200">
    <p class='ocr_par' dir='ltr' id='par_1_105' title="bbox 1029 2161 1824 2200">
     <span class='ocr_line' id='line_1_105' title="bbox 1029 2161 1824 2200; baseline -0.005 -8"><span class='ocrx_word' id='word_1_782' title='bbox 1029 2165 1062 2192; x_wconf 85' lang='lat' dir='ltr'><strong>lis</strong></span> <span class='ocrx_word' id='word_1_783' title='bbox 1076 2165 1236 2200; x_wconf 84' lang='lat' dir='ltr'><strong>subscquuta</strong></span> <span class='ocrx_word' id='word_1_784' title='bbox 1252 2169 1314 2191; x_wconf 83' lang='lat' dir='ltr'><strong>sunt</strong></span> <span class='ocrx_word' id='word_1_785' title='bbox 1329 2173 1335 2191; x_wconf 92' lang='lat'>:</span> <span class='ocrx_word' id='word_1_786' title='bbox 1352 2165 1378 2191; x_wconf 90' lang='lat' dir='ltr'><strong>in</strong></span> <span class='ocrx_word' id='word_1_787' title='bbox 1391 2163 1466 2199; x_wconf 84' lang='lat' dir='ltr'><strong>queis</strong></span> <span class='ocrx_word' id='word_1_788' title='bbox 1481 2170 1513 2190; x_wconf 77' lang='lat' dir='ltr'><strong>ex</strong></span> <span class='ocrx_word' id='word_1_789' title='bbox 1530 2162 1655 2190; x_wconf 87' lang='lat' dir='ltr'><strong>diuturna</strong></span> <span class='ocrx_word' id='word_1_790' title='bbox 1669 2161 1824 2188; x_wconf 76' lang='lat' dir='ltr'><strong>tractatione</strong></span> 
     </span>
    </p>
   </div>
   <div class='ocr_carea' id='block_1_106' title="bbox 1030 2207 1823 2246">
    <p class='ocr_par' dir='ltr' id='par_1_106' title="bbox 1030 2207 1823 2246">
     <span class='ocr_line' id='line_1_106' title="bbox 1030 2207 1823 2246; baseline -0.008 -8"><span class='ocrx_word' id='word_1_791' title='bbox 1030 2219 1083 2238; x_wconf 89' lang='lat' dir='ltr'><strong>non</strong></span> <span class='ocrx_word' id='word_1_792' title='bbox 1098 2218 1182 2246; x_wconf 87' lang='lat' dir='ltr'><strong>pauca</strong></span> <span class='ocrx_word' id='word_1_793' title='bbox 1205 2214 1287 2243; x_wconf 88' lang='lat' dir='ltr'><strong>sunt,</strong></span> <span class='ocrx_word' id='word_1_794' title='bbox 1300 2217 1360 2244; x_wconf 69' lang='lat' dir='ltr'><strong>qua:</strong></span> <span class='ocrx_word' id='word_1_795' title='bbox 1377 2209 1479 2244; x_wconf 88' lang='lat' dir='ltr'><strong>pridem</strong></span> <span class='ocrx_word' id='word_1_796' title='bbox 1499 2207 1646 2235; x_wconf 83' lang='lat' dir='ltr'><strong>secundum</strong></span> <span class='ocrx_word' id='word_1_797' title='bbox 1660 2207 1823 2234; x_wconf 81' lang='lat' dir='ltr'><strong>Tillemontit</strong></span> 
     </span>
    </p>
   </div>
   <div class='ocr_carea' id='block_1_107' title="bbox 1029 2253 1824 2290">
    <p class='ocr_par' dir='ltr' id='par_1_107' title="bbox 1029 2253 1824 2290">
     <span class='ocr_line' id='line_1_107' title="bbox 1029 2253 1824 2290; baseline -0.009 -6"><span class='ocrx_word' id='word_1_798' title='bbox 1029 2258 1190 2285; x_wconf 84' lang='lat' dir='ltr'><strong>sententiam</strong></span> <span class='ocrx_word' id='word_1_799' title='bbox 1203 2261 1382 2283; x_wconf 85' lang='lat' dir='ltr'><strong>statueramus</strong></span> <span class='ocrx_word' id='word_1_800' title='bbox 1395 2277 1402 2288; x_wconf 90' lang='lat'><strong>,</strong></span> <span class='ocrx_word' id='word_1_801' title='bbox 1418 2262 1530 2290; x_wconf 71' lang='lat' dir='ltr'><strong>qumque</strong></span> <span class='ocrx_word' id='word_1_802' title='bbox 1540 2255 1595 2289; x_wconf 82' lang='lat' dir='ltr'><strong>jam</strong></span> <span class='ocrx_word' id='word_1_803' title='bbox 1609 2253 1733 2281; x_wconf 84' lang='lat' dir='ltr'><strong>mutanda</strong></span> <span class='ocrx_word' id='word_1_804' title='bbox 1748 2253 1824 2280; x_wconf 58' lang='lat' dir='ltr'><strong>nobis</strong></span> 
     </span>
    </p>
   </div>
   <div class='ocr_carea' id='block_1_108' title="bbox 1029 2299 1824 2338">
    <p class='ocr_par' dir='ltr' id='par_1_108' title="bbox 1029 2299 1824 2338">
     <span class='ocr_line' id='line_1_108' title="bbox 1029 2299 1824 2338; baseline -0.006 -8"><span class='ocrx_word' id='word_1_805' title='bbox 1029 2308 1100 2330; x_wconf 88' lang='lat' dir='ltr'><strong>sunt.</strong></span> <span class='ocrx_word' id='word_1_806' title='bbox 1116 2303 1225 2337; x_wconf 86' lang='lat' dir='ltr'><strong>Eorum,</strong></span> <span class='ocrx_word' id='word_1_807' title='bbox 1234 2311 1293 2338; x_wconf 74' lang='lat' dir='ltr'><strong>qute</strong></span> <span class='ocrx_word' id='word_1_808' title='bbox 1305 2307 1364 2337; x_wconf 87' lang='lat' dir='ltr'><strong>post</strong></span> <span class='ocrx_word' id='word_1_809' title='bbox 1377 2302 1449 2329; x_wconf 89' lang='lat' dir='ltr'><strong>diem</strong></span> <span class='ocrx_word' id='word_1_810' title='bbox 1460 2301 1598 2328; x_wconf 79' lang='lat' dir='ltr'><strong>Paschalis</strong></span> <span class='ocrx_word' id='word_1_811' title='bbox 1609 2300 1687 2334; x_wconf 85' lang='lat' dir='ltr'><strong>hujus</strong></span> <span class='ocrx_word' id='word_1_812' title='bbox 1699 2299 1760 2326; x_wconf 87' lang='lat' dir='ltr'><strong>anui</strong></span> <span class='ocrx_word' id='word_1_813' title='bbox 1773 2300 1824 2326; x_wconf 83' lang='lat'><strong>587</strong></span> 
     </span>
    </p>
   </div>
   <div class='ocr_carea' id='block_1_109' title="bbox 1030 2345 1825 2384">
    <p class='ocr_par' dir='ltr' id='par_1_109' title="bbox 1030 2345 1825 2384">
     <span class='ocr_line' id='line_1_109' title="bbox 1030 2345 1825 2384; baseline -0.006 -8"><span class='ocrx_word' id='word_1_814' title='bbox 1030 2349 1192 2384; x_wconf 81' lang='lat' dir='ltr'><strong>subscquuta</strong></span> <span class='ocrx_word' id='word_1_815' title='bbox 1214 2353 1293 2381; x_wconf 83' lang='lat' dir='ltr'><strong>sunt,</strong></span> <span class='ocrx_word' id='word_1_816' title='bbox 1319 2348 1386 2375; x_wconf 90' lang='lat' dir='ltr'><strong>ordo</strong></span> <span class='ocrx_word' id='word_1_817' title='bbox 1406 2347 1488 2382; x_wconf 85' lang='lat' dir='ltr'><strong>probe</strong></span> <span class='ocrx_word' id='word_1_818' title='bbox 1505 2347 1650 2382; x_wconf 84' lang='lat' dir='ltr'><strong>percipitur</strong></span> <span class='ocrx_word' id='word_1_819' title='bbox 1663 2353 1696 2372; x_wconf 82' lang='lat' dir='ltr'><strong>ex</strong></span> <span class='ocrx_word' id='word_1_820' title='bbox 1717 2345 1750 2372; x_wconf 89' lang='lat' dir='ltr'><strong>iis</strong></span> <span class='ocrx_word' id='word_1_821' title='bbox 1765 2353 1825 2380; x_wconf 78' lang='lat' dir='ltr'><strong>qum</strong></span> 
     </span>
    </p>
   </div>
   <div class='ocr_carea' id='block_1_110' title="bbox 1030 2390 1826 2429">
    <p class='ocr_par' dir='ltr' id='par_1_110' title="bbox 1030 2390 1826 2429">
     <span class='ocr_line' id='line_1_110' title="bbox 1030 2390 1826 2429; baseline -0.006 -7"><span class='ocrx_word' id='word_1_822' title='bbox 1030 2395 1160 2422; x_wconf 88' lang='lat' dir='ltr'><strong>Sermone</strong></span> <span class='ocrx_word' id='word_1_823' title='bbox 1184 2395 1268 2429; x_wconf 86' lang='lat' dir='ltr'><strong>primo</strong></span> <span class='ocrx_word' id='word_1_824' title='bbox 1281 2394 1315 2421; x_wconf 90' lang='lat' dir='ltr'><strong>de</strong></span> <span class='ocrx_word' id='word_1_825' title='bbox 1334 2395 1410 2421; x_wconf 83' lang='lat' dir='ltr'><strong>Anna</strong></span> <span class='ocrx_word' id='word_1_826' title='bbox 1428 2397 1519 2420; x_wconf 79' lang='lat' dir='ltr'><strong>narrat</strong></span> <span class='ocrx_word' id='word_1_827' title='bbox 1536 2393 1753 2427; x_wconf 86' lang='lat' dir='ltr'><strong>Chrysostomus.</strong></span> <span class='ocrx_word' id='word_1_828' title='bbox 1775 2390 1826 2418; x_wconf 78' lang='lat' dir='ltr'><strong>Vos</strong></span> 
     </span>
    </p>
   </div>
   <div class='ocr_carea' id='block_1_111' title="bbox 1030 2437 1826 2476">
    <p class='ocr_par' dir='ltr' id='par_1_111' title="bbox 1030 2437 1826 2476">
     <span class='ocr_line' id='line_1_111' title="bbox 1030 2437 1826 2476; baseline -0.004 -9"><span class='ocrx_word' id='word_1_829' title='bbox 1030 2441 1096 2468; x_wconf 77' lang='lat' dir='ltr'><strong>enim</strong></span> <span class='ocrx_word' id='word_1_830' title='bbox 1109 2441 1227 2476; x_wconf 78' lang='lat' dir='ltr'><strong>fortasse,</strong></span> <span class='ocrx_word' id='word_1_831' title='bbox 1243 2440 1338 2475; x_wconf 86' lang='lat' dir='ltr'><strong>inquit,</strong></span> <span class='ocrx_word' id='word_1_832' title='bbox 1351 2448 1436 2466; x_wconf 86' lang='lat' dir='ltr'><strong>eorum</strong></span> <span class='ocrx_word' id='word_1_833' title='bbox 1449 2439 1520 2466; x_wconf 87' lang='lat' dir='ltr'><strong>obliti</strong></span> <span class='ocrx_word' id='word_1_834' title='bbox 1535 2439 1603 2471; x_wconf 75' lang='lat' dir='ltr'><strong>estis,</strong></span> <span class='ocrx_word' id='word_1_835' title='bbox 1615 2446 1644 2465; x_wconf 83' lang='lat' dir='ltr'><strong>eo</strong></span> <span class='ocrx_word' id='word_1_836' title='bbox 1655 2438 1722 2473; x_wconf 81' lang='lat' dir='ltr'><strong>quod</strong></span> <span class='ocrx_word' id='word_1_837' title='bbox 1733 2437 1826 2464; x_wconf 73' lang='lat' dir='ltr'><strong>multo:</strong></span> 
     </span>
    </p>
   </div>
   <div class='ocr_carea' id='block_1_112' title="bbox 1028 2484 1824 2518">
    <p class='ocr_par' dir='ltr' id='par_1_112' title="bbox 1028 2484 1824 2518">
     <span class='ocr_line' id='line_1_112' title="bbox 1028 2484 1824 2518; baseline -0.004 -5"><span class='ocrx_word' id='word_1_838' title='bbox 1028 2487 1126 2513; x_wconf 80' lang='lat' dir='ltr'><strong>interea</strong></span> <span class='ocrx_word' id='word_1_839' title='bbox 1144 2494 1270 2513; x_wconf 79' lang='lat' dir='ltr'><strong>sermones</strong></span> <span class='ocrx_word' id='word_1_840' title='bbox 1282 2506 1289 2518; x_wconf 89' lang='lat'><strong>,</strong></span> <span class='ocrx_word' id='word_1_841' title='bbox 1305 2491 1328 2513; x_wconf 82' lang='lat' dir='ltr'><strong>et</strong></span> <span class='ocrx_word' id='word_1_842' title='bbox 1348 2486 1380 2512; x_wconf 82' lang='lat' dir='ltr'><strong>de</strong></span> <span class='ocrx_word' id='word_1_843' title='bbox 1400 2486 1458 2512; x_wconf 79' lang='lat' dir='ltr'><strong>aliis</strong></span> <span class='ocrx_word' id='word_1_844' title='bbox 1482 2485 1556 2512; x_wconf 74' lang='lat' dir='ltr'><strong>rebus</strong></span> <span class='ocrx_word' id='word_1_845' title='bbox 1580 2492 1627 2511; x_wconf 77' lang='lat' dir='ltr'><strong>nos</strong></span> <span class='ocrx_word' id='word_1_846' title='bbox 1653 2484 1824 2511; x_wconf 73' lang='lat' dir='ltr'><strong>Ital-uernum.</strong></span> 
     </span>
    </p>
   </div>
   <div class='ocr_carea' id='block_1_113' title="bbox 1032 2528 1824 2567">
    <p class='ocr_par' dir='ltr' id='par_1_113' title="bbox 1032 2528 1824 2567">
     <span class='ocr_line' id='line_1_113' title="bbox 1032 2528 1824 2567; baseline -0.005 -8"><span class='ocrx_word' id='word_1_847' title='bbox 1032 2532 1101 2559; x_wconf 82' lang='lat' dir='ltr'><strong>Nam</strong></span> <span class='ocrx_word' id='word_1_848' title='bbox 1115 2540 1213 2559; x_wconf 73' lang='lat' dir='ltr'><strong>reverso</strong></span> <span class='ocrx_word' id='word_1_849' title='bbox 1228 2540 1243 2558; x_wconf 87' lang='lat' dir='ltr'><strong>o</strong></span> <span class='ocrx_word' id='word_1_850' title='bbox 1259 2531 1395 2567; x_wconf 82' lang='lat' dir='ltr'><strong>longinqua</strong></span> <span class='ocrx_word' id='word_1_851' title='bbox 1411 2530 1611 2565; x_wconf 81' lang='lat' dir='ltr'><strong>peregrinatione</strong></span> <span class='ocrx_word' id='word_1_852' title='bbox 1625 2528 1706 2556; x_wconf 77' lang='lat' dir='ltr'><strong>Patre</strong></span> <span class='ocrx_word' id='word_1_853' title='bbox 1718 2534 1804 2556; x_wconf 68' lang='lat' dir='ltr'><strong>nostro</strong></span> <span class='ocrx_word' id='word_1_854' title='bbox 1817 2548 1824 2559; x_wconf 86' lang='lat'><strong>.</strong></span> 
     </span>
    </p>
   </div>
   <div class='ocr_carea' id='block_1_114' title="bbox 1032 2574 1826 2612">
    <p class='ocr_par' dir='ltr' id='par_1_114' title="bbox 1032 2574 1826 2612">
     <span class='ocr_line' id='line_1_114' title="bbox 1032 2574 1826 2612; baseline -0.006 -7"><span class='ocrx_word' id='word_1_855' title='bbox 1032 2578 1198 2605; x_wconf 73' lang='lat' dir='ltr'><strong>necessarium</strong></span> <span class='ocrx_word' id='word_1_856' title='bbox 1210 2577 1258 2612; x_wconf 79' lang='lat' dir='ltr'><strong>fuit</strong></span> <span class='ocrx_word' id='word_1_857' title='bbox 1273 2577 1358 2604; x_wconf 87' lang='lat' dir='ltr'><strong>omnia</strong></span> <span class='ocrx_word' id='word_1_858' title='bbox 1372 2583 1577 2608; x_wconf 82' lang='lat' dir='ltr'><strong>commemorare,</strong></span> <span class='ocrx_word' id='word_1_859' title='bbox 1592 2583 1649 2610; x_wconf 65' lang='lat' dir='ltr'><strong>qua</strong></span> <span class='ocrx_word' id='word_1_860' title='bbox 1660 2575 1686 2602; x_wconf 82' lang='lat' dir='ltr'><strong>in</strong></span> <span class='ocrx_word' id='word_1_861' title='bbox 1699 2574 1826 2602; x_wconf 80' lang='lat' dir='ltr'><strong>Comitum</strong></span> 
     </span>
    </p>
   </div>
   <div class='ocr_carea' id='block_1_115' title="bbox 1031 2620 1827 2656">
    <p class='ocr_par' dir='ltr' id='par_1_115' title="bbox 1031 2620 1827 2656">
     <span class='ocr_line' id='line_1_115' title="bbox 1031 2620 1827 2656; baseline -0.005 -5"><span class='ocrx_word' id='word_1_862' title='bbox 1031 2624 1196 2651; x_wconf 84' lang='lat' dir='ltr'><strong>occiderant:</strong></span> <span class='ocrx_word' id='word_1_863' title='bbox 1210 2631 1240 2650; x_wconf 84' lang='lat' dir='ltr'><strong>ac</strong></span> <span class='ocrx_word' id='word_1_864' title='bbox 1253 2623 1344 2649; x_wconf 79' lang='lat' dir='ltr'><strong>deinde</strong></span> <span class='ocrx_word' id='word_1_865' title='bbox 1355 2630 1412 2648; x_wconf 84' lang='lat' dir='ltr'><strong>cum</strong></span> <span class='ocrx_word' id='word_1_866' title='bbox 1427 2622 1561 2656; x_wconf 67' lang='lat' dir='ltr'><strong>gentilibus</strong></span> <span class='ocrx_word' id='word_1_867' title='bbox 1574 2622 1719 2656; x_wconf 77' lang='lat' dir='ltr'><strong>disputare,</strong></span> <span class='ocrx_word' id='word_1_868' title='bbox 1734 2624 1764 2646; x_wconf 78' lang='lat' dir='ltr'><strong>ut</strong></span> <span class='ocrx_word' id='word_1_869' title='bbox 1780 2620 1827 2647; x_wconf 70' lang='lat' dir='ltr'><strong>Iros</strong></span> 
     </span>
    </p>
   </div>
   <div class='ocr_carea' id='block_1_116' title="bbox 1031 2664 1828 2702">
    <p class='ocr_par' dir='ltr' id='par_1_116' title="bbox 1031 2664 1828 2702">
     <span class='ocr_line' id='line_1_116' title="bbox 1031 2664 1828 2702; baseline -0.009 -5"><span class='ocrx_word' id='word_1_870' title='bbox 1031 2671 1055 2697; x_wconf 77' lang='lat' dir='ltr'><strong>vi</strong></span> <span class='ocrx_word' id='word_1_871' title='bbox 1070 2669 1220 2698; x_wconf 76' lang='lat' dir='ltr'><strong>calamitatis</strong></span> <span class='ocrx_word' id='word_1_872' title='bbox 1238 2668 1272 2695; x_wconf 83' lang='lat' dir='ltr'><strong>od</strong></span> <span class='ocrx_word' id='word_1_873' title='bbox 1291 2669 1419 2694; x_wconf 81' lang='lat' dir='ltr'><strong>meliorem</strong></span> <span class='ocrx_word' id='word_1_874' title='bbox 1434 2669 1533 2702; x_wconf 75' lang='lat' dir='ltr'><strong>frugem</strong></span> <span class='ocrx_word' id='word_1_875' title='bbox 1547 2671 1674 2693; x_wconf 73' lang='lat' dir='ltr'><strong>reuocatos</strong></span> <span class='ocrx_word' id='word_1_876' title='bbox 1685 2685 1693 2698; x_wconf 94' lang='lat'><strong>,</strong></span> <span class='ocrx_word' id='word_1_877' title='bbox 1708 2665 1770 2698; x_wconf 85' lang='lat' dir='ltr'><strong>qui,</strong></span> <span class='ocrx_word' id='word_1_878' title='bbox 1781 2664 1828 2691; x_wconf 76' lang='lat' dir='ltr'><strong>de-</strong></span> 
     </span>
    </p>
   </div>
   <div class='ocr_carea' id='block_1_117' title="bbox 1032 2710 1826 2751">
    <p class='ocr_par' dir='ltr' id='par_1_117' title="bbox 1032 2710 1826 2751">
     <span class='ocr_line' id='line_1_117' title="bbox 1032 2710 1826 2751; baseline -0.009 -8"><span class='ocrx_word' id='word_1_879' title='bbox 1032 2721 1098 2743; x_wconf 74' lang='lat' dir='ltr'><strong>serto</strong></span> <span class='ocrx_word' id='word_1_880' title='bbox 1114 2715 1245 2751; x_wconf 65' lang='lat' dir='ltr'><strong>gentilium</strong></span> <span class='ocrx_word' id='word_1_881' title='bbox 1259 2721 1353 2746; x_wconf 83' lang='lat' dir='ltr'><strong>errore,</strong></span> <span class='ocrx_word' id='word_1_882' title='bbox 1369 2721 1423 2740; x_wconf 74' lang='lat' dir='ltr'><strong>sese</strong></span> <span class='ocrx_word' id='word_1_883' title='bbox 1433 2713 1466 2739; x_wconf 85' lang='lat' dir='ltr'><strong>ad</strong></span> <span class='ocrx_word' id='word_1_884' title='bbox 1479 2721 1525 2740; x_wconf 81' lang='lat' dir='ltr'><strong>nos</strong></span> <span class='ocrx_word' id='word_1_885' title='bbox 1537 2711 1695 2738; x_wconf 74' lang='lat' dir='ltr'><strong>contulerant</strong></span> <span class='ocrx_word' id='word_1_886' title='bbox 1707 2730 1715 2741; x_wconf 83' lang='lat'><strong>,</strong></span> <span class='ocrx_word' id='word_1_887' title='bbox 1731 2717 1779 2744; x_wconf 81' lang='lat' dir='ltr'><strong>pro</strong></span> <span class='ocrx_word' id='word_1_888' title='bbox 1790 2710 1826 2737; x_wconf 79' lang='lat' dir='ltr'><strong>vi-</strong></span> 
     </span>
    </p>
   </div>
   <div class='ocr_carea' id='block_1_118' title="bbox 1032 2756 1827 2796">
    <p class='ocr_par' dir='ltr' id='par_1_118' title="bbox 1032 2756 1827 2796">
     <span class='ocr_line' id='line_1_118' title="bbox 1032 2756 1827 2796; baseline -0.01 -7"><span class='ocrx_word' id='word_1_889' title='bbox 1032 2762 1075 2789; x_wconf 80' lang='lat' dir='ltr'><strong>rili</strong></span> <span class='ocrx_word' id='word_1_890' title='bbox 1087 2763 1303 2796; x_wconf 72' lang='lat' dir='ltr'><strong>conﬁrmoremus,</strong></span> <span class='ocrx_word' id='word_1_891' title='bbox 1319 2768 1349 2786; x_wconf 88' lang='lat' dir='ltr'><strong>ac</strong></span> <span class='ocrx_word' id='word_1_892' title='bbox 1363 2759 1517 2790; x_wconf 70' lang='lat' dir='ltr'><strong>duceremus,</strong></span> <span class='ocrx_word' id='word_1_893' title='bbox 1532 2757 1632 2790; x_wconf 67' lang='lat' dir='ltr'><strong>ouantis</strong></span> <span class='ocrx_word' id='word_1_894' title='bbox 1645 2756 1753 2783; x_wconf 68' lang='lat' dir='ltr'><strong>tenebris</strong></span> <span class='ocrx_word' id='word_1_895' title='bbox 1765 2756 1827 2782; x_wconf 68' lang='lat' dir='ltr'><strong>libe-</strong></span> 
     </span>
    </p>
   </div>
   <div class='ocr_carea' id='block_1_119' title="bbox 1032 2800 1828 2841">
    <p class='ocr_par' dir='ltr' id='par_1_119' title="bbox 1032 2800 1828 2841">
     <span class='ocr_line' id='line_1_119' title="bbox 1032 2800 1828 2841; baseline -0.01 -6"><span class='ocrx_word' id='word_1_896' title='bbox 1032 2809 1083 2836; x_wconf 80' lang='lat' dir='ltr'><strong>rati</strong></span> <span class='ocrx_word' id='word_1_897' title='bbox 1093 2829 1102 2841; x_wconf 94' lang='lat'><strong>,</strong></span> <span class='ocrx_word' id='word_1_898' title='bbox 1116 2807 1150 2834; x_wconf 87' lang='lat' dir='ltr'><strong>ad</strong></span> <span class='ocrx_word' id='word_1_899' title='bbox 1165 2811 1262 2834; x_wconf 76' lang='lat' dir='ltr'><strong>tantum</strong></span> <span class='ocrx_word' id='word_1_900' title='bbox 1280 2805 1390 2832; x_wconf 77' lang='lat' dir='ltr'><strong>veritatis</strong></span> <span class='ocrx_word' id='word_1_901' title='bbox 1411 2805 1492 2831; x_wconf 74' lang='lat' dir='ltr'><strong>lucem</strong></span> <span class='ocrx_word' id='word_1_902' title='bbox 1511 2803 1686 2830; x_wconf 77' lang='lat' dir='ltr'><strong>occurrissent.</strong></span> <span class='ocrx_word' id='word_1_903' title='bbox 1703 2800 1767 2828; x_wconf 72' lang='lat' dir='ltr'><strong>Post</strong></span> <span class='ocrx_word' id='word_1_904' title='bbox 1780 2801 1828 2828; x_wconf 82' lang='lat' dir='ltr'><strong>itto</strong></span> 
     </span>
    </p>
   </div>
   <div class='ocr_carea' id='block_1_120' title="bbox 1032 2847 1828 2886">
    <p class='ocr_par' dir='ltr' id='par_1_120' title="bbox 1032 2847 1828 2886">
     <span class='ocr_line' id='line_1_120' title="bbox 1032 2847 1828 2886; baseline -0.009 -5"><span class='ocrx_word' id='word_1_905' title='bbox 1032 2862 1135 2882; x_wconf 75' lang='lat' dir='ltr'><strong>rursum</strong></span> <span class='ocrx_word' id='word_1_906' title='bbox 1147 2853 1233 2880; x_wconf 72' lang='lat' dir='ltr'><strong>multis</strong></span> <span class='ocrx_word' id='word_1_907' title='bbox 1246 2851 1332 2878; x_wconf 66' lang='lat' dir='ltr'><strong>diebus</strong></span> <span class='ocrx_word' id='word_1_908' title='bbox 1345 2855 1485 2886; x_wconf 82' lang='lat' dir='ltr'><strong>martyrum</strong></span> <span class='ocrx_word' id='word_1_909' title='bbox 1498 2849 1631 2885; x_wconf 77' lang='lat' dir='ltr'><strong>festivitate</strong></span> <span class='ocrx_word' id='word_1_910' title='bbox 1638 2847 1711 2884; x_wconf 73' lang='lat' dir='ltr'><strong>potiti</strong></span> <span class='ocrx_word' id='word_1_911' title='bbox 1721 2855 1808 2875; x_wconf 68' lang='lat' dir='ltr'><strong>sumus</strong></span> <span class='ocrx_word' id='word_1_912' title='bbox 1817 2855 1828 2874; x_wconf 89' lang='lat'><em>:</em></span> 
     </span>
    </p>
   </div>
  </div>
