2034 3109
218 144 268 172 ηδ

217 208 295 234 neque
315 199 420 234 tempori
437 200 582 226 conueniens
599 199 684 234 {uisset
698 207 738 226 eos
751 219 758 233 ,
773 199 816 235 qui
835 199 859 225 in
880 198 1002 233 sepulcris

216 249 357 279 martyrum
371 248 537 278 versarentur,
553 253 639 271 earum
657 244 761 270 laudum
782 251 837 278 qtae
851 242 1003 278 martyribus

217 289 335 316 debentur
349 294 458 316 exsortes
472 289 606 316 discedere.
625 289 751 317 Successit
770 289 810 315 his
826 289 859 315 ad
877 288 1003 315 abstineri-

220 335 278 361 'lum
299 343 314 361 a
329 335 480 370 juramentis
506 335 656 361 exhortatio.
683 335 745 361 Cum
770 335 835 362 enim
855 339 933 361 tatam
960 342 1003 360 ru-

179 412 184 417 .
218 379 337 406 uicorum
361 380 487 406 nationem
513 380 540 406 in
561 379 647 407 urbem
671 380 809 414 ingressam
834 387 1002 412 cerneremus,

219 424 264 450 hoc
289 424 334 451 illa
354 432 371 451 a
394 424 465 451 nobis
488 425 621 452 instructos
641 425 730 452 uiatico
750 425 891 452 censuimus
917 425 1002 452 dimit-

219 469 315 496 lendas.

255 513 375 541 liomittce
393 518 449 549 post
467 513 569 542 Pascha
593 515 675 542 dictat.
700 529 737 535 —-
762 515 885 547 Reuerso,
911 515 1003 550 inquit,

219 566 251 585 ea:
279 559 415 594 longinqua
435 560 633 595 peregrinatione
653 559 732 587 Patre
754 565 838 587 nostra
851 581 858 593 ,
888 569 1004 587 necessa-

221 603 287 629 rium
316 605 365 638 fuit
392 605 477 630 omnia
504 613 715 637 commemorare,
741 613 797 640 qute
818 605 845 632 in
880 605 1005 632 Comitatu

221 649 373 676 acciderant.
386 650 432 677 Hic
443 649 512 677 haud
523 650 601 677 dubie
616 655 689 678 notat
698 651 837 678 Homiliam
850 652 1004 686 vigesimum

222 695 333 729 primam
359 696 391 722 ad
419 696 547 731 Populum
567 697 761 725 Antiocheuum
783 698 813 724 T.
828 697 862 731 2,
882 706 904 724 c.
931 697 977 724 ΞΗ
997 707 1003 723 :

222 747 300 774 quam
312 740 462 775 vigesimum
478 743 666 769 tunnerandam
682 751 741 770 esse
756 743 1004 776 mododicebamus,

222 784 248 811 in
262 792 312 819 qua
320 786 405 820 agitur
412 785 445 813 de
453 786 538 813 reditu
550 786 666 814 Flaviani
678 787 804 822 episcopi,
815 787 900 822 deque
913 795 1006 815 recou-

221 829 309 857 ciliata
317 830 458 858 Theodosii
474 831 643 866 Imperatoris
652 840 710 860 cum
727 833 897 860 Auliocbcuis
911 835 1004 868 gratia,

221 881 281 909 qua;
293 876 386 902 concio
397 877 422 902 in
435 877 478 904 die
485 876 621 904 Paschalis
630 877 717 904 habita
729 877 1007 915 fuerat.Pergithry-

221 920 404 947 sostomus:Ac
414 921 504 948 deinde
511 923 706 958 cumgentitibus
714 924 842 958 disputare
850 925 968 959 oportuit,
981 929 1007 951 ut

224 965 269 992 hos
282 967 306 992 vi
326 966 477 994 calamitatis
497 968 530 994 ad
545 969 669 995 meliorem
685 970 782 1005 frugem
802 975 937 1004 revocatos,
953 972 1005 1006 qui,

223 1010 319 1037 deserto
332 1013 462 1046 gentilium
474 1021 566 1046 errore,
576 1022 628 1041 sese
640 1015 674 1040 ad
683 1023 727 1041 nos
738 1016 906 1049 contulerant,
917 1025 961 1051 pro
971 1017 1007 1043 vi-

221 1056 264 1082 rili
279 1057 494 1091 conﬁrmarentus,
514 1059 614 1093 quantis
627 1060 732 1087 tenebris
746 1060 844 1088 liberati
856 1062 890 1088 ad
912 1067 1008 1089 tantam

223 1100 303 1128 lucem
329 1103 439 1129 veritatis
452 1105 625 1131 occurrissent.
649 1104 750 1140 Nempe
765 1106 858 1134 diebus
880 1111 939 1141 post
957 1107 1007 1134 Pa~

223 1146 338 1174 Schalem
350 1148 543 1176 solemnitatem
557 1151 726 1184 sequentibus
738 1153 848 1186 gentiles
863 1153 922 1179 illos
942 1161 1006 1180 con-

225 1191 332 1219 ﬁrmare
354 1193 468 1226 studuit,
491 1194 534 1228 qui
548 1202 580 1222 ex
601 1195 748 1223 calamitate
762 1197 931 1225 Autiochcuis
955 1203 1006 1225 tam

223 1236 364 1270 gentilibus
377 1245 454 1272 quam
468 1238 624 1266 Christianis
639 1241 673 1267 ob
687 1248 795 1268 eversas
810 1247 910 1269 statuas
923 1243 1005 1277 illata,

223 1281 257 1308 ad
273 1282 409 1309 meliorem
425 1283 526 1318 frugem
540 1286 666 1319 revocati,
688 1286 720 1313 ad
736 1287 912 1315 Christianam
930 1290 1006 1317 fidem

223 1332 412 1354 accesserant:
429 1336 461 1354 an
475 1335 561 1357 autem
577 1338 637 1364 una,
654 1339 686 1358 an
703 1332 821 1366 pluribus
835 1334 1007 1363 coucionibus

223 1372 250 1400 id
274 1374 366 1407 egerit,
388 1374 516 1402 incertum
537 1380 577 1402 est
591 1384 598 1407 ς
620 1376 667 1403 sed
682 1377 737 1405 sive
754 1386 832 1405 unam
849 1379 905 1407 sive
921 1381 1007 1415 plures

223 1419 355 1453 habuerit,
369 1421 456 1448 omnia
471 1422 618 1449 amisimus.
634 1422 729 1450 Verum
747 1423 814 1451 hanc
826 1425 956 1459 jacturam
969 1431 1005 1453 ut-

223 1471 337 1500 cumque
350 1466 429 1493 sarcit
443 1466 647 1502 Chrysostomus
660 1489 667 1500 ,
682 1468 725 1503 qui
739 1477 768 1496 ea
780 1477 838 1504 qum
851 1470 882 1497 ad
897 1471 1007 1505 gentiles

223 1509 326 1537 dixerat
338 1511 363 1538 in
373 1511 422 1539 hac
435 1511 543 1539 homilia
557 1520 605 1540 nec
620 1514 710 1548 paucis
724 1515 811 1542 verbis
823 1517 927 1551 repetit.
940 1516 1008 1544 Sub-

221 1554 308 1591 jungit
322 1564 384 1584 vero
396 1557 425 1584 S.
439 1557 532 1585 doctor
545 1558 636 1586 isthmc
653 1569 660 1586 :
687 1558 746 1586 Post
764 1560 809 1586 illa
823 1569 924 1587 rursum
947 1562 1009 1588 mul-

224 1602 256 1628 tis
268 1602 352 1628 diebus
363 1607 506 1629 sanctorum
521 1604 653 1639 festivitate
665 1605 739 1637 potiti
750 1613 847 1638 sumus,
861 1611 1009 1641 itaquetent-

224 1646 280 1680 peri
294 1647 441 1673 conveniens
454 1648 542 1682 fuisset
555 1656 596 1674 eos
608 1668 615 1681 ,
631 1649 674 1683 qui
686 1649 712 1675 in
733 1650 854 1684 sepulcris
870 1656 1008 1685 martyrum

223 1695 396 1724 versarentur,
410 1699 494 1718 earum
518 1693 622 1719 laudum
645 1701 701 1728 qua:
725 1694 875 1729 martyribus
890 1695 1009 1721 debentur

225 1740 336 1762 exsortes
357 1736 490 1763 discedere.
504 1737 629 1764 Successit
644 1739 683 1765 his
697 1739 731 1765 ad
748 1739 922 1766 abstinendum
936 1749 951 1766 a
962 1741 1006 1774 ju-

224 1781 344 1807 ramentis
355 1781 494 1809 cohortatio
507 1790 516 1809 :
530 1791 586 1809 cum
599 1784 664 1810 enim
675 1788 753 1810 totout
765 1785 915 1811 rusticorum
927 1786 1011 1812 natio-

224 1833 281 1852 netn
297 1826 325 1853 in
348 1826 434 1854 urbem
453 1828 591 1863 ingressam
609 1837 777 1862 cernerentus,
793 1830 838 1857 hos
850 1829 894 1857 illa
909 1839 924 1856 a
939 1831 1009 1858 nobis

225 1871 359 1899 instructos
370 1873 460 1899 uiatico
472 1875 614 1901 censuimus
630 1874 802 1902 dimittendos.

263 1918 362 1946 Eadem
376 1926 454 1953 porro
468 1920 533 1954 ipsa,
549 1928 608 1955 qua:
622 1921 656 1948 de
667 1926 811 1956 martyrum
826 1922 1010 1950 festivitatibus

228 1962 334 1991 humilia
351 1965 434 1999 prima
447 1965 480 1992 de
495 1967 570 1993 Anna
592 1966 682 2000 refert,
698 1968 722 1994 in
735 1967 849 1995 llomilia
863 1976 967 2003 quoque
983 1970 1008 1996 in

229 2009 362 2039 Dominica
383 2014 605 2045 τῆςέπιοαςομένης
625 2018 755 2046 recenset,
770 2014 819 2040 etsi
843 2014 948 2048 paulum
968 2014 1010 2041 di-

229 2062 307 2081 verso
321 2056 443 2082 narrandi
459 2056 547 2089 modo,
565 2062 710 2092 martyrum
726 2065 820 2092 nempe
829 2059 1011 2087 solemuitatcs

229 2100 318 2127 multis
338 2101 431 2133 diebus
447 2102 604 2135 celebratas,
629 2107 656 2130 et
674 2104 832 2131 rusticorum
856 2105 1009 2138 adventum,

228 2146 323 2181 quibus
335 2146 377 2173 ille
389 2147 560 2175 concionatus
568 2152 618 2175 est.
633 2148 728 2175 Verum
737 2149 781 2176 hic
793 2150 829 2177 ait
841 2151 886 2177 ille
896 2158 935 2182 se,
947 2151 1010 2178 dum

229 2195 374 2226 martyrum
390 2191 455 2218 festa
470 2192 687 2227 celebrarentur,
704 2194 856 2221 infirmitate
874 2195 1010 2223 detentum

229 2237 299 2264 domi
316 2238 453 2271 mansisse,
469 2246 556 2274 neque
569 2245 713 2275 martyrum
727 2240 911 2268 festivitatibus
928 2242 1012 2269 inter-

229 2282 321 2311 fuisse.
344 2282 420 2312 Unde
439 2283 519 2312 infert
538 2284 723 2313 Tillemontius
737 2285 804 2314 duas
818 2286 900 2315 fuisse
913 2293 1013 2323 marty-

230 2336 290 2355 rum
311 2329 468 2357 festivitates
487 2339 494 2356 :
511 2334 538 2357 et
555 2334 694 2365 utramque
712 2331 789 2367 longa
805 2332 874 2360 serie
896 2333 1014 2369 duosque

230 2374 391 2403 rusticorum
403 2376 532 2403 adventus
542 2384 549 2408 ;
558 2380 638 2411 atque
652 2384 776 2404 sermone
789 2377 875 2412 primo
884 2378 918 2406 de
925 2379 1012 2413 Anna,

231 2420 265 2447 de
280 2421 311 2448 iis
325 2425 470 2458 martyrum
484 2421 681 2456 festivitatibus,
695 2423 780 2457 deque
794 2424 953 2452 rusticorum
965 2426 1014 2453 ad-

231 2468 322 2498 ventu,
330 2473 389 2500 qua:
403 2467 430 2494 in
438 2467 645 2496 hcbdonndibus
657 2473 718 2502 post
731 2468 832 2496 Pascha
840 2469 993 2498 acciderunt
1005 2480 1013 2498 :

233 2510 260 2537 in
276 2509 381 2537 humilia
395 2516 484 2539 autem
499 2511 588 2540 habita
600 2513 627 2540 in
644 2513 778 2542 Dominica
796 2522 838 2546 τῆς
845 2518 1015 2549 ἕπισωςομένης

233 2555 267 2583 de
281 2560 426 2592 martyrum
439 2556 548 2585 festiset
560 2558 594 2586 de
604 2559 764 2587 rusticorum
777 2560 892 2588 adventu
904 2563 956 2596 agi,
969 2564 1016 2598 qui

235 2601 261 2627 in
287 2600 494 2637 Quadragesima
520 2604 696 2639 contigerunt.
716 2605 774 2632 Non
801 2607 1015 2636 animadvertetis

234 2646 452 2682 (Zbrysostomum
465 2647 555 2676 dicere
567 2649 593 2676 in
607 2650 699 2678 eadem
712 2650 830 2684 humilia,
843 2652 936 2680 ducem
959 2661 1017 2681 om-

233 2692 307 2720 nium
331 2692 431 2721 scilicet
453 2693 617 2729 Flavianum,
640 2696 666 2723 in
687 2696 760 2724 hisce
778 2704 824 2732 per
838 2697 931 2725 urbem
951 2704 1018 2727 actis

234 2741 380 2772 martyrum
402 2738 615 2774 celebritatibus,
639 2741 764 2776 populum
789 2742 1017 2772 circumduxisse:

237 2783 308 2816 atqui
324 2785 459 2818 quomodo
477 2786 561 2820 potuit
574 2791 692 2822 tempore
706 2787 919 2822 Quadragesima:
933 2796 1017 2824 popu-

235 2826 293 2855 lum
319 2830 510 2858 Antiochcnum
530 2833 617 2860 multis
632 2832 724 2860 diebus
743 2832 940 2862 circumduccm
952 2855 959 2867 ,
974 2835 1017 2869 qui

743 144 770 170 S.
793 141 929 170 JOANNIS
950 141 1185 170 CIIRYSOSTOMI
1206 141 1295 174 ViTA,

1789 135 1840 162 124

1058 205 1105 231 per
1133 201 1215 224 totum
1243 195 1455 230 Quadragesima:
1482 198 1585 227 tempus
1613 190 1840 224 Constantinopoli

1056 246 1176 269 versatus
1197 241 1249 267 sit?
1274 241 1354 267 Miror
1376 239 1433 266 hate
1452 245 1504 265 nou
1525 235 1744 264 animadvertisse
1758 235 1839 261 Tillc-

1056 287 1195 319 tuentium,
1217 293 1304 321 neque
1330 285 1379 312 alia
1404 284 1485 311 multa
1503 284 1601 310 absona
1618 289 1676 317 quae
1690 289 1723 308 ex
1743 280 1841 315 duplici

1057 332 1100 359 illa
1121 332 1246 359 festorum
1260 332 1340 364 serie,
1357 331 1453 365 duplici
1469 330 1531 357 item
1547 329 1706 356 rusticorum
1726 327 1842 354 adventu

1056 378 1235 412 sequebantur
1258 377 1419 412 percepisse.
1444 375 1534 410 Neque
1549 374 1664 402 diffiteor
1684 373 1781 408 aliquid
1796 379 1842 399 su-

1056 429 1165 460 peresse
1180 422 1341 450 difficultatis
1352 430 1359 454 ;
1372 421 1417 449 sed
1430 421 1490 454 quia
1511 420 1542 447 iis
1555 419 1677 447 omnibus
1693 425 1751 453 qua:
1764 417 1842 452 objici

1057 472 1190 502 potu-aut,
1215 467 1239 494 iu
1269 466 1322 494 ﬁne
1349 466 1512 494 Prmfationis
1534 465 1567 492 ad
1592 468 1714 499 quartum
1730 463 1841 490 Tomum

1057 512 1162 540 abude
1183 512 1367 544 satisfecimus,
1381 519 1414 538 eo
1439 511 1565 538 lectorem
1587 509 1726 543 mittimus,
1742 512 1771 536 ut
1784 515 1842 536 sus-

1060 561 1162 592 ceptam
1173 557 1308 584 historiam
1325 563 1525 591 persequamur.

1095 602 1157 628 Post
1169 601 1269 628 Pascha
1283 601 1361 636 igitur
1375 601 1486 635 gentiles
1500 599 1569 634 illos,
1584 599 1627 634 qui
1640 598 1703 625 dum
1718 597 1842 625 Theodo-

1058 647 1113 673 sius
1128 647 1152 673 in
1166 647 1355 679 Antiochcuos,
1371 646 1415 680 qui
1429 649 1529 673 statuas
1542 652 1603 672 suas
1613 644 1775 678 deiecerant,
1787 650 1840 670 stn-

1058 692 1143 725 viret,
1167 692 1303 727 majorque
1325 691 1462 719 calamitas
1483 695 1695 725 exspectaretur,
1711 689 1743 716 ad
1767 688 1844 715 Chri-

1060 738 1172 764 stianam
1187 737 1264 764 fidem
1277 741 1453 768 accesserant,
1468 735 1672 770 Cbrysostomus
1687 734 1714 761 in
1724 738 1844 768 suscepta

1059 790 1121 810 vera
1129 783 1256 817 religione
1269 783 1426 809 conlirmare
1439 782 1538 808 studuit
1549 789 1556 809 :
1567 781 1661 808 deinde
1670 787 1734 807 vero
1747 780 1843 805 solem-

1059 829 1154 855 nitatcs
1170 833 1315 864 martyrum
1330 835 1378 862 per
1391 827 1487 854 multos
1500 826 1557 854 dies
1570 827 1595 852 in
1611 826 1690 852 variis
1704 825 1775 851 urbis
1785 831 1844 858 par-

1061 873 1129 901 tibus
1142 873 1282 900 celebratat
1295 877 1365 905 sunt,
1379 872 1504 900 Flaviano
1518 872 1644 906 episcopo
1657 870 1781 906 pupulum
1791 870 1844 895 eir-

1059 919 1243 952 cumduccnte,
1258 918 1322 946 dum
1345 918 1450 945 interim
1466 917 1672 953 Chrysostomus
1691 915 1782 942 morbo
1796 914 1845 942 dc-

1061 968 1147 991 tcntus
1168 964 1240 991 domi
1262 963 1428 996 consisteret,
1451 963 1496 990 sed
1516 967 1607 990 mente
1627 965 1662 989 et-
1675 961 1764 988 animo
1784 967 1844 987 cmu

1061 1010 1136 1044 plebe
1150 1010 1183 1037 ad
1198 1009 1284 1037 officia
1299 1009 1459 1044 martyribus
1471 1007 1605 1036 reddenda
1619 1011 1769 1035 accurrcrct
1780 1014 1787 1039 ',
1799 1005 1846 1033 de-

1060 1062 1184 1090 mumque
1207 1054 1412 1082 adventantibus
1431 1054 1536 1081 rusticis
1556 1061 1571 1081 c
1584 1053 1669 1080 vicina
1684 1053 1783 1081 circum
1799 1063 1845 1082 re-

1060 1101 1138 1136 gione
1159 1101 1293 1128 Dominica
1309 1106 1371 1128 autc
1387 1100 1587 1131 Ascensiouem,
1602 1107 1661 1134 qua:
1675 1100 1846 1133 ἂπισωξιμινης

1063 1147 1224 1179 inscribitur,
1240 1146 1395 1174 concionem
1413 1146 1520 1178 habuit,
1537 1146 1579 1172 ubi
1592 1150 1730 1180 postquam
1754 1145 1787 1173 de
1800 1154 1843 1173 ru-

1061 1192 1135 1218 sticis
1146 1192 1190 1226 qui
1206 1196 1349 1226 prtesenles
1364 1196 1448 1223 crant,
1464 1199 1515 1217 non
1531 1198 1611 1225 pauca
1626 1190 1737 1224 dixerat,
1752 1195 1844 1218 contra

1058 1237 1207 1272 iuramenta
1228 1245 1276 1271 pro
1290 1244 1363 1264 more
1379 1244 1427 1263 suo
1441 1237 1568 1271 loquutus
1584 1241 1634 1263 est.
1650 1237 1721 1263 Inter
1733 1237 1845 1264 rusticos

1060 1288 1148 1309 autem
1164 1283 1223 1309 illos
1237 1283 1383 1318 presbyteri
1400 1283 1505 1317 quidam
1517 1287 1603 1315 erant,
1620 1282 1663 1316 qui
1678 1286 1775 1309 terram
1784 1291 1844 1309 ara-

1060 1328 1122 1355 bant
1133 1332 1159 1354 et
1172 1332 1266 1355 caetera
1280 1329 1386 1355 rustica:
1401 1329 1461 1355 vita:
1474 1329 1562 1355 uutltia
1578 1328 1748 1363 praestabant,
1766 1333 1845 1363 atque

1060 1374 1240 1408 apostolorum
1255 1381 1328 1400 more
1343 1374 1439 1400 victum
1452 1373 1501 1401 sibi
1516 1374 1843 1408 parabarttquuotidiano

1060 1419 1161 1446 labore.

1098 1466 1217 1493 Ilomitice
1228 1465 1259 1492 de
1270 1466 1351 1492 Anna.
1360 1466 1489 1493 ——Paueis
1498 1465 1590 1493 diebus
1601 1469 1659 1500 post
1676 1465 1744 1492 hanc
1758 1465 1844 1492 homi-

1062 1511 1122 1537 liam
1135 1511 1243 1545 elapsis,
1257 1511 1290 1537 de
1303 1511 1378 1537 Anna
1390 1517 1473 1538 matre
1486 1511 1617 1538 Samuelis
1631 1511 1781 1537 concionari
1792 1518 1846 1538 cte-

1061 1556 1098 1591 pit
1113 1555 1155 1590 (T.
1165 1557 1191 1583 lt.
1211 1565 1235 1582 ε.
1247 1555 1324 1590 651).
1340 1557 1456 1583 Primam
1470 1564 1533 1583 vero
1549 1556 1682 1583 hmniliam
1697 1556 1846 1583 orditurdi—

1061 1608 1134 1633 cens,
1151 1601 1305 1627 memoriam
1321 1601 1535 1635 Quadragesimac
1551 1609 1610 1628 ctnn
1624 1601 1753 1628 all'ectuet
1766 1601 1844 1628 futuri

1059 1646 1152 1681 jejunii
1163 1646 1296 1674 desiderio
1310 1654 1415 1680 semper
1423 1655 1482 1674 esse
1496 1647 1664 1674 servandum.
1676 1646 1743 1674 lliuc
1751 1652 1846 1681 quanta

1063 1693 1130 1719 bona
1145 1700 1177 1718 ex
1188 1692 1289 1727 jejunio
1303 1692 1423 1719 oriantur
1432 1697 1548 1720 enarrat.
1564 1693 1600 1719 ita
1616 1700 1695 1726 porro
1703 1692 1845 1727 dejejunio

1062 1738 1274 1772 Quadragcsima:
1290 1738 1415 1772 loquitur,
1433 1743 1460 1765 ut
1475 1738 1596 1765 crederes
1618 1739 1706 1765 statim
1726 1738 1788 1765 illud
1802 1739 1842 1764 vel

1064 1783 1188 1809 hesterno
1211 1783 1254 1810 vel
1269 1783 1395 1817 proximis
1414 1783 1506 1810 diebus
1527 1783 1646 1810 desiisse.
1666 1782 1717 1810 Sed
1744 1787 1846 1818 postea,

1063 1837 1122 1856 cum
1146 1829 1262 1864 loquitur
1275 1829 1308 1856 de
1328 1829 1359 1856 iis
1374 1837 1433 1863 quae
1455 1833 1515 1864 post
1538 1829 1773 1864 Quadragesimam
1789 1836 1848 1856 eve-

1064 1878 1168 1907 nerant,
1192 1874 1267 1902 facile
1289 1874 1436 1902 advertitur
1455 1882 1508 1901 non
1522 1882 1614 1910 parum
1630 1874 1707 1909 spatii
1722 1874 1849 1901 interces-

1063 1920 1176 1953 sisse,et
1191 1920 1302 1954 plurima
1316 1924 1422 1955 peracta
1435 1919 1518 1947 fuisse
1533 1929 1540 1946 :
1555 1927 1652 1954 nempe
1666 1919 1847 1954 disputationes

1063 1972 1111 1992 seu
1126 1965 1256 1999 colloquia
1272 1973 1331 1992 eum
1343 1965 1493 2000 gentilibus,
1508 1973 1568 2000 qua:
1581 1964 1787 2000 Chrysostomus
1799 1965 1845 1991 ha-

1063 2011 1120 2038 buit
1131 2031 1138 2044 ,
1151 2015 1179 2038 ut
1194 2011 1252 2038 illos
1265 2011 1422 2038 calamitatis
1437 2016 1556 2047 tempore
1566 2010 1597 2038 ad
1612 2010 1787 2038 Christianam
1801 2018 1847 2038 re-

1064 2057 1187 2091 ligionem
1199 2063 1351 2090 conversos,
1367 2057 1393 2084 in
1409 2056 1462 2084 [ide
1476 2056 1646 2084 confirmaret
1658 2065 1664 2084 :
1674 2056 1770 2084 deinde
1782 2056 1849 2084 festa

1064 2106 1210 2137 martyrum
1222 2110 1280 2136 qua:
1295 2102 1384 2129 multis
1394 2101 1488 2129 diebus
1499 2102 1526 2129 in
1540 2101 1705 2129 Antiochena
1720 2102 1785 2129 urbe
1801 2109 1847 2129 ce-

1064 2147 1165 2176 lebrata
1187 2148 1292 2176 fuerunt
1307 2157 1313 2174 :
1333 2149 1493 2183 domumque
1507 2149 1666 2176 rusticorum
1680 2148 1810 2176 adventus
1824 2152 1851 2176 et

1065 2195 1213 2222 cohortatio
1223 2195 1274 2222 illis
1288 2195 1355 2222 laeta
1370 2195 1395 2222 in
1409 2195 1544 2222 Dominica
1558 2202 1599 2225 τῆς
1612 2197 1792 2229 ὶπισωζσμένης.

1103 2241 1202 2268 Deinde
1224 2248 1309 2276 neque
1326 2245 1377 2267 tam
1392 2240 1465 2268 brevi
1479 2240 1636 2275 compendio
1650 2240 1732 2267 refert
1745 2240 1851 2267 concio-

1066 2295 1126 2315 nem
1136 2288 1217 2319 illam,
1226 2295 1305 2323 quam
1314 2295 1372 2314 cum
1381 2288 1481 2315 Grazcis
1487 2295 1534 2315 seu
1541 2288 1664 2322 gentibus
1672 2287 1723 2314 illis
1731 2287 1763 2314 ad
1774 2287 1850 2314 fidem

1066 2334 1201 2361 conversis
1214 2333 1350 2360 habuerat.
1367 2332 1396 2360 lu
1416 2340 1446 2361 ea
1458 2333 1592 2360 concionis
1606 2333 1702 2360 habita:
1715 2333 1785 2360 serie
1796 2332 1852 2359 lucc

1065 2378 1169 2410 edatur,
1185 2385 1253 2413 quas,
1267 2378 1289 2405 si
1304 2385 1355 2405 non
1371 2385 1486 2412 semper,
1502 2378 1658 2412 plerumque
1675 2377 1768 2404 saltem
1790 2385 1853 2405 vera

1068 2432 1128 2452 esse
1142 2425 1320 2459 comperimus
1333 2444 1340 2457 ,
1356 2424 1427 2459 quod
1444 2432 1539 2459 nempe
1557 2425 1632 2452 liberi
1648 2424 1750 2451 arbitrii
1770 2424 1854 2459 major

1067 2471 1108 2499 vis
1119 2471 1164 2502 sit,
1178 2477 1257 2506 quam
1270 2473 1382 2497 natum.
1396 2469 1508 2497 Domum
1522 2470 1559 2497 ait
1573 2469 1727 2497 mulieribus
1739 2469 1854 2496 maxime

1068 2515 1408 2551 competereeducationcm
1414 2514 1567 2548 liberorum,
1575 2514 1654 2550 idque
1661 2514 1754 2549 probat
1760 2521 1853 2541 axem.

1059 2562 1113 2596 ’plo
1125 2561 1209 2589 Annae
1221 2560 1314 2588 matris
1324 2560 1464 2593 Samuelis,
1480 2560 1570 2595 sicque
1582 2560 1688 2587 demum
1701 2559 1734 2586 ad
1744 2566 1853 2594 scopum

1070 2609 1144 2635 venit
1155 2612 1183 2635 et
1196 2607 1229 2634 ad
1239 2606 1373 2634 concionis
1383 2610 1578 2641 argumentum.
1593 2605 1676 2633 Aunre
1691 2605 1815 2632 virtutem
1828 2608 1854 2631 ct

1071 2654 1163 2682 laudes
1173 2653 1307 2688 praedicat,
1319 2653 1414 2680 seriem
1428 2661 1459 2680 ex
1473 2659 1546 2679 sacra
1561 2652 1695 2686 Scriptura
1710 2656 1852 2678 mutuatus.

1072 2699 1146 2726 lianc
1157 2706 1236 2733 porro
1251 2698 1404 2726 cencionem
1421 2697 1513 2724 habuit
1530 2697 1569 2724 vel
1586 2701 1646 2724 ante
1666 2697 1852 2723 Ascensionem

1072 2744 1150 2778 hujus
1165 2744 1225 2770 anui
1240 2748 1299 2778 post
1315 2739 1478 2770 Dominicaui
1494 2743 1623 2777 quintam,
1638 2742 1677 2769 vel
1689 2741 1853 2776 aliquotdie-

1073 2790 1122 2817 bus
1135 2792 1196 2816 ante
1211 2789 1395 2819 Peulecosten.

1111 2835 1261 2862 Secundqu
1281 2842 1431 2867 sermonem
1449 2835 1475 2863 in
1499 2835 1604 2865 Annam
1623 2834 1715 2870 paucis
1729 2839 1789 2871 post
1801 2832 1854 2868 pri-
