2034 3109
209 159 247 186 Ηὸ
775 152 863 180 ΝυΝο
885 150 1016 179 PRIMUM
1036 150 1231 199 ADOR'NATA.

206 223 261 242 tuum
276 215 370 242 diebus
384 212 578 248 pronuntiavit,
593 210 744 246 etquidem,
759 213 786 236 ut
803 208 912 236 credere
925 211 974 239 est,

205 266 254 288 ante
266 260 454 287 Peutccosten.
466 258 556 288 Primo
568 261 656 283 autent
672 255 766 290 probat
777 255 881 281 Annam
895 258 922 281 et
933 260 978 287 pa-

206 312 260 334 trem
275 305 355 334 Simul
377 309 405 332 et
425 309 536 332 matrem
551 302 682 332 Samuelis
697 301 748 329 dici
765 307 853 336 posse,
869 299 978 333 ejusque

204 351 322 386 duplicem
336 350 463 376 virtutem
478 349 604 380 celebrat,
620 353 715 381 nempe
734 346 760 372 in
773 345 896 380 precibus
910 343 978 370 assi-

204 397 330 430 duitatem,
345 401 373 424 et
385 395 466 423 animi
479 395 652 430 vigilantiam,
663 393 758 428 quibus
768 390 864 419 deinde
876 390 977 418 tertiam

204 443 275 476 addit,
289 449 385 476 nempe
397 441 580 469 conviciorum
594 438 763 466 tolerantiam
780 441 808 464 et
825 440 979 464 mansuetu-

203 489 297 521 dinem,
311 487 478 522 carptimque
495 485 559 514 dicit
578 483 740 520 precandum
763 489 822 514 esse
837 486 978 516 antequam

203 535 230 562 ad
241 541 356 561 mensam
370 532 522 560 accedatur.

232 580 343 607 Tertium
354 599 361 611 ,
375 585 455 613 quem
469 581 531 604 ante
541 576 723 611 ,Pentecosten
735 574 817 608 dixit,
835 574 938 602 orditur
963 581 977 601 a

203 625 316 661 lacrymis
328 625 428 657 Anum;
444 624 532 658 aitque
545 623 721 657 lacrymarum
741 621 852 649 imbrem
869 620 979 655 irrigare

203 673 307 706 plantam
318 670 489 705 precationis;
499 669 534 696 ita
547 673 575 696 ut
584 668 684 695 fructus
692 671 720 694 et
729 667 842 694 celerior
854 670 881 694 et
895 665 979 699 major

203 716 340 752 proveniat.
354 717 458 742 Annam
471 714 497 741 iu
515 714 665 748 exemplum
679 712 820 748 proponit,
834 719 886 746 quo
902 716 979 746 pacto

202 763 266 790 liberi
282 762 335 789 sint
356 760 497 789 educandi.
514 760 578 788 Cum
597 764 685 786 autem
707 759 750 786 illa
762 758 912 786 Samuelem
925 766 979 784 ara:

201 815 274 835 suom
287 807 368 835 cultui
390 806 536 838 addixerit,
551 805 609 839 ejus
630 804 790 831 sacrificium
811 803 978 830 sacerdotum

201 854 286 881 oblatis
299 853 393 880 hostiis
404 855 583 886 comparatur.
601 851 710 878 Demum
724 849 862 884 disciplina
877 849 978 876 coelein

203 898 350 926 imbuendus
360 898 472 932 juvenes
487 904 546 924 esse
560 895 634 923 dicit.

230 945 341 978 Quartus
351 965 358 977 ,
373 951 453 978 quem
468 943 502 970 de
515 943 589 970 Anna
603 942 710 973 habuit,
725 948 814 968 sermo
829 940 960 968 intercidit
970 960 977 973 ,

201 995 225 1018 ut
236 991 363 1025 colligitur
377 997 410 1016 ex
431 989 463 1016 iis
483 995 541 1022 qum
561 988 587 1015 in
603 988 696 1022 quinto
710 994 850 1020 sermone,
866 986 910 1021 qui
923 986 978 1020 jam

201 1040 297 1070 quartus
318 1035 363 1062 illo
389 1035 489 1061 amisso
508 1033 678 1066 inscribitur,
699 1032 823 1059 dicuntur
843 1039 916 1058 num.
939 1032 978 1058 '5:

201 1089 286 1116 nempe
306 1081 332 1107 in
359 1079 518 1114 prmcedenti
531 1086 654 1106 sermone
675 1077 807 1113 explicata
822 1077 904 1104 fuisse
921 1077 978 1104 hmc

201 1123 269 1150 verba
286 1123 380 1150 cantici
403 1124 486 1149 Anna:
510 1131 517 1149 :
539 1121 719 1156 Con/innatum
733 1125 768 1147 est
788 1128 831 1146 cor
850 1127 932 1146 meum
952 1119 978 1146 in

204 1169 304 1197 Domino
315 1190 322 1200 ,
335 1174 388 1196 etc.
407 1178 414 1196 :
428 1175 541 1203 quorum
554 1167 737 1202 interpretatio
751 1174 804 1193 non
827 1165 939 1193 habetur
951 1165 977 1191 in

201 1224 230 1242 eo
243 1215 282 1249 qui
298 1215 389 1242 tertius
401 1218 452 1241 est.

232 1261 338 1294 Quintus
348 1281 356 1293 ,
371 1260 418 1295 qui
432 1266 503 1286 nunc
517 1262 626 1293 quartus
642 1258 667 1285 in
683 1257 758 1284 titulo
774 1256 872 1288 fertur,
888 1255 922 1282 ab
931 1263 978 1282 au-

200 1307 307 1334 ditorutn
333 1306 466 1341 paucitate
481 1305 590 1339 incipit,
613 1309 639 1331 ct
660 1305 719 1339 quia
742 1304 805 1331 circi
830 1302 978 1337 spectacula

202 1353 299 1380 solitam
313 1351 487 1386 frequentiam
498 1351 677 1382 abstulerant,
692 1354 784 1377 contra
806 1349 881 1376 ludos
900 1355 980 1383 eque-

200 1403 272 1431 stres,
283 1405 382 1432 eosque
395 1397 439 1432 qui
450 1397 496 1423 illo
510 1395 667 1431 properandi
681 1403 760 1423 causa
775 1395 914 1422 ecclesiam
934 1394 980 1421 de-

198 1449 329 1476 sererent,
345 1443 428 1470 multa
450 1451 499 1477 pro
514 1450 588 1470 more
607 1449 656 1469 suo
671 1441 815 1476 profundit.
835 1441 871 1468 Dc
887 1447 979 1475 prcca-

199 1491 263 1517 tione
271 1489 378 1517 demum
391 1489 455 1523 agit,
469 1488 558 1522 aitque
573 1487 720 1514 orationem
732 1494 791 1514 cum
808 1486 904 1514 affectu
917 1493 980 1513 con-

197 1536 306 1570 junctam
337 1542 398 1562 esse
421 1535 539 1566 debere,
564 1541 724 1569 omnemque
755 1534 842 1560 locum
866 1540 925 1560 esse
946 1532 979 1559 ad

197 1582 319 1609 orandum
332 1586 522 1616 opportunum.
536 1580 650 1614 Quartus
672 1584 699 1607 et
713 1579 820 1614 quintus
835 1582 897 1606 aute
912 1578 980 1605 Pcu-

197 1632 308 1654 tecosten
320 1627 385 1654 dicti
402 1626 486 1654 fuere.
511 1641 514 1643 ›

227 1673 339 1705 Sextus,
355 1673 399 1708 qui
417 1680 487 1699 nunc
501 1672 608 1708 quintus
621 1671 773 1699 inscribitur
785 1691 792 1703 ,
811 1675 871 1705 post
884 1670 979 1697 festum

197 1719 364 1746 Pentecostes
393 1718 501 1745 habitus
525 1717 590 1749 fuit,
618 1721 646 1744 ut
669 1721 728 1751 post
749 1716 852 1743 initium
873 1715 979 1742 dicitur.

195 1763 323 1798 Principio
337 1763 465 1791 adversus
480 1770 527 1790 eos
549 1762 678 1798 loquitur,
692 1762 734 1796 qui
751 1762 777 1788 in
795 1760 891 1788 diebus
906 1759 981 1787 festis

194 1813 218 1835 et
230 1809 444 1836 solemnitatibus
469 1813 570 1835 tantum
592 1808 731 1835 ecclesiam
754 1806 977 1841 frequentabant:

193 1854 288 1882 deinde
302 1855 418 1890 explicat
430 1854 494 1890 quid
508 1855 542 1881 sit
556 1854 614 1881 dies
627 1854 724 1886 festus,
741 1861 771 1880 ac
790 1855 824 1880 de
842 1853 920 1880 Anna
934 1860 981 1886 pro

194 1909 266 1929 more
279 1902 406 1936 loquitur.
423 1901 488 1929 lteni
502 1901 556 1936 agit
574 1900 703 1928 adversus
718 1908 779 1932 eos,
795 1900 840 1935 qui
860 1900 983 1926 incusant

192 1949 308 1976 divinam
319 1949 514 1984 providentiam
527 1969 535 1981 ,
545 1955 584 1980 ,eo
598 1948 669 1982 quod
691 1947 717 1974 in
732 1948 780 1974 hac
799 1947 852 1974 vita
874 1945 981 1981 quidam

191 1995 244 2022 sint
254 1995 366 2028 divites,
382 1994 491 2029 quidam
503 2001 644 2029 pauperes.
660 1994 778 2028 Denique
795 1994 831 2020 ait
843 1997 982 2027 pauperta-

192 2046 244 2067 tem
259 2041 429 2067 utilissimam
441 2047 510 2073 esse,
521 2047 551 2066 ac
561 2040 621 2074 plus
635 2038 777 2073 voluptatis
790 2042 868 2073 atque
881 2038 978 2065 securi-

192 2086 252 2113 tatis
263 2086 373 2119 habere,
386 2092 467 2120 quam
480 2085 577 2112 divitia:
589 2084 720 2116 habeant,
736 2083 911 2111 demonstrat.

227 2131 350 2159 llouzilite
359 2131 608 2159 alica—llomiliam
620 2131 753 2158 Debitoris
764 2130 857 2157 decem
867 2129 980 2156 millium

192 2178 352 2206 talentorum
368 2177 422 2205 hoc
433 2184 504 2204 anno
518 2185 547 2204 se
560 2177 682 2205 habuisse
697 2180 889 2203 commemorat
900 2176 983 2211 Chry-

190 2229 326 2251 sostomus
344 2223 388 2257 (T.
404 2223 432 2250 3.
445 2221 526 2259 6.17)
537 2244 544 2256 ,
559 2230 618 2250 cum
638 2223 675 2249 ait
687 2230 760 2249 num.
776 2222 789 2249 1
807 2231 814 2249 :
831 2221 886 2248 Nos
900 2226 984 2248 autent

191 2277 271 2295 unam
289 2269 412 2296 chardom
425 2269 578 2303 pulsaointus
591 2276 635 2303 per
647 2273 725 2294 totum
742 2268 966 2302 Quadragesimam
975 2288 982 2300 ,

193 2314 254 2341 dum
267 2315 346 2350 legem
360 2315 429 2342 vobis
439 2316 469 2342 de
478 2316 622 2350 jummcnta
635 2314 808 2345 recitavimus;
820 2319 843 2341 et
857 2313 902 2340 Dei
919 2322 980 2348 gra-

195 2360 232 2385 tia
245 2361 360 2393 eiectum
384 2365 421 2387 est
431 2381 439 2393 ,
454 2365 481 2386 ut
495 2360 614 2395 pleraque
634 2368 649 2386 α
663 2360 734 2386 nobis
746 2368 791 2386 ora
811 2359 839 2386 in
856 2360 903 2386 hac
925 2360 985 2394 legis

198 2405 305 2432 melodia
322 2406 359 2432 ita
372 2406 485 2432 instituta
506 2405 572 2436 sint,
594 2409 621 2431 ut
639 2404 744 2439 depulsa
760 2412 836 2438 prava
851 2410 985 2431 consuetu-

200 2450 276 2482 dine,
288 2459 333 2484 pro
347 2459 376 2477 eo
390 2451 458 2485 quod
468 2454 526 2476 ante
535 2449 618 2476 Deum
634 2449 756 2485 jurabant
766 2470 773 2482 ,
787 2450 843 2484 jam
857 2449 920 2476 nihil
938 2449 986 2476 nisi

200 2492 263 2526 Eu,
273 2500 293 2521 et
305 2495 364 2522 Non
374 2500 411 2522 eu
420 2516 427 2528 ,
441 2500 463 2522 et
477 2494 556 2522 Crede
569 2495 629 2521 mihi
639 2515 646 2527 ,
659 2495 685 2521 in
696 2495 783 2529 lingua
797 2502 842 2520 sua
855 2494 987 2528 circumfe-

200 2543 274 2572 rant,
286 2540 358 2574 idque
371 2541 398 2567 iu
408 2541 476 2567 onmi
493 2540 633 2574 colloquio,
653 2544 705 2567 etc.
721 2540 813 2575 Itaque
836 2544 911 2566 certo
925 2547 987 2566 cer-

203 2585 258 2610 tius
269 2590 307 2612 est
318 2586 404 2620 ipsum
415 2586 483 2612 hanc
497 2586 651 2613 concionem
669 2585 792 2613 habuisse
807 2584 900 2612 eodem
918 2592 988 2612 anno

204 2635 261 2661 quo
273 2629 398 2658 Homilias
412 2631 438 2657 in
457 2631 565 2658 Statuas
578 2630 720 2664 habuerat;
736 2638 822 2665 neque
842 2630 930 2658 minus
941 2637 976 2658 ex

208 2674 333 2705 Moratum
344 2681 385 2704 est
399 2677 485 2711 ipsum
499 2676 567 2704 hanc
578 2677 687 2711 primam
699 2676 823 2704 habuisse
833 2676 988 2704 concionem

212 2724 342 2754 Postquam
356 2730 389 2749 ex
405 2721 499 2748 morbo
521 2722 708 2753 convaluerat,
725 2726 754 2748 ut
771 2729 803 2749 ex
818 2721 911 2756 primis
925 2729 989 2748 con-

215 2763 295 2791 tionis
305 2767 388 2794 verbis
400 2766 531 2801 arguitur.
557 2766 635 2799 Quasi
645 2775 674 2793 ea:
688 2767 824 2802 longinqua
841 2766 987 2802 peregrina-

220 2807 298 2841 tione,
310 2811 403 2846 inquit,
425 2811 459 2837 ad
473 2818 516 2839 vos
528 2818 636 2838 reversus
649 2820 726 2839 essem
736 2833 743 2845 ,
762 2813 798 2839 ita
813 2820 853 2840 me
864 2812 938 2839 hodie
950 2813 990 2846 af-

226 2850 307 2880 fection
318 2859 388 2884 sentio
403 2864 413 2888 ;
428 2864 485 2882 cum
504 2856 567 2882 enim
581 2858 673 2890 nullum
689 2859 825 2886 amicorum
836 2859 989 2886 consortium

1769 154 1820 183 19.6

1033 214 1086 233 esse
1108 211 1203 242 potest,
1227 207 1290 234 nihil
1318 209 1442 235 commodi
1471 208 1545 242 affert
1573 218 1657 237 eorum
1677 212 1820 244 privantia.

1035 253 1202 285 Quamobrem
1216 262 1261 280 nos
1271 255 1314 289 qui
1327 255 1396 282 domi
1409 255 1585 289 versabantur,
1600 265 1704 292 peregre
1720 265 1821 285 vorsan-

1033 299 1097 326 tibus
1108 299 1172 326 nihil
1186 300 1234 327 Itac
1246 300 1273 327 in
1288 306 1358 336 parte
1374 302 1498 336 feliciores
1517 303 1612 338 fuimus
1627 311 1636 330 :
1649 304 1768 331 nimirum
1779 313 1820 339 qui

1032 345 1162 379 superiore
1174 350 1285 382 tempore
1297 347 1368 374 nulla
1384 347 1510 375 vobiscum
1528 349 1653 383 rolloqma
1667 349 1757 377 habere
1773 359 1815 385 po-

1032 391 1127 418 tuimus
1139 399 1148 418 :
1161 392 1205 418 sed
1217 392 1303 419 danda
1315 397 1352 420 εει
1369 394 1440 420 venia
1450 415 1458 426 ,
1483 402 1540 420 cum
1553 394 1618 421 illud
1640 403 1690 422 non
1704 395 1801 422 inertia:
1813 416 1820 428 ,

1033 437 1076 463 sed
1083 437 1238 471 inﬁrmitatis
1247 438 1374 466 silentium
1385 439 1468 473 fuerit.
1481 440 1588 467 Certum
1599 439 1687 475 itaque
1699 445 1741 468 est
1753 441 1821 468 hanc

1032 481 1145 516 primam
1159 483 1293 511 homiliam
1309 483 1432 512 habuisse
1443 483 1665 519 Chrysostomum
1679 490 1819 521 postquam

1031 526 1066 553 ab
1090 527 1248 562 mgritudine
1272 529 1454 556 convaluerat.
1479 529 1536 556 Jam
1559 531 1685 564 qtueritur
1699 539 1820 565 quautam

1032 571 1161 606 tegritudo
1176 582 1182 599 :
1199 581 1262 601 num
1288 574 1335 601 illa
1360 582 1411 610 qua
1433 575 1570 602 laborabat
1591 576 1655 604 dum
1674 581 1820 612 martyrum

1032 617 1215 646 solemnitates
1229 626 1276 653 per
1289 620 1381 648 urbem
1396 620 1607 654 celebrarentur,
1630 622 1663 650 de
1678 630 1730 658 qua
1743 630 1821 658 supe-

1033 663 1099 690 rius.
1123 663 1152 691 Si
1167 664 1200 691 de
1220 665 1264 692 illa
1285 665 1465 701 intelligatur,
1481 666 1550 694 banc
1569 672 1643 695 certe
1663 668 1820 696 concionem

1032 707 1155 737 habuerit
1166 715 1308 746 antequam
1326 711 1468 740 llomiliam
1484 713 1511 740 in
1526 713 1664 742 Dominica
1678 721 1720 745 τῆς
1731 716 1819 742 ἐπισυ-

1031 758 1126 787 ςομινης
1134 760 1159 782 et
1167 755 1294 783 Homilias
1302 756 1417 785 deAnna
1426 757 1693 792 praedicaretNerum
1699 759 1766 787 adeo
1772 760 1821 788 fre-

1030 803 1142 833 quenter
1150 799 1354 836 Chrysostomus
1366 801 1562 830 infirmitatibus
1572 804 1709 838 corporeis
1718 804 1821 833 detine-

1031 843 1117 877 batur,
1131 850 1219 873 utnon
1234 847 1367 880 possimus
1377 847 1402 874 id
1415 848 1489 882 quasi
1500 853 1601 876 certum
1615 853 1730 876 statuere
1741 857 1821 885 :qua-

1032 897 1060 916 re
1074 890 1099 917 iu
1115 891 1215 919 incerto
1229 900 1272 919 res
1283 897 1390 920 maneat
1401 898 1515 928 oportet.
1528 893 1557 922 lu
1573 893 1622 921 bac
1635 902 1699 922 vero
1710 895 1818 922 bomilia

1032 934 1057 961 id
1070 936 1201 970 praecipue
1215 937 1327 971 probare
1341 938 1443 971 nititur,
1458 940 1529 968 omni
1542 944 1651 974 peccato
1659 939 1818 968 deteriorem

1031 988 1091 1008 esse
1104 981 1259 1016 injuriarum
1273 984 1496 1012 recordationem.

1067 1027 1140 1055 llanc
1160 1029 1337 1063 continenter,
1357 1035 1387 1057 ut
1405 1031 1520 1063 videtur,
1543 1037 1661 1068 sequuta;
1680 1037 1743 1060 sunt
1766 1037 1821 1061 tres

1031 1073 1152 1102 Humilia:
1167 1074 1200 1102 de
1220 1075 1317 1103 Davidc
1339 1080 1365 1103 et
1378 1076 1458 1104 Saﬂle
1479 1076 1522 1111 (T.
1543 1077 1570 1106 Δ.
1594 1086 1617 1105 c.
1632 1076 1684 1103 675
1696 1077 1717 1113 ).
1732 1078 1820 1114 Argu-

1031 1125 1150 1148 mentum
1162 1122 1233 1148 enim
1253 1122 1324 1156 quod
1346 1122 1372 1149 in
1395 1122 1507 1150 Humilia
1528 1123 1562 1150 de
1582 1123 1706 1151 Debitore
1727 1124 1820 1152 decem

1031 1167 1141 1194 tnillium
1154 1167 1314 1194 talentorum
1327 1172 1453 1202 coeperat,
1465 1175 1561 1203 nempe
1571 1168 1604 1196 dc
1615 1168 1768 1203 injuriarum
1779 1177 1822 1197 re-

1031 1212 1185 1240 cordatione
1207 1213 1375 1248 depellenda,
1393 1214 1418 1241 in
1435 1214 1507 1242 hisce
1530 1215 1613 1242 tribus
1634 1214 1749 1243 homiliis
1769 1224 1820 1243 una

1033 1258 1113 1290 serie,
1129 1259 1252 1292 exemplo
1264 1259 1372 1286 Davidis
1385 1266 1460 1291 usus,
1473 1264 1580 1287 strenue
1599 1260 1774 1295 persequitur,
1795 1266 1822 1289 et

1031 1303 1137 1337 quidem
1151 1304 1218 1331 adeo
1231 1305 1353 1339 put/retice
1366 1310 1394 1333 ut
1415 1305 1566 1333 auditorum
1580 1306 1711 1342 lacrymas
1725 1315 1821 1337 excus-

1031 1349 1114 1381 serit,
1135 1352 1214 1383 atque
1238 1354 1266 1376 ut
1283 1350 1373 1378 videre
1392 1355 1433 1378 est
1445 1371 1454 1384 ,
1474 1351 1654 1380 Antiochenos
1669 1352 1703 1379 ad
1723 1360 1822 1388 priecc<

1032 1398 1104 1427 ptum
1119 1394 1198 1427 illud,
1218 1395 1322 1430 Diligite
1334 1396 1448 1423 inimicos
1467 1401 1576 1428 vestras,
1598 1397 1759 1431 implendum
1774 1398 1822 1428 aii-

1031 1437 1154 1471 duxerit;
1170 1444 1197 1466 ut
1211 1440 1236 1466 in
1249 1440 1454 1474 Quadragesima
1469 1441 1604 1475 pneterita
1617 1441 1710 1468 eodem
1722 1449 1738 1468 a
1750 1442 1823 1475 jura-

1032 1486 1138 1519 tueutis,
1153 1486 1248 1521 quibus
1262 1487 1403 1514 admodum
1419 1487 1516 1514 assueti
1529 1492 1615 1520 erant,
1631 1492 1768 1516 avocarat.

1069 1531 1096 1558 In
1111 1536 1226 1559 mentem
1239 1532 1302 1558 u.ihi
1317 1532 1404 1559 subito
1416 1532 1487 1559 venit
1500 1532 1644 1560 verisimile
1659 1532 1731 1560 nullo
1745 1533 1823 1560 modo

1033 1585 1092 1605 esse
1106 1585 1184 1612 posse
1203 1577 1421 1614 Chrysostomutn
1437 1578 1579 1606 llomiliam
1601 1578 1634 1605 de
1655 1578 1778 1606 Debitore
1797 1584 1823 1607 et

1032 1626 1086 1650 tres
1100 1628 1242 1658 sequentes
1261 1624 1384 1651 habuisse
1398 1628 1457 1659 post
1476 1624 1659 1658 wgritudinem
1681 1624 1753 1652 illam
1773 1632 1823 1659 qua

1034 1673 1093 1702 post
1106 1669 1207 1696 Pascha
1218 1669 1281 1697 anni
1295 1670 1345 1697 δεῖ
1358 1669 1482 1697 detentus
1496 1670 1554 1702 fuit,
1567 1669 1629 1697 dum
1645 1670 1710 1697 festa
1723 1675 1805 1706 mart)
1814 1687 1823 1692 -

1033 1722 1091 1740 rum
1107 1714 1196 1742 multis
1220 1715 1313 1742 diebus
1334 1722 1382 1749 per
1400 1715 1491 1742 urbem
1514 1714 1682 1743 Antiochiam
1703 1715 1824 1742 celebra-

1034 1765 1124 1787 rentur
1138 1768 1144 1786 :
1160 1760 1188 1787 1°
1203 1760 1263 1795 quia
1277 1764 1337 1794 post
1349 1760 1421 1787 illam
1437 1759 1557 1787 Paschali
1579 1765 1698 1794 tempore
1713 1760 1824 1787 inﬁrmi-

1034 1810 1114 1832 tatem
1141 1806 1225 1840 prima
1252 1806 1345 1832 concio
1367 1804 1417 1832 fuit
1444 1805 1497 1837 illa,
1527 1812 1606 1840 quam
1634 1805 1660 1831 in
1688 1805 1823 1832 Dominica

1033 1853 1204 1884 ἕπισωζομένης
1216 1850 1308 1878 videre
1331 1854 1381 1883 est,
1405 1854 1434 1878 ut
1457 1850 1554 1877 ibidem
1579 1850 1654 1877 initio
1679 1850 1785 1883 dicitur,
1798 1855 1826 1878 et

1033 1897 1126 1924 concio
1139 1897 1172 1924 de
1183 1896 1305 1924 Debitore
1319 1897 1404 1931 prima
1424 1903 1529 1931 quoque
1543 1900 1603 1930 est,
1617 1895 1664 1923 sed
1678 1900 1735 1930 post
1748 1896 1826 1930 aegri.

1035 1942 1151 1969 tudinem
1173 1941 1242 1969 haud
1257 1942 1336 1969 dubie
1357 1942 1447 1969 aliam.
1468 1942 1497 1969 2°
1518 1942 1584 1976 Quia
1602 1942 1625 1969 si
1653 1941 1770 1969 humilia:
1790 1942 1824 1969 de

1035 1988 1158 2015 chitore
1173 1993 1199 2016 et
1219 1993 1272 2015 tres
1291 1992 1434 2023 sequentes
1457 1993 1576 2024 tempore
1595 1987 1715 2015 Paschali
1730 1987 1826 2015 habita:

1034 2035 1146 2063 fuissent
1157 2040 1219 2063 ante
1230 2035 1371 2062 llomiliam
1393 2043 1435 2066 τῆς
1454 2038 1624 2069 ἐπισωςομινης
1644 2038 1672 2062 et
1691 2034 1725 2062 de
1738 2035 1824 2068 Anna,

1035 2081 1060 2108 iu
1074 2081 1114 2108 his
1130 2081 1197 2109 haud
1213 2081 1292 2109 dubie
1304 2085 1459 2108 memoratae
1476 2080 1598 2113 fuissent,
1615 2084 1644 2107 ut
1656 2080 1715 2107 alite
1728 2087 1743 2106 a
1757 2085 1825 2108 tem-

1035 2134 1099 2161 pore
1111 2126 1248 2155 Paschalis
1263 2126 1340 2154 dictae
1350 2131 1506 2154 memoratae
1518 2129 1589 2154 sunt.
1602 2126 1724 2161 Alioquin
1738 2131 1826 2154 autem

1036 2174 1179 2202 verisimile
1198 2181 1250 2200 non
1273 2178 1315 2201 est
1329 2172 1451 2200 homilias
1470 2173 1527 2200 illas
1551 2177 1665 2207 quatuor
1684 2172 1726 2199 vel
1744 2173 1828 2200 conti-

1036 2225 1131 2247 nenter
1144 2223 1206 2246 ante
1219 2219 1393 2246 Pentecosten
1409 2219 1451 2245 vel
1461 2218 1572 2246 alternis
1585 2218 1687 2245 vicibus
1703 2225 1762 2245 cum
1778 2217 1828 2244 bo-

1037 2266 1115 2293 miliis
1130 2265 1162 2292 de
1177 2267 1252 2292 Anna
1266 2265 1370 2292 habitas
1383 2264 1475 2292 fuisse.
1489 2264 1656 2299 Quapropter
1670 2268 1734 2298 puto
1745 2263 1829 2298 Chry-

1037 2315 1194 2343 sostomum,
1215 2311 1259 2345 qui
1275 2310 1488 2345 frequentissime
1502 2309 1596 2336 morbo
1609 2309 1755 2340 laborabat,
1770 2314 1830 2344 post

1038 2357 1210 2385 Pentecosten
1229 2357 1320 2392 ignoto
1334 2356 1410 2383 nobis
1432 2362 1525 2383 mense
1548 2354 1706 2390 aegritudine
1721 2358 1828 2388 captum

1038 2402 1131 2436 fuisse,
1147 2407 1173 2429 et
1187 2402 1231 2429 ubi
1252 2401 1394 2433 convaluit,
1412 2401 1524 2435 primam
1539 2399 1674 2426 homiliam
1690 2399 1763 2426 illam
1781 2398 1828 2425 ha-

1038 2448 1127 2475 buisse
1147 2447 1180 2474 de
1198 2447 1318 2474 debitore
1337 2445 1429 2473 decem
1450 2445 1561 2472 millium
1584 2445 1760 2477 talentorum,
1785 2443 1829 2470 ubi

1038 2497 1130 2520 contra
1145 2492 1300 2526 injuriarum
1315 2491 1529 2519 recordationem
1541 2489 1713 2517 concionatus
1724 2493 1774 2517 est.

1075 2539 1103 2566 1n
1118 2538 1203 2573 prima
1227 2537 1260 2565 de
1285 2537 1385 2565 Davide
1409 2536 1518 2564 bomilia
1540 2535 1574 2563 de
1598 2534 1739 2562 tolerantia
1765 2533 1828 2568 agit,

1039 2589 1066 2611 ct
1085 2583 1153 2619 quod
1172 2587 1292 2618 oporteat
1314 2582 1429 2610 inimicis
1445 2588 1566 2617 parcere,
1588 2588 1638 2609 nec
1657 2580 1692 2608 de
1706 2579 1830 2615 quopiam

1040 2630 1109 2657 male
1123 2629 1204 2664 loqui.

1077 2675 1106 2702 ln
1119 2675 1234 2703 secunda
1255 2674 1349 2710 probat
1368 2681 1421 2701 non
1442 2673 1523 2701 modo
1545 2673 1669 2700 virtutem
1693 2677 1830 2704 exercere,

1042 2721 1089 2748 scd
1104 2722 1184 2749 etiam
1201 2721 1298 2748 virtute
1311 2719 1436 2755 prmditos
1455 2718 1574 2750 laudare,
1589 2725 1643 2744 non
1656 2723 1749 2751 parum
1760 2714 1831 2743 utili-

1043 2767 1104 2794 tatis
1118 2767 1213 2794 afl'erre
1228 2775 1236 2795 :
1250 2766 1374 2801 quodque
1388 2764 1471 2792 David
1481 2763 1689 2799 magnificentius
1703 2765 1832 2796 tropaeum

1042 2811 1156 2839 erexerit
1166 2811 1298 2846 parcendo
1312 2810 1397 2843 Sauli,
1409 2817 1488 2845 quam
1500 2812 1631 2843 prostrato
1641 2806 1758 2841 Goliatb,
1773 2813 1831 2833 ωδε

1043 2857 1134 2892 gisque
1149 2856 1198 2884 sibi
1214 2855 1342 2891 profuerit
1355 2863 1432 2890 quam
1449 2854 1534 2882 Sauli.
