2034 3109
271 245 300 271 In
314 242 400 275 tertia,
416 242 459 269 ubi
477 240 541 268 vidit
560 239 656 267 mullos
674 246 707 266 ex
722 237 753 264 iis
766 238 869 270 adesse,
883 238 926 272 qui
938 243 1021 271 nuper

236 294 265 317 ut
280 287 418 316 theatralia
437 286 585 321 spectacula
601 284 708 311 adirent
729 291 850 309 conciom
866 290 918 309 non
938 282 1020 308 inter-

234 335 348 365 fuerant,
360 333 426 360 dixit
438 339 469 359 ex
488 329 635 365 hujusmodi
656 328 848 363 spectatoribus
863 326 959 353 multos
973 325 1020 353 ad-

234 379 333 406 ulteros
344 378 411 410 lieri,
425 377 538 410 hincque
551 374 619 402 bella
634 378 661 401 et
673 373 856 400 contentiones
869 371 952 398 nasci.
968 370 1021 397 Ad-

230 425 272 452 dit
283 431 346 452 vero
361 423 484 450 Davidem
507 429 567 448 cum
590 420 670 448 Saftle
691 427 771 447 omne
793 418 924 453 patientiae
937 423 1020 451 genus

231 476 372 504 superasse
385 477 390 494 :
407 467 558 501 clauditque
566 465 657 492 dicens
669 464 787 499 rapinam
801 464 929 498 patienter
940 463 1017 494 ferre,

231 522 284 541 non
313 514 442 540 minorem
469 513 594 539 virtutem
621 517 691 543 esse,
721 516 798 541 quam
823 508 1018 542 eleemosyuam

230 568 352 595 erogare.

266 606 355 634 Mense
367 609 454 632 autem
469 603 617 638 Septembri
632 602 693 629 auni
708 601 759 629 387
770 600 824 636 jam
841 600 934 627 initam
951 606 1017 626 con-

232 657 271 679 tra
281 651 387 678 Judazos
397 650 618 681 concertatiOnem
634 647 677 682 (T.
692 648 716 674 1.
728 657 750 675 c.
764 649 811 675 87l
821 646 842 681 ),
857 653 936 680 quam
948 652 1018 672 anno

232 697 354 731 proximo
367 696 419 723 586
439 703 529 723 mense
542 695 646 722 circiter
659 692 808 727 Septembri
823 695 940 726 ceperat
949 711 956 725 ,
972 698 1017 718 ea-

230 742 292 769 dem
310 745 466 775 tempestate
479 740 631 774 resumpsit.
646 739 672 766 Id
688 739 730 766 ille
744 738 818 765 initio
833 743 941 772 quartae,
960 745 1018 771 quae

231 788 324 817 harum
346 787 519 822 posteriorum
535 786 618 820 prima
637 790 693 815 est,
717 785 755 812 sic
768 784 905 811 enuntiat:
921 783 1018 809 Rursus

229 832 269 859 illi
280 832 392 867 infelices
405 831 596 864 mortaliumque
609 830 719 856 omnium
733 828 864 855 miserrimi
881 828 966 854 Διαίιεί
975 828 1018 862 je-

228 878 343 915 junaluri
354 881 412 904 sunt
424 885 433 903 :
447 885 533 905 rursus
547 875 639 903 Christi
653 883 751 910 gregem
767 873 908 900 muniamus
922 881 1019 900 necesse

230 928 280 956 est;
301 923 413 957 ideoque
427 930 455 949 se
468 922 559 949 decem
582 921 676 948 diebus
690 924 830 955 antequam
851 919 934 947 αυτ]ιεὶ
947 918 1017 953 jeju-

230 972 324 995 nnrent
338 967 395 996 haec
415 967 513 999 monita
528 966 633 993 dedisse
652 966 705 998 ait,
725 966 786 1000 quia
805 965 879 992 multi
892 972 924 992 ex
939 971 1018 999 grege

229 1021 287 1045 suo,
304 1012 417 1047 quadam
432 1012 620 1046 superstitione
635 1011 715 1043 moti,
730 1018 789 1038 cum
803 1010 901 1038 Iudaeis
912 1010 1016 1044 jejuna-

228 1060 301 1086 bant.
325 1059 421 1092 Aitque
442 1058 526 1092 primo
545 1057 697 1084 Iudaeorum
717 1055 781 1083 illud
800 1055 927 1090 jejunium
947 1055 1018 1089 quod

228 1110 320 1132 contra
335 1105 496 1131 voluntatem
520 1104 566 1131 Dei
587 1103 662 1131 fieret
672 1122 679 1136 ,
695 1102 804 1137 impium
819 1106 847 1129 et
861 1101 1017 1128 sceleratqu

228 1159 287 1178 esse
300 1160 306 1177 ε
321 1151 432 1186 ideoque
452 1150 512 1177 illos
532 1149 566 1177 ab
585 1149 636 1176 hoc
653 1148 762 1176 Iudaico
775 1151 899 1181 suscepto
917 1146 1018 1180 jejunio

228 1198 340 1230 avertit,
360 1201 386 1224 et
409 1198 435 1223 in
457 1196 591 1223 concionis
607 1196 658 1222 line
671 1194 738 1222 alios
752 1194 798 1228 qui
816 1193 848 1220 ab
869 1192 1018 1227 hujusmodi

229 1243 339 1270 Judaico
350 1241 452 1276 jejunio
473 1241 636 1267 abstinerent
657 1239 721 1266 hort‘
735 1243 787 1271 tor,
808 1243 836 1266 ut
851 1238 944 1265 fratres
956 1245 1018 1264 suos

229 1291 344 1315 avocent
355 1287 389 1314 ab
400 1287 550 1321 hujusmodi
558 1285 676 1322 jejuniis,
688 1293 747 1321 qua:
758 1285 928 1312 theatralibus
938 1285 1017 1312 etiam

229 1333 386 1368 spectaculis
400 1332 476 1367 longe
489 1332 578 1367 pejora
593 1336 692 1359 essent.

264 1378 388 1411 Quintam
398 1377 534 1404 homiliam
545 1376 647 1404 orditur
656 1377 689 1404 ab
700 1376 848 1404 auditorum
860 1375 1016 1411 frequentia,

229 1431 307 1458 quam
322 1423 400 1450 solito
414 1423 541 1457 majorem
555 1430 614 1450 esse
626 1422 732 1457 gaudet,
749 1427 775 1449 et
788 1422 925 1457 pristinum
940 1429 1018 1456 argu—

229 1473 347 1495 mentum
361 1468 498 1495 ardentius
518 1468 644 1502 suseipit,
665 1476 696 1495 ac
712 1468 820 1495 .Iudaica
840 1469 929 1495 omnia
944 1476 1019 1502 pror-

229 1523 273 1541 sus
289 1514 413 1549 abrogata
428 1522 487 1541 esse
504 1514 664 1549 pronuntiat.
681 1513 820 1548 Templum
835 1522 898 1541 vero
911 1514 1019 1541 ieroso-

230 1561 386 1595 lymitanum
400 1568 545 1595 numquam
557 1567 617 1587 esse
630 1560 831 1587 restaurandum
847 1560 951 1594 probat,
965 1568 1017 1586 nou

228 1615 260 1634 ex
275 1606 372 1634 Christi
388 1606 482 1639 modo,
504 1606 551 1633 sed
566 1614 599 1634 ex
622 1605 810 1641 prophetarum
831 1606 910 1633 etiam
925 1606 1018 1640 praedi-

229 1652 371 1679 ctionibus.
386 1652 470 1687 Leges
483 1652 694 1680 ChriStianorum
707 1652 873 1679 solummodo
888 1652 913 1678 in
927 1659 1019 1686 perpe-

231 1704 304 1725 tuum
316 1699 460 1726 servandas
473 1706 546 1731 esse,
562 1703 673 1726 caeteras
688 1705 780 1725 omnes
794 1697 965 1725 obsolevisse.
982 1698 1019 1725 De

229 1744 379 1772 Judzeorum
396 1749 484 1778 postea
501 1743 616 1778 pernicie
630 1744 747 1778 pluribus
760 1744 822 1778 agit,
839 1743 1018 1777 ultionemque

230 1789 276 1816 Dei
295 1789 328 1816 de
345 1789 394 1815 illis
415 1794 546 1823 sumptam
567 1789 623 1816 fuse
635 1790 809 1824 persequitur.
826 1789 942 1816 Danielis
956 1797 1018 1816 vero

231 1834 384 1870 prophetias
398 1835 545 1862 minutatim
557 1835 682 1869 explicat,
695 1835 906 1869 peculiaremque
922 1841 1019 1862 scrmo~

231 1888 291 1907 nem
312 1880 345 1908 de
360 1879 568 1907 hebdomadibus
589 1880 704 1907 Danielis
722 1879 844 1907 instituit.
867 1879 1018 1907 Judworum

230 1929 260 1952 ιιι
276 1926 403 1960 templum
419 1924 589 1952 restituerent
608 1931 718 1952 conatus
739 1930 946 1956 commemorat,
970 1926 1018 1953 sub

231 1971 362 1997 Hadriano
380 1970 539 2005 lmperatore
551 1991 558 2004 ,
583 1971 631 1997 sub
653 1971 827 1998 Constantino
838 1991 844 2002 ,
860 1971 1018 2004 domumque

230 2016 280 2043 sub
293 2016 397 2044 Juliauo
420 2018 560 2050 Aposlala.
586 2018 631 2051 qui
655 2017 719 2051 ipsis
741 2016 859 2048 favebat;
883 2021 910 2043 et
931 2021 1017 2043 tamen

230 2062 319 2088 omnia
332 2062 382 2089 illis
394 2061 489 2089 frustra
505 2069 622 2090 cessere.
638 2063 748 2090 Demum
765 2068 902 2097 postquam
917 2063 1018 2090 dixerat

231 2107 383 2134 Malachiam
403 2107 558 2142 prophetam
572 2107 751 2135 Christianum
770 2109 870 2136 cultum
883 2109 1019 2143 praesigni-

231 2152 360 2185 llCavisse,
377 2153 474 2180 claudit
495 2154 670 2188 concionem,
684 2155 787 2182 ca-tcvis
807 2155 922 2182 homiliis
937 2155 1017 2190 duplo

230 2198 323 2224 saltent
340 2198 502 2233 longiorem;
526 2200 560 2226 ita
575 2205 603 2227 ut
622 2201 702 2228 etiam
716 2209 750 2228 ex
765 2200 857 2227 orandi
873 2201 967 2228 ardore
980 2207 1019 2228 at-

230 2253 282 2280 que
297 2246 446 2280 prolixitate
458 2249 613 2275 raucitatem
629 2248 806 2275 contraheret.

266 2291 355 2326 Neque
370 2296 457 2319 tamen
478 2293 522 2320 ille
540 2294 579 2320 sic
598 2293 699 2320 destitit
720 2301 734 2319 a
752 2294 951 2326 concionando,
972 2295 1017 2322 sed

230 2336 357 2370 postridie
371 2345 464 2365 raucus
476 2338 590 2365 oratoris
608 2345 703 2365 munus
722 2338 855 2372 suscepit,
871 2344 897 2366 et
916 2344 1017 2366 sextam

230 2382 364 2408 homiliam
378 2382 445 2409 dixit
458 2388 588 2417 prwscnte
610 2382 736 2409 Flaviano
749 2383 873 2417 episcopo
884 2388 910 2410 et
924 2391 1018 2418 magna

229 2428 318 2462 populi
335 2427 494 2463 frequentia.
512 2430 597 2462 Atque
611 2429 645 2456 de
666 2429 754 2462 templi
769 2429 948 2458 destructione
970 2431 1018 2457 sub

231 2471 394 2505 Vespasiano
408 2474 520 2507 primum
536 2473 661 2508 loquitur,
678 2478 705 2500 et
716 2475 828 2502 oratoris
841 2476 924 2509 magis
939 2484 1016 2510 quam

229 2517 360 2543 annalium
379 2519 508 2552 scriptoris
523 2526 617 2545 munus
632 2527 758 2546 exercens
769 2540 776 2552 ,
791 2520 855 2547 dicit
865 2520 920 2554 jam
943 2521 1018 2554 quiti—

230 2563 407 2595 gentesimum
419 2571 516 2591 annum
536 2565 576 2599 agi
594 2572 627 2592 ex
641 2572 694 2599 quo
708 2566 834 2600 templum
846 2566 1019 2602 Jerusolymi-

231 2613 322 2634 Linum
337 2608 499 2636 destructum
518 2609 621 2642 fuerat;
643 2611 703 2637 licet
724 2619 775 2638 non
799 2612 858 2646 plus
871 2621 948 2647 quam
964 2617 1017 2639 tic-

230 2654 299 2681 ωυιὶ
315 2654 408 2682 decem
422 2660 448 2682 et
460 2661 519 2683 octo
529 2656 592 2682 anni
606 2657 639 2684 ab
652 2656 754 2683 excidio
768 2657 813 2683 illo
824 2658 904 2692 elapsi
918 2664 1016 2685 essent.

233 2700 328 2728 Verum
344 2700 413 2728 Solet
428 2701 633 2737 Chrysostomus
657 2703 682 2729 in
705 2703 878 2730 eoucionibus
901 2705 954 2730 suis
971 2704 1018 2731 has

231 2750 378 2780 temporum
403 2747 519 2774 rationes
538 2752 565 2774 et
578 2749 780 2782 supputationes
799 2756 891 2782 parum
907 2757 999 2775 curare
1010 2771 1016 2781 ,

231 2796 258 2817 ut
277 2792 338 2818 alibi
358 2792 540 2820 observamus.
565 2793 630 2820 Hinc
649 2801 712 2820 vero
729 2801 837 2828 scopum
858 2801 1018 2829 persequens

231 2835 260 2861 5.
278 2836 379 2867 doctor,
399 2838 463 2864 dicit
483 2843 510 2865 et
535 2838 628 2872 probat
652 2846 743 2866 necent
767 2838 864 2865 Christi
888 2839 1017 2866 malorum

232 2887 337 2907 oausam
352 2881 448 2910 induis
463 2882 556 2917 fuisse,
577 2884 663 2918 aitque
682 2884 763 2911 Deum
783 2883 912 2920 indignius
927 2885 1016 2912 tulisse

765 182 794 209 S.
814 178 954 209 JOANNIS
972 178 1208 209 CHRYSOSTOMI
1231 178 1317 214 VITA,

1808 186 1860 215 123

1077 236 1175 264 Christi
1191 245 1293 271 necein,
1307 245 1385 272 quant
1400 239 1473 266 vituli
1488 239 1680 268 adorationem.
1697 243 1735 269 Ex
1751 243 1861 278 prophe-

1076 281 1108 308 tis
1122 282 1211 309 denuo
1224 283 1318 317 probat
1336 282 1450 310 futuram
1467 284 1618 312 .ludteorum
1636 287 1857 321 reprobationem.

1075 326 1175 354 Deinde
1193 333 1289 362 quanta
1303 328 1337 354 sit
1350 329 1490 356 sacerdotii
1508 329 1621 365 dignitas
1634 330 1815 365 demonstrat,
1833 338 1860 360 et

1074 380 1143 399 nunc
1157 373 1311 408 abrogatum
1325 381 1383 401 esse
1395 374 1464 408 apud
1476 374 1580 403 Judteos
1594 377 1770 404 sacerdotium
1786 379 1860 405 evin-

1072 418 1124 450 cit,
1138 418 1312 453 obServatque
1325 419 1406 446 libros
1419 424 1526 447 sanctos
1541 428 1592 447 non
1615 427 1733 449 sanctam
1753 423 1858 451 efficere

1072 470 1242 499 synagogmn,
1255 464 1372 499 nihilque
1388 472 1439 492 non
1453 466 1507 500 agit
1522 470 1549 493 ut
1564 466 1698 494 auditores
1711 475 1773 495 suos
1787 474 1858 495 arer-

1073 513 1109 536 tat
1124 517 1138 535 a
1151 517 1291 544 synagoga:
1306 515 1333 536 et
1346 510 1417 536 aditu
1430 515 1456 537 et
1470 511 1626 539 imitatione.

1107 554 1222 589 ldipsum
1235 560 1418 589 argumentum
1432 557 1599 591 persequitur
1611 558 1636 584 in
1658 558 1769 592 septima
1792 566 1857 586 eon-

1070 602 1147 628 eione
1161 602 1306 635 probatque
1318 601 1442 629 Judaicos
1454 602 1520 629 ritus
1532 603 1672 638 abrogatos
1685 612 1754 638 esse,
1768 612 1856 633 sacer-

1070 647 1146 673 dotes
1159 646 1228 680 apud
1243 646 1346 674 ludaeos
1367 653 1426 674 esse
1448 655 1500 674 non
1521 655 1598 682 posse
1609 669 1615 681 ,
1636 650 1794 685 unicumque
1809 658 1855 678 sa-

1071 693 1199 720 criﬁcium
1213 700 1271 720 esse
1287 701 1334 727 per
1347 700 1443 727 corpus
1457 693 1572 726 Christi;
1584 702 1615 721 ac
1627 695 1710 730 legem
1726 696 1855 724 sublatam

1070 739 1165 771 fuisse,
1181 746 1233 765 non
1248 739 1281 766 ob
1294 743 1399 773 peccata
1419 738 1569 766 Judzeorum
1580 761 1587 772 ,
1603 741 1649 767 sed
1666 741 1736 775 quod
1755 742 1854 776 imper-

1070 784 1137 810 fecta
1157 788 1237 811 esset.
1254 784 1363 810 Demum
1383 783 1416 811 ad
1440 784 1658 812 Melchisedecqu
1675 786 1763 819 venit,
1779 787 1854 819 cujus

1070 829 1211 856 sacerdotii
1227 829 1380 864 dignitatem
1396 829 1523 862 celebrat,
1542 835 1569 856 et
1579 838 1611 856 ex
1623 830 1749 864 propheta
1762 831 1854 865 probat

1070 873 1246 901 sacerdotium
1259 874 1322 900 illud
1334 878 1480 901 extremum
1500 882 1574 907 esse,
1590 883 1674 910 exque
1690 876 1762 903 Pauli
1778 876 1854 904 dictis

1069 919 1202 946 Christum
1223 926 1282 947 esse
1302 927 1393 946 verum
1416 919 1490 946 illum
1515 922 1681 948 sacerdotem
1706 929 1739 948 ex
1761 922 1854 949 ordine

1070 963 1263 991 Melchisedeci.
1283 964 1336 991 Hac
1351 971 1415 991 vero
1431 965 1456 991 in
1468 972 1498 992 re
1511 965 1609 992 diutius
1627 966 1791 1000 innnoratur,
1809 967 1854 994 de-

1070 1017 1195 1044 nmmque
1209 1009 1322 1043 claudit,
1337 1009 1472 1037 auditores
1490 1010 1632 1038 cohortans
1646 1015 1673 1037 ut
1685 1011 1779 1039 fratres
1792 1019 1853 1040 suos

1070 1063 1084 1082 a
1099 1054 1216 1082 Judaicis
1228 1054 1460 1082 observationibus
1472 1060 1609 1087 avertant,
1624 1060 1651 1083 et
1662 1056 1695 1083 ad
1709 1065 1798 1084 veram
1812 1066 1853 1084 re-

1070 1101 1167 1127 ducant
1180 1100 1259 1127 viam.
1275 1099 1383 1134 PrOpter
1395 1101 1441 1126 hoc
1452 1101 1527 1133 enim,
1543 1102 1635 1136 inquit,
1650 1110 1694 1129 nos
1707 1107 1803 1129 tantum
1814 1104 1853 1129 lu-

1069 1145 1153 1172 borem
1167 1145 1324 1180 suscipimus,
1342 1153 1419 1180 neque
1431 1151 1457 1172 ut
1473 1146 1589 1179 plausum
1602 1148 1778 1182 strepitumque
1791 1150 1854 1184 refc-

1070 1200 1164 1223 rantus,
1179 1191 1223 1218 sed
1238 1196 1264 1218 ut
1277 1191 1375 1219 at‘ulsos
1388 1191 1421 1218 ad
1442 1192 1504 1218 viam
1519 1193 1628 1220 veritatis
1643 1194 1801 1221 reducamus.

1104 1237 1229 1264 Octavam
1256 1237 1348 1264 habuit
1377 1243 1515 1272 postquam
1545 1239 1673 1273 jejunium
1704 1240 1854 1268 Judteorum

1071 1285 1221 1315 transierat,
1238 1283 1306 1317 quod
1320 1283 1450 1317 jejunium
1460 1283 1616 1311 ebrietatem
1628 1292 1687 1312 esse
1697 1285 1768 1313 dicit.
1784 1287 1851 1314 Rur-

1069 1336 1181 1363 sumque
1199 1329 1332 1356 auditores
1350 1328 1481 1361 ltortatur,
1504 1333 1532 1356 ut
1547 1329 1655 1357 fratrum
1676 1332 1852 1359 emendationi

1070 1378 1096 1402 ct
1108 1374 1186 1401 saluti
1196 1374 1335 1401 consulant
1351 1379 1377 1402 et
1390 1374 1534 1409 advigilent
1548 1383 1555 1402 :
1571 1382 1620 1402 nec
1634 1376 1713 1403 modo
1725 1381 1785 1403 ante
1797 1385 1854 1411 pec—

1070 1425 1166 1452 catum,
1183 1420 1229 1447 sed
1245 1421 1322 1448 etiam
1338 1427 1395 1457 post
1407 1428 1542 1457 peccatum
1553 1431 1645 1451 manus
1658 1424 1710 1451 illis
1723 1425 1854 1459 porrigen-

1070 1467 1116 1493 das
1136 1473 1195 1494 esse
1210 1466 1288 1500 dicit,
1310 1472 1337 1494 ut
1358 1468 1425 1495 Deus
1445 1468 1509 1495 fecit
1532 1469 1643 1495 Adamo.
1667 1469 1776 1496 Peccata
1791 1477 1853 1497 vero

1071 1513 1182 1539 fratrum
1205 1513 1379 1547 corrigenda,
1401 1522 1452 1540 non
1472 1514 1617 1548 evulganda
1634 1522 1703 1542 esse.
1724 1515 1853 1548 Quoniam

1070 1563 1157 1585 autern
1175 1557 1258 1585 Judaei
1273 1565 1301 1585 se
1314 1559 1432 1586 medicos
1448 1566 1507 1586 esse
1522 1559 1659 1591 dicebant,
1675 1565 1753 1597 atque
1766 1561 1854 1586 incan-

1071 1604 1211 1631 tationibus
1230 1611 1262 1631 ac
1287 1604 1453 1639 ligaminibus
1467 1604 1499 1631 ad
1524 1604 1654 1631 curandos
1673 1606 1779 1632 morbos
1799 1610 1853 1632 ute-

1070 1649 1175 1683 bantur,
1188 1655 1281 1677 contra
1294 1657 1340 1677 eos
1360 1650 1404 1684 qui
1419 1650 1451 1676 ad
1471 1650 1536 1677 tales
1554 1650 1671 1677 medicos
1683 1650 1854 1685 c0nfugerent

1070 1696 1182 1731 insurgit
1193 1695 1397 1732 Chrysostoutus
1407 1717 1414 1729 ,
1429 1697 1518 1731 nitqne
1538 1696 1604 1723 mala
1620 1697 1706 1730 potius
1725 1697 1854 1731 patienter

1071 1742 1189 1774 ferenda,
1201 1750 1279 1777 quam
1295 1743 1361 1769 tales
1373 1742 1536 1769 adhibendas
1550 1742 1702 1770 curationes
1712 1763 1718 1775 ,
1734 1748 1812 1777 atque
1823 1744 1854 1770 ad

1071 1788 1153 1815 Demn
1167 1793 1193 1815 et
1207 1788 1239 1814 ad
1255 1793 1361 1815 sanctos
1374 1792 1504 1823 martyres
1519 1795 1578 1815 esse
1590 1787 1810 1823 confugiendum,
1825 1796 1855 1816 ac

1070 1834 1144 1868 signo
1156 1833 1240 1860 erucis
1252 1833 1376 1860 utendum

1106 1879 1169 1905 Alia:
1185 1880 1326 1905 conciones.
1338 1893 1373 1898 -—
1386 1878 1439 1905 lluc
1453 1884 1570 1913 tempore
1589 1879 1677 1906 habita
1694 1879 1742 1906 fuit
1762 1880 1854 1906 concio

1071 1924 1113 1950 illa
1135 1924 1159 1950 iu
1183 1924 1314 1950 Psalmutu
1336 1924 1365 1950 41
1383 1923 1431 1957 (Τ.
1448 1924 1474 1951 5.
1493 1933 1516 1951 c.
1533 1923 1612 1956 155),
1639 1925 1855 1957 Quemadmodum

1071 1969 1193 1996 desiderat
1201 1978 1296 2003 cerrus,
1303 1975 1365 2001 ete.,
1377 1975 1402 1995 ut
1412 1969 1466 2004 ipse
1475 1969 1677 2005 Chrysostomus
1685 1978 1733 1998 nec
1744 1971 1855 1998 obscure

1071 2015 1169 2041 indicat
1183 2014 1258 2041 initio
1271 2014 1311 2041 his
1323 2014 1409 2041 verbis
1422 2024 1428 2041 :
1451 2014 1499 2041 Vas
1509 2015 1618 2049 quidem,
1634 2016 1735 2050 inquit,
1753 2024 1796 2043 nos
1810 2025 1856 2042 nu-

1072 2069 1115 2095 per
1128 2059 1319 2086 ndntirubamini
1329 2081 1335 2092 ,
1351 2060 1450 2094 quando
1472 2060 1544 2086 verba
1558 2061 1661 2095 fecimus
1679 2061 1709 2087 de
1723 2060 1857 2088 Melchise-

1070 2106 1130 2132 deeo
1141 2126 1147 2138 ,
1165 2111 1265 2140 propter
1279 2113 1364 2131 eorum
1378 2114 1433 2140 qua:
1445 2105 1511 2131 dicta
1527 2111 1584 2132 sunt
1597 2106 1775 2140 longitudinem
1788 2116 1796 2134 :
1810 2116 1857 2142 ego

1070 2156 1153 2178 anteiit
1175 2159 1217 2178 vos
1229 2150 1373 2177 admirabar
1393 2156 1493 2185 prepter
1507 2156 1613 2178 vestrum
1633 2153 1658 2178 in
1679 2153 1804 2179 audiendo
1818 2158 1859 2178 at—

1071 2198 1204 2224 tentionem
1218 2201 1240 2224 et
1253 2197 1411 2231 sapientium,
1427 2202 1449 2223 et
1461 2197 1528 2230 quod
1537 2205 1593 2223 cum
1607 2197 1729 2231 prolixior
1742 2206 1768 2225 se
1783 2199 1859 2224 ublu~

1071 2244 1138 2270 [isset
1157 2242 1252 2274 oratio,
1276 2250 1321 2268 nos
1340 2243 1373 2267 ad
1388 2241 1463 2275 [inem
1482 2249 1558 2276 usque
1577 2243 1720 2276 consequuti
1734 2244 1800 2269 estis.
1825 2244 1861 2270 Et

1071 2288 1226 2324 quibusdam
1243 2288 1405 2322 interpositis
1418 2296 1425 2314 :
1446 2287 1659 2320 Quemadmodum
1672 2297 1730 2323 ergo
1746 2294 1804 2315 tunc
1818 2289 1845 2315 di
1851 2305 1863 2310 -

1070 2334 1165 2366 cebant,
1179 2334 1245 2368 quod
1258 2334 1316 2359 dum
1328 2333 1381 2368 lupi
1393 2341 1493 2367 gregem
1508 2333 1636 2365 invadunt,
1649 2334 1736 2360 relicta
1753 2334 1837 2368 ﬁstula
1850 2355 1861 2367 ,

1071 2381 1176 2416 [mulam
1198 2380 1223 2406 in
1244 2388 1345 2406 manum
1361 2384 1460 2405 stutum!
1482 2384 1617 2414 pastores:
1636 2379 1670 2406 ita
1691 2388 1775 2412 nunc,
1797 2380 1865 2407 dum

1072 2428 1134 2461 festa
1148 2425 1296 2452 Juilteorunt
1315 2426 1504 2458 praleriemnl,
1520 2425 1561 2460 qui
1580 2430 1637 2452 stitit
1655 2427 1772 2460 quibusve
1791 2427 1866 2460 lupis

1071 2472 1240 2502 immuniores,
1255 2471 1342 2496 relicta
1353 2479 1438 2496 rursus
1449 2471 1539 2505 funda,
1551 2471 1681 2497 redeamus
1692 2472 1725 2497 tul
1735 2472 1849 2505 fistulam
1859 2494 1865 2499 .

1071 2517 1137 2544 llinc
1150 2516 1223 2543 vides
1237 2516 1304 2542 hanc
1316 2515 1342 2542 in
1359 2515 1379 2542 P
1396 2516 1492 2542 almum
1505 2516 1535 2542 il
1552 2516 1686 2542 homiliam
1702 2521 1763 2543 tunc
1783 2516 1869 2544 habi—

1072 2568 1124 2590 tam
1141 2562 1231 2593 fuisse,
1248 2569 1308 2588 cum
1323 2569 1406 2594 nupc-r
1421 2561 1452 2587 de
1475 2560 1665 2588 Mclehisedeco
1686 2562 1765 2588 multa
1780 2561 1869 2589 dixis-

1071 2613 1128 2640 set,
1153 2611 1179 2634 et
1201 2607 1321 2633 homilias
1344 2611 1435 2633 contra
1460 2606 1565 2633 Judmos
1586 2606 1751 2633 absolvisset.
1776 2607 1870 2635 Multa

1071 2660 1157 2681 autem
1169 2654 1202 2680 de
1216 2653 1407 2680 lllelehiscdeco
1417 2652 1483 2679 dixit
1494 2653 1519 2678 in
1531 2651 1638 2678 homilia
1649 2657 1740 2679 contra
1751 2653 1872 2682 Julia-os

1072 2701 1183 2734 septima
1195 2721 1201 2733 ,
1218 2707 1277 2734 qua:
1296 2703 1336 2726 est
1361 2698 1503 2732 pcnultima
1523 2697 1592 2724 illius
1606 2698 1761 2732 argumenzi.
1780 2698 1872 2730 Quod

1071 2755 1134 2774 vero
1157 2745 1190 2772 de
1211 2750 1318 2780 pastore
1339 2743 1417 2774 dicit,
1433 2743 1591 2769 adveniente.
1614 2743 1675 2776 lupo
1696 2742 1800 2769 fundam
1820 2752 1874 2772 su.

1072 2797 1174 2823 mente,
1195 2792 1221 2817 in
1238 2794 1330 2824 quarta
1350 2789 1472 2821 habetur,
1487 2788 1529 2814 ubi
1551 2788 1625 2815 initio
1644 2789 1750 2815 secundi
1764 2796 1874 2819 contra

1071 2838 1176 2866 Jndzeos
1189 2837 1251 2864 belli
1270 2837 1307 2863 sic
1319 2837 1456 2863 classicum
1470 2843 1565 2862 cauere
1580 2835 1683 2862 videtur
1699 2834 1875 2870 Chrysostn-

1076 2892 1132 2911 tuus
1148 2892 1152 2909 :
1171 2883 1267 2909 ΕΗΓ-5113
1280 2882 1391 2917 infelices
1412 2881 1449 2907 illi
1470 2881 1660 2915 nwrtus’iumque
1681 2882 1789 2907 omnium
1811 2886 1873 2910 mi-
