2034 3109
195 181 203 207 1
208 179 241 206 εις

194 235 287 262 serrtmi
305 234 392 262 Judaei
409 235 551 270 jejunaturi
574 240 649 263 sunt:
665 243 752 262 rimus
770 235 864 262 Christi
883 241 982 270 gregem

194 280 334 308 muniamus
357 289 457 308 necesse
488 286 532 309 est.
565 281 772 316 Quandoquidem
802 286 825 308 et
854 285 982 314 pastores,

193 327 312 361 quantdiu
331 327 408 354 noaa'a
425 327 501 354 bestia
514 328 618 354 molesta
633 335 683 354 non
700 331 753 360 est,
776 327 822 354 sub
841 327 923 353 ilicem
941 330 985 352 aut

193 370 316 406 populum
337 373 461 407 porrecti,
477 373 563 406 ﬁstula
580 377 690 405 canunt,
711 373 818 399 sinente:
833 380 889 399 oves
910 372 985 399 libere

192 426 239 452 pro
255 425 301 444 suo
313 418 437 444 arbitratu
452 426 552 453 pauere
564 426 572 445 :
586 426 670 445 verum
683 418 760 446 simul
778 423 853 453 atque
864 417 984 444 senserint

191 462 310 489 alicunde
329 462 446 498 luporum
468 463 636 490 incursionem
656 463 800 496 imminere,
817 470 876 489 mox
889 462 985 496 objecta

192 508 279 543 ﬁstula
291 509 397 544 fundam
411 510 548 546 arripiunt,
564 515 586 537 et
599 511 689 537 emisso
702 511 799 536 calamo
810 531 817 542 ,
835 510 941 544 fustibus
961 513 984 536 ct

191 554 262 581 luxis
275 554 406 581 abarmunt
419 563 488 588 sese,
509 563 603 590 proque
621 555 681 582 ouili
695 555 871 587 consistentes,
892 562 983 589 magno

191 601 302 628 clamore
315 601 458 636 ingentique
471 602 571 628 ululatu
585 602 758 636 vociferantes,
776 601 916 635 frequenter
929 600 983 634 ipso

191 646 304 673 clamore
321 648 400 682 feram
410 667 418 680 ,
442 647 587 682 priusquam
600 647 741 681 irrumpat,
756 646 869 681 abigunt.
892 645 983 679 Itaque

192 696 254 726 post
274 692 460 727 Septembrem
481 693 542 720 anni
556 692 618 726 587,
635 697 773 727 postquam
789 692 910 719 homilias
925 692 983 718 illas

191 738 310 773 quinque
321 743 413 765 contra
425 737 531 765 Judmos
541 738 654 771 dixerat,
667 738 708 764 vel
723 737 833 765 fortasse
843 742 982 772 postquam

192 785 314 812 ultimam
328 785 441 819 dixerat,
456 793 514 820 qua:
524 785 604 814 etiam
617 790 674 820 post
686 785 816 819 jejunium
831 784 982 811 Judmorum

192 830 283 857 habita
303 830 368 863 fuit,
383 831 451 858 hanc
466 830 602 857 homiliam
616 830 700 863 dixit,
718 837 796 864 quam
812 834 900 856 tamen
915 829 982 856 inter

192 876 382 910 Expositiones
402 877 429 903 in
451 876 570 903 Psahnos
583 877 635 903 alio
655 881 774 910 tempore
792 875 982 908 concinnatus,

191 930 286 949 eorum
300 923 346 957 qui
359 930 407 950 nos
421 927 612 957 prtecesserant
622 922 744 957 exemplo
759 922 923 956 reliquimus.

224 968 319 995 Primo
340 973 427 995 autem
440 973 528 995 narrat
541 976 591 1003 qua
605 967 638 995 de
652 975 731 995 causa
746 967 815 995 Deus
828 967 944 1002 psalmos
957 967 982 994 in

191 1014 275 1040 vitam
297 1018 415 1040 nostram
430 1013 572 1046 induxerit,
597 1018 625 1040 ut
640 1020 736 1047 nempe
756 1013 922 1040 socordiorcs
936 1013 983 1039 ho-

191 1060 279 1087 mines
293 1059 417 1094 erigeret,
431 1060 545 1086 auimam
561 1063 705 1090 recrearet,
728 1059 831 1093 aliaque
850 1057 918 1085 bona
934 1057 983 1084 ho-

191 1105 308 1131 minibus
326 1105 484 1139 impertiret.
500 1104 594 1132 Postea
610 1104 643 1131 de
665 1103 743 1130 modo
758 1103 885 1138 psallendi
901 1103 983 1130 multa

191 1151 268 1182 dicit,
290 1155 316 1177 et
329 1150 432 1185 aliquas
450 1149 558 1176 adhibet
571 1156 659 1181 voces,
682 1148 714 1175 ad
730 1156 787 1176 eam
803 1156 860 1175 rem
872 1156 983 1182 usurpa-

193 1200 243 1228 tas,
265 1203 331 1230 quas
356 1203 410 1223 non
435 1195 610 1229 intclligentes
621 1194 689 1222 bene
713 1194 787 1221 multi
812 1194 981 1228 interpretes,

194 1250 332 1276 perperam
343 1247 488 1274 verterunt,
504 1246 530 1268 et
542 1249 654 1279 quarum
667 1248 743 1268 usum
757 1245 783 1268 et
798 1248 903 1268 scnsum
916 1239 983 1267 mul-

192 1287 225 1314 tis
239 1288 353 1314 aliorum
363 1286 472 1314 Patrum
488 1291 515 1314 et
525 1288 684 1322 scriptorum
698 1287 826 1320 exemplis
840 1285 983 1320 explicavi-

192 1342 252 1362 mus
269 1335 293 1361 in
309 1335 419 1362 llouito.

225 1380 373 1407 Caice/tests
394 1381 428 1407 ad
450 1381 640 1407 illuminandas.
654 1394 689 1399 —
704 1379 782 1407 Bitias
806 1379 981 1411 Catecheses,

190 1434 257 1461 quas
271 1426 305 1453 ad
322 1426 510 1453 illuminaudos
538 1434 584 1453 seu
603 1425 807 1453 catechumenos
821 1425 981 1460 Chrysoslo-

191 1481 250 1500 mus
267 1473 359 1499 habuit
380 1477 440 1507 post
454 1472 582 1500 llomilias
594 1473 626 1500 de
639 1472 738 1500 Statuis
751 1471 881 1499 edidimus
895 1470 937 1506 (T.
953 1470 980 1496 2.

195 1528 216 1545 ε.
231 1519 310 1553 225).
331 1519 393 1546 lllas
406 1526 479 1552 vero,
504 1519 670 1553 maximeque
692 1519 803 1553 primam
823 1518 849 1544 in
863 1516 982 1550 Quadra-

189 1568 290 1600 gesima
305 1567 367 1594 anni
382 1567 433 1594 587
450 1566 546 1593 dictam
567 1566 647 1594 fuisse
662 1566 834 1600 probabiliter
846 1566 982 1593 existima-

189 1621 268 1646 mus;
293 1613 480 1640 Tillemoutius
504 1621 568 1640 vero
592 1613 618 1640 in
642 1620 740 1640 annum
766 1613 818 1640 588
843 1616 981 1647 utramque

189 1660 336 1688 amandare
348 1660 459 1687 mavult.
475 1660 530 1693 Qua
546 1659 580 1686 de
595 1668 623 1687 re
636 1660 754 1694 pluribus
767 1659 939 1686 disseruimus
954 1659 979 1686 iu

189 1704 289 1732 Monito
311 1705 345 1733 ad
360 1705 480 1738 easdem,
497 1705 540 1732 ubi
561 1705 619 1732 vide
640 1706 686 1732 sis.
711 1706 737 1732 lu
752 1705 836 1740 prima
858 1705 981 1732 catechu-

189 1759 283 1779 menos
296 1751 421 1785 instituit,
437 1756 463 1778 et
482 1751 559 1778 docet
578 1759 609 1778 ea
623 1759 682 1786 qum
696 1752 764 1778 scire
780 1759 826 1786 par
841 1756 898 1778 erat
913 1760 919 1778 :
935 1760 981 1778 ne.

188 1805 241 1830 que
257 1798 327 1824 enim
340 1796 431 1824 omnia
443 1797 606 1824 docebantur
615 1797 811 1830 catcchumeui;
826 1797 980 1832 mysterium

187 1850 304 1877 namque
330 1843 422 1870 calicis
449 1842 622 1877 ignorabant,
649 1841 734 1870 donec
763 1842 857 1869 initiati
880 1847 979 1870 essent.

188 1887 292 1916 Laudat
313 1889 373 1916 illos
392 1889 463 1923 quod
484 1888 596 1923 juvenes
617 1889 775 1923 baptismum
794 1892 883 1915 essent
904 1896 980 1915 accc-

188 1935 272 1967 pturi,
286 1934 446 1968 illorumque
469 1933 655 1968 negligentiam
677 1933 817 1967 improbat,
833 1933 878 1968 qui
893 1933 980 1967 bapti-

187 1986 277 2006 smum
299 1979 458 2006 dill'erebant
479 1986 561 2014 usque
585 1979 617 2005 ad
642 1983 765 2006 mortem.
781 1978 906 2014 Bnptismi
932 1987 981 2006 uo-

187 2026 263 2052 niina
286 2026 370 2054 multa
391 2033 451 2053 esse
465 2025 552 2057 docet,
573 2033 669 2060 nempe
688 2026 821 2053 lavacrum
842 2034 982 2060 regenera-

188 2072 281 2104 tionis,
294 2071 463 2102 illuminatio.
476 2071 616 2106 baptisma,
632 2071 779 2105 sepultura,
793 2079 857 2098 crux
872 2076 899 2098 et
911 2071 961 2098 alia
974 2080 980 2098 :

186 2119 356 2154 multumque
369 2118 512 2145 discrimen
526 2125 586 2145 esse
600 2118 663 2145 dicit
676 2118 745 2145 inter
760 2118 918 2152 baptismum
934 2118 981 2145 .lu-

185 2163 308 2192 dmorum
317 2170 344 2192 et
353 2164 575 2192 Christianorum.
583 2164 734 2191 Christiano
745 2164 860 2199 linguam
868 2165 982 2192 maxime

186 2210 367 2239 cohibendam
390 2219 460 2244 esse,
483 2219 516 2238 ex
538 2219 588 2246 qua
613 2211 702 2245 lapsus
719 2211 794 2238 mulli
815 2211 981 2246 proveniant.

186 2257 298 2286 Claudit
320 2259 430 2286 demum
457 2257 547 2285 dicens
571 2265 586 2284 a
612 2257 769 2292 juramentis
796 2257 982 2285 abstinendum

187 2312 265 2338 esse,
281 2305 350 2341 quod
371 2305 470 2333 malum
487 2304 633 2332 Antiochia:
655 2304 768 2331 maxime
781 2309 843 2332 tunc
857 2305 983 2338 temporis

187 2351 351 2385 invaluerat,
367 2355 448 2386 atque
463 2351 509 2378 illo
521 2351 607 2377 solum
626 2358 696 2377 anno
708 2350 759 2377 587
774 2357 821 2385 per
833 2350 984 2384 Quadrage-

187 2397 291 2423 simam
311 2402 392 2424 totam
415 2400 509 2424 contra
525 2397 673 2432 juramenta
693 2396 844 2423 concionari
870 2395 982 2430 solebat,

189 2441 271 2476 quod
286 2443 439 2470 sententiam
455 2448 572 2470 nostram
586 2442 691 2469 firmare
702 2442 815 2469 videtur.

231 2487 263 2514 In
282 2488 389 2515 secunda
405 2487 537 2516 catecbcsi
550 2487 758 2515 illuminatorum
773 2495 819 2514 seu
837 2487 983 2522 baptizato-

191 2540 260 2559 rum
278 2534 357 2562 ofﬁcia
378 2534 494 2569 explicat
509 2542 516 2560 ε
530 2533 611 2561 verba
625 2533 706 2561 refert
728 2533 755 2560 in
768 2533 901 2568 baptismo
920 2541 983 2568 pro-

192 2578 266 2611 lata,
287 2587 381 2616 nempe,
397 2580 550 2608 Abrenuntio
563 2580 615 2612 tibi,
630 2577 735 2612 Satana,
752 2585 774 2607 et
789 2587 888 2614 pompm
901 2584 949 2606 tua:
961 2584 985 2606 et

193 2624 285 2650 cultui
297 2630 341 2652 tuo.
357 2626 431 2654 Unde
453 2626 619 2653 occasionem
643 2625 723 2652 sumit
745 2625 871 2660 carpendi
892 2625 986 2652 mulie-

194 2678 243 2697 res
257 2691 266 2702 ,
293 2677 343 2706 quae
365 2673 447 2699 nimio
470 2672 573 2699 ornatui
597 2671 748 2699 studebant.
774 2671 900 2705 Pompam
923 2678 985 2697 vero

195 2716 344 2743 satanicam
359 2724 417 2745 esse
429 2717 503 2750 dicit,
515 2717 624 2747 theatra
635 2718 767 2744 circenses
782 2716 868 2749 ludos,
883 2716 985 2743 dierum

196 2761 412 2795 observationes,
433 2762 577 2798 prmstigias
598 2766 625 2789 et
641 2763 739 2789 omina.
759 2761 886 2796 Loquitur
905 2761 985 2789 etiam

198 2807 236 2834 de
253 2807 302 2838 iis,
313 2809 352 2842 qui
369 2807 530 2835 carminibus
550 2812 576 2834 ct
594 2809 710 2843 ligaturis
724 2809 874 2841 utebantur,
889 2808 986 2843 quique

200 2851 364 2879 nomismata
379 2851 522 2879 Alexandri
541 2852 687 2880 Macedonis
709 2861 788 2881 aurea
804 2853 882 2888 capiti
897 2857 969 2888 etp»

200 2897 293 2924 dibus
306 2896 526 2932 circumligabant,
539 2901 614 2933 atque
634 2899 659 2926 in
679 2900 748 2935 regis
761 2883 900 2928 idololatr'
911 2883 968 2902 "In-

773 177 864 206 NUNC
884 175 1014 205 PRIMUM
1033 175 1228 205 ADORNATA.

1772 185 1824 214 130

1037 234 1098 269 sine
1109 241 1183 269 spem
1196 235 1345 264 habebant:
1357 241 1384 264 at
1396 237 1421 265 in
1434 246 1512 266 cruce
1522 239 1620 268 Christi
1635 246 1734 270 tantum
1748 251 1823 278 spem

1036 278 1185 307 habendam
1199 287 1257 308 esse
1269 281 1341 309 dicit.
1360 282 1389 310 ln
1404 283 1554 318 hujusmodi
1576 286 1682 315 insanas
1697 290 1823 323 supersti-

1036 324 1123 352 tiones
1137 326 1217 352 multa
1232 326 1349 361 profert,
1364 333 1391 355 et
1411 336 1457 356 eos
1476 330 1521 364 qui
1536 331 1731 360 incantamenta
1746 334 1822 361 adhi-

1036 369 1130 398 herent
1145 371 1376 401 vehementissime
1397 376 1524 410 coarguit,
1539 381 1618 412 atque
1633 378 1683 405 hoc
1700 379 1822 413 baptismi

1035 415 1106 442 dicto
1122 417 1272 445 catcchesin
1296 418 1403 451 claudit,
1427 420 1577 449 Abrenuntia
1604 423 1657 456 tibi,
1673 422 1778 458 Salano,
1800 430 1823 452 et

1036 470 1135 497 pompa:
1149 468 1198 490 tute
1211 469 1235 491 et
1247 465 1327 491 cultui
1340 469 1393 499 tuo,
1408 471 1432 493 et
1445 468 1584 503 conjungor
1594 469 1647 503 tibi,
1661 469 1769 498 Christe.

1072 506 1192 535 Humilia:
1213 510 1244 536 de
1270 509 1463 545 Prop/retiarum
1482 513 1639 541 obscuritate.
1655 530 1690 535 --
1702 516 1823 544 llomilitn

1035 553 1094 587 dua:
1108 553 1140 582 de
1155 555 1355 590 Prophetiarum
1367 557 1528 586 obscuritate
1541 560 1573 586 ad
1588 568 1685 588 annum
1696 562 1748 590 588
1760 570 1824 590 cou-

1036 600 1172 635 signantur
1192 610 1206 629 a
1227 602 1262 629 cl.
1276 603 1333 630 viro
1348 604 1526 639 Tillemontio,
1550 606 1596 633 sed
1618 615 1650 634 ex
1672 609 1823 642 conjectura

1039 651 1139 673 tantum
1155 646 1197 682 (Τ.
1219 647 1245 675 6.
1269 657 1289 674 c.
1307 648 1389 684 165);
1406 655 1485 685 atque
1503 658 1536 678 ex
1551 652 1582 679 iis
1597 660 1656 687 qua:
1676 654 1702 680 in
1724 654 1824 682 Monito

1036 690 1150 718 diximus
1164 692 1292 720 incertum
1311 701 1422 728 prorsus
1440 695 1553 729 videtur,
1570 705 1623 731 quo
1637 706 1706 725 anno
1719 699 1823 728 emissa:

1036 736 1144 764 fuerint.
1167 737 1194 765 ln
1209 739 1293 773 prima
1312 739 1391 768 docet
1404 742 1538 775 quomodo
1552 743 1687 771 tractanda
1701 745 1735 771 sit
1749 744 1824 772 Scri-

1036 787 1111 817 ptura
1127 791 1211 817 sacra,
1225 785 1259 812 de
1274 785 1465 814 Mclchisedcco
1480 789 1600 823 quwdam
1614 789 1702 823 habet,
1715 798 1746 818 ac
1760 799 1824 826 pan-

1035 829 1074 855 cis
1081 829 1224 858 Anommos
1232 831 1327 866 carpit,
1336 836 1362 859 et
1370 837 1461 860 contra
1471 833 1610 862 lucreticos
1619 836 1711 870 probat
1718 844 1825 871 genera-

1037 874 1135 902 tionem
1144 875 1242 904 Christi
1255 882 1381 906 :ctcruam
1397 886 1465 912 esse,
1479 880 1676 914 generalitatem
1692 889 1755 909 vero
1767 882 1826 917 ejus

1036 923 1211 956 corporalem,
1232 924 1283 951 etsi
1307 930 1418 958 certam,
1442 927 1552 962 intelligi
1576 932 1603 954 et
1621 928 1747 962 explicari
1770 936 1824 956 non

1036 975 1114 1002 posse
1129 976 1136 994 ε
1151 968 1232 995 Vetus
1253 969 1452 998 Testamentum
1471 972 1611 999 Obscurum
1632 981 1692 1001 esse
1712 975 1776 1001 dicit
1797 979 1826 1002 et

1036 1014 1156 1042 consulto
1170 1023 1201 1042 ex
1219 1015 1307 1042 divina
1326 1015 1490 1051 providentia
1507 1018 1614 1051 factum,
1631 1024 1660 1046 ut
1679 1020 1822 1047 obscurum

1035 1064 1063 1087 et
1085 1061 1216 1095 explicata
1240 1061 1346 1089 dillicile
1373 1062 1604 1098 esset:additque
1629 1065 1822 1098 przescientiant

1038 1106 1082 1134 Dei
1107 1114 1159 1134 non
1179 1115 1238 1134 esse
1252 1112 1422 1142 peccatorum
1445 1116 1563 1136 causam.
1580 1109 1642 1136 Ideo
1656 1115 1745 1138 autem
1758 1119 1821 1146 pro-

1037 1152 1130 1187 phetas
1157 1153 1268 1180 obscure
1293 1153 1378 1180 futura
1405 1155 1576 1182 annuntiasse
1596 1160 1679 1189 putat,
1702 1163 1736 1184 ne
1761 1162 1823 1184 ante

1038 1201 1140 1232 tempus
1152 1198 1236 1225 Judazi
1255 1199 1299 1225 illa
1316 1198 1503 1234 intelligerent.
1527 1200 1618 1234 Neque
1632 1205 1720 1228 tamen
1734 1203 1822 1229 omnia

1036 1243 1148 1270 obscura
1162 1243 1260 1276 fuisse;
1278 1251 1337 1270 nam
1352 1244 1444 1272 inutile
1463 1245 1558 1273 fuisset
1576 1246 1613 1273 sic
1635 1245 1722 1274 futura
1735 1248 1824 1276 omnia

1036 1289 1222 1322 pra-nuntiare.

1071 1333 1099 1360 ln
1113 1334 1227 1361 secunda
1243 1343 1356 1370 quoque,
1368 1343 1428 1371 qua:
1444 1336 1512 1364 inter
1526 1337 1693 1372 longissimas
1705 1338 1823 1373 Chryso-

1035 1379 1113 1405 stomi
1125 1379 1267 1406 conciones
1281 1381 1457 1415 computanda
1480 1386 1529 1413 est,
1545 1390 1640 1410 causas
1654 1384 1823 1411 obscuritatis

1035 1425 1120 1452 all‘ert.
1136 1425 1222 1453 Prima
1245 1434 1323 1453 causa
1339 1432 1391 1460 est,
1407 1429 1467 1462 quia
1490 1429 1558 1456 sicut
1571 1430 1699 1457 volantem
1720 1430 1824 1466 Moyses

1035 1472 1060 1498 in
1077 1476 1168 1498 monte
1186 1472 1287 1505 habuit,
1303 1473 1348 1507 qui
1369 1473 1471 1508 Moyses
1484 1474 1618 1508 legislalor
1636 1479 1677 1502 est
1690 1485 1696 1501 :
1709 1475 1743 1502 ita
1757 1483 1824 1510 quo-

1034 1526 1084 1554 que
1101 1519 1186 1554 legem
1201 1519 1318 1546 velamen
1343 1519 1477 1552 habuisse,
1499 1527 1595 1553 nempe
1616 1520 1821 1552 obscuritatem;

1033 1564 1081 1592 sed
1107 1571 1193 1598 neque
1216 1564 1360 1599 legislatori
1384 1565 1447 1592 vitio
1470 1565 1638 1598 vertendum,
1663 1573 1749 1601 neque
1772 1566 1822 1601 legi

1033 1610 1136 1638 crimini
1150 1610 1265 1637 dandum
1280 1610 1360 1638 fuisse
1374 1611 1504 1644 velamen,
1521 1611 1567 1638 sed
1581 1611 1732 1638 auditorum
1749 1612 1822 1638 inﬁr-

1034 1657 1119 1683 mitati
1137 1656 1315 1684 tribuendum.
1337 1657 1456 1693 Secunda
1470 1664 1549 1683 causa
1563 1656 1733 1683 obscuritatis
1747 1661 1821 1684 vete-

1034 1703 1070 1730 ris
1087 1703 1250 1730 Tcstamcnli
1276 1707 1326 1736 est,
1349 1703 1409 1738 quia
1432 1710 1484 1729 non
1510 1702 1637 1737 scriptum
1659 1701 1708 1729 fuit
1733 1702 1822 1738 lingua

1033 1748 1135 1781 Graeca,
1161 1748 1208 1775 sed
1224 1748 1372 1781 llebraica;
1398 1756 1457 1775 eum
1479 1753 1567 1775 autent
1590 1755 1622 1775 ex
1645 1748 1774 1775 llebraica
1797 1749 1822 1775 in

1034 1794 1154 1822 Gratcam
1174 1795 1290 1829 linguam
1309 1794 1463 1821 translatum
1484 1793 1573 1827 fuerit,
1590 1794 1730 1821 maximam
1745 1794 1823 1820 habet

1033 1841 1225 1868 difﬁcultatem.
1247 1840 1414 1868 Translatum
1435 1845 1522 1867 autem
1542 1840 1591 1867 iuit.
1605 1840 1707 1872 Graece,
1727 1840 1821 1874 inquit,

1034 1887 1083 1915 sub
1104 1887 1247 1914 Ptolcmreo
1265 1894 1338 1921 rege,
1352 1887 1477 1914 trecentis
1498 1886 1575 1913 annis
1596 1890 1658 1913 ante
1677 1886 1820 1913 adventum

1033 1933 1147 1965 Christi;
1171 1933 1300 1960 adventus
1329 1935 1417 1959 autem
1443 1930 1541 1959 Christi
1567 1939 1626 1966 qua:
1648 1931 1822 1958 amiseramus

1034 1981 1152 2007 auctiora
1168 1979 1243 2006 nobis
1256 1979 1380 2006 restituit.
1397 1978 1463 2005 Dicit
1479 1983 1569 2013 postea
1591 1978 1739 2004 orationem
1755 1978 1821 2005 mul-

1034 2025 1153 2053 titudiuis
1167 2032 1286 2060 magnam
1302 2025 1354 2051 vim
1365 2024 1473 2051 habere.
1490 2023 1537 2051 llis
1550 2023 1622 2051 addit
1634 2023 1738 2051 diaconi
1753 2023 1822 2050 dicta

1035 2071 1060 2098 in
1071 2071 1197 2106 Liturgin,
1212 2070 1286 2105 queis
1300 2070 1403 2104 plebem
1417 2069 1449 2097 ad
1463 2069 1623 2104 precandum
1635 2070 1765 2096 hortatur.
1779 2070 1823 2097 Ait

1034 2117 1130 2144 deinde
1149 2124 1253 2143 morum
1271 2115 1462 2143 correctionem
1484 2115 1627 2150 Scriptura:
1646 2123 1729 2142 sacra:
1742 2115 1820 2141 tim-ni

1035 2169 1094 2190 esse
1111 2171 1117 2189 :
1133 2166 1159 2188 et
1176 2166 1312 2196 postquam
1328 2165 1420 2188 contra
1436 2160 1595 2187 Manicba-os
1613 2160 1732 2195 quasdam
1745 2158 1820 2184 dixe-

1035 2213 1086 2240 rat,
1107 2207 1206 2234 claudit
1225 2207 1316 2234 diceus
1335 2209 1505 2242 peccatorum
1530 2205 1741 2233 recordationem
1760 2208 1820 2229 esse

1035 2254 1155 2289 peccanti
1170 2252 1327 2280 remedium.

1070 2300 1135 2327 Alia:
1149 2300 1290 2326 conciones.
1306 2313 1341 2318 —
1350 2297 1498 2326 Secundam
1514 2297 1547 2324 de
1560 2291 1755 2332 Propbcliamm
1768 2292 1817 2318 0b-

1036 2347 1160 2375 scuritate
1180 2346 1314 2373 homiliam
1331 2344 1358 2372 in
1376 2344 1511 2371 Douiinica
1524 2341 1629 2370 dian-
1644 2336 1738 2363 Ρίιυοίε
1753 2345 1817 2364 vero

1037 2399 1129 2429 postea
1143 2393 1239 2420 diebus
1259 2393 1330 2419 illam
1345 2390 1480 2417 homiliam
1496 2380 1637 2429 Ιιθξίλῖξαη
1651 2381 1677 2408 2·
1704 2389 1724 2408 ε·
1739 2382 1815 2417 245).

1036 2427 1096 2476 qua:
1118 2439 1279 2472 inscribitur,
1299 2438 1423 2464 Adversus
1445 2445 1488 2476 eor
1500 2427 1543 2461 qui
1564 2427 1672 2476 ’ξίεενεηξ
1689 2433 1816 2476 ίξίνξηοξξίξδ

1037 2472 1175 2521 ἐνόει-κατε
1194 2493 1234 2512 res
1248 2485 1383 2510 humanas.
1404 2482 1432 2510 Ιν
1442 2473 1522 2522 Elius
1535 2473 1605 2522 enin]
1625 2472 1754 2522 ῐξνίηθίΡ-ίξ)
1764 2473 1815 2522 illa

1037 2517 1125 2558 Lmnia
1140 2529 1247 2564 repet“,
1264 2537 1321 2564 qua.
1339 2525 1429 2556 inme
1441 2517 1512 2544 illius
1525 2517 1659 2564 conuictus
1674 2524 1703 2544 se
1717 2517 1816 2545 dixisse

1040 2560 1210 2608 ιθειίθεαιάη
1227 2560 1342 2601 “inﬁmi
1364 2563 1398 2590 de
1420 2562 1517 2589 sanctis
1532 2560 1665 2608 justisque
1680 2562 1753 2594 viris,
1769 2564 1814 2597 qui

1039 2629 1085 2650 sua
1100 2606 1219 2656 pecmm‘,
1235 2622 1279 2648 ηρ(
1293 2614 1381 2636 autem
1400 2608 1495 2637 ahena,
1509 2612 1570 2632 cum
1583 2606 1676 2656 dolore
1689 2615 1812 2635 exsecra-

1039 2651 1171 2701 lioni'sque
1199 2651 1378 2701 P'gniliqatiaﬂ'e
1405 2651 1651 2678 commemorabam
1671 2660 1677 2678 :
1693 2653 1812 2687 exempla

1038 2713 1108 2740 enim
1124 2694 1305 2740 édcwomnia
1316 2694 1464 2740 eodemque
1479 2696 1572 2724 ordine
1586 2703 1717 2725 recenset.
1734 2699 1813 2726 Ordi-

1039 2739 1081 2786 ὼν
1099 2744 1175 2781 φμσιη
1190 2739 1224 2766 ab
1237 2739 1463 2767 Autiochcnorum
1487 2742 1650 2773 assiduitate,
1672 2743 1760 2778 aitque
1783 2745 1814 2770 Ii-

1037 2790 1125 2819 ,Asse
1144 2791 1174 2812 se
1189 2792 1223 2812 ue
1235 2785 1431 2820 multiplicitate
1445 2787 1575 2814 dictorum
1589 2787 1725 2817 fastidium
1739 2798 1813 2817 crea-

1024 2833 1083 2862 ret;
1109 2830 1156 2857 sed
1169 2831 1284 2865 gaudere
1297 2838 1327 2859 se
1339 2832 1410 2866 quod
1432 2833 1516 2868 magis
1529 2833 1691 2862 desiderium
1713 2840 1741 2862 et
1764 2844 1812 2862 au~

1024 2875 1113 2903 dicudi
1123 2876 1283 2911 voluptatem
1291 2877 1394 2905 auxerit
1405 2886 1412 2911 ;
1426 2883 1480 2906 tum
1491 2879 1612 2915 superius
1625 2880 1694 2908 dicta
1705 2881 1812 2916 repetit,
