2034 3109
154 165 204 192 133

153 219 204 253 ἱρ>ε
219 217 428 255 Cbrysostomus
443 218 583 253 perspicue
595 217 662 246 dixit
672 217 757 244 initio.
773 216 883 245 Oi-ditur
897 223 944 244 au-

152 269 202 290 tem
214 263 361 291 ostendens
369 268 431 291 ante
439 263 536 291 Christi
548 267 672 296 mortem,
686 270 745 291 eum
759 262 875 290 nondum
888 262 945 296 ipse

152 313 239 344 portas
253 316 338 336 terens
347 314 375 336 et
382 313 474 337 vectes
487 309 591 337 ferreos
601 309 746 336 crucifixus
757 308 942 342 confregisset,

152 355 271 383 homines
283 355 429 383 admodum
445 360 559 383 mortem
573 355 716 388 metuisse;
729 355 755 382 in
777 354 945 389 exemplum.

150 409 201 437 que
216 401 293 429 at‘fcrt
305 402 378 429 viros
393 402 419 429 in
433 402 516 429 veteri
537 401 596 436 lege
609 400 803 434 sanctissimos,
824 399 945 428 Abraha-

150 456 221 475 mum
236 455 341 485 nempe,
357 448 486 476 Jacobnm
499 453 526 476 et
541 448 656 482 Heliam,
669 448 714 483 qui
725 448 858 482 ingentem
869 454 944 474 mor-

150 494 181 520 tis
197 494 387 529 timorem'praz
402 502 431 522 se
443 495 569 522 tulerunt.
586 494 650 522 Post
665 498 777 522 mortem
791 500 855 520 vero
867 492 945 520 Chri-

150 539 193 572 sti,
206 540 223 567 ii
243 540 287 575 qui
300 541 326 566 in
344 540 431 575 ipsum
457 539 569 568 credunt
589 540 711 574 illiusque
733 546 825 566 amore
850 543 944 565 tenen-

150 590 201 617 tur,
216 591 327 613 mortem
336 587 446 613 omnino
457 591 640 618 contemnttnt,
652 586 707 613 imo
720 585 792 613 illam
805 589 941 620 appetunt;

149 639 198 659 nee
206 632 252 658 viri
267 631 356 664 modo,
371 632 418 660 sed
431 633 509 659 etiam
518 632 655 665 mulieres,
669 632 762 666 puellae
776 635 802 658 et
816 631 943 665 virgines.

151 677 217 705 lline
232 677 368 705 historiam
380 679 445 706 texit
458 678 593 710 Bernices,
608 678 754 706 Prosdnees
767 683 793 704 et
806 677 944 704 Domitiae

147 731 240 751 earum
255 724 357 758 matris,
374 732 434 760 quae
450 725 483 752 ad
499 730 612 752 mortem
629 732 676 759 pro
690 725 797 752 Christo
810 725 939 760 qumsilm,

147 769 236 797 divino
248 770 355 797 amante
369 770 480 805 Spiritu,
495 771 520 798 in
534 770 632 797 flumen
647 778 676 797 se
686 770 835 804 coniecere.

182 817 250 844 Huic
259 817 373 844 homilia:
385 817 465 844 aliaat
475 817 659 851 subiungimus
669 816 711 852 (T.
721 817 748 843 Ξ.
765 825 786 843 ι.
801 816 846 844 Gil
856 817 875 850 ),
884 823 943 851 qua!

146 862 208 890 licet
223 870 274 889 non
288 863 396 895 eodem,
420 863 468 889 sed
485 864 573 897 ignoto
592 863 669 889 nobis
684 871 753 889 anno
766 862 836 889 dieta
853 862 942 892 fuerit.

144 907 189 935 hic
203 912 290 936 tamen
306 908 541 936 commemoranda
556 914 607 941 est,
634 909 694 943 quia
718 908 841 943 qttmtlam
863 908 944 935 ltabet

143 953 177 980 ad
190 953 376 988 explicandam
392 955 508 989 prioretn
532 960 691 989 opportuna.
713 953 835 981 Antehac
854 954 943 988 ignota

142 999 257 1034 primum
273 1007 287 1026 a
305 1000 381 1027 nobis
401 1000 471 1026 edita
493 1000 552 1026 fuit.
574 1000 667 1027 Habita
687 1007 767 1035 porro
790 1004 830 1027 est
854 1000 944 1035 paucis

144 1050 202 1078 post
213 1045 450 1072 llesurrectionem
467 1045 571 1072 Domini
584 1045 690 1078 diebus,
704 1050 730 1072 et
743 1046 861 1080 quidem,
877 1049 905 1072 ut
917 1046 942 1072 in

145 1091 196 1118 line
210 1091 351 1118 concionis
365 1091 493 1124 innuitur,
509 1091 534 1118 in
558 1092 625 1118 festo
640 1097 790 1119 sanctarum
806 1092 941 1123 Berniees,

143 1136 294 1164 l’rosdoces
305 1141 333 1164 et
348 1137 486 1163 llomninte
499 1137 602 1164 matris.
619 1137 666 1164 llic
681 1142 768 1164 autem
785 1137 842 1164 illas
858 1137 944 1164 nomi-

141 1183 228 1209 natim
244 1190 297 1208 non
311 1187 431 1210 recenset
445 1182 662 1217 Cltrysoaomus,
676 1183 723 1211 sed
741 1183 808 1210 adeo
819 1183 890 1210 clare
903 1183 943 1210 in-

141 1227 228 1260 dicat,
243 1231 272 1254 ut
287 1227 395 1261 perinde
406 1222 507 1255 certum
522 1229 557 1255 sit
570 1228 604 1255 de
618 1228 668 1255 illis
683 1229 736 1263 agi,
751 1231 830 1262 atque
843 1228 864 1255 si
881 1235 944 1262 pro-

141 1273 202 1307 prio
216 1273 326 1300 nomine
339 1274 547 1308 appellarentur.
560 1274 653 1308 Agitur
667 1274 792 1300 nimirum
810 1273 843 1301 de
857 1279 942 1302 tnatre

140 1323 168 1346 ct
181 1319 216 1346 de
229 1319 344 1353 liliabus,
357 1328 417 1354 qu.c
430 1319 567 1347 servanda:
583 1320 642 1347 lidei
657 1320 841 1354 pudicitiu'que
851 1327 940 1352 causa,

141 1371 203 1398 post
227 1366 349 1393 relictam
366 1367 478 1401 patriam
493 1374 552 1394 sese
569 1367 595 1394 in
618 1367 717 1393 llatnen
733 1366 940 1401 praccipitarunt.

141 1411 288 1445 Singulare
301 1411 436 1446 quidpiam
451 1411 494 1438 hic
511 1411 623 1446 carptim
637 1411 713 1444 dicit,
729 1411 799 1446 quod
812 1412 837 1438 in
853 1412 942 1446 priore

138 1456 172 1482 de
186 1457 238 1483 SS.
255 1456 370 1483 Bt-rnice
388 1461 416 1484 et
438 1457 570 1484 l‘rosdoce
592 1457 700 1484 humilia
713 1465 766 1484 non
786 1461 940 1491 comparet;

137 1510 239 1537 nempe
255 1508 400 1538 tyrannum
413 1502 554 1538 quemdam
567 1503 685 1530 cmlibem
702 1503 880 1538 virginitatem
897 1510 943 1530 ca—

138 1555 211 1580 runt,
229 1556 330 1583 nempe
350 1548 488 1576 Domniuze
503 1549 628 1582 filiarum,
641 1554 744 1577 tentare
757 1550 881 1581 voluisse,
895 1549 942 1577 sed

132 1595 298 1622 ithCC>SaS
312 1594 394 1622 fuisse
407 1595 541 1630 virgines:
556 1595 627 1630 quod
642 1595 734 1630 utique
749 1595 810 1623 licet
831 1596 943 1623 sileatur

131 1640 156 1666 in
174 1641 285 1674 priore,
301 1641 426 1676 congruit
440 1645 528 1668 tamen
550 1649 611 1668 cum
635 1642 677 1674 iis,
703 1650 763 1682 qua;
785 1650 858 1670 num.
873 1643 888 1670 7
903 1643 944 1670 di-

126 1691 244 1720 cuntur,
262 1694 362 1722 nempe
375 1686 534 1714 Domninam
545 1694 604 1714 sese
617 1695 677 1714 cum
692 1687 796 1715 ﬁliabus
807 1688 832 1715 in
844 1688 941 1716 ﬂumen

127 1733 335 1767 praecipitasse,
351 1741 405 1760 non
421 1733 492 1768 qttod
507 1739 637 1761 tormenta
656 1739 795 1768 metueret,
812 1735 858 1762 sed
871 1736 942 1771 quod

124 1778 243 1806 timeret
255 1786 295 1806 ne
306 1779 366 1814 quis
379 1779 494 1806 liliarum
510 1787 617 1806 suarum
631 1780 810 1815 virginitatem
822 1788 943 1808 corrum-

123 1830 201 1860 peret
215 1834 222 1851 :
242 1832 306 1860 quo
320 1825 441 1852 innititur
453 1825 571 1860 judicent
586 1834 632 1853 seu
647 1831 787 1862 tyrannum
804 1827 943 1854 Domitium

121 1871 239 1898 ﬁliabus
255 1871 418 1906 cupiditatis
432 1872 523 1900 oculos
537 1872 676 1907 adjecisse.
699 1873 765 1901 lluie
789 1873 822 1901 de
844 1875 942 1901 sanctis

118 1917 298 1944 mulieribus
310 1917 428 1944 sermoni
443 1918 579 1952 pr:emiltit
588 1917 796 1954 Chrysostomus
807 1920 942 1947 concionis

117 1963 275 1994 trxteriLe
293 1963 435 1998 reliquias,
459 1963 504 1990 tibi
530 1968 668 1998 postquam
684 1965 824 1999 quatsitum
845 1965 941 1998 fuerat,

113 2015 164 2035 cur
176 2008 320 2037 Joannes
332 2010 407 2036 solus
420 2010 646 2044 evangelistarnm
670 2010 703 2037 de
726 2011 827 2038 Lazaro
841 2012 942 2046 quatri-

113 2054 208 2081 d‘uano
227 2055 375 2090 loquutus
391 2060 480 2088 esset;
494 2063 554 2082 cum
565 2063 673 2083 causam
688 2057 834 2089 attulisset,
848 2057 882 2084 de
892 2057 943 2084 La-

111 2107 177 2126 zaro
193 2108 255 2128 non
275 2108 371 2135 pauca
388 2100 468 2127 solito
480 2102 550 2136 styln
564 2102 697 2129 edisserit.
711 2103 748 2129 Ex
765 2107 883 2138 tempore
894 2111 943 2131 au—

111 2149 166 2171 tem
184 2146 386 2180 pronuntiata
404 2145 486 2173 fuisse
502 2146 608 2174 videtur
623 2148 680 2174 haec
700 2148 806 2181 concio,
831 2152 860 2175 ut
882 2148 943 2176 alite

110 2200 163 2220 non
176 2201 296 2228 panem,
316 2200 385 2228 qua:
399 2193 472 2227 paris
484 2198 545 2219 sunt
560 2194 709 2222 brevitatis.

144 2239 173 2268 In
191 2240 276 2268 hunc
291 2247 408 2266 annum
424 2239 610 2267 Tillemontius
627 2241 731 2268 confert
752 2241 892 2268 llomiliam
908 2241 942 2268 de

109 2284 293 2313 Ascensione
307 2284 366 2321 (T.
380 2284 408 2310 2.
424 2292 446 2310 c.
459 2285 534 2319 Ml),
549 2286 609 2321 quia
621 2294 716 2322 nempe
728 2292 789 2321 post
801 2287 942 2314 llontiliam

105 2332 139 2359 de
154 2331 350 2360 Cmmeterio
376 2335 403 2358 et
426 2330 521 2364 Cruce,
537 2340 596 2367 qua}
620 2332 707 2360 habita
732 2333 814 2361 fuisse
835 2338 942 2368 putatur

105 2384 177 2405 anno
192 2378 268 2411 592,
289 2377 382 2404 dicta
399 2375 462 2403 fuit:
479 2384 540 2404 nam
567 2378 593 2405 in
618 2379 748 2414 principio
768 2379 889 2406 llomilim
907 2379 941 2407 de

104 2425 287 2452 Ascensione
319 2422 417 2451 dicit:
433 2422 517 2450 Etiam
537 2432 594 2451 cum
608 2425 690 2452 cruris
712 2425 858 2452 memoriam
872 2433 942 2453 reco-

103 2468 213 2503 luimus,
230 2475 320 2498 extra
350 2467 447 2494 urbem
466 2469 520 2502 ejus
541 2469 724 2497 solemnitatem
745 2471 941 2504 celebravimus;

103 2516 224 2552 indeque
239 2516 349 2552 arguit.
366 2513 469 2542 eodem
483 2523 554 2542 antto
564 2521 705 2551 utramque
718 2516 835 2544 habitam
847 2517 940 2551 fuisse,

102 2571 155 2591 non
170 2563 435 2593 animadvertetis
449 2562 665 2598 ChrySostomum
678 2563 753 2590 initio
763 2565 900 2591 concionis
908 2565 942 2592 de

102 2612 277 2638 (inmeterio
295 2614 330 2636 et
359 2606 458 2635 Cruee
469 2608 568 2640 dicere,
585 2616 618 2636 ex
632 2609 689 2645 lege
703 2610 753 2636 lata
768 2618 782 2636 a
799 2610 942 2645 majoribus

104 2661 236 2685 :tatutum
255 2657 373 2687 fuisse,
407 2656 440 2679 ut
459 2655 613 2681 solemnitas
628 2655 701 2682 istarc
715 2661 790 2682 extra
803 2657 938 2684 civitatem

103 2711 126 2730 In
143 2705 271 2740 quodam
284 2702 456 2736 assignato
468 2699 526 2727 loco
536 2701 727 2728 celebraretur.
744 2702 813 2737 Ergo
827 2707 942 2737 quotan-

105 2752 143 2778 nis
163 2758 243 2780 extra
264 2750 383 2778 urbem
416 2745 449 2771 in
463 2747 504 2772 die
527 2747 687 2775 Parasccves
699 2753 845 2775 conventus
861 2749 942 2775 hahe-

104 2801 219 2826 tuimur:
237 2805 295 2825 nec
314 2795 430 2831 potest
451 2793 587 2827 qutdqnam
600 2801 631 2820 ex
655 2801 735 2828 supra
749 2794 835 2822 allatis
852 2795 941 2822 verbis

106 2844 135 2869 ad
148 2852 254 2871 mnum
273 2838 486 2869 statuendum
505 2837 601 2872 colligi.
623 2838 684 2865 Ideo
705 2845 793 2866 autem
809 2846 882 2867 extra
898 2849 943 2867 ur-

107 2889 161 2919 bem
176 2890 327 2920 celebrari
348 2887 414 2914 hoc
436 2884 533 2910 festum
544 2884 613 2917 dicit,
626 2886 686 2919 quia
701 2886 750 2914 i310
762 2887 787 2914 itt
802 2887 860 2915 loco
872 2896 942 2914 mar-

740 160 831 191 NUNC
850 158 983 189 PRIMUII
999 158 1196 189 ADORNATA.

1740 165 1790 194 13‘

1000 220 1071 253 tyres
1081 217 1178 251 sepulti
1193 220 1279 245 erant.
1293 215 1423 251 Quoniam
1430 225 1495 247 vero
1505 217 1598 248 eodem
1609 219 1635 248 in
1643 219 1702 248 loco
1710 221 1790 250 etiam

1000 263 1117 290 ἣπτοιὶςὶ
1132 263 1240 298 quidam
1261 264 1357 299 sepulti
1382 265 1498 298 fuerant,
1515 273 1564 294 nec
1584 266 1643 294 sine
1665 267 1791 303 smpulo

998 308 1113 343 populus
1127 308 1161 335 ad
1182 308 1306 344 sepulcra
1330 315 1476 346 martyrum
1499 318 1591 346 preces
1605 311 1741 346 fundebat,
1756 313 1792 341 ob

998 355 1070 382 illam
1081 354 1221 387 viciniam;
1237 354 1297 382 ideo
1310 354 1452 383 Flavianus
1462 357 1603 391 episcopus
1613 364 1676 385 vera
1692 363 1792 393 marty-

998 408 1056 428 rum
1071 408 1131 428 ossa
1143 400 1221 428 istinc
1235 401 1334 429 auferri
1345 407 1494 434 curaverat,
1507 407 1534 430 et
1548 403 1574 430 in
1588 403 1728 431 ecclesiam
1737 403 1792 431 lto-

998 447 1144 473 manesiam
1158 445 1255 473 dictam
1269 447 1454 482 transportari,
1474 447 1518 474 ubi
1533 449 1643 482 populus
1664 449 1791 482 precaba.

998 496 1050 526 tur,
1065 497 1092 520 et
1101 492 1244 520 conciones
1255 492 1430 520 habebantur.
1446 493 1552 522 Exhinc
1565 502 1628 522 vero
1645 494 1679 522 de
1689 495 1790 530 angelis

997 538 1095 572 ubique
1110 542 1137 565 et
1151 538 1178 565 in
1197 538 1319 566 ccclesiis
1333 539 1448 567 maxime
1463 541 1638 574 prmsentibus
1656 541 1788 576 loquitur:

997 584 1086 619 aitque
1100 584 1239 612 diaconum
1253 585 1278 612 in
1293 585 1410 620 Liturgia
1422 586 1521 620 dicere,
1534 587 1657 622 Angetam
1670 587 1739 622 pacis
1748 596 1791 615 ro-

996 636 1064 666 gate.
1091 631 1185 658 Postea
1209 631 1242 659 de
1266 632 1428 661 Asceusione
1453 633 1558 661 Domini
1573 634 1637 668 agit,
1661 633 1791 670 docetque

996 677 1130 712 quomodo
1146 677 1266 705 Christus
1278 678 1312 705 ad
1323 679 1464 706 dexteram
1478 679 1562 706 Patris
1573 680 1679 713 sedens,
1692 680 1777 708 media
1788 695 1792 701 ι

997 727 1039 750 tor
1052 723 1097 750 Dei
1111 728 1138 750 et
1153 724 1290 751 hominum
1303 724 1346 751 sit.
1360 725 1487 758 Qumnam
1508 725 1656 753 differentia
1671 727 1705 754 sit
1720 726 1790 754 inter

997 769 1188 796 Ascensionem
1211 769 1309 797 Christi
1330 775 1358 798 et
1373 771 1555 799 ascensionem
1579 771 1644 798 Elie
1663 771 1788 807 explicat.

996 822 1028 842 ac
1052 823 1112 842 eum
1136 822 1239 843 summa
1263 816 1393 844 modestia
1414 821 1442 845 et.
1464 817 1612 845 humilitate
1633 819 1790 847 concionem

996 861 1103 899 claudit.

1033 905 1088 934 lloc
1103 907 1164 933 item
1179 914 1250 934 anno
1262 906 1325 940 59⁵2,
1340 908 1383 935 vel
1396 908 1514 941 circiter,
1524 907 1791 943 putat'fillemontius

996 951 1214 987 Chrysostomnm
1228 954 1376 980 orationem
1390 953 1514 981 habuisse
1527 955 1554 981 in
1565 955 1670 981 lattdem
1684 955 1789 982 Diodori

996 998 1134 1025 Tarsensis
1148 998 1192 1034 (T.
1214 999 1240 1026 3.
1264 1008 1286 1026 c.
1300 998 1347 1026 761
1360 1000 1368 1034 )
1380 1009 1385 1026 :
1398 1007 1477 1034 quam
1491 1001 1617 1034 temporis
1632 1003 1721 1026 notam
1742 1007 1791 1028 nec

996 1044 1162 1078 impugnare,
1183 1051 1233 1072 nec
1252 1049 1280 1071 ut
1299 1045 1409 1072 omnino
1430 1049 1529 1072 certam
1553 1045 1695 1073 defendere
1716 1045 1789 1073 licet.

995 1090 1148 1117 Orationem
1170 1091 1225 1125 jam
1249 1090 1378 1118 habuerat
1392 1091 1523 1118 Diodorus
1547 1091 1572 1118 in
1588 1099 1638 1126 qua
1660 1091 1790 1119 Joannem

995 1135 1213 1172 Chrysostomum
1223 1137 1344 1164 laudibus
1352 1137 1493 1165 extulerat.
1502 1137 1708 1173 Chrysnstomus
1714 1145 1789 1173 vero,

996 1181 1102 1208 laudum
1117 1182 1226 1210 tninime
1240 1182 1361 1216 Cupidus,
1377 1190 1440 1210 suas
1455 1183 1504 1217 ipsi
1520 1183 1611 1210 laudes
1624 1183 1747 1214 reddidit.
1763 1188 1791 1211 et

995 1227 1142 1254 orationetn
1157 1229 1239 1255 texuit
1254 1228 1450 1261 brevissimam,
1466 1229 1526 1263 quia
1543 1233 1601 1262 post
1612 1229 1685 1256 illttm
1696 1229 1790 1256 eadem

995 1274 1037 1301 die
1050 1275 1254 1302 concionaturus
1265 1275 1354 1302 denuo
1369 1281 1426 1302 erat
1450 1275 1593 1309 Diodorus,
1609 1280 1637 1302 ut
1650 1276 1720 1303 clare
1733 1276 1791 1310 ipse

997 1320 1082 1347 innuit
1093 1319 1118 1347 in
1133 1320 1185 1347 ﬁne
1197 1321 1407 1356 pra'coniiJlore
1419 1321 1515 1356 quippe
1531 1327 1664 1356 receptum
1678 1321 1792 1350 vidimus

997 1365 1154 1399 Antioehim,
1171 1371 1199 1393 ut
1221 1366 1313 1394 eadem
1329 1367 1371 1394 die
1393 1367 1418 1394 in
1433 1367 1580 1402 eademque
1602 1368 1713 1395 ectlesia
1737 1368 1792 1396 duo

995 1411 1227 1439 concionarenlur.
1246 1412 1375 1439 Diodorus
1398 1420 1462 1439 vero
1484 1413 1624 1447 cpiscopus
1638 1413 1789 1446 Tarsensis,

995 1458 1039 1492 qui
1053 1458 1116 1485 olim
1130 1458 1216 1486 fuerat
1229 1458 1340 1486 Joannis
1354 1459 1536 1495 Chrysostomi
1551 1459 1685 1494 magister,
1703 1460 1790 1487 liben-

995 1508 1036 1530 ter
1048 1503 1081 1530 ad
1094 1504 1118 1531 id
1133 1504 1212 1531 officii
1225 1504 1430 1536 admittebatur;
1446 1505 1507 1539 quia
1516 1505 1578 1531 olim
1590 1505 1728 1541 presbyter
1736 1506 1791 1532 An-

996 1549 1135 1577 tiocltenus
1156 1550 1181 1576 id
1205 1550 1323 1577 muneris
1345 1549 1389 1577 diu
1408 1555 1574 1583 excreuerat,
1597 1558 1651 1586 quo
1671 1555 1790 1585 tempore

995 1595 1097 1626 Ariani,
1113 1602 1173 1622 cum
1188 1595 1344 1622 auctoritate
1360 1595 1501 1630 plurimutn
1524 1595 1653 1628 valerent,
1673 1595 1790 1624 Catholi-

995 1649 1042 1669 eos
1057 1641 1225 1669 infestabant.
1248 1641 1282 1669 lis
1301 1649 1362 1669 cum
1378 1642 1479 1669 fortiter
1491 1642 1633 1670 obsisteret
1649 1642 1789 1675 Diodorus,

995 1687 1029 1714 ab
1043 1688 1149 1715 Arianis
1160 1696 1231 1722 sa'pe
1247 1688 1337 1723 pulsus
1350 1693 1402 1721 est,
1413 1696 1484 1723 saepe
1495 1689 1521 1716 in
1539 1689 1685 1723 periculum
1697 1689 1790 1724 capitis

995 1734 1082 1767 venit;
1101 1742 1132 1762 ae
1145 1734 1166 1761 si
1182 1743 1234 1761 non
1250 1743 1289 1767 re,
1310 1735 1405 1762 saltem
1420 1735 1557 1769 proposito
1572 1740 1672 1771 martyr
1688 1735 1745 1767 fuit,
1762 1740 1791 1763 ut

995 1780 1059 1807 dicit
1073 1782 1129 1815 ipse
1141 1779 1359 1816 Chrysostomus.
1377 1784 1431 1807 tum
1447 1780 1473 1807 in
1488 1780 1536 1807 ista
1553 1780 1683 1814 oratione,
1697 1785 1751 1807 tum
1763 1781 1790 1808 in

995 1827 1142 1861 fragmento
1151 1826 1264 1861 quodam
1277 1833 1310 1853 ex
1323 1825 1448 1853 Facundo
1457 1825 1642 1853 Hermianensi
1651 1829 1789 1860 excerpto,

995 1872 1065 1907 qttod
1079 1872 1116 1899 illi
1131 1872 1156 1898 iu
1170 1871 1220 1899 hac
1235 1871 1352 1899 editione
1365 1871 1544 1906 subjungitur.

1031 1918 1186 1945 innumeras
1194 1921 1268 1945 certe
1282 1917 1404 1944 homilias
1413 1917 1560 1944 Antiochia:
1570 1916 1661 1944 habuit
1674 1917 1782 1952 Chrysa

995 1969 1108 1995 stonius,
1124 1970 1235 1998 quantm
1249 1970 1342 1997 magna
1357 1970 1419 1997 pars
1439 1962 1471 1989 ad
1492 1970 1540 1988 nos
1560 1970 1644 1997 usque
1660 1963 1788 1996 pervenit.

995 2009 1028 2034 At
1042 2015 1133 2035 earnm
1146 2007 1264 2035 omniutu
1276 2007 1320 2034 vix
1333 2014 1365 2034 ac
1379 2014 1412 2034 ne
1426 2007 1469 2034 vix
1484 2007 1590 2042 quidem
1604 2011 1692 2042 potest
1705 2015 1790 2035 annus

995 2054 1134 2089 assignari.
1159 2054 1196 2081 lix
1215 2061 1309 2081 earum
1324 2061 1437 2081 numero
1451 2058 1513 2080 sunt
1527 2053 1648 2080 llomilite
1663 2053 1689 2080 in
1703 2053 1790 2081 Gene-

996 2101 1046 2127 sim
1055 2101 1098 2136 (T.
1107 2101 1132 2128 Δ.
1143 2109 1166 2127 c.
1176 2098 1233 2130 21),
1250 2107 1363 2127 numero
1375 2100 1418 2132 67,
1429 2106 1494 2134 quas
1503 2099 1730 2134 Constantinopoli
1739 2099 1790 2126 ha-

996 2145 1064 2173 bitas
1075 2145 1155 2173 fuisse
1166 2145 1230 2173 dicit
1242 2145 1361 2178 Photius,
1374 2145 1547 2173 subdubitans
1563 2150 1660 2178 tamen,
1674 2153 1724 2174 nec
1732 2153 1789 2174 rem

995 2192 1070 2227 quasi
1084 2197 1184 2219 certatn
1198 2191 1327 2219 referens.
1350 2191 1450 2218 Verum
1471 2191 1620 2218 Antiochia:
1640 2192 1791 2220 certissime

995 2237 1080 2264 dictas
1093 2237 1174 2264 fuisse
1188 2237 1278 2264 multis
1300 2237 1465 2272 argumentis
1479 2237 1572 2271 probat
1594 2236 1787 2270 Tillemontius,

995 2291 1097 2318 nosque
1111 2282 1314 2317 quampiurimis
1327 2282 1424 2309 additis
1440 2281 1656 2310 conﬁrmavimus
1673 2282 1700 2308 in
1716 2282 1789 2309 Prte-

995 2329 1095 2355 fatione
1108 2327 1141 2355 ad
1162 2327 1291 2355 llomilias
1312 2328 1338 2355 in
1353 2327 1478 2355 Genesim
1494 2331 1590 2362 quarto
1603 2327 1698 2358 Tomo,
1715 2331 1742 2354 et
1764 2327 1787 2356 in

995 2374 1154 2401 Prtefatione
1165 2373 1197 2401 ad
1210 2374 1352 2401 conciones
1366 2373 1392 2400 in
1411 2372 1571 2407 Principium
1588 2372 1716 2399 Actorum
1733 2376 1789 2400 ter-

997 2422 1033 2448 tio
1048 2421 1142 2452 Tomo.
1158 2424 1186 2448 et
1199 2420 1272 2448 alibi.

1031 2466 1158 2494 Homilias
1169 2473 1232 2493 vero
1242 2466 1268 2492 in
1279 2465 1369 2493 Oziam
1380 2464 1479 2492 dixisse
1491 2463 1576 2499 potuit
1589 2468 1650 2491 ante
1662 2463 1788 2492 llomilias

996 2514 1023 2541 in
1040 2513 1164 2541 Genesim
1187 2512 1232 2547 (T.
1248 2513 1275 2540 6.
1295 2521 1317 2538 τ.
1337 2510 1403 2548 97):
1417 2511 1442 2538 id
1457 2515 1559 2538 eertum
1575 2510 1679 2538 videtur
1692 2517 1791 2539 secun-

995 2559 1056 2587 dam
1079 2560 1172 2587 saltem
1198 2558 1314 2586 habitam
1333 2557 1415 2586 fuisse
1428 2557 1563 2593 aliquanto
1581 2561 1703 2592 tempore
1714 2561 1790 2584 ante-

995 2614 1074 2641 quam
1089 2606 1123 2633 de
1136 2605 1303 2637 Nominibus,
1315 2604 1373 2632 sive
1385 2604 1419 2632 de
1431 2604 1575 2631 Mutatione
1589 2603 1727 2631 nominum
1738 2602 1790 2630 lto-

996 2654 1083 2680 milias
1093 2653 1231 2687 inciperet.
1244 2651 1349 2678 Etenim
1363 2651 1389 2678 in
1400 2651 1509 2678 homilia
1520 2650 1636 2678 secunda
1649 2650 1674 2676 in
1685 2649 1788 2679 Oxiam.

996 2707 1056 2727 cum
1072 2699 1104 2726 de
1127 2699 1234 2726 nomine
1256 2698 1354 2725 Abram
1370 2697 1395 2724 in
1411 2697 1546 2724 Abraham
1561 2700 1662 2723 mutato
1686 2698 1789 2729 ageret,

996 2747 1062 2773 dixit
1075 2746 1120 2773 ille
1133 2753 1244 2772 nutnero
1259 2746 1286 2776 5,
1309 2744 1399 2770 Verum
1413 2743 1445 2770 de
1455 2742 1597 2770 nominibus
1611 2741 1663 2768 alio
1677 2745 1789 2774 tempore

997 2793 1130 2824 disseram,
1147 2791 1171 2818 id
1186 2795 1227 2818 est
1249 2791 1282 2818 de
1305 2790 1451 2816 mutatione
1473 2788 1628 2815 nominum:
1644 2786 1703 2813 illas
1717 2786 1788 2813 enim

997 2838 1031 2865 de
1048 2838 1190 2865 Mutatione
1204 2836 1341 2863 nominum
1358 2835 1480 2862 homilias
1496 2833 1627 2861 interdum
1641 2831 1675 2859 de
1694 2831 1788 2860 Nomi-

998 2886 1075 2913 nibus
1088 2884 1214 2920 appellat.
1232 2883 1258 2910 In
1277 2883 1328 2910 illis
1351 2889 1416 2909 vero
1430 2881 1462 2909 do
1485 2880 1629 2908 lllutatione
1649 2881 1786 2906 nominum
