2034 3109
245 151 296 178 155

245 206 361 237 bomiliis
373 206 407 235 de
422 205 529 234 nomine
541 204 640 233 Abram
655 203 684 231 in
697 202 831 231 Abraham
855 205 958 230 mutato
982 208 1036 228 non

243 255 328 282 scnch
341 255 404 289 agit.
421 253 536 281 Primam
551 259 611 280 cum
624 250 795 278 Tillemontio
807 249 851 277 diu
869 253 925 284 post
939 255 1036 275 secun-

244 301 305 329 dam
319 300 438 335 ablegari
452 303 478 329 et.
493 298 518 325 in
531 297 602 325 aliud
616 301 719 332 tempus
731 296 831 329 distuli,
842 299 963 330 quartam
972 301 1038 330 quo-

244 355 296 382 que
307 354 322 374 a
333 345 494 380 reliquarum
506 344 574 371 serie
583 342 759 370 amovendum
772 342 863 369 censui
874 349 881 367 :
891 340 1036 368 secundum

244 400 319 426 vero,
337 392 450 424 tertiam,
467 390 586 425 quintam
598 394 625 417 et
637 393 739 416 sextam
752 388 922 416 continenter
935 394 1037 422 ponen-

243 438 292 466 das
308 445 367 465 esse
379 444 486 464 censeo.
501 436 581 463 Sexta
595 435 688 470 paucis
701 434 793 462 diebus
806 437 868 461 ante
882 433 1037 468 Quadringe—

243 484 339 511 simam
354 483 442 510 habita
459 482 515 514 luit,
529 486 557 508 ut
572 481 672 508 ibidem
684 485 817 508 narratur.
831 479 898 507 Vide
910 478 1037 506 ltlonitum

243 529 277 556 ad
288 528 410 556 homilias
424 527 504 555 hasce
520 527 604 554 Tomo
616 529 693 553 sexto
706 533 728 550 c.
743 525 787 553 95.

280 578 308 605 In
324 578 420 613 prima,
435 583 514 610 quant
536 575 595 602 loco
610 573 764 601 mutandam
787 576 922 608 putamus,
942 571 1039 607 gaudet

245 625 278 652 de
290 624 381 660 populi
395 621 542 657 frequentia
557 625 584 648 et
597 628 738 653 concursu,
762 619 835 647 dolet
856 623 944 646 autem
967 617 1040 653 quod

245 670 392 702 auditores,
407 669 470 696 dum
485 667 579 695 concio
593 667 745 699 haberetur,
757 665 948 700 incompositos
959 671 1040 691 voces

246 717 410 746 emitterent,
427 714 651 742 tumultuarentur
670 721 701 740 ac
715 712 860 748 lymphatis
872 711 973 739 similes
985 710 1040 737 cir-

246 766 461 797 cuniagcrcntur,
476 761 509 788 de
523 759 678 794 Seraphinis
691 766 773 793 pauca
788 757 862 785 dicit.
880 756 941 784 Illos
952 760 1040 783 autem

247 811 375 844 increpat,
393 809 437 843 qui
451 807 483 835 ad
497 806 647 842 spectacula
662 805 809 840 prodirent,
822 804 920 838 quique
934 802 973 830 sic
983 810 1043 838 my-

245 855 326 884 steria
340 854 428 882 divina
443 861 503 880 cum
518 851 691 880 dmmoniacis
704 851 855 877 miscerent.

282 900 310 927 In
324 899 451 932 secunda,
473 905 552 933 quam
568 897 680 932 primam
695 901 828 931 putamus,
847 895 873 922 in
888 894 962 927 illud,
985 893 1042 921 Vidi

246 946 385 973 Dominum
397 944 532 977 sedentem,
547 948 610 975 etc.,
624 941 706 969 multa
720 941 831 976 profert.
848 940 969 967 Divinam
992 947 1041 967 na-

246 998 331 1020 turam
340 991 420 1019 etiam
429 990 531 1026 angelis
540 987 839 1023 incornprchcnsibilem
852 994 912 1014 esse
923 993 1043 1020 pronun-

247 1039 310 1071 tiat;
325 1038 437 1073 ideoque
450 1036 536 1071 carpit
550 1037 706 1068 Anommos,
721 1034 767 1069 qui
778 1033 812 1061 de
826 1038 920 1061 natura
934 1032 978 1060 illa
993 1032 1043 1059 im-

247 1085 304 1119 pios
314 1083 465 1118 proferrent
478 1089 628 1110 sermones.

282 1128 404 1158 IIoInili:e
418 1128 503 1154 tertia:
516 1130 703 1161 argumentum
718 1129 780 1153 sunt
796 1125 853 1152 lucc
868 1124 963 1158 verba,
980 1123 1043 1150 Fla-

246 1183 299 1205 tum
312 1182 346 1204 est
361 1185 404 1203 cor
421 1174 500 1203 Ozltv.
524 1173 592 1202 Dicit
605 1177 694 1200 autem
710 1170 756 1200 ille
775 1170 939 1208 superbiam,
961 1170 1040 1196 etiam

247 1231 279 1251 ex
293 1223 370 1250 bona:
381 1220 553 1249 conscientim
568 1219 720 1247 testimonio
734 1219 798 1246 oriri
813 1225 901 1253 posse,
921 1223 947 1245 et
966 1218 1042 1245 bonis

247 1269 374 1304 operibus
389 1268 548 1294 instructum
564 1265 649 1300 magis
663 1265 809 1300 oppugnari
820 1272 835 1291 a
848 1264 971 1291 diabolo:
983 1268 1042 1290 tau-

249 1319 358 1349 tumque
380 1312 480 1340 malum
496 1313 593 1339 inferre
609 1311 704 1338 anima:
728 1310 891 1345 superbiam,
914 1314 1042 1344 quantum

247 1360 355 1395 corpori
371 1363 500 1386 tumores.

283 1406 381 1440 Quarta
397 1405 501 1437 concio,
516 1411 594 1439 quam
617 1404 676 1431 loco
698 1402 860 1430 movendum
875 1409 934 1430 esse
949 1409 1043 1429 cense-

247 1459 316 1485 mus,
333 1452 360 1479 in
378 1455 564 1486 argumentum
580 1449 660 1477 habet
675 1448 733 1476 haec
755 1448 836 1476 verba
855 1457 862 1475 :
880 1447 988 1474 Factum
1007 1452 1044 1474 cst

247 1500 273 1526 in
286 1506 353 1525 anno
368 1497 394 1524 in
407 1505 456 1532 quo
470 1500 583 1523 mortuus
597 1500 633 1522 est
646 1503 692 1522 rea:
707 1494 794 1525 Ozias.
817 1498 869 1521 etc.
886 1493 955 1520 Dicit
979 1492 1045 1520 faci-

250 1545 299 1572 lius
309 1551 369 1572 essc
380 1543 464 1570 solem
476 1543 620 1577 exstingui,
634 1549 713 1576 quam
728 1540 774 1567 Dci
788 1539 934 1567 Ecclesium
948 1539 1041 1566 deleri.

246 1591 394 1619 Occasione
404 1594 494 1617 autem
509 1588 580 1615 Ozia:
593 1588 663 1623 regis
679 1587 794 1614 affirmat
809 1590 836 1613 et
851 1586 946 1620 probat
956 1593 1046 1613 sacer-

247 1637 339 1664 dotum
352 1635 506 1670 dignitatem
520 1633 648 1668 majorem
662 1640 731 1666 esse,
745 1639 824 1667 quam
840 1639 942 1666 regum.

283 1683 380 1716 Quinta
395 1686 423 1709 et
435 1685 519 1713 sexta,
536 1681 598 1707 licet
617 1679 671 1707 alio
694 1679 772 1713 longe
786 1683 906 1712 tempore
926 1685 1045 1712 pronun-

250 1729 331 1761 tiat-.e,
346 1728 416 1755 idem
429 1731 616 1762 argumentum
631 1729 805 1760 pertractant,
822 1730 849 1752 ct
864 1724 898 1752 de
913 1724 984 1752 Ozizc
998 1733 1044 1751 su-

250 1774 342 1809 perbia
364 1777 456 1808 agunt.
473 1772 539 1799 Iline
554 1771 588 1798 de
603 1771 772 1798 sacerdotum
795 1774 926 1805 potestate
947 1770 1043 1805 agitur,

250 1822 381 1855 docetque
393 1820 613 1855 Chrysostomus,
629 1826 681 1852 quo
702 1822 779 1853 pacto
803 1816 899 1844 debeat
920 1816 1045 1844 sacerdos

251 1870 405 1902 peccantem
421 1865 568 1900 principem
585 1863 729 1898 corripere.
744 1862 772 1890 In
789 1866 863 1890 sexta
881 1869 945 1889 vero
957 1862 1047 1889 deSe—

251 1913 423 1948 rapbinoruni
438 1911 566 1946 dignitate
578 1909 706 1944 loquitur.
719 1908 746 1935 In
761 1908 813 1935 line
823 1907 901 1935 docet
911 1907 1045 1942 quomodo

252 1961 284 1987 ad
300 1967 403 1987 sacram
419 1965 539 1986 mensam
553 1957 587 1984 sit
601 1955 792 1983 accedendum.

287 2006 326 2034 De
343 2005 461 2033 llomiliis
476 2005 502 2031 in
518 2003 643 2030 Gcncsim.
654 2001 758 2029 —Jam
773 2008 838 2029 vero
853 1999 981 2035 quieritur
991 2007 1045 2035 quo

253 2061 323 2081 anno
339 2053 483 2080 conciories
506 2051 533 2077 in
560 2048 685 2077 Genesint
714 2048 809 2075 habita:
832 2047 929 2074 fuerint
946 2046 988 2082 (T.
1004 2047 1044 2082 4),

253 2107 313 2134 qua:
327 2105 392 2125 sane
405 2098 483 2131 longe
497 2095 630 2122 difﬁcilior
646 2094 758 2129 quatstio
773 2098 823 2120 cst.
839 2093 913 2120 Circa
929 2097 1044 2128 tempus,

254 2152 308 2180 quo
321 2143 427 2178 scripta:
438 2142 521 2173 fuere,
534 2147 648 2176 operose
660 2139 783 2166 edisserit
795 2139 836 2166 vir
848 2138 1045 2173 sagacissimus,

254 2190 428 2224 omniumque
443 2188 519 2222 longe
533 2185 750 2214 accuratissimus
765 2185 960 2217 Tillcmontius,
973 2185 1047 2220 cujus

255 2237 335 2264 verba
346 2235 438 2262 Latine
452 2233 577 2261 translata
589 2232 690 2260 referre
701 2239 734 2258 ne
747 2232 834 2266 pigeat
847 2240 853 2257 :
867 2231 941 2264 Quod
953 2236 1047 2265 spectat

255 2290 361 2315 (uinum,
378 2288 426 2317 quo
441 2279 481 2306 lue
493 2278 604 2306 homiliw
615 2283 672 2304 sunt
682 2276 782 2308 habitaz,
795 2276 893 2302 nonnisi
905 2276 1049 2309 conjectura

257 2330 340 2355 dicere
352 2334 497 2362 possumus.
513 2324 578 2351 Illas
593 2322 787 2357 Chrysostomus
803 2321 893 2347 habere
907 2321 978 2355 ca3pit
994 2320 1049 2347 Do-

257 2374 348 2400 minica
365 2372 492 2407 jejunium
507 2369 671 2405 prteccdcnte,
692 2375 741 2401 quo
764 2375 808 2401 per
825 2365 1050 2401 Quadragrsimam

258 2419 320 2446 illud
335 2422 519 2453 argumentum,
535 2420 562 2442 ut
579 2413 712 2440 verisimile
724 2417 772 2445 cst,
787 2416 914 2438 tractaret.
931 2411 1050 2439 Secunda
1063 2418 1074 2425 ⁴

259 2465 324 2492 attint
336 2464 376 2490 die
389 2463 509 2497 sequenti,
522 2462 585 2496 [cria
597 2460 692 2488 scilicet
704 2458 814 2486 secunda
827 2463 848 2484 at
862 2459 944 2492 prima
956 2458 1006 2484 diei
1014 2458 1050 2490 ic-

260 2511 333 2545 iunii,
350 2510 415 2536 dicta
429 2509 491 2544 fuit;
505 2508 577 2535 tertia
591 2507 655 2541 feria
668 2506 750 2537 tertia,
765 2509 855 2540 quarta
868 2505 908 2530 die
921 2505 1050 2540 insequen-

259 2558 286 2584 ti.
302 2556 395 2590 .Sicque
406 2555 515 2587 reliquas
526 2561 610 2580 omnes
627 2552 734 2587 singulis
756 2551 842 2578 diebus
863 2551 961 2578 habitas
973 2551 1051 2585 fuisse.

259 2602 359 2630 credere
379 2605 425 2632 est,
441 2599 496 2626 licet
517 2599 543 2625 id
563 2606 613 2625 non
635 2597 758 2632 signiﬁcat
783 2597 985 2632 Chrysostomus,
1002 2597 1051 2622 nisi

261 2651 325 2678 forte
336 2655 367 2674 ca:
381 2645 511 2673 occasione
532 2644 642 2678 quadam
657 2643 728 2669 aliud
749 2648 923 2677 argumentum
941 2647 1051 2668 tractan-

260 2698 318 2720 dum
331 2695 479 2720 occurreret.
495 2688 596 2716 Certum
607 2689 700 2724 quippe
714 2693 750 2715 est
767 2688 887 2723 populant
901 2688 1012 2724 quotidie
1024 2689 1050 2714 in

261 2739 388 2766 ecclesiam
410 2735 562 2767 convenisse,
579 2734 831 2769 Chrysostomumque
845 2733 952 2767 singulis
965 2733 1050 2760 diebus

260 2785 433 2811 concinnatum
446 2790 509 2809 esse.
526 2781 620 2808 Eodem
641 2781 715 2807 etiam
736 2780 760 2805 in
775 2778 889 2806 (iencsim
904 2784 1051 2814 argumento

263 2830 376 2863 pergebat
391 2828 493 2855 sabbato
510 2832 533 2854 et
547 2826 690 2859 Dominica,
707 2827 762 2852 licet
776 2825 805 2852 iis
820 2825 906 2852 diebus
921 2833 970 2852 non
981 2826 1052 2860 jeju-

260 2880 380 2902 naretur:
394 2882 452 2901 nam
474 2872 605 2900 undecima
618 2872 720 2899 homilia
734 2872 757 2898 in
773 2871 861 2898 horum
877 2871 996 2898 alterutro
1010 2871 1051 2898 die

778 145 807 174 S.
827 143 966 173 JOANNIS
984 141 1224 172 CIIRYSOSTOMI
1245 145 1334 179 VITA,

1091 201 1158 228 dicta
1167 202 1227 237 fuit.
1242 202 1356 229 Homilia
1365 203 1465 237 quinta.
1476 209 1556 237 sexta,
1568 206 1682 240 septima,
1696 212 1792 242 octaua,
1803 219 1879 243 nona,

1091 247 1257 280 continenter,
1271 249 1324 275 suis
1338 257 1443 285 qua-que
1455 250 1550 284 diebus,
1567 251 1657 279 habita:
1668 253 1778 287 fuerunt.
1795 254 1881 290 Neque

1091 291 1173 319 dicere
1190 294 1270 327 possis
1284 302 1327 320 eas
1340 294 1373 332 ad
1387 295 1495 329 quinque
1515 296 1568 323 dies
1582 297 1678 332 jejunii
1695 299 1812 326 secunda?
1825 301 1879 327 heb—

1091 337 1207 366 domadis
1222 340 1362 374 pertincre:
1377 349 1436 368 nam
1449 341 1546 368 decima
1558 343 1584 370 in
1598 344 1638 370 die
1645 345 1738 380 jejunii
1748 345 1815 372 dicta
1825 347 1878 380 fuit.

1091 392 1114 412 et
1126 386 1153 413 in
1163 386 1320 414 hebdomada
1333 388 1441 423 quinque
1455 393 1551 416 tantum
1559 391 1652 426 jejunii
1667 391 1719 418 dies
1730 397 1800 419 erant
1813 401 1822 419 :
1838 401 1883 419 un-

1092 431 1188 459 decima
1201 441 1260 459 vero
1273 433 1376 461 sabbato
1388 435 1456 461 illius
1468 436 1584 462 secundae
1597 437 1759 465 hebdomadis
1772 448 1880 473 pronur:

1092 478 1154 503 tiata
1169 483 1214 504 est.
1231 477 1261 505 Si
1281 487 1340 514 ergo
1360 479 1482 507 Homilia:
1502 481 1528 508 in
1550 480 1666 509 Gcnesim
1679 484 1786 518 singulis
1799 484 1884 512 diebus

1092 532 1142 550 una
1157 525 1221 551 serie
1232 524 1323 552 habin
1338 525 1441 560 fuerint,
1454 526 1480 553 id
1493 526 1560 562 quod
1574 528 1641 554 circa
1655 536 1700 556 sex
1712 529 1800 556 saltem
1815 531 1885 565 pria-

1092 579 1131 597 res
1145 572 1246 598 omnino
1257 572 1391 599 verisimile
1399 577 1435 600 est
1442 581 1452 605 ;
1465 579 1536 600 sexta
1547 575 1634 609 utique
1644 576 1708 610 feria
1718 580 1788 602 sexta
1799 577 1887 611 prima

1093 617 1254 645 hebdomadis
1267 618 1473 654 Quadragesima:
1485 621 1647 655 pronuntiata
1659 622 1744 656 fuerit.

1128 664 1160 690 ln
1171 670 1240 691 sexta
1251 665 1355 692 homilia
1370 665 1561 700 Chrysostomus
1573 667 1687 700 queritur
1699 668 1867 695 Antiochenos
1876 689 1883 700 ,

1093 710 1163 737 nulla
1173 710 1377 746 quotidianarum
1390 711 1611 744 adhortationum,
1628 713 1699 739 nulla
1719 713 1887 749 Quadragesi-

1094 756 1166 783 malis
1181 756 1331 790 paenitentia:
1345 757 1441 783 ratione
1461 757 1545 783 habita
1554 777 1562 790 ,
1576 758 1636 784 circi
1649 758 1715 784 ludis
1729 758 1883 792 interfuisse.

1094 802 1131 829 lli
1147 803 1216 829 haud
1229 802 1303 830 dubie
1315 803 1436 830 circenses
1458 803 1512 830 ludi
1530 803 1617 831 cadent
1637 805 1693 839 ipsa
1713 805 1754 831 die
1773 805 1888 832 celebrati

1094 848 1212 883 fuerunt;
1227 857 1286 874 nam
1298 849 1324 875 in
1341 848 1541 884 Quadragesima
1555 851 1695 884 vespertino
1710 856 1819 884 tempore
1828 859 1889 877 con-

1094 896 1176 921 ciones
1189 894 1344 921 habebantur
1354 903 1364 921 .'
1375 895 1441 922 unde
1459 895 1577 930 consequi
1598 896 1694 922 videtur
1708 896 1776 922 hunc
1795 904 1888 922 annum

1095 948 1147 967 esse
1161 944 1203 966 aut
1217 939 1270 967 595
1283 945 1327 966 aut
1340 940 1402 967 596.
1415 939 1600 967 lt’alcndarium
1612 942 1677 968 enim
1690 941 1832 968 Romanum
1847 942 1888 968 lu«

1094 985 1140 1012 dos
1151 985 1236 1012 nullos
1250 985 1362 1021 assignat
1385 986 1456 1012 initio
1476 987 1566 1013 mensis
1588 986 1685 1013 Martii.
1709 986 1774 1013 Ludi
1796 988 1890 1022 quippe

1096 1030 1213 1064 Gott/iici,
1228 1031 1272 1063 qui
1290 1040 1305 1058 a
1322 1037 1413 1068 quarta
1427 1031 1559 1059 Februarii
1573 1033 1605 1059 ad
1619 1041 1710 1060 troitum
1723 1034 1888 1067 habebantur,

1095 1085 1145 1104 non
1167 1077 1207 1104 hic
1229 1085 1244 1104 α
1264 1077 1444 1113 Chrysostomo
1467 1084 1702 1106 commemorantur.
1722 1079 1813 1106 Verum
1835 1081 1890 1107 ludi

1094 1124 1177 1150 ari/mc
1197 1123 1358 1158 assignantur
1378 1124 1510 1152 undecima
1531 1125 1672 1158 FebruariiI
1689 1134 1745 1162 gate
1757 1135 1823 1153 anno
1838 1127 1890 1155 595

1094 1171 1220 1198 concurrit
1234 1179 1292 1197 cum
1304 1171 1369 1206 feria
1379 1176 1448 1198 sexta
1462 1172 1550 1206 prima:
1564 1173 1726 1200 hebdomadis
1742 1174 1891 1209 Quadragc—

1094 1221 1173 1252 simtu,
1185 1220 1244 1254 quia
1260 1216 1362 1247 l’aschu
1371 1217 1516 1248 istiut‘ranni
1525 1219 1612 1245 incidit
1623 1220 1648 1245 in
1659 1220 1800 1254 vigesimum
1814 1222 1891 1255 septi-

1095 1275 1162 1293 mam
1173 1266 1269 1295 Martii.
1285 1268 1446 1295 Annotantur
1459 1269 1534 1295 etiam
1548 1269 1600 1295 ludi
1612 1266 1645 1295 ad
1655 1267 1766 1294 ultimam
1777 1265 1892 1294 Februa-

1095 1313 1127 1339 rii
1138 1333 1144 1345 ,
1167 1313 1193 1340 id
1211 1313 1279 1348 quod
1293 1313 1326 1341 ad
1341 1322 1435 1340 annum
1451 1314 1502 1341 596
1515 1316 1639 1348 pertinere
1651 1318 1738 1350 potest,
1759 1321 1818 1350 quo,
1834 1324 1892 1343 cunt

1096 1357 1197 1385 Pascha
1212 1359 1333 1387 incideret
1347 1360 1373 1386 in
1385 1360 1508 1387 decimam
1521 1361 1620 1387 tertium
1637 1361 1731 1396 Aprilis
1744 1382 1751 1394 ,
1773 1362 1892 1396 vigesima

1096 1413 1165 1432 nona
1179 1405 1310 1433 Februarii
1326 1407 1488 1434 concurrebat
1502 1415 1558 1434 cum
1577 1408 1641 1443 feria
1657 1413 1728 1434 serta
1742 1409 1831 1443 prima:
1845 1410 1893 1436 lie-

1095 1451 1227 1478 bdomadis
1247 1451 1463 1487 Quadragesin:a:.
1487 1452 1529 1480 Ex
1548 1453 1602 1480 istis
1621 1461 1676 1480 vero
1701 1453 1797 1481 duobus
1818 1455 1894 1482 annis

1096 1496 1287 1531 anteferendum
1302 1497 1418 1523 ducimus
1431 1506 1525 1524 annum
1537 1499 1599 1531 ⁸595,
1609 1500 1667 1532 quia
1679 1504 1796 1534 putamus
1811 1500 1894 1535 Chry-

1096 1547 1234 1569 sostomum
1253 1551 1319 1569 anno
1339 1543 1391 1570 596
1405 1543 1532 1571 llomilias
1547 1544 1578 1570 de
1598 1544 1748 1572 Pwuitcntia
1766 1546 1890 1573 habuisse.

1098 1588 1194 1619 Quibus
1213 1588 1248 1614 ita
1269 1588 1410 1615 constitutis
1423 1589 1477 1616 ludi
1489 1590 1610 1617 circenses
1622 1590 1670 1621 illi.
1687 1591 1717 1618 dc
1730 1591 1818 1626 quibus
1834 1600 1893 1626 que-

1097 1633 1162 1660 ritur
1179 1633 1372 1669 Chrysostomus
1386 1635 1490 1662 homilia
1503 1636 1533 1662 Μ
1547 1657 1553 1668 ,
1568 1644 1623 1671 qua:
1637 1637 1717 1663 tribus
1729 1643 1785 1673 post
1800 1637 1893 1665 l‘cntc—

1097 1683 1182 1705 costcn
1207 1679 1404 1706 hebdomadibus
1425 1680 1510 1706 habita
1527 1685 1573 1712 est,
1595 1681 1621 1707 id
1642 1687 1687 1714 est,
1705 1683 1769 1718 forte
1789 1684 1892 1710 sabbato

1097 1724 1203 1757 liJunii,
1216 1725 1238 1751 si
1255 1733 1310 1752 vere
1326 1725 1393 1752 dicta
1407 1726 1439 1752 sit
1458 1735 1525 1753 anno
1543 1727 1612 1759 595;
1635 1728 1700 1761 ludi,
1717 1729 1826 1762 inquam,
1844 1731 1894 1756 cir-

1097 1779 1198 1804 censes,
1217 1771 1256 1798 illi
1272 1773 1379 1807 fortasse
1391 1777 1471 1804 erant,
1483 1773 1527 1807 qui
1541 1773 1574 1799 ad
1595 1774 1704 1808 primani
1719 1775 1790 1801 istius
1802 1776 1893 1802 mensis

1098 1817 1164 1844 diem
1177 1821 1306 1843 notantur.
1327 1816 1419 1844 Verum
1437 1818 1490 1844 hwc
1510 1827 1560 1845 non
1580 1823 1606 1845 ut
1626 1827 1677 1846 rem
1700 1819 1859 1854 explorator):
1872 1826 1893 1848 et

1098 1866 1192 1889 certam
1206 1862 1295 1889 damus
1311 1871 1320 1890 :
1335 1871 1393 1890 cum
1406 1864 1515 1891 maxime
1525 1865 1666 1899 ignoremus
1680 1870 1765 1893 utrum
1775 1867 1823 1893 hoc
1838 1867 1893 1894 Ka-

1098 1907 1239 1935 lendarium
1251 1913 1308 1935 tunc
1319 1909 1437 1944 temporis
1446 1909 1587 1937 Antiochia:
1594 1911 1620 1937 in
1631 1919 1678 1938 usu
1687 1917 1760 1945 esset,
1776 1921 1823 1939 nec
1832 1914 1894 1940 scia-

1101 1961 1156 1981 mus
1167 1959 1251 1980 utrunt
1263 1955 1317 1980 ludi
1329 1962 1414 1981 omnes
1425 1955 1573 1982 circensium
1583 1964 1670 1984 cursus
1681 1958 1836 1986 exhiberem.
1849 1958 1894 1986 Po-

1099 2003 1181 2025 terant
1192 1998 1249 2025 item
1262 1999 1316 2026 ludi
1325 2000 1444 2027 celebrari
1457 2009 1507 2028 non
1514 2006 1629 2028 consueto
1640 2002 1736 2029 ordine.
1752 2003 1810 2030 lino
1821 2005 1894 2030 etiam

1099 2045 1152 2071 ludi
1167 2049 1318 2071 annotantur
1328 2046 1361 2071 ad
1371 2046 1546 2073 duodecimam
1556 2047 1622 2073 dicm
1634 2047 1777 2081 Februarii,
1793 2050 1895 2083 perinde

1099 2095 1172 2124 atque
1186 2090 1219 2116 ad
1236 2091 1413 2124 undecimam;
1433 2092 1469 2118 ita
1484 2097 1510 2118 ut
1522 2113 1528 2125 ,
1546 2101 1603 2119 cum
1622 2092 1816 2128 Chrysostomus
1839 2096 1895 2122 abs-

1099 2140 1173 2162 terret
1186 2144 1226 2163 cos
1237 2136 1281 2171 qui
1294 2137 1360 2163 circo
1372 2137 1515 2172 adfuerant,
1528 2138 1643 2165 videatur
1656 2147 1755 2166 monere
1765 2140 1890 2175 debuisse,

1099 2182 1210 2218 sequenti
1225 2182 1265 2208 die
1281 2182 1439 2218 exploratum
1453 2185 1507 2218 fore
1519 2192 1580 2211 num
1595 2185 1696 2211 monitis
1707 2185 1758 2212 suis
1769 2187 1899 2221 obtempe-

1100 2232 1206 2254 rassent.
1225 2226 1316 2254 Verum
1327 2228 1356 2261 ii,
1369 2229 1411 2263 qui
1424 2229 1571 2256 duodecimo
1583 2230 1623 2256 die
1632 2229 1832 2264 celebrabantur,
1848 2240 1899 2258 non

1100 2278 1171 2300 erant
1185 2275 1250 2308 forte
1261 2274 1382 2300 circenses
1397 2282 1406 2300 ς
1425 2282 1484 2301 nam
1501 2274 1535 2301 ibi
1556 2275 1735 2302 Calendarium
1746 2284 1796 2302 non
1812 2282 1897 2304 notam

1102 2319 1174 2345 habet
1194 2321 1270 2346 Com.
1291 2319 1397 2352 XXIIII,
1412 2319 1438 2346 id
1460 2325 1512 2353 est,
1528 2320 1702 2349 Conimisura:
1717 2321 1801 2349 XXIV
1819 2331 1825 2348 :
1842 2330 1899 2358 qua

1101 2365 1198 2391 videtur
1208 2364 1269 2391 mihi
1283 2373 1335 2392 esse
1348 2371 1407 2392 nota
1418 2365 1534 2392 ludorum
1549 2367 1708 2394 circensium.
1728 2367 1782 2394 Illa
1801 2378 1898 2404 quoquc

1102 2417 1161 2438 nota
1172 2412 1230 2447 Clu.
1241 2412 1348 2445 XXIIII,
1358 2418 1380 2439 et
1394 2413 1452 2439 Cm.
1464 2413 1522 2444 XII,
1531 2414 1638 2440 occurrit
1652 2415 1684 2440 ad
1695 2423 1797 2446 nonam.
1810 2416 1897 2451 vigesi-

1102 2466 1169 2484 mam
1179 2459 1292 2493 quintam
1303 2463 1325 2485 et
1336 2459 1480 2494 vigesimum
1495 2461 1625 2495 septimam
1640 2461 1774 2489 Februarii
1788 2470 1798 2488 :
1813 2471 1896 2490 verum

1103 2504 1129 2530 hi
1143 2505 1196 2531 dies
1210 2513 1241 2531 nc
1255 2513 1300 2540 per
1312 2510 1391 2532 totum
1401 2506 1502 2540 quidem
1514 2511 1626 2540 tempus,
1641 2516 1690 2542 qna
1707 2509 1838 2544 presbyter
1851 2510 1896 2545 fuit

1102 2549 1315 2585 Chrysostomus,
1338 2551 1366 2578 in
1387 2552 1477 2586 feriant
1500 2557 1596 2579 sextam
1622 2555 1710 2587 prima!
1733 2555 1896 2584 hebdomadis

1105 2595 1310 2631 Quadragesimaa
1320 2596 1444 2623 incidunt.
1460 2596 1511 2623 Illa
1527 2603 1586 2624 nota
1600 2598 1658 2625 Cm.
1673 2599 1707 2626 ad
1720 2600 1835 2627 ultimam
1850 2601 1899 2628 Fe-

1103 2641 1199 2669 bruarii
1214 2651 1263 2669 non
1276 2644 1378 2678 ponitur
1387 2663 1394 2676 ,
1409 2651 1459 2678 quo
1469 2645 1544 2671 etiam
1557 2645 1700 2673 excluditur
1707 2656 1787 2674 annus
1798 2649 1861 2676 596.

1139 2688 1196 2715 Alio
1219 2689 1276 2715 item
1294 2694 1442 2723 argumento
1460 2690 1609 2718 abducimur
1622 2700 1653 2719 ne
1664 2693 1724 2719 anni
1737 2693 1789 2721 596
1799 2716 1806 2727 ,
1827 2703 1901 2730 quem

1104 2735 1261 2770 assignarunt;
1274 2756 1280 2767 ,
1301 2740 1373 2762 notas
1388 2744 1441 2763 esse
1453 2741 1534 2764 certas
1547 2742 1663 2772 putemus
1678 2740 1765 2774 :quod
1785 2741 1901 2768 t'idclictl

1104 2789 1155 2807 non
1172 2781 1272 2807 omnino
1285 2781 1443 2816 earploratum
1455 2783 1486 2809 sit
1499 2788 1596 2810 sextam
1609 2785 1738 2811 homiliam
1752 2786 1815 2820 [cria
1827 2791 1902 2814 sexta

1105 2826 1215 2853 habitam
1235 2827 1321 2860 fuisse.
1343 2827 1405 2854 Cum
1425 2829 1491 2854 cnim
1510 2829 1643 2856 undecima
1663 2831 1765 2857 sabbato
1782 2833 1903 2860 secunda

1108 2872 1270 2899 hebdomadis
1283 2872 1351 2899 haud
1368 2873 1442 2900 dubie
1454 2874 1521 2900 dicta
1535 2875 1620 2910 fuerit,
1632 2884 1662 2902 ar
1672 2876 1789 2903 Iredcct‘m
1803 2886 1903 2911 prave~
