  <div class='ocr_page' id='page_1' title='image "/cluster/home/n/w/nwhite01/storage/ocr_20150623/47-48/njp.32101077772612/168.png"; bbox 0 0 2034 3109; ppageno 0'>
   <div class='ocr_carea' id='block_1_1' title="bbox 157 173 1175 210">
    <p class='ocr_par' dir='ltr' id='par_1_1' title="bbox 157 173 1175 210">
     <span class='ocr_line' id='line_1_1' title="bbox 157 173 1175 210; baseline 0.008 -13"><span class='ocrx_word' id='word_1_1' title='bbox 157 181 195 210; x_wconf 57' lang='lat'><strong><em>.37</em></strong></span> <span class='ocrx_word' id='word_1_2' title='bbox 719 174 811 203; x_wconf 78' lang='lat' dir='ltr'><strong><em>NUNC</em></strong></span> <span class='ocrx_word' id='word_1_3' title='bbox 829 173 958 202; x_wconf 72' lang='lat' dir='ltr'><strong><em>PRIMUM</em></strong></span> <span class='ocrx_word' id='word_1_4' title='bbox 978 174 1175 205; x_wconf 77' lang='lat' dir='ltr'><strong>ADORNATA.</strong></span> 
     </span>
    </p>
   </div>
   <div class='ocr_carea' id='block_1_2' title="bbox 156 232 926 270">
    <p class='ocr_par' dir='ltr' id='par_1_2' title="bbox 156 232 926 270">
     <span class='ocr_line' id='line_1_2' title="bbox 156 232 926 270; baseline -0.009 -5"><span class='ocrx_word' id='word_1_5' title='bbox 156 238 247 266; x_wconf 72' lang='lat' dir='ltr'><strong><em>dentibus</em></strong></span> <span class='ocrx_word' id='word_1_6' title='bbox 260 235 359 269; x_wconf 72' lang='lat' dir='ltr'><strong><em>diebus,</em></strong></span> <span class='ocrx_word' id='word_1_7' title='bbox 375 235 518 270; x_wconf 84' lang='lat' dir='ltr'><strong><em>incipiendo</em></strong></span> <span class='ocrx_word' id='word_1_8' title='bbox 534 244 549 262; x_wconf 82' lang='grc' dir='ltr'><strong><em>ιι</em></strong></span> <span class='ocrx_word' id='word_1_9' title='bbox 564 233 696 262; x_wconf 80' lang='lat' dir='ltr'><strong><em>Doutinicu</em></strong></span> <span class='ocrx_word' id='word_1_10' title='bbox 707 239 764 260; x_wconf 79' lang='lat' dir='ltr'><strong><em>ante</em></strong></span> <span class='ocrx_word' id='word_1_11' title='bbox 777 232 926 268; x_wconf 85' lang='lat' dir='ltr'><strong><em>Qundrage-</em></strong></span> 
     </span>
    </p>
   </div>
   <div class='ocr_carea' id='block_1_3' title="bbox 155 279 929 320">
    <p class='ocr_par' dir='ltr' id='par_1_3' title="bbox 155 279 929 320">
     <span class='ocr_line' id='line_1_3' title="bbox 155 279 929 320; baseline -0.009 -9"><span class='ocrx_word' id='word_1_12' title='bbox 155 285 234 317; x_wconf 76' lang='lat' dir='ltr'><strong><em>timent,</em></strong></span> <span class='ocrx_word' id='word_1_13' title='bbox 245 284 272 310; x_wconf 86' lang='lat' dir='ltr'><strong><em>in</em></strong></span> <span class='ocrx_word' id='word_1_14' title='bbox 284 292 334 320; x_wconf 84' lang='lat' dir='ltr'><strong><em>qua</em></strong></span> <span class='ocrx_word' id='word_1_15' title='bbox 345 283 429 319; x_wconf 78' lang='lat' dir='ltr'><strong><em>prima</em></strong></span> <span class='ocrx_word' id='word_1_16' title='bbox 445 282 548 309; x_wconf 86' lang='lat' dir='ltr'><strong><em>Itomilia</em></strong></span> <span class='ocrx_word' id='word_1_17' title='bbox 562 281 648 308; x_wconf 80' lang='lat' dir='ltr'><strong><em>habita</em></strong></span> <span class='ocrx_word' id='word_1_18' title='bbox 660 280 719 315; x_wconf 80' lang='lat' dir='ltr'><strong><em>fuit,</em></strong></span> <span class='ocrx_word' id='word_1_19' title='bbox 733 284 781 306; x_wconf 78' lang='lat' dir='ltr'><strong><em>tres</em></strong></span> <span class='ocrx_word' id='word_1_20' title='bbox 794 279 929 306; x_wconf 74' lang='lat' dir='ltr'><strong><em>certissime</em></strong></span> 
     </span>
    </p>
   </div>
   <div class='ocr_carea' id='block_1_4' title="bbox 155 325 930 365">
    <p class='ocr_par' dir='ltr' id='par_1_4' title="bbox 155 325 930 365">
     <span class='ocr_line' id='line_1_4' title="bbox 155 325 930 365; baseline -0.009 -7"><span class='ocrx_word' id='word_1_21' title='bbox 155 330 249 363; x_wconf 50' lang='lat' dir='ltr'><strong><em>dicunt</em></strong></span> <span class='ocrx_word' id='word_1_22' title='bbox 263 331 386 357; x_wconf 83' lang='lat' dir='ltr'><strong><em>concione</em></strong></span> <span class='ocrx_word' id='word_1_23' title='bbox 394 330 467 356; x_wconf 78' lang='lat' dir='ltr'><strong><em>uacui</em></strong></span> <span class='ocrx_word' id='word_1_24' title='bbox 478 331 559 365; x_wconf 77' lang='lat' dir='ltr'><strong><em>fuere,</em></strong></span> <span class='ocrx_word' id='word_1_25' title='bbox 571 333 614 355; x_wconf 86' lang='lat' dir='ltr'><strong><em>aut</em></strong></span> <span class='ocrx_word' id='word_1_26' title='bbox 630 328 761 354; x_wconf 76' lang='lat' dir='ltr'><strong><em>conciones</em></strong></span> <span class='ocrx_word' id='word_1_27' title='bbox 776 325 884 353; x_wconf 78' lang='lat' dir='ltr'><strong><em>habuere</em></strong></span> <span class='ocrx_word' id='word_1_28' title='bbox 896 325 930 352; x_wconf 83' lang='lat' dir='ltr'><strong><em>ad</em></strong></span> 
     </span>
    </p>
   </div>
   <div class='ocr_carea' id='block_1_5' title="bbox 155 371 931 411">
    <p class='ocr_par' dir='ltr' id='par_1_5' title="bbox 155 371 931 411">
     <span class='ocr_line' id='line_1_5' title="bbox 155 371 931 411; baseline -0.005 -9"><span class='ocrx_word' id='word_1_29' title='bbox 155 375 211 402; x_wconf 80' lang='lat' dir='ltr'><strong><em>aliud</em></strong></span> <span class='ocrx_word' id='word_1_30' title='bbox 222 380 394 411; x_wconf 80' lang='lat' dir='ltr'><strong><em>argumentum</em></strong></span> <span class='ocrx_word' id='word_1_31' title='bbox 408 375 569 410; x_wconf 76' lang='lat' dir='ltr'><strong><em>pertinentes,</em></strong></span> <span class='ocrx_word' id='word_1_32' title='bbox 583 374 622 400; x_wconf 82' lang='lat' dir='ltr'><strong><em>vel</em></strong></span> <span class='ocrx_word' id='word_1_33' title='bbox 631 373 654 400; x_wconf 73' lang='lat' dir='ltr'><strong><em>si</em></strong></span> <span class='ocrx_word' id='word_1_34' title='bbox 668 371 779 407; x_wconf 78' lang='lat' dir='ltr'><strong><em>ejusdem</em></strong></span> <span class='ocrx_word' id='word_1_35' title='bbox 789 371 931 407; x_wconf 72' lang='lat' dir='ltr'><strong><em>argumenti</em></strong></span> 
     </span>
    </p>
   </div>
   <div class='ocr_carea' id='block_1_6' title="bbox 154 417 930 457">
    <p class='ocr_par' dir='ltr' id='par_1_6' title="bbox 154 417 930 457">
     <span class='ocr_line' id='line_1_6' title="bbox 154 417 930 457; baseline -0.006 -9"><span class='ocrx_word' id='word_1_36' title='bbox 154 418 239 457; x_wconf 78' lang='lat' dir='ltr'><strong><em>fuerint,</em></strong></span> <span class='ocrx_word' id='word_1_37' title='bbox 249 427 316 448; x_wconf 82' lang='lat' dir='ltr'><strong><em>certe</em></strong></span> <span class='ocrx_word' id='word_1_38' title='bbox 325 421 383 457; x_wconf 81' lang='lat' dir='ltr'><strong><em>jam</em></strong></span> <span class='ocrx_word' id='word_1_39' title='bbox 398 421 550 455; x_wconf 62' lang='lat' dir='ltr'><strong><em>deperditus.</em></strong></span> <span class='ocrx_word' id='word_1_40' title='bbox 564 419 641 454; x_wconf 75' lang='lat' dir='ltr'><strong><em>Atqui</em></strong></span> <span class='ocrx_word' id='word_1_41' title='bbox 655 424 704 446; x_wconf 74' lang='lat' dir='ltr'><strong><em>(res</em></strong></span> <span class='ocrx_word' id='word_1_42' title='bbox 717 419 755 446; x_wconf 84' lang='lat' dir='ltr'><strong><em>illi</em></strong></span> <span class='ocrx_word' id='word_1_43' title='bbox 765 418 819 445; x_wconf 80' lang='lat' dir='ltr'><strong><em>dies</em></strong></span> <span class='ocrx_word' id='word_1_44' title='bbox 829 417 930 444; x_wconf 76' lang='lat' dir='ltr'><strong><em>nonnisi</em></strong></span> 
     </span>
    </p>
   </div>
   <div class='ocr_carea' id='block_1_7' title="bbox 154 463 930 502">
    <p class='ocr_par' dir='ltr' id='par_1_7' title="bbox 154 463 930 502">
     <span class='ocr_line' id='line_1_7' title="bbox 154 463 930 502; baseline -0.005 -8"><span class='ocrx_word' id='word_1_45' title='bbox 154 472 200 494; x_wconf 80' lang='lat' dir='ltr'><strong><em>ante</em></strong></span> <span class='ocrx_word' id='word_1_46' title='bbox 213 467 320 502; x_wconf 82' lang='lat' dir='ltr'><strong><em>quintam</em></strong></span> <span class='ocrx_word' id='word_1_47' title='bbox 330 488 336 497; x_wconf 85' lang='lat'><strong><em>,</em></strong></span> <span class='ocrx_word' id='word_1_48' title='bbox 354 467 392 493; x_wconf 84' lang='lat' dir='ltr'><strong><em>vel</em></strong></span> <span class='ocrx_word' id='word_1_49' title='bbox 404 466 537 499; x_wconf 78' lang='lat' dir='ltr'><strong><em>decimam,</em></strong></span> <span class='ocrx_word' id='word_1_50' title='bbox 551 465 591 492; x_wconf 79' lang='lat' dir='ltr'><strong><em>vel</em></strong></span> <span class='ocrx_word' id='word_1_51' title='bbox 607 464 765 492; x_wconf 80' lang='lat' dir='ltr'><strong><em>undecimam</em></strong></span> <span class='ocrx_word' id='word_1_52' title='bbox 779 463 857 491; x_wconf 81' lang='lat' dir='ltr'><strong><em>statui</em></strong></span> <span class='ocrx_word' id='word_1_53' title='bbox 870 471 930 498; x_wconf 84' lang='lat' dir='ltr'><strong><em>pos-</em></strong></span> 
     </span>
    </p>
   </div>
   <div class='ocr_carea' id='block_1_8' title="bbox 154 509 930 547">
    <p class='ocr_par' dir='ltr' id='par_1_8' title="bbox 154 509 930 547">
     <span class='ocr_line' id='line_1_8' title="bbox 154 509 930 547; baseline -0.006 -8"><span class='ocrx_word' id='word_1_54' title='bbox 154 517 209 545; x_wconf 72' lang='lat' dir='ltr'><strong><em>sunt,</em></strong></span> <span class='ocrx_word' id='word_1_55' title='bbox 225 513 281 547; x_wconf 84' lang='lat' dir='ltr'><strong><em>quia</em></strong></span> <span class='ocrx_word' id='word_1_56' title='bbox 301 511 360 538; x_wconf 70' lang='lat' dir='ltr'><strong><em>alim</em></strong></span> <span class='ocrx_word' id='word_1_57' title='bbox 379 519 464 538; x_wconf 81' lang='lat' dir='ltr'><strong><em>omnes</em></strong></span> <span class='ocrx_word' id='word_1_58' title='bbox 481 511 637 538; x_wconf 79' lang='lat' dir='ltr'><strong><em>continenter</em></strong></span> <span class='ocrx_word' id='word_1_59' title='bbox 650 515 674 536; x_wconf 84' lang='lat' dir='ltr'><strong><em>et</em></strong></span> <span class='ocrx_word' id='word_1_60' title='bbox 694 518 745 536; x_wconf 88' lang='lat' dir='ltr'><strong><em>una</em></strong></span> <span class='ocrx_word' id='word_1_61' title='bbox 755 510 853 536; x_wconf 82' lang='lat' dir='ltr'><strong><em>dierum</em></strong></span> <span class='ocrx_word' id='word_1_62' title='bbox 866 509 930 535; x_wconf 76' lang='lat' dir='ltr'><strong><em>serie</em></strong></span> 
     </span>
    </p>
   </div>
   <div class='ocr_carea' id='block_1_9' title="bbox 153 554 932 591">
    <p class='ocr_par' dir='ltr' id='par_1_9' title="bbox 153 554 932 591">
     <span class='ocr_line' id='line_1_9' title="bbox 153 554 932 591; baseline -0.004 -7"><span class='ocrx_word' id='word_1_63' title='bbox 153 558 214 585; x_wconf 75' lang='lat' dir='ltr'><strong><em>dicite</em></strong></span> <span class='ocrx_word' id='word_1_64' title='bbox 223 563 287 584; x_wconf 82' lang='lat' dir='ltr'><strong><em>sunt.</em></strong></span> <span class='ocrx_word' id='word_1_65' title='bbox 301 556 344 584; x_wconf 74' lang='lat' dir='ltr'><strong><em>Ea;</em></strong></span> <span class='ocrx_word' id='word_1_66' title='bbox 356 557 424 584; x_wconf 79' lang='lat' dir='ltr'><strong><em>hisce</em></strong></span> <span class='ocrx_word' id='word_1_67' title='bbox 435 564 509 591; x_wconf 85' lang='lat' dir='ltr'><strong><em>porro</em></strong></span> <span class='ocrx_word' id='word_1_68' title='bbox 523 555 602 583; x_wconf 78' lang='lat' dir='ltr'><strong><em>tribus</em></strong></span> <span class='ocrx_word' id='word_1_69' title='bbox 614 564 680 582; x_wconf 82' lang='lat' dir='ltr'><strong><em>unus</em></strong></span> <span class='ocrx_word' id='word_1_70' title='bbox 689 555 778 582; x_wconf 78' lang='lat' dir='ltr'><strong><em>saltent</em></strong></span> <span class='ocrx_word' id='word_1_71' title='bbox 788 555 854 582; x_wconf 85' lang='lat' dir='ltr'><strong><em>inter</em></strong></span> <span class='ocrx_word' id='word_1_72' title='bbox 863 554 932 582; x_wconf 82' lang='lat' dir='ltr'><strong><em>deci-</em></strong></span> 
     </span>
    </p>
   </div>
   <div class='ocr_carea' id='block_1_10' title="bbox 152 600 930 638">
    <p class='ocr_par' dir='ltr' id='par_1_10' title="bbox 152 600 930 638">
     <span class='ocr_line' id='line_1_10' title="bbox 152 600 930 638; baseline -0.005 -7"><span class='ocrx_word' id='word_1_73' title='bbox 152 613 207 631; x_wconf 84' lang='lat' dir='ltr'><strong><em>mam</em></strong></span> <span class='ocrx_word' id='word_1_74' title='bbox 218 609 239 630; x_wconf 86' lang='lat' dir='ltr'><strong><em>et</em></strong></span> <span class='ocrx_word' id='word_1_75' title='bbox 251 604 411 631; x_wconf 78' lang='lat' dir='ltr'><strong><em>undecimam</em></strong></span> <span class='ocrx_word' id='word_1_76' title='bbox 427 601 632 630; x_wconf 78' lang='lat' dir='ltr'><strong><em>constituendus:</em></strong></span> <span class='ocrx_word' id='word_1_77' title='bbox 647 602 689 638; x_wconf 80' lang='lat' dir='ltr'><strong><em>qui</em></strong></span> <span class='ocrx_word' id='word_1_78' title='bbox 700 600 765 628; x_wconf 83' lang='lat' dir='ltr'><strong><em>enim</em></strong></span> <span class='ocrx_word' id='word_1_79' title='bbox 783 601 869 636; x_wconf 76' lang='lat' dir='ltr'><strong><em>pransi</em></strong></span> <span class='ocrx_word' id='word_1_80' title='bbox 884 601 930 627; x_wconf 83' lang='lat' dir='ltr'><strong><em>de-</em></strong></span> 
     </span>
    </p>
   </div>
   <div class='ocr_carea' id='block_1_11' title="bbox 151 647 930 686">
    <p class='ocr_par' dir='ltr' id='par_1_11' title="bbox 151 647 930 686">
     <span class='ocr_line' id='line_1_11' title="bbox 151 647 930 686; baseline -0.004 -9"><span class='ocrx_word' id='word_1_81' title='bbox 151 651 212 677; x_wconf 68' lang='lat' dir='ltr'><strong><em>cimae</em></strong></span> <span class='ocrx_word' id='word_1_82' title='bbox 221 650 365 686; x_wconf 76' lang='lat' dir='ltr'><strong><em>adfuerunt,</em></strong></span> <span class='ocrx_word' id='word_1_83' title='bbox 379 658 430 677; x_wconf 83' lang='lat' dir='ltr'><strong><em>non</em></strong></span> <span class='ocrx_word' id='word_1_84' title='bbox 447 649 537 686; x_wconf 75' lang='lat' dir='ltr'><strong><em>feriam</em></strong></span> <span class='ocrx_word' id='word_1_85' title='bbox 548 655 657 683; x_wconf 68' lang='lat' dir='ltr'><strong><em>sextam,</em></strong></span> <span class='ocrx_word' id='word_1_86' title='bbox 669 654 697 676; x_wconf 83' lang='lat' dir='ltr'><strong><em>ut</em></strong></span> <span class='ocrx_word' id='word_1_87' title='bbox 709 648 810 676; x_wconf 81' lang='lat' dir='ltr'><strong><em>credere</em></strong></span> <span class='ocrx_word' id='word_1_88' title='bbox 821 653 868 682; x_wconf 82' lang='lat' dir='ltr'><strong><em>est,</em></strong></span> <span class='ocrx_word' id='word_1_89' title='bbox 884 647 930 674; x_wconf 88' lang='lat' dir='ltr'><strong><em>de-</em></strong></span> 
     </span>
    </p>
   </div>
   <div class='ocr_carea' id='block_1_12' title="bbox 151 694 577 731">
    <p class='ocr_par' dir='ltr' id='par_1_12' title="bbox 151 694 577 731">
     <span class='ocr_line' id='line_1_12' title="bbox 151 694 577 731; baseline -0.005 -8"><span class='ocrx_word' id='word_1_90' title='bbox 151 697 256 731; x_wconf 79' lang='lat' dir='ltr'><strong><em>legerunt,</em></strong></span> <span class='ocrx_word' id='word_1_91' title='bbox 271 695 433 731; x_wconf 77' lang='lat' dir='ltr'><strong><em>utjejuniunt</em></strong></span> <span class='ocrx_word' id='word_1_92' title='bbox 445 694 577 722; x_wconf 74' lang='lat' dir='ltr'><strong><em>solverent.</em></strong></span> 
     </span>
    </p>
   </div>
   <div class='ocr_carea' id='block_1_13' title="bbox 181 739 931 775">
    <p class='ocr_par' dir='ltr' id='par_1_13' title="bbox 181 739 931 775">
     <span class='ocr_line' id='line_1_13' title="bbox 181 739 931 775; baseline -0.003 -6"><span class='ocrx_word' id='word_1_93' title='bbox 181 743 305 769; x_wconf 86' lang='lat' dir='ltr'><strong><em>Hactenus</em></strong></span> <span class='ocrx_word' id='word_1_94' title='bbox 318 742 506 769; x_wconf 86' lang='lat' dir='ltr'><strong><em>Tillemontins</em></strong></span> <span class='ocrx_word' id='word_1_95' title='bbox 519 750 525 768; x_wconf 88' lang='lat'><strong>:</strong></span> <span class='ocrx_word' id='word_1_96' title='bbox 539 740 583 768; x_wconf 90' lang='lat' dir='ltr'><strong><em>ubi</em></strong></span> <span class='ocrx_word' id='word_1_97' title='bbox 595 741 722 769; x_wconf 88' lang='lat' dir='ltr'><strong><em>observes</em></strong></span> <span class='ocrx_word' id='word_1_98' title='bbox 732 746 831 775; x_wconf 89' lang='lat' dir='ltr'><strong><em>quanto</em></strong></span> <span class='ocrx_word' id='word_1_99' title='bbox 839 739 931 768; x_wconf 83' lang='lat' dir='ltr'><strong><em>labore</em></strong></span> 
     </span>
    </p>
   </div>
   <div class='ocr_carea' id='block_1_14' title="bbox 150 787 931 823">
    <p class='ocr_par' dir='ltr' id='par_1_14' title="bbox 150 787 931 823">
     <span class='ocr_line' id='line_1_14' title="bbox 150 787 931 823; baseline -0.004 -7"><span class='ocrx_word' id='word_1_100' title='bbox 150 797 176 816; x_wconf 83' lang='lat' dir='ltr'><strong><em>ac</em></strong></span> <span class='ocrx_word' id='word_1_101' title='bbox 187 789 266 816; x_wconf 87' lang='lat' dir='ltr'><strong><em>studio</em></strong></span> <span class='ocrx_word' id='word_1_102' title='bbox 279 789 316 816; x_wconf 91' lang='lat' dir='ltr'><strong><em>uti</em></strong></span> <span class='ocrx_word' id='word_1_103' title='bbox 330 789 409 822; x_wconf 87' lang='lat' dir='ltr'><strong><em>solet,</em></strong></span> <span class='ocrx_word' id='word_1_104' title='bbox 423 788 481 816; x_wconf 88' lang='lat' dir='ltr'><strong><em>illas</em></strong></span> <span class='ocrx_word' id='word_1_105' title='bbox 493 788 619 823; x_wconf 88' lang='lat' dir='ltr'><strong><em>temporis</em></strong></span> <span class='ocrx_word' id='word_1_106' title='bbox 634 792 709 814; x_wconf 71' lang='lat' dir='ltr'><strong><em>notas</em></strong></span> <span class='ocrx_word' id='word_1_107' title='bbox 729 787 764 814; x_wconf 88' lang='lat' dir='ltr'><strong><em>sit</em></strong></span> <span class='ocrx_word' id='word_1_108' title='bbox 786 793 931 822; x_wconf 84' lang='lat' dir='ltr'><strong><em>persequu—</em></strong></span> 
     </span>
    </p>
   </div>
   <div class='ocr_carea' id='block_1_15' title="bbox 151 831 931 868">
    <p class='ocr_par' dir='ltr' id='par_1_15' title="bbox 151 831 931 868">
     <span class='ocr_line' id='line_1_15' title="bbox 151 831 931 868; baseline -0.003 -8"><span class='ocrx_word' id='word_1_109' title='bbox 151 839 185 861; x_wconf 89' lang='lat' dir='ltr'><strong><em>tus</em></strong></span> <span class='ocrx_word' id='word_1_110' title='bbox 206 840 352 868; x_wconf 87' lang='lat' dir='ltr'><strong><em>quantaque</em></strong></span> <span class='ocrx_word' id='word_1_111' title='bbox 371 833 512 868; x_wconf 77' lang='lat' dir='ltr'><strong><em>prudentia</em></strong></span> <span class='ocrx_word' id='word_1_112' title='bbox 531 841 546 860; x_wconf 89' lang='lat' dir='ltr'><strong><em>a</em></strong></span> <span class='ocrx_word' id='word_1_113' title='bbox 565 832 665 867; x_wconf 87' lang='lat' dir='ltr'><strong><em>judicio</em></strong></span> <span class='ocrx_word' id='word_1_114' title='bbox 686 831 806 859; x_wconf 79' lang='lat' dir='ltr'><strong><em>absalute</em></strong></span> <span class='ocrx_word' id='word_1_115' title='bbox 820 831 931 858; x_wconf 81' lang='lat' dir='ltr'><strong><em>ferendo</em></strong></span> 
     </span>
    </p>
   </div>
   <div class='ocr_carea' id='block_1_16' title="bbox 149 877 931 912">
    <p class='ocr_par' dir='ltr' id='par_1_16' title="bbox 149 877 931 912">
     <span class='ocr_line' id='line_1_16' title="bbox 149 877 931 912; baseline -0.003 -6"><span class='ocrx_word' id='word_1_116' title='bbox 149 880 275 907; x_wconf 75' lang='lat' dir='ltr'><strong><em>abstineat.</em></strong></span> <span class='ocrx_word' id='word_1_117' title='bbox 304 879 403 906; x_wconf 87' lang='lat' dir='ltr'><strong><em>Contra</em></strong></span> <span class='ocrx_word' id='word_1_118' title='bbox 428 879 501 906; x_wconf 84' lang='lat' dir='ltr'><strong><em>illam</em></strong></span> <span class='ocrx_word' id='word_1_119' title='bbox 515 885 578 906; x_wconf 80' lang='lat' dir='ltr'><strong><em>vero</em></strong></span> <span class='ocrx_word' id='word_1_120' title='bbox 597 878 767 910; x_wconf 88' lang='lat' dir='ltr'><strong><em>sententiam,</em></strong></span> <span class='ocrx_word' id='word_1_121' title='bbox 792 885 872 912; x_wconf 88' lang='lat' dir='ltr'><strong><em>quattt</em></strong></span> <span class='ocrx_word' id='word_1_122' title='bbox 888 877 931 904; x_wconf 89' lang='lat' dir='ltr'><strong><em>ille</em></strong></span> 
     </span>
    </p>
   </div>
   <div class='ocr_carea' id='block_1_17' title="bbox 150 923 932 959">
    <p class='ocr_par' dir='ltr' id='par_1_17' title="bbox 150 923 932 959">
     <span class='ocr_line' id='line_1_17' title="bbox 150 923 932 959; baseline -0.003 -7"><span class='ocrx_word' id='word_1_123' title='bbox 150 924 241 952; x_wconf 69' lang='lat' dir='ltr'><strong><em>luerens</em></strong></span> <span class='ocrx_word' id='word_1_124' title='bbox 253 928 279 952; x_wconf 86' lang='lat' dir='ltr'><strong><em>et</em></strong></span> <span class='ocrx_word' id='word_1_125' title='bbox 290 924 465 952; x_wconf 86' lang='lat' dir='ltr'><strong><em>subdubitans</em></strong></span> <span class='ocrx_word' id='word_1_126' title='bbox 473 923 651 959; x_wconf 87' lang='lat' dir='ltr'><strong><em>amplectitur,</em></strong></span> <span class='ocrx_word' id='word_1_127' title='bbox 663 923 708 950; x_wconf 92' lang='lat' dir='ltr'><strong><em>alii</em></strong></span> <span class='ocrx_word' id='word_1_128' title='bbox 718 928 744 951; x_wconf 92' lang='lat' dir='ltr'><strong><em>et</em></strong></span> <span class='ocrx_word' id='word_1_129' title='bbox 755 923 865 950; x_wconf 81' lang='lat' dir='ltr'><strong><em>fortasse</em></strong></span> <span class='ocrx_word' id='word_1_130' title='bbox 876 930 932 950; x_wconf 83' lang='lat' dir='ltr'><strong><em>ma-</em></strong></span> 
     </span>
    </p>
   </div>
   <div class='ocr_carea' id='block_1_18' title="bbox 145 968 931 1005">
    <p class='ocr_par' dir='ltr' id='par_1_18' title="bbox 145 968 931 1005">
     <span class='ocr_line' id='line_1_18' title="bbox 145 968 931 1005; baseline -0.003 -8"><span class='ocrx_word' id='word_1_131' title='bbox 145 971 211 1005; x_wconf 87' lang='lat' dir='ltr'><strong><em>jores</em></strong></span> <span class='ocrx_word' id='word_1_132' title='bbox 222 975 328 1005; x_wconf 88' lang='lat' dir='ltr'><strong><em>possunt</em></strong></span> <span class='ocrx_word' id='word_1_133' title='bbox 341 970 460 1004; x_wconf 89' lang='lat' dir='ltr'><strong><em>scrupuli</em></strong></span> <span class='ocrx_word' id='word_1_134' title='bbox 475 969 597 1004; x_wconf 81' lang='lat' dir='ltr'><strong><em>proferri.</em></strong></span> <span class='ocrx_word' id='word_1_135' title='bbox 611 968 800 996; x_wconf 80' lang='lat' dir='ltr'><strong><em>Kalendariutu</em></strong></span> <span class='ocrx_word' id='word_1_136' title='bbox 815 969 885 996; x_wconf 88' lang='lat' dir='ltr'><strong><em>enim</em></strong></span> <span class='ocrx_word' id='word_1_137' title='bbox 900 968 931 995; x_wconf 92' lang='lat' dir='ltr'><strong><em>il-</em></strong></span> 
     </span>
    </p>
   </div>
   <div class='ocr_carea' id='block_1_19' title="bbox 99 1008 932 1050">
    <p class='ocr_par' dir='ltr' id='par_1_19' title="bbox 99 1008 932 1050">
     <span class='ocr_line' id='line_1_19' title="bbox 99 1008 932 1050; baseline -0.005 -6"><span class='ocrx_word' id='word_1_138' title='bbox 99 1008 102 1012; x_wconf 62' lang='grc'><strong>’</strong></span> <span class='ocrx_word' id='word_1_139' title='bbox 148 1017 187 1044; x_wconf 88' lang='lat' dir='ltr'><strong><em>lud</em></strong></span> <span class='ocrx_word' id='word_1_140' title='bbox 201 1016 344 1043; x_wconf 78' lang='lat' dir='ltr'><strong><em>Romanum</em></strong></span> <span class='ocrx_word' id='word_1_141' title='bbox 355 1015 522 1043; x_wconf 73' lang='lat' dir='ltr'><strong><em>Constantini</em></strong></span> <span class='ocrx_word' id='word_1_142' title='bbox 534 1014 620 1050; x_wconf 74' lang='lat' dir='ltr'><strong><em>Magni</em></strong></span> <span class='ocrx_word' id='word_1_143' title='bbox 635 1022 706 1042; x_wconf 89' lang='lat' dir='ltr'><strong><em>anno</em></strong></span> <span class='ocrx_word' id='word_1_144' title='bbox 720 1014 773 1041; x_wconf 75' lang='lat'><strong><em>5&#39;25</em></strong></span> <span class='ocrx_word' id='word_1_145' title='bbox 784 1035 792 1048; x_wconf 81' lang='lat'><strong><em>,</em></strong></span> <span class='ocrx_word' id='word_1_146' title='bbox 808 1019 835 1041; x_wconf 88' lang='lat' dir='ltr'><strong><em>ut</em></strong></span> <span class='ocrx_word' id='word_1_147' title='bbox 849 1014 932 1041; x_wconf 80' lang='lat' dir='ltr'><strong><em>fertur</em></strong></span> 
     </span>
    </p>
   </div>
   <div class='ocr_carea' id='block_1_20' title="bbox 147 1056 932 1095">
    <p class='ocr_par' dir='ltr' id='par_1_20' title="bbox 147 1056 932 1095">
     <span class='ocr_line' id='line_1_20' title="bbox 147 1056 932 1095; baseline -0.005 -6"><span class='ocrx_word' id='word_1_148' title='bbox 147 1063 170 1090; x_wconf 90' lang='lat' dir='ltr'><strong><em>in</em></strong></span> <span class='ocrx_word' id='word_1_149' title='bbox 183 1062 260 1094; x_wconf 86' lang='lat' dir='ltr'><strong><em>titulo,</em></strong></span> <span class='ocrx_word' id='word_1_150' title='bbox 277 1061 378 1089; x_wconf 85' lang='lat' dir='ltr'><strong><em>editum</em></strong></span> <span class='ocrx_word' id='word_1_151' title='bbox 394 1056 420 1088; x_wconf 70' lang='lat' dir='ltr'><strong><em>et</em></strong></span> <span class='ocrx_word' id='word_1_152' title='bbox 434 1068 449 1088; x_wconf 89' lang='lat' dir='ltr'><strong><em>a</em></strong></span> <span class='ocrx_word' id='word_1_153' title='bbox 464 1059 572 1088; x_wconf 81' lang='lat' dir='ltr'><strong><em>Petavio</em></strong></span> <span class='ocrx_word' id='word_1_154' title='bbox 585 1060 746 1095; x_wconf 81' lang='lat' dir='ltr'><strong><em>publicatum</em></strong></span> <span class='ocrx_word' id='word_1_155' title='bbox 762 1060 787 1086; x_wconf 93' lang='lat' dir='ltr'><strong><em>in</em></strong></span> <span class='ocrx_word' id='word_1_156' title='bbox 803 1058 932 1087; x_wconf 77' lang='lat' dir='ltr'><strong><em>Uranolo-</em></strong></span> 
     </span>
    </p>
   </div>
   <div class='ocr_carea' id='block_1_21' title="bbox 146 1105 932 1143">
    <p class='ocr_par' dir='ltr' id='par_1_21' title="bbox 146 1105 932 1143">
     <span class='ocr_line' id='line_1_21' title="bbox 146 1105 932 1143; baseline -0.001 -9"><span class='ocrx_word' id='word_1_157' title='bbox 146 1109 185 1143; x_wconf 85' lang='lat' dir='ltr'><strong><em>gio</em></strong></span> <span class='ocrx_word' id='word_1_158' title='bbox 199 1116 223 1143; x_wconf 87' lang='lat' dir='ltr'><strong><em>p.</em></strong></span> <span class='ocrx_word' id='word_1_159' title='bbox 238 1108 303 1140; x_wconf 70' lang='grc'><strong><em>112,</em></strong></span> <span class='ocrx_word' id='word_1_160' title='bbox 318 1108 450 1135; x_wconf 82' lang='lat' dir='ltr'><strong><em>incertum</em></strong></span> <span class='ocrx_word' id='word_1_161' title='bbox 463 1111 505 1134; x_wconf 83' lang='lat' dir='ltr'><strong><em>est</em></strong></span> <span class='ocrx_word' id='word_1_162' title='bbox 517 1115 550 1133; x_wconf 86' lang='lat' dir='ltr'><strong><em>an</em></strong></span> <span class='ocrx_word' id='word_1_163' title='bbox 565 1106 635 1134; x_wconf 85' lang='lat' dir='ltr'><strong><em>idem</em></strong></span> <span class='ocrx_word' id='word_1_164' title='bbox 649 1106 777 1133; x_wconf 78' lang='lat' dir='ltr'><strong><em>manserit</em></strong></span> <span class='ocrx_word' id='word_1_165' title='bbox 797 1105 830 1132; x_wconf 89' lang='lat' dir='ltr'><strong><em>ad</em></strong></span> <span class='ocrx_word' id='word_1_166' title='bbox 848 1113 932 1140; x_wconf 84' lang='lat' dir='ltr'><strong><em>usque</em></strong></span> 
     </span>
    </p>
   </div>
   <div class='ocr_carea' id='block_1_22' title="bbox 147 1152 932 1189">
    <p class='ocr_par' dir='ltr' id='par_1_22' title="bbox 147 1152 932 1189">
     <span class='ocr_line' id='line_1_22' title="bbox 147 1152 932 1189; baseline -0.003 -7"><span class='ocrx_word' id='word_1_167' title='bbox 147 1155 220 1182; x_wconf 79' lang='lat' dir='ltr'><strong><em>littera</em></strong></span> <span class='ocrx_word' id='word_1_168' title='bbox 233 1154 320 1182; x_wconf 68' lang='lat' dir='ltr'><strong><em>saeculi</em></strong></span> <span class='ocrx_word' id='word_1_169' title='bbox 338 1154 424 1189; x_wconf 88' lang='lat' dir='ltr'><strong><em>quarti</em></strong></span> <span class='ocrx_word' id='word_1_170' title='bbox 444 1153 521 1180; x_wconf 75' lang='lat' dir='ltr'><strong><em>timo</em></strong></span> <span class='ocrx_word' id='word_1_171' title='bbox 542 1158 643 1181; x_wconf 89' lang='lat' dir='ltr'><strong><em>certum</em></strong></span> <span class='ocrx_word' id='word_1_172' title='bbox 663 1152 769 1180; x_wconf 82' lang='lat' dir='ltr'><strong><em>videtur</em></strong></span> <span class='ocrx_word' id='word_1_173' title='bbox 791 1153 818 1180; x_wconf 91' lang='lat' dir='ltr'><strong><em>in</em></strong></span> <span class='ocrx_word' id='word_1_174' title='bbox 841 1153 932 1180; x_wconf 89' lang='lat' dir='ltr'><strong><em>multis</em></strong></span> 
     </span>
    </p>
   </div>
   <div class='ocr_carea' id='block_1_23' title="bbox 145 1199 932 1235">
    <p class='ocr_par' dir='ltr' id='par_1_23' title="bbox 145 1199 932 1235">
     <span class='ocr_line' id='line_1_23' title="bbox 145 1199 932 1235; baseline -0.003 -7"><span class='ocrx_word' id='word_1_175' title='bbox 145 1201 233 1228; x_wconf 80' lang='lat' dir='ltr'><strong><em>saltem</em></strong></span> <span class='ocrx_word' id='word_1_176' title='bbox 247 1205 377 1228; x_wconf 88' lang='lat' dir='ltr'><strong><em>mutatum</em></strong></span> <span class='ocrx_word' id='word_1_177' title='bbox 390 1200 488 1228; x_wconf 80' lang='lat' dir='ltr'><strong><em>fuisse:</em></strong></span> <span class='ocrx_word' id='word_1_178' title='bbox 503 1207 565 1227; x_wconf 91' lang='lat' dir='ltr'><strong><em>nam</em></strong></span> <span class='ocrx_word' id='word_1_179' title='bbox 579 1199 726 1228; x_wconf 88' lang='lat' dir='ltr'><strong><em>secundum</em></strong></span> <span class='ocrx_word' id='word_1_180' title='bbox 742 1199 859 1235; x_wconf 75' lang='lat' dir='ltr'><strong><em>profante</em></strong></span> <span class='ocrx_word' id='word_1_181' title='bbox 874 1200 932 1234; x_wconf 88' lang='lat' dir='ltr'><strong><em>plu-</em></strong></span> 
     </span>
    </p>
   </div>
   <div class='ocr_carea' id='block_1_24' title="bbox 145 1247 930 1282">
    <p class='ocr_par' dir='ltr' id='par_1_24' title="bbox 145 1247 930 1282">
     <span class='ocr_line' id='line_1_24' title="bbox 145 1247 930 1282; baseline -0.001 -8"><span class='ocrx_word' id='word_1_182' title='bbox 145 1248 209 1274; x_wconf 83' lang='lat' dir='ltr'><strong><em>rium</em></strong></span> <span class='ocrx_word' id='word_1_183' title='bbox 222 1247 328 1275; x_wconf 89' lang='lat' dir='ltr'><strong><em>deorum</em></strong></span> <span class='ocrx_word' id='word_1_184' title='bbox 342 1247 478 1282; x_wconf 78' lang='lat' dir='ltr'><strong><em>religionis</em></strong></span> <span class='ocrx_word' id='word_1_185' title='bbox 488 1248 567 1275; x_wconf 87' lang='lat' dir='ltr'><strong><em>ritum</em></strong></span> <span class='ocrx_word' id='word_1_186' title='bbox 581 1247 768 1275; x_wconf 88' lang='lat' dir='ltr'><strong><em>concinnatum</em></strong></span> <span class='ocrx_word' id='word_1_187' title='bbox 778 1251 820 1274; x_wconf 85' lang='lat' dir='ltr'><strong><em>est</em></strong></span> <span class='ocrx_word' id='word_1_188' title='bbox 830 1251 912 1274; x_wconf 89' lang='lat' dir='ltr'><strong><em>totum</em></strong></span> <span class='ocrx_word' id='word_1_189' title='bbox 923 1255 930 1274; x_wconf 89' lang='lat'>:</span> 
     </span>
    </p>
   </div>
   <div class='ocr_carea' id='block_1_25' title="bbox 145 1292 931 1330">
    <p class='ocr_par' dir='ltr' id='par_1_25' title="bbox 145 1292 931 1330">
     <span class='ocr_line' id='line_1_25' title="bbox 145 1292 931 1330; baseline -0.003 -8"><span class='ocrx_word' id='word_1_190' title='bbox 145 1295 184 1330; x_wconf 89' lang='lat' dir='ltr'><strong><em>qui</em></strong></span> <span class='ocrx_word' id='word_1_191' title='bbox 199 1295 266 1330; x_wconf 87' lang='lat' dir='ltr'><strong><em>impii</em></strong></span> <span class='ocrx_word' id='word_1_192' title='bbox 280 1295 349 1322; x_wconf 87' lang='lat' dir='ltr'><strong><em>ritus</em></strong></span> <span class='ocrx_word' id='word_1_193' title='bbox 363 1294 472 1321; x_wconf 86' lang='lat' dir='ltr'><strong><em>demum</em></strong></span> <span class='ocrx_word' id='word_1_194' title='bbox 486 1294 536 1321; x_wconf 87' lang='lat' dir='ltr'><strong><em>sub</em></strong></span> <span class='ocrx_word' id='word_1_195' title='bbox 551 1293 702 1321; x_wconf 86' lang='lat' dir='ltr'><strong><em>Theodosio</em></strong></span> <span class='ocrx_word' id='word_1_196' title='bbox 721 1293 816 1328; x_wconf 80' lang='lat' dir='ltr'><strong><em>Magno</em></strong></span> <span class='ocrx_word' id='word_1_197' title='bbox 833 1292 931 1320; x_wconf 87' lang='lat' dir='ltr'><strong><em>sublati</em></strong></span> 
     </span>
    </p>
   </div>
   <div class='ocr_carea' id='block_1_26' title="bbox 144 1338 931 1374">
    <p class='ocr_par' dir='ltr' id='par_1_26' title="bbox 144 1338 931 1374">
     <span class='ocr_line' id='line_1_26' title="bbox 144 1338 931 1374; baseline -0.003 -7"><span class='ocrx_word' id='word_1_198' title='bbox 144 1345 210 1367; x_wconf 80' lang='lat' dir='ltr'><strong><em>sunt.</em></strong></span> <span class='ocrx_word' id='word_1_199' title='bbox 223 1340 262 1367; x_wconf 73' lang='lat' dir='ltr'><strong><em>Ad</em></strong></span> <span class='ocrx_word' id='word_1_200' title='bbox 274 1340 333 1367; x_wconf 60' lang='lat' dir='ltr'><strong><em>haec</em></strong></span> <span class='ocrx_word' id='word_1_201' title='bbox 347 1344 450 1367; x_wconf 87' lang='lat' dir='ltr'><strong><em>certum</em></strong></span> <span class='ocrx_word' id='word_1_202' title='bbox 463 1339 568 1367; x_wconf 87' lang='lat' dir='ltr'><strong><em>videtur</em></strong></span> <span class='ocrx_word' id='word_1_203' title='bbox 582 1339 660 1366; x_wconf 89' lang='lat' dir='ltr'><strong><em>urbes</em></strong></span> <span class='ocrx_word' id='word_1_204' title='bbox 676 1339 735 1366; x_wconf 91' lang='lat' dir='ltr'><strong><em>illas</em></strong></span> <span class='ocrx_word' id='word_1_205' title='bbox 749 1339 821 1366; x_wconf 85' lang='lat' dir='ltr'><strong><em>orbis</em></strong></span> <span class='ocrx_word' id='word_1_206' title='bbox 836 1338 931 1374; x_wconf 80' lang='lat' dir='ltr'><strong><em>praeci-</em></strong></span> 
     </span>
    </p>
   </div>
   <div class='ocr_carea' id='block_1_27' title="bbox 145 1385 931 1422">
    <p class='ocr_par' dir='ltr' id='par_1_27' title="bbox 145 1385 931 1422">
     <span class='ocr_line' id='line_1_27' title="bbox 145 1385 931 1422; baseline -0.003 -8"><span class='ocrx_word' id='word_1_207' title='bbox 145 1394 213 1422; x_wconf 69' lang='lat' dir='ltr'><strong><em>puas,</em></strong></span> <span class='ocrx_word' id='word_1_208' title='bbox 226 1387 312 1422; x_wconf 84' lang='lat' dir='ltr'><strong><em>qualis</em></strong></span> <span class='ocrx_word' id='word_1_209' title='bbox 330 1392 388 1414; x_wconf 86' lang='lat' dir='ltr'><strong><em>erat</em></strong></span> <span class='ocrx_word' id='word_1_210' title='bbox 408 1386 558 1420; x_wconf 82' lang='lat' dir='ltr'><strong><em>Antiochia,</em></strong></span> <span class='ocrx_word' id='word_1_211' title='bbox 577 1393 640 1413; x_wconf 90' lang='lat' dir='ltr'><strong><em>suos</em></strong></span> <span class='ocrx_word' id='word_1_212' title='bbox 659 1389 705 1413; x_wconf 88' lang='lat' dir='ltr'><strong><em>aut</em></strong></span> <span class='ocrx_word' id='word_1_213' title='bbox 718 1385 822 1421; x_wconf 84' lang='lat' dir='ltr'><strong><em>aliquos</em></strong></span> <span class='ocrx_word' id='word_1_214' title='bbox 837 1386 931 1413; x_wconf 88' lang='lat' dir='ltr'><strong><em>saltem</em></strong></span> 
     </span>
    </p>
   </div>
   <div class='ocr_carea' id='block_1_28' title="bbox 143 1431 931 1468">
    <p class='ocr_par' dir='ltr' id='par_1_28' title="bbox 143 1431 931 1468">
     <span class='ocr_line' id='line_1_28' title="bbox 143 1431 931 1468; baseline -0.001 -9"><span class='ocrx_word' id='word_1_215' title='bbox 143 1433 188 1460; x_wconf 84' lang='lat' dir='ltr'><strong><em>sibi</em></strong></span> <span class='ocrx_word' id='word_1_216' title='bbox 199 1433 319 1468; x_wconf 90' lang='lat' dir='ltr'><strong><em>proprios</em></strong></span> <span class='ocrx_word' id='word_1_217' title='bbox 335 1432 461 1459; x_wconf 88' lang='lat' dir='ltr'><strong><em>habuisse</em></strong></span> <span class='ocrx_word' id='word_1_218' title='bbox 474 1433 550 1463; x_wconf 89' lang='lat' dir='ltr'><strong><em>ritus,</em></strong></span> <span class='ocrx_word' id='word_1_219' title='bbox 562 1436 690 1467; x_wconf 85' lang='lat' dir='ltr'><strong><em>quantum</em></strong></span> <span class='ocrx_word' id='word_1_220' title='bbox 706 1431 739 1458; x_wconf 90' lang='lat' dir='ltr'><strong><em>ad</em></strong></span> <span class='ocrx_word' id='word_1_221' title='bbox 755 1431 831 1458; x_wconf 85' lang='lat' dir='ltr'><strong><em>ludos</em></strong></span> <span class='ocrx_word' id='word_1_222' title='bbox 842 1436 868 1459; x_wconf 84' lang='lat' dir='ltr'><strong><em>et</em></strong></span> <span class='ocrx_word' id='word_1_223' title='bbox 880 1431 931 1458; x_wconf 90' lang='lat' dir='ltr'><strong><em>alia</em></strong></span> 
     </span>
    </p>
   </div>
   <div class='ocr_carea' id='block_1_29' title="bbox 144 1478 932 1513">
    <p class='ocr_par' dir='ltr' id='par_1_29' title="bbox 144 1478 932 1513">
     <span class='ocr_line' id='line_1_29' title="bbox 144 1478 932 1513; baseline -0.003 -7"><span class='ocrx_word' id='word_1_224' title='bbox 144 1479 167 1506; x_wconf 93' lang='lat' dir='ltr'><strong><em>in</em></strong></span> <span class='ocrx_word' id='word_1_225' title='bbox 178 1479 342 1506; x_wconf 79' lang='lat' dir='ltr'><strong><em>Kalendariis</em></strong></span> <span class='ocrx_word' id='word_1_226' title='bbox 356 1478 472 1506; x_wconf 86' lang='lat' dir='ltr'><strong><em>adscribi</em></strong></span> <span class='ocrx_word' id='word_1_227' title='bbox 485 1478 562 1506; x_wconf 86' lang='lat' dir='ltr'><strong><em>solita</em></strong></span> <span class='ocrx_word' id='word_1_228' title='bbox 577 1487 583 1505; x_wconf 97' lang='lat'>:</span> <span class='ocrx_word' id='word_1_229' title='bbox 598 1486 651 1513; x_wconf 91' lang='lat' dir='ltr'><strong><em>quo</em></strong></span> <span class='ocrx_word' id='word_1_230' title='bbox 666 1478 751 1513; x_wconf 85' lang='lat' dir='ltr'><strong><em>posito</em></strong></span> <span class='ocrx_word' id='word_1_231' title='bbox 766 1478 828 1513; x_wconf 91' lang='lat' dir='ltr'><strong><em>quid</em></strong></span> <span class='ocrx_word' id='word_1_232' title='bbox 843 1485 932 1513; x_wconf 89' lang='lat' dir='ltr'><strong><em>possu-</em></strong></span> 
     </span>
    </p>
   </div>
   <div class='ocr_carea' id='block_1_30' title="bbox 142 1524 932 1553">
    <p class='ocr_par' dir='ltr' id='par_1_30' title="bbox 142 1524 932 1553">
     <span class='ocr_line' id='line_1_30' title="bbox 142 1524 932 1553; baseline 0 -1"><span class='ocrx_word' id='word_1_233' title='bbox 142 1534 195 1553; x_wconf 86' lang='lat' dir='ltr'><strong><em>mus</em></strong></span> <span class='ocrx_word' id='word_1_234' title='bbox 209 1534 241 1553; x_wconf 71' lang='lat' dir='ltr'><strong><em>ex</em></strong></span> <span class='ocrx_word' id='word_1_235' title='bbox 257 1525 418 1553; x_wconf 82' lang='lat' dir='ltr'><strong><em>Kalendario</em></strong></span> <span class='ocrx_word' id='word_1_236' title='bbox 435 1524 556 1552; x_wconf 78' lang='lat' dir='ltr'><strong><em>Romano</em></strong></span> <span class='ocrx_word' id='word_1_237' title='bbox 574 1524 645 1552; x_wconf 88' lang='lat' dir='ltr'><strong><em>circa</em></strong></span> <span class='ocrx_word' id='word_1_238' title='bbox 663 1524 844 1551; x_wconf 82' lang='lat' dir='ltr'><strong><em>Antiochenos</em></strong></span> <span class='ocrx_word' id='word_1_239' title='bbox 865 1524 932 1552; x_wconf 87' lang='lat' dir='ltr'><strong><em>ritus</em></strong></span> 
     </span>
    </p>
   </div>
   <div class='ocr_carea' id='block_1_31' title="bbox 140 1569 931 1605">
    <p class='ocr_par' dir='ltr' id='par_1_31' title="bbox 140 1569 931 1605">
     <span class='ocr_line' id='line_1_31' title="bbox 140 1569 931 1605; baseline -0.004 -6"><span class='ocrx_word' id='word_1_240' title='bbox 140 1572 270 1599; x_wconf 78' lang='lat' dir='ltr'><strong><em>statuere?</em></strong></span> <span class='ocrx_word' id='word_1_241' title='bbox 291 1571 368 1605; x_wconf 85' lang='lat' dir='ltr'><strong><em>Quod</em></strong></span> <span class='ocrx_word' id='word_1_242' title='bbox 391 1578 456 1598; x_wconf 88' lang='lat' dir='ltr'><strong><em>vero</em></strong></span> <span class='ocrx_word' id='word_1_243' title='bbox 478 1570 575 1598; x_wconf 87' lang='lat' dir='ltr'><strong><em>dicitur</em></strong></span> <span class='ocrx_word' id='word_1_244' title='bbox 596 1570 788 1605; x_wconf 87' lang='lat' dir='ltr'><strong><em>querimoniatu</em></strong></span> <span class='ocrx_word' id='word_1_245' title='bbox 811 1569 931 1605; x_wconf 83' lang='lat' dir='ltr'><strong><em>Chryso-</em></strong></span> 
     </span>
    </p>
   </div>
   <div class='ocr_carea' id='block_1_32' title="bbox 139 1615 933 1650">
    <p class='ocr_par' dir='ltr' id='par_1_32' title="bbox 139 1615 933 1650">
     <span class='ocr_line' id='line_1_32' title="bbox 139 1615 933 1650; baseline -0.003 -6"><span class='ocrx_word' id='word_1_246' title='bbox 139 1618 214 1645; x_wconf 81' lang='lat' dir='ltr'><strong><em>stomi</em></strong></span> <span class='ocrx_word' id='word_1_247' title='bbox 226 1617 303 1644; x_wconf 86' lang='lat' dir='ltr'><strong><em>initio</em></strong></span> <span class='ocrx_word' id='word_1_248' title='bbox 317 1616 435 1644; x_wconf 76' lang='lat' dir='ltr'><strong><em>homilize</em></strong></span> <span class='ocrx_word' id='word_1_249' title='bbox 448 1620 530 1644; x_wconf 76' lang='lat' dir='ltr'><strong><em>sextae</em></strong></span> <span class='ocrx_word' id='word_1_250' title='bbox 545 1623 597 1643; x_wconf 91' lang='lat' dir='ltr'><strong><em>non</em></strong></span> <span class='ocrx_word' id='word_1_251' title='bbox 609 1620 730 1650; x_wconf 88' lang='lat' dir='ltr'><strong><em>spectare</em></strong></span> <span class='ocrx_word' id='word_1_252' title='bbox 741 1615 817 1644; x_wconf 90' lang='lat' dir='ltr'><strong><em>ludos</em></strong></span> <span class='ocrx_word' id='word_1_253' title='bbox 828 1615 933 1643; x_wconf 86' lang='lat' dir='ltr'><strong><em>Gotthi-</em></strong></span> 
     </span>
    </p>
   </div>
   <div class='ocr_carea' id='block_1_33' title="bbox 138 1662 932 1696">
    <p class='ocr_par' dir='ltr' id='par_1_33' title="bbox 138 1662 932 1696">
     <span class='ocr_line' id='line_1_33' title="bbox 138 1662 932 1696; baseline -0.005 -4"><span class='ocrx_word' id='word_1_254' title='bbox 138 1672 190 1696; x_wconf 81' lang='lat' dir='ltr'><strong><em>cos,</em></strong></span> <span class='ocrx_word' id='word_1_255' title='bbox 205 1664 230 1691; x_wconf 90' lang='lat' dir='ltr'><strong><em>id</em></strong></span> <span class='ocrx_word' id='word_1_256' title='bbox 245 1669 319 1692; x_wconf 88' lang='lat' dir='ltr'><strong><em>certe</em></strong></span> <span class='ocrx_word' id='word_1_257' title='bbox 332 1663 475 1691; x_wconf 84' lang='lat' dir='ltr'><strong><em>divinando</em></strong></span> <span class='ocrx_word' id='word_1_258' title='bbox 485 1663 538 1690; x_wconf 89' lang='lat' dir='ltr'><strong><em>dici</em></strong></span> <span class='ocrx_word' id='word_1_259' title='bbox 551 1662 664 1690; x_wconf 81' lang='lat' dir='ltr'><strong><em>videtur.</em></strong></span> <span class='ocrx_word' id='word_1_260' title='bbox 680 1662 744 1695; x_wconf 84' lang='lat' dir='ltr'><strong><em>Quis</em></strong></span> <span class='ocrx_word' id='word_1_261' title='bbox 754 1662 825 1689; x_wconf 87' lang='lat' dir='ltr'><strong><em>enim</em></strong></span> <span class='ocrx_word' id='word_1_262' title='bbox 838 1662 889 1689; x_wconf 85' lang='lat' dir='ltr'><strong><em>scit</em></strong></span> <span class='ocrx_word' id='word_1_263' title='bbox 898 1669 932 1689; x_wconf 87' lang='lat' dir='ltr'><strong><em>an</em></strong></span> 
     </span>
    </p>
   </div>
   <div class='ocr_carea' id='block_1_34' title="bbox 137 1707 933 1743">
    <p class='ocr_par' dir='ltr' id='par_1_34' title="bbox 137 1707 933 1743">
     <span class='ocr_line' id='line_1_34' title="bbox 137 1707 933 1743; baseline -0.004 -6"><span class='ocrx_word' id='word_1_264' title='bbox 137 1710 162 1737; x_wconf 92' lang='lat' dir='ltr'><strong><em>in</em></strong></span> <span class='ocrx_word' id='word_1_265' title='bbox 183 1710 252 1737; x_wconf 89' lang='lat' dir='ltr'><strong><em>ludis</em></strong></span> <span class='ocrx_word' id='word_1_266' title='bbox 274 1709 418 1742; x_wconf 84' lang='lat' dir='ltr'><strong><em>Gotthicis,</em></strong></span> <span class='ocrx_word' id='word_1_267' title='bbox 432 1709 526 1736; x_wconf 78' lang='lat' dir='ltr'><strong><em>saltem</em></strong></span> <span class='ocrx_word' id='word_1_268' title='bbox 541 1708 568 1735; x_wconf 88' lang='lat' dir='ltr'><strong><em>itt</em></strong></span> <span class='ocrx_word' id='word_1_269' title='bbox 583 1715 675 1736; x_wconf 88' lang='lat' dir='ltr'><strong><em>eorum</em></strong></span> <span class='ocrx_word' id='word_1_270' title='bbox 690 1707 859 1743; x_wconf 85' lang='lat' dir='ltr'><strong><em>quibusdam,</em></strong></span> <span class='ocrx_word' id='word_1_271' title='bbox 873 1715 933 1734; x_wconf 89' lang='lat' dir='ltr'><strong><em>cur-</em></strong></span> 
     </span>
    </p>
   </div>
   <div class='ocr_carea' id='block_1_35' title="bbox 135 1754 932 1791">
    <p class='ocr_par' dir='ltr' id='par_1_35' title="bbox 135 1754 932 1791">
     <span class='ocr_line' id='line_1_35' title="bbox 135 1754 932 1791; baseline -0.003 -8"><span class='ocrx_word' id='word_1_272' title='bbox 135 1763 179 1783; x_wconf 90' lang='lat' dir='ltr'><strong><em>sns</em></strong></span> <span class='ocrx_word' id='word_1_273' title='bbox 188 1763 318 1791; x_wconf 88' lang='lat' dir='ltr'><strong><em>equorum</em></strong></span> <span class='ocrx_word' id='word_1_274' title='bbox 329 1755 517 1782; x_wconf 75' lang='lat' dir='ltr'><strong><em>adhiberetur?</em></strong></span> <span class='ocrx_word' id='word_1_275' title='bbox 532 1759 560 1782; x_wconf 89' lang='lat' dir='ltr'><strong><em>at</em></strong></span> <span class='ocrx_word' id='word_1_276' title='bbox 571 1759 663 1782; x_wconf 90' lang='lat' dir='ltr'><strong><em>contra</em></strong></span> <span class='ocrx_word' id='word_1_277' title='bbox 676 1754 828 1789; x_wconf 87' lang='lat' dir='ltr'><strong><em>httjusmodi</em></strong></span> <span class='ocrx_word' id='word_1_278' title='bbox 839 1761 932 1781; x_wconf 86' lang='lat' dir='ltr'><strong><em>cursus</em></strong></span> 
     </span>
    </p>
   </div>
   <div class='ocr_carea' id='block_1_36' title="bbox 135 1800 932 1835">
    <p class='ocr_par' dir='ltr' id='par_1_36' title="bbox 135 1800 932 1835">
     <span class='ocr_line' id='line_1_36' title="bbox 135 1800 932 1835; baseline -0.003 -7"><span class='ocrx_word' id='word_1_279' title='bbox 135 1806 205 1828; x_wconf 89' lang='lat' dir='ltr'><strong><em>totus</em></strong></span> <span class='ocrx_word' id='word_1_280' title='bbox 221 1806 264 1828; x_wconf 86' lang='lat' dir='ltr'><strong><em>est</em></strong></span> <span class='ocrx_word' id='word_1_281' title='bbox 278 1801 487 1835; x_wconf 78' lang='lat' dir='ltr'><strong><em>Chrysostomus</em></strong></span> <span class='ocrx_word' id='word_1_282' title='bbox 500 1800 525 1827; x_wconf 92' lang='lat' dir='ltr'><strong><em>itt</em></strong></span> <span class='ocrx_word' id='word_1_283' title='bbox 542 1800 649 1827; x_wconf 83' lang='lat' dir='ltr'><strong><em>ltomilia</em></strong></span> <span class='ocrx_word' id='word_1_284' title='bbox 663 1804 748 1828; x_wconf 81' lang='lat' dir='ltr'><strong><em>sexta.</em></strong></span> <span class='ocrx_word' id='word_1_285' title='bbox 764 1800 874 1827; x_wconf 87' lang='lat' dir='ltr'><strong><em>Demnnt</em></strong></span> <span class='ocrx_word' id='word_1_286' title='bbox 891 1805 932 1827; x_wconf 56' lang='lat' dir='ltr'><strong><em>ta.</em></strong></span> 
     </span>
    </p>
   </div>
   <div class='ocr_carea' id='block_1_37' title="bbox 135 1846 931 1882">
    <p class='ocr_par' dir='ltr' id='par_1_37' title="bbox 135 1846 931 1882">
     <span class='ocr_line' id='line_1_37' title="bbox 135 1846 931 1882; baseline -0.003 -8"><span class='ocrx_word' id='word_1_287' title='bbox 135 1847 210 1874; x_wconf 85' lang='lat' dir='ltr'><strong><em>bulas</em></strong></span> <span class='ocrx_word' id='word_1_288' title='bbox 222 1847 374 1879; x_wconf 84' lang='lat' dir='ltr'><strong><em>Paschales,</em></strong></span> <span class='ocrx_word' id='word_1_289' title='bbox 384 1847 460 1882; x_wconf 85' lang='lat' dir='ltr'><strong><em>queis</em></strong></span> <span class='ocrx_word' id='word_1_290' title='bbox 471 1846 513 1873; x_wconf 68' lang='lat' dir='ltr'><strong><em>ha:</em></strong></span> <span class='ocrx_word' id='word_1_291' title='bbox 524 1853 616 1873; x_wconf 87' lang='lat' dir='ltr'><strong><em>omnes</em></strong></span> <span class='ocrx_word' id='word_1_292' title='bbox 628 1846 788 1881; x_wconf 65' lang='lat' dir='ltr'><strong><em>conjectura:</em></strong></span> <span class='ocrx_word' id='word_1_293' title='bbox 802 1846 931 1880; x_wconf 88' lang='lat' dir='ltr'><strong><em>nitttntur,</em></strong></span> 
     </span>
    </p>
   </div>
   <div class='ocr_carea' id='block_1_38' title="bbox 133 1891 932 1928">
    <p class='ocr_par' dir='ltr' id='par_1_38' title="bbox 133 1891 932 1928">
     <span class='ocr_line' id='line_1_38' title="bbox 133 1891 932 1928; baseline -0.003 -9"><span class='ocrx_word' id='word_1_294' title='bbox 133 1893 277 1928; x_wconf 88' lang='lat' dir='ltr'><strong><em>aliquando</em></strong></span> <span class='ocrx_word' id='word_1_295' title='bbox 298 1892 408 1919; x_wconf 79' lang='lat' dir='ltr'><strong><em>fallaces</em></strong></span> <span class='ocrx_word' id='word_1_296' title='bbox 427 1898 487 1919; x_wconf 87' lang='lat' dir='ltr'><strong><em>esse</em></strong></span> <span class='ocrx_word' id='word_1_297' title='bbox 505 1898 584 1926; x_wconf 87' lang='lat' dir='ltr'><strong><em>supra</em></strong></span> <span class='ocrx_word' id='word_1_298' title='bbox 605 1891 784 1927; x_wconf 78' lang='lat' dir='ltr'><strong><em>probavimus.</em></strong></span> <span class='ocrx_word' id='word_1_299' title='bbox 804 1891 859 1919; x_wconf 87' lang='lat' dir='ltr'><strong><em>Nec</em></strong></span> <span class='ocrx_word' id='word_1_300' title='bbox 879 1896 932 1918; x_wconf 91' lang='lat' dir='ltr'><strong><em>tam</em></strong></span> 
     </span>
    </p>
   </div>
   <div class='ocr_carea' id='block_1_39' title="bbox 133 1937 930 1973">
    <p class='ocr_par' dir='ltr' id='par_1_39' title="bbox 133 1937 930 1973">
     <span class='ocr_line' id='line_1_39' title="bbox 133 1937 930 1973; baseline -0.003 -8"><span class='ocrx_word' id='word_1_301' title='bbox 133 1938 275 1973; x_wconf 85' lang='lat' dir='ltr'><strong><em>perspicue</em></strong></span> <span class='ocrx_word' id='word_1_302' title='bbox 287 1939 387 1965; x_wconf 85' lang='lat' dir='ltr'><strong><em>scimus</em></strong></span> <span class='ocrx_word' id='word_1_303' title='bbox 401 1942 491 1964; x_wconf 90' lang='lat' dir='ltr'><strong><em>utrum</em></strong></span> <span class='ocrx_word' id='word_1_304' title='bbox 506 1937 578 1964; x_wconf 84' lang='lat' dir='ltr'><strong><em>circa</em></strong></span> <span class='ocrx_word' id='word_1_305' title='bbox 592 1937 799 1964; x_wconf 83' lang='lat' dir='ltr'><strong><em>celebrationem</em></strong></span> <span class='ocrx_word' id='word_1_306' title='bbox 812 1937 930 1969; x_wconf 73' lang='lat' dir='ltr'><strong><em>Paschtc,</em></strong></span> 
     </span>
    </p>
   </div>
   <div class='ocr_carea' id='block_1_40' title="bbox 133 1983 931 2011">
    <p class='ocr_par' dir='ltr' id='par_1_40' title="bbox 133 1983 931 2011">
     <span class='ocr_line' id='line_1_40' title="bbox 133 1983 931 2011; baseline -0.001 -1"><span class='ocrx_word' id='word_1_307' title='bbox 133 1985 213 2011; x_wconf 86' lang='lat' dir='ltr'><strong><em>ritum</em></strong></span> <span class='ocrx_word' id='word_1_308' title='bbox 228 1983 439 2011; x_wconf 82' lang='lat' dir='ltr'><strong><em>Alexandrinum</em></strong></span> <span class='ocrx_word' id='word_1_309' title='bbox 453 1987 592 2011; x_wconf 86' lang='lat' dir='ltr'><strong><em>servarent</em></strong></span> <span class='ocrx_word' id='word_1_310' title='bbox 606 1983 776 2010; x_wconf 79' lang='lat' dir='ltr'><strong><em>Antiocheni.</em></strong></span> <span class='ocrx_word' id='word_1_311' title='bbox 797 1983 830 2009; x_wconf 86' lang='lat' dir='ltr'><strong><em>lis</em></strong></span> <span class='ocrx_word' id='word_1_312' title='bbox 844 1983 931 2010; x_wconf 91' lang='lat' dir='ltr'><strong><em>omni-</em></strong></span> 
     </span>
    </p>
   </div>
   <div class='ocr_carea' id='block_1_41' title="bbox 134 2028 931 2064">
    <p class='ocr_par' dir='ltr' id='par_1_41' title="bbox 134 2028 931 2064">
     <span class='ocr_line' id='line_1_41' title="bbox 134 2028 931 2064; baseline -0.001 -8"><span class='ocrx_word' id='word_1_313' title='bbox 134 2028 181 2056; x_wconf 87' lang='lat' dir='ltr'><strong><em>bus</em></strong></span> <span class='ocrx_word' id='word_1_314' title='bbox 195 2030 287 2064; x_wconf 81' lang='lat' dir='ltr'><strong><em>itaque</em></strong></span> <span class='ocrx_word' id='word_1_315' title='bbox 302 2029 453 2064; x_wconf 84' lang='lat' dir='ltr'><strong><em>perpensis,</em></strong></span> <span class='ocrx_word' id='word_1_316' title='bbox 467 2028 597 2056; x_wconf 82' lang='lat' dir='ltr'><strong><em>fateamur</em></strong></span> <span class='ocrx_word' id='word_1_317' title='bbox 612 2035 722 2056; x_wconf 87' lang='lat' dir='ltr'><strong><em>necesse</em></strong></span> <span class='ocrx_word' id='word_1_318' title='bbox 735 2033 786 2062; x_wconf 86' lang='lat' dir='ltr'><strong><em>est,</em></strong></span> <span class='ocrx_word' id='word_1_319' title='bbox 801 2029 931 2056; x_wconf 88' lang='lat' dir='ltr'><strong><em>incertum</em></strong></span> 
     </span>
    </p>
   </div>
   <div class='ocr_carea' id='block_1_42' title="bbox 134 2073 932 2110">
    <p class='ocr_par' dir='ltr' id='par_1_42' title="bbox 134 2073 932 2110">
     <span class='ocr_line' id='line_1_42' title="bbox 134 2073 932 2110; baseline 0 -10"><span class='ocrx_word' id='word_1_320' title='bbox 134 2082 244 2109; x_wconf 80' lang='lat' dir='ltr'><strong><em>prorsus</em></strong></span> <span class='ocrx_word' id='word_1_321' title='bbox 257 2082 318 2102; x_wconf 88' lang='lat' dir='ltr'><strong><em>esse</em></strong></span> <span class='ocrx_word' id='word_1_322' title='bbox 330 2082 384 2110; x_wconf 90' lang='lat' dir='ltr'><strong><em>quo</em></strong></span> <span class='ocrx_word' id='word_1_323' title='bbox 397 2081 468 2100; x_wconf 91' lang='lat' dir='ltr'><strong><em>anno</em></strong></span> <span class='ocrx_word' id='word_1_324' title='bbox 482 2074 531 2101; x_wconf 88' lang='lat' dir='ltr'><strong><em>hos</em></strong></span> <span class='ocrx_word' id='word_1_325' title='bbox 544 2075 570 2100; x_wconf 84' lang='lat' dir='ltr'><strong><em>iit</em></strong></span> <span class='ocrx_word' id='word_1_326' title='bbox 585 2073 711 2101; x_wconf 74' lang='lat' dir='ltr'><strong><em>Genesim</em></strong></span> <span class='ocrx_word' id='word_1_327' title='bbox 726 2081 865 2101; x_wconf 84' lang='lat' dir='ltr'><strong><em>sermones</em></strong></span> <span class='ocrx_word' id='word_1_328' title='bbox 879 2074 932 2100; x_wconf 83' lang='lat' dir='ltr'><strong><em>An-</em></strong></span> 
     </span>
    </p>
   </div>
   <div class='ocr_carea' id='block_1_43' title="bbox 135 2119 932 2155">
    <p class='ocr_par' dir='ltr' id='par_1_43' title="bbox 135 2119 932 2155">
     <span class='ocr_line' id='line_1_43' title="bbox 135 2119 932 2155; baseline 0.001 -9"><span class='ocrx_word' id='word_1_329' title='bbox 135 2120 241 2148; x_wconf 72' lang='lat' dir='ltr'><strong><em>tiochia:</em></strong></span> <span class='ocrx_word' id='word_1_330' title='bbox 256 2120 380 2148; x_wconf 84' lang='lat' dir='ltr'><strong><em>habuerit</em></strong></span> <span class='ocrx_word' id='word_1_331' title='bbox 393 2119 607 2155; x_wconf 88' lang='lat' dir='ltr'><strong><em>Chrysostomus.</em></strong></span> <span class='ocrx_word' id='word_1_332' title='bbox 631 2119 659 2147; x_wconf 91' lang='lat' dir='ltr'><strong><em>ld</em></strong></span> <span class='ocrx_word' id='word_1_333' title='bbox 679 2127 760 2146; x_wconf 92' lang='lat' dir='ltr'><strong><em>unum</em></strong></span> <span class='ocrx_word' id='word_1_334' title='bbox 780 2120 838 2146; x_wconf 87' lang='lat' dir='ltr'><strong><em>sine</em></strong></span> <span class='ocrx_word' id='word_1_335' title='bbox 851 2119 932 2147; x_wconf 92' lang='lat' dir='ltr'><strong><em>dubio</em></strong></span> 
     </span>
    </p>
   </div>
   <div class='ocr_carea' id='block_1_44' title="bbox 135 2166 932 2201">
    <p class='ocr_par' dir='ltr' id='par_1_44' title="bbox 135 2166 932 2201">
     <span class='ocr_line' id='line_1_44' title="bbox 135 2166 932 2201; baseline 0.001 -9"><span class='ocrx_word' id='word_1_336' title='bbox 135 2166 252 2200; x_wconf 83' lang='lat' dir='ltr'><strong><em>scimus,</em></strong></span> <span class='ocrx_word' id='word_1_337' title='bbox 281 2174 406 2201; x_wconf 80' lang='lat' dir='ltr'><strong><em>magnam</em></strong></span> <span class='ocrx_word' id='word_1_338' title='bbox 430 2173 522 2194; x_wconf 91' lang='lat' dir='ltr'><strong><em>eorutn</em></strong></span> <span class='ocrx_word' id='word_1_339' title='bbox 548 2171 651 2200; x_wconf 87' lang='lat' dir='ltr'><strong><em>partetn</em></strong></span> <span class='ocrx_word' id='word_1_340' title='bbox 675 2166 701 2193; x_wconf 94' lang='lat' dir='ltr'><strong><em>in</em></strong></span> <span class='ocrx_word' id='word_1_341' title='bbox 724 2166 932 2201; x_wconf 81' lang='lat' dir='ltr'><strong><em>Quadragesima</em></strong></span> 
     </span>
    </p>
   </div>
   <div class='ocr_carea' id='block_1_45' title="bbox 135 2210 932 2246">
    <p class='ocr_par' dir='ltr' id='par_1_45' title="bbox 135 2210 932 2246">
     <span class='ocr_line' id='line_1_45' title="bbox 135 2210 932 2246; baseline 0.001 -9"><span class='ocrx_word' id='word_1_342' title='bbox 135 2210 233 2238; x_wconf 72' lang='lat' dir='ltr'><strong><em>dictam</em></strong></span> <span class='ocrx_word' id='word_1_343' title='bbox 259 2211 360 2245; x_wconf 77' lang='lat' dir='ltr'><strong><em>fuisse,</em></strong></span> <span class='ocrx_word' id='word_1_344' title='bbox 385 2211 511 2246; x_wconf 87' lang='lat' dir='ltr'><strong><em>illamque</em></strong></span> <span class='ocrx_word' id='word_1_345' title='bbox 533 2211 766 2246; x_wconf 84' lang='lat' dir='ltr'><strong><em>Quadragesimam</em></strong></span> <span class='ocrx_word' id='word_1_346' title='bbox 794 2219 847 2238; x_wconf 87' lang='lat' dir='ltr'><strong><em>nott</em></strong></span> <span class='ocrx_word' id='word_1_347' title='bbox 872 2218 932 2239; x_wconf 85' lang='lat' dir='ltr'><strong><em>esse</em></strong></span> 
     </span>
    </p>
   </div>
   <div class='ocr_carea' id='block_1_46' title="bbox 136 2255 930 2291">
    <p class='ocr_par' dir='ltr' id='par_1_46' title="bbox 136 2255 930 2291">
     <span class='ocr_line' id='line_1_46' title="bbox 136 2255 930 2291; baseline 0.005 -11"><span class='ocrx_word' id='word_1_348' title='bbox 136 2256 197 2282; x_wconf 80' lang='lat' dir='ltr'><strong><em>anni</em></strong></span> <span class='ocrx_word' id='word_1_349' title='bbox 215 2257 278 2288; x_wconf 71' lang='lat'><strong><em>586,</em></strong></span> <span class='ocrx_word' id='word_1_350' title='bbox 294 2257 384 2291; x_wconf 90' lang='lat' dir='ltr'><strong><em>inqua</em></strong></span> <span class='ocrx_word' id='word_1_351' title='bbox 398 2262 459 2283; x_wconf 86' lang='lat' dir='ltr'><strong><em>octo</em></strong></span> <span class='ocrx_word' id='word_1_352' title='bbox 479 2255 513 2284; x_wconf 89' lang='lat' dir='ltr'><strong><em>ab</em></strong></span> <span class='ocrx_word' id='word_1_353' title='bbox 532 2256 572 2284; x_wconf 90' lang='lat' dir='ltr'><strong><em>Itis</em></strong></span> <span class='ocrx_word' id='word_1_354' title='bbox 591 2256 710 2284; x_wconf 79' lang='lat' dir='ltr'><strong><em>diversos</em></strong></span> <span class='ocrx_word' id='word_1_355' title='bbox 723 2256 814 2284; x_wconf 83' lang='lat' dir='ltr'><strong><em>habuit</em></strong></span> <span class='ocrx_word' id='word_1_356' title='bbox 826 2264 930 2284; x_wconf 74' lang='lat' dir='ltr'><strong><em>sermo-</em></strong></span> 
     </span>
    </p>
   </div>
   <div class='ocr_carea' id='block_1_47' title="bbox 138 2302 932 2339">
    <p class='ocr_par' dir='ltr' id='par_1_47' title="bbox 138 2302 932 2339">
     <span class='ocr_line' id='line_1_47' title="bbox 138 2302 932 2339; baseline 0.005 -13"><span class='ocrx_word' id='word_1_357' title='bbox 138 2308 200 2333; x_wconf 83' lang='lat' dir='ltr'><strong><em>nes;</em></strong></span> <span class='ocrx_word' id='word_1_358' title='bbox 224 2310 313 2337; x_wconf 90' lang='lat' dir='ltr'><strong><em>neque</em></strong></span> <span class='ocrx_word' id='word_1_359' title='bbox 333 2302 395 2329; x_wconf 89' lang='lat' dir='ltr'><strong><em>anni</em></strong></span> <span class='ocrx_word' id='word_1_360' title='bbox 417 2302 479 2336; x_wconf 75' lang='lat'><strong><em>387,</em></strong></span> <span class='ocrx_word' id='word_1_361' title='bbox 495 2310 574 2337; x_wconf 80' lang='lat' dir='ltr'><strong><em>quant</em></strong></span> <span class='ocrx_word' id='word_1_362' title='bbox 599 2310 665 2337; x_wconf 87' lang='lat' dir='ltr'><strong><em>pene</em></strong></span> <span class='ocrx_word' id='word_1_363' title='bbox 685 2307 765 2330; x_wconf 86' lang='lat' dir='ltr'><strong><em>totam</em></strong></span> <span class='ocrx_word' id='word_1_364' title='bbox 788 2303 815 2330; x_wconf 92' lang='lat' dir='ltr'><strong><em>in</em></strong></span> <span class='ocrx_word' id='word_1_365' title='bbox 836 2303 932 2339; x_wconf 84' lang='lat' dir='ltr'><strong><em>deplo-</em></strong></span> 
     </span>
    </p>
   </div>
   <div class='ocr_carea' id='block_1_48' title="bbox 139 2346 931 2377">
    <p class='ocr_par' dir='ltr' id='par_1_48' title="bbox 139 2346 931 2377">
     <span class='ocr_line' id='line_1_48' title="bbox 139 2346 931 2377; baseline 0.008 -6"><span class='ocrx_word' id='word_1_366' title='bbox 139 2346 221 2374; x_wconf 74' lang='lat' dir='ltr'><strong><em>randa</em></strong></span> <span class='ocrx_word' id='word_1_367' title='bbox 243 2348 468 2375; x_wconf 71' lang='lat' dir='ltr'><strong><em>Antiochenorum</em></strong></span> <span class='ocrx_word' id='word_1_368' title='bbox 481 2347 516 2375; x_wconf 91' lang='lat' dir='ltr'><strong><em>ob</em></strong></span> <span class='ocrx_word' id='word_1_369' title='bbox 529 2355 638 2375; x_wconf 85' lang='lat' dir='ltr'><strong><em>eversas</em></strong></span> <span class='ocrx_word' id='word_1_370' title='bbox 657 2353 757 2376; x_wconf 84' lang='lat' dir='ltr'><strong><em>statuas</em></strong></span> <span class='ocrx_word' id='word_1_371' title='bbox 780 2348 931 2377; x_wconf 81' lang='lat' dir='ltr'><strong><em>calamitate</em></strong></span> 
     </span>
    </p>
   </div>
   <div class='ocr_carea' id='block_1_49' title="bbox 138 2386 633 2428">
    <p class='ocr_par' dir='ltr' id='par_1_49' title="bbox 138 2386 633 2428">
     <span class='ocr_line' id='line_1_49' title="bbox 138 2386 633 2428; baseline 0.008 -11"><span class='ocrx_word' id='word_1_372' title='bbox 138 2392 294 2428; x_wconf 76' lang='lat' dir='ltr'><strong><em>absumpsit.</em></strong></span> <span class='ocrx_word' id='word_1_373' title='bbox 629 2386 633 2389; x_wconf 55' lang='grc'><em>’</em></span> 
     </span>
    </p>
   </div>
   <div class='ocr_carea' id='block_1_50' title="bbox 171 2438 931 2478">
    <p class='ocr_par' dir='ltr' id='par_1_50' title="bbox 171 2438 931 2478">
     <span class='ocr_line' id='line_1_50' title="bbox 171 2438 931 2478; baseline 0.007 -13"><span class='ocrx_word' id='word_1_374' title='bbox 171 2438 254 2467; x_wconf 83' lang='lat' dir='ltr'><strong><em>Certo</em></strong></span> <span class='ocrx_word' id='word_1_375' title='bbox 266 2445 371 2468; x_wconf 89' lang='lat' dir='ltr'><strong><em>constat</em></strong></span> <span class='ocrx_word' id='word_1_376' title='bbox 385 2441 464 2468; x_wconf 83' lang='lat' dir='ltr'><strong><em>etiam</em></strong></span> <span class='ocrx_word' id='word_1_377' title='bbox 479 2441 577 2469; x_wconf 85' lang='lat' dir='ltr'><strong><em>multas</em></strong></span> <span class='ocrx_word' id='word_1_378' title='bbox 591 2442 656 2469; x_wconf 83' lang='lat' dir='ltr'><strong><em>alias</em></strong></span> <span class='ocrx_word' id='word_1_379' title='bbox 671 2441 768 2469; x_wconf 81' lang='lat' dir='ltr'><strong><em>diversi</em></strong></span> <span class='ocrx_word' id='word_1_380' title='bbox 782 2442 931 2478; x_wconf 82' lang='lat' dir='ltr'><strong><em>argumenti</em></strong></span> 
     </span>
    </p>
   </div>
   <div class='ocr_carea' id='block_1_51' title="bbox 137 2482 933 2523">
    <p class='ocr_par' dir='ltr' id='par_1_51' title="bbox 137 2482 933 2523">
     <span class='ocr_line' id='line_1_51' title="bbox 137 2482 933 2523; baseline 0.008 -14"><span class='ocrx_word' id='word_1_381' title='bbox 137 2482 264 2513; x_wconf 62' lang='lat' dir='ltr'><strong><em>habuisse</em></strong></span> <span class='ocrx_word' id='word_1_382' title='bbox 285 2486 409 2513; x_wconf 89' lang='lat' dir='ltr'><strong><em>homilias</em></strong></span> <span class='ocrx_word' id='word_1_383' title='bbox 428 2486 644 2523; x_wconf 89' lang='lat' dir='ltr'><strong><em>Chrysostomum</em></strong></span> <span class='ocrx_word' id='word_1_384' title='bbox 663 2488 813 2516; x_wconf 89' lang='lat' dir='ltr'><strong><em>intermisso</em></strong></span> <span class='ocrx_word' id='word_1_385' title='bbox 825 2488 933 2515; x_wconf 90' lang='lat' dir='ltr'><strong><em>concio-</em></strong></span> 
     </span>
    </p>
   </div>
   <div class='ocr_carea' id='block_1_52' title="bbox 136 2532 932 2568">
    <p class='ocr_par' dir='ltr' id='par_1_52' title="bbox 136 2532 932 2568">
     <span class='ocr_line' id='line_1_52' title="bbox 136 2532 932 2568; baseline 0.009 -13"><span class='ocrx_word' id='word_1_386' title='bbox 136 2537 201 2557; x_wconf 89' lang='lat' dir='ltr'><strong><em>ttum</em></strong></span> <span class='ocrx_word' id='word_1_387' title='bbox 218 2532 246 2559; x_wconf 90' lang='lat' dir='ltr'><strong><em>in</em></strong></span> <span class='ocrx_word' id='word_1_388' title='bbox 255 2532 380 2560; x_wconf 83' lang='lat' dir='ltr'><strong><em>Genesim</em></strong></span> <span class='ocrx_word' id='word_1_389' title='bbox 394 2541 482 2566; x_wconf 75' lang='lat' dir='ltr'><strong><em>cursu,</em></strong></span> <span class='ocrx_word' id='word_1_390' title='bbox 496 2538 523 2560; x_wconf 88' lang='lat' dir='ltr'><strong><em>ut</em></strong></span> <span class='ocrx_word' id='word_1_391' title='bbox 540 2534 565 2561; x_wconf 82' lang='lat' dir='ltr'><strong><em>iit</em></strong></span> <span class='ocrx_word' id='word_1_392' title='bbox 580 2542 674 2568; x_wconf 78' lang='lat' dir='ltr'><strong><em>magna</em></strong></span> <span class='ocrx_word' id='word_1_393' title='bbox 687 2539 713 2562; x_wconf 88' lang='lat' dir='ltr'><strong><em>et</em></strong></span> <span class='ocrx_word' id='word_1_394' title='bbox 726 2539 815 2561; x_wconf 82' lang='lat' dir='ltr'><strong><em>sancta</em></strong></span> <span class='ocrx_word' id='word_1_395' title='bbox 831 2534 932 2562; x_wconf 86' lang='lat' dir='ltr'><strong><em>hebdo-</em></strong></span> 
     </span>
    </p>
   </div>
   <div class='ocr_carea' id='block_1_53' title="bbox 135 2576 930 2614">
    <p class='ocr_par' dir='ltr' id='par_1_53' title="bbox 135 2576 930 2614">
     <span class='ocr_line' id='line_1_53' title="bbox 135 2576 930 2614; baseline 0.009 -13"><span class='ocrx_word' id='word_1_396' title='bbox 135 2576 215 2603; x_wconf 83' lang='lat' dir='ltr'><strong><em>mada</em></strong></span> <span class='ocrx_word' id='word_1_397' title='bbox 231 2577 264 2605; x_wconf 90' lang='lat' dir='ltr'><strong><em>de</em></strong></span> <span class='ocrx_word' id='word_1_398' title='bbox 275 2578 342 2606; x_wconf 83' lang='lat' dir='ltr'><strong><em>Juda</em></strong></span> <span class='ocrx_word' id='word_1_399' title='bbox 355 2579 499 2614; x_wconf 85' lang='lat' dir='ltr'><strong><em>proditore,</em></strong></span> <span class='ocrx_word' id='word_1_400' title='bbox 511 2580 536 2606; x_wconf 90' lang='lat' dir='ltr'><strong><em>in</em></strong></span> <span class='ocrx_word' id='word_1_401' title='bbox 548 2579 675 2607; x_wconf 76' lang='lat' dir='ltr'><strong><em>Paschate</em></strong></span> <span class='ocrx_word' id='word_1_402' title='bbox 685 2585 776 2608; x_wconf 85' lang='lat' dir='ltr'><strong><em>contra</em></strong></span> <span class='ocrx_word' id='word_1_403' title='bbox 793 2580 930 2614; x_wconf 78' lang='lat' dir='ltr'><strong><em>Ebriosus,</em></strong></span> 
     </span>
    </p>
   </div>
   <div class='ocr_carea' id='block_1_54' title="bbox 137 2623 932 2661">
    <p class='ocr_par' dir='ltr' id='par_1_54' title="bbox 137 2623 932 2661">
     <span class='ocr_line' id='line_1_54' title="bbox 137 2623 932 2661; baseline 0.009 -14"><span class='ocrx_word' id='word_1_404' title='bbox 137 2627 199 2653; x_wconf 72' lang='lat' dir='ltr'><strong><em>pust</em></strong></span> <span class='ocrx_word' id='word_1_405' title='bbox 225 2623 326 2651; x_wconf 82' lang='lat' dir='ltr'><strong><em>Pascha</em></strong></span> <span class='ocrx_word' id='word_1_406' title='bbox 347 2624 470 2652; x_wconf 73' lang='lat' dir='ltr'><strong><em>llomilias</em></strong></span> <span class='ocrx_word' id='word_1_407' title='bbox 491 2626 606 2661; x_wconf 85' lang='lat' dir='ltr'><strong><em>quinque</em></strong></span> <span class='ocrx_word' id='word_1_408' title='bbox 627 2627 653 2652; x_wconf 86' lang='lat' dir='ltr'><strong><em>iit</em></strong></span> <span class='ocrx_word' id='word_1_409' title='bbox 674 2626 836 2661; x_wconf 88' lang='lat' dir='ltr'><strong><em>Prittcipium</em></strong></span> <span class='ocrx_word' id='word_1_410' title='bbox 851 2627 932 2654; x_wconf 86' lang='lat' dir='ltr'><strong><em>Acto-</em></strong></span> 
     </span>
    </p>
   </div>
   <div class='ocr_carea' id='block_1_55' title="bbox 137 2671 930 2706">
    <p class='ocr_par' dir='ltr' id='par_1_55' title="bbox 137 2671 930 2706">
     <span class='ocr_line' id='line_1_55' title="bbox 137 2671 930 2706; baseline 0.01 -13"><span class='ocrx_word' id='word_1_411' title='bbox 137 2674 209 2699; x_wconf 76' lang='lat' dir='ltr'><strong><em>rum,</em></strong></span> <span class='ocrx_word' id='word_1_412' title='bbox 225 2675 253 2697; x_wconf 85' lang='lat' dir='ltr'><strong><em>et</em></strong></span> <span class='ocrx_word' id='word_1_413' title='bbox 265 2671 388 2698; x_wconf 86' lang='lat' dir='ltr'><strong><em>homilias</em></strong></span> <span class='ocrx_word' id='word_1_414' title='bbox 398 2676 509 2706; x_wconf 90' lang='lat' dir='ltr'><strong><em>quatuor</em></strong></span> <span class='ocrx_word' id='word_1_415' title='bbox 518 2672 551 2700; x_wconf 92' lang='lat' dir='ltr'><strong><em>de</em></strong></span> <span class='ocrx_word' id='word_1_416' title='bbox 561 2672 704 2700; x_wconf 83' lang='lat' dir='ltr'><strong><em>Mutationc</em></strong></span> <span class='ocrx_word' id='word_1_417' title='bbox 715 2673 861 2700; x_wconf 89' lang='lat' dir='ltr'><strong><em>nominum.</em></strong></span> <span class='ocrx_word' id='word_1_418' title='bbox 873 2673 930 2701; x_wconf 88' lang='lat' dir='ltr'><strong><em>Utta</em></strong></span> 
     </span>
    </p>
   </div>
   <div class='ocr_carea' id='block_1_56' title="bbox 138 2716 929 2755">
    <p class='ocr_par' dir='ltr' id='par_1_56' title="bbox 138 2716 929 2755">
     <span class='ocr_line' id='line_1_56' title="bbox 138 2716 929 2755; baseline 0.013 -18"><span class='ocrx_word' id='word_1_419' title='bbox 138 2718 205 2740; x_wconf 70' lang='lat' dir='ltr'><strong><em>vero</em></strong></span> <span class='ocrx_word' id='word_1_420' title='bbox 223 2717 292 2744; x_wconf 85' lang='lat' dir='ltr'><strong><em>serie</em></strong></span> <span class='ocrx_word' id='word_1_421' title='bbox 314 2716 439 2744; x_wconf 85' lang='lat' dir='ltr'><strong><em>bomilias</em></strong></span> <span class='ocrx_word' id='word_1_422' title='bbox 461 2718 564 2752; x_wconf 81' lang='lat' dir='ltr'><strong><em>triginta</em></strong></span> <span class='ocrx_word' id='word_1_423' title='bbox 581 2718 647 2746; x_wconf 86' lang='lat' dir='ltr'><strong><em>duas</em></strong></span> <span class='ocrx_word' id='word_1_424' title='bbox 663 2718 689 2745; x_wconf 93' lang='lat' dir='ltr'><strong><em>in</em></strong></span> <span class='ocrx_word' id='word_1_425' title='bbox 702 2718 906 2755; x_wconf 82' lang='lat' dir='ltr'><strong><em>Quadragesima</em></strong></span> <span class='ocrx_word' id='word_1_426' title='bbox 921 2728 929 2747; x_wconf 87' lang='lat'><strong>:</strong></span> 
     </span>
    </p>
   </div>
   <div class='ocr_carea' id='block_1_57' title="bbox 140 2759 931 2800">
    <p class='ocr_par' dir='ltr' id='par_1_57' title="bbox 140 2759 931 2800">
     <span class='ocr_line' id='line_1_57' title="bbox 140 2759 931 2800; baseline 0.011 -15"><span class='ocrx_word' id='word_1_427' title='bbox 140 2759 161 2783; x_wconf 69' lang='lat' dir='ltr'><strong><em>si</em></strong></span> <span class='ocrx_word' id='word_1_428' title='bbox 178 2760 290 2791; x_wconf 69' lang='lat' dir='ltr'><strong><em>alterius</em></strong></span> <span class='ocrx_word' id='word_1_429' title='bbox 305 2764 455 2799; x_wconf 70' lang='lat' dir='ltr'><strong><em>argumenti</em></strong></span> <span class='ocrx_word' id='word_1_430' title='bbox 469 2763 580 2792; x_wconf 74' lang='lat' dir='ltr'><strong><em>humilia:</em></strong></span> <span class='ocrx_word' id='word_1_431' title='bbox 595 2765 724 2800; x_wconf 65' lang='lat' dir='ltr'><strong><em>qumpiam</em></strong></span> <span class='ocrx_word' id='word_1_432' title='bbox 741 2765 810 2793; x_wconf 87' lang='lat' dir='ltr'><strong><em>ltttnc</em></strong></span> <span class='ocrx_word' id='word_1_433' title='bbox 823 2774 931 2794; x_wconf 84' lang='lat' dir='ltr'><strong><em>cursum</em></strong></span> 
     </span>
    </p>
   </div>
   <div class='ocr_carea' id='block_1_58' title="bbox 143 2803 932 2847">
    <p class='ocr_par' dir='ltr' id='par_1_58' title="bbox 143 2803 932 2847">
     <span class='ocr_line' id='line_1_58' title="bbox 143 2803 932 2847; baseline 0.015 -18"><span class='ocrx_word' id='word_1_434' title='bbox 143 2803 368 2841; x_wconf 74' lang='lat' dir='ltr'><strong><em>interpellaverint</em></strong></span> <span class='ocrx_word' id='word_1_435' title='bbox 379 2831 386 2842; x_wconf 82' lang='lat'>.</span> <span class='ocrx_word' id='word_1_436' title='bbox 403 2817 441 2836; x_wconf 76' lang='lat' dir='ltr'><strong><em>ea:</em></strong></span> <span class='ocrx_word' id='word_1_437' title='bbox 453 2809 504 2843; x_wconf 79' lang='lat' dir='ltr'><strong><em>jam</em></strong></span> <span class='ocrx_word' id='word_1_438' title='bbox 519 2819 568 2838; x_wconf 87' lang='lat' dir='ltr'><strong><em>non</em></strong></span> <span class='ocrx_word' id='word_1_439' title='bbox 582 2815 694 2838; x_wconf 73' lang='lat' dir='ltr'><strong><em>exstant.</em></strong></span> <span class='ocrx_word' id='word_1_440' title='bbox 711 2811 804 2846; x_wconf 73' lang='lat' dir='ltr'><strong><em>Opera:</em></strong></span> <span class='ocrx_word' id='word_1_441' title='bbox 820 2813 932 2847; x_wconf 86' lang='lat' dir='ltr'><strong><em>pretium</em></strong></span> 
     </span>
    </p>
   </div>
   <div class='ocr_carea' id='block_1_59' title="bbox 143 2854 932 2893">
    <p class='ocr_par' dir='ltr' id='par_1_59' title="bbox 143 2854 932 2893">
     <span class='ocr_line' id='line_1_59' title="bbox 143 2854 932 2893; baseline 0.01 -14"><span class='ocrx_word' id='word_1_442' title='bbox 143 2856 234 2880; x_wconf 66' lang='lat' dir='ltr'><strong><em>Intern</em></strong></span> <span class='ocrx_word' id='word_1_443' title='bbox 255 2854 328 2882; x_wconf 73' lang='lat' dir='ltr'><strong><em>interit</em></strong></span> <span class='ocrx_word' id='word_1_444' title='bbox 344 2856 450 2882; x_wconf 86' lang='lat' dir='ltr'><strong><em>illarum</em></strong></span> <span class='ocrx_word' id='word_1_445' title='bbox 466 2863 511 2889; x_wconf 85' lang='lat' dir='ltr'><strong><em>per</em></strong></span> <span class='ocrx_word' id='word_1_446' title='bbox 520 2855 749 2893; x_wconf 70' lang='lat' dir='ltr'><strong><em>Quadragesitnam</em></strong></span> <span class='ocrx_word' id='word_1_447' title='bbox 765 2859 932 2888; x_wconf 87' lang='lat' dir='ltr'><strong><em>ltomiliaruttt</em></strong></span> 
     </span>
    </p>
   </div>
   <div class='ocr_carea' id='block_1_60' title="bbox 144 2896 928 2941">
    <p class='ocr_par' dir='ltr' id='par_1_60' title="bbox 144 2896 928 2941">
     <span class='ocr_line' id='line_1_60' title="bbox 144 2896 928 2941; baseline 0.022 -21"><span class='ocrx_word' id='word_1_448' title='bbox 144 2896 278 2934; x_wconf 70' lang='lat' dir='ltr'><strong><em>ordinem,</em></strong></span> <span class='ocrx_word' id='word_1_449' title='bbox 291 2906 317 2928; x_wconf 85' lang='lat' dir='ltr'><strong><em>et</em></strong></span> <span class='ocrx_word' id='word_1_450' title='bbox 336 2905 436 2936; x_wconf 72' lang='lat' dir='ltr'><strong><em>quanto</em></strong></span> <span class='ocrx_word' id='word_1_451' title='bbox 452 2901 538 2936; x_wconf 82' lang='lat' dir='ltr'><strong><em>elapso</em></strong></span> <span class='ocrx_word' id='word_1_452' title='bbox 552 2904 676 2939; x_wconf 81' lang='lat' dir='ltr'><strong><em>temporis</em></strong></span> <span class='ocrx_word' id='word_1_453' title='bbox 693 2906 777 2941; x_wconf 69' lang='lat' dir='ltr'><strong><em>spatio</em></strong></span> <span class='ocrx_word' id='word_1_454' title='bbox 791 2907 839 2934; x_wconf 86' lang='lat' dir='ltr'><strong><em>alia</em></strong></span> <span class='ocrx_word' id='word_1_455' title='bbox 851 2907 928 2937; x_wconf 83' lang='lat' dir='ltr'><strong><em>aliam</em></strong></span> 
     </span>
    </p>
   </div>
   <div class='ocr_carea' id='block_1_61' title="bbox 1731 180 1778 208">
    <p class='ocr_par' dir='ltr' id='par_1_61' title="bbox 1731 180 1778 208">
     <span class='ocr_line' id='line_1_61' title="bbox 1731 180 1778 208; baseline 0 0"><span class='ocrx_word' id='word_1_456' title='bbox 1731 180 1778 208; x_wconf 73' lang='lat' dir='ltr'><strong><em>lZS</em></strong></span> 
     </span>
    </p>
   </div>
   <div class='ocr_carea' id='block_1_62' title="bbox 982 235 1489 272">
    <p class='ocr_par' dir='ltr' id='par_1_62' title="bbox 982 235 1489 272">
     <span class='ocr_line' id='line_1_62' title="bbox 982 235 1489 272; baseline 0.012 -12"><span class='ocrx_word' id='word_1_457' title='bbox 982 240 1092 268; x_wconf 80' lang='lat' dir='ltr'><strong><em>sequuta</em></strong></span> <span class='ocrx_word' id='word_1_458' title='bbox 1103 235 1147 269; x_wconf 84' lang='lat' dir='ltr'><strong><em>sit,</em></strong></span> <span class='ocrx_word' id='word_1_459' title='bbox 1161 235 1203 263; x_wconf 87' lang='lat' dir='ltr'><strong><em>hic</em></strong></span> <span class='ocrx_word' id='word_1_460' title='bbox 1215 236 1304 271; x_wconf 86' lang='lat' dir='ltr'><strong><em>paucis</em></strong></span> <span class='ocrx_word' id='word_1_461' title='bbox 1314 236 1489 272; x_wconf 82' lang='lat' dir='ltr'><strong><em>perscribere.</em></strong></span> 
     </span>
    </p>
   </div>
   <div class='ocr_carea' id='block_1_63' title="bbox 1017 281 1776 323">
    <p class='ocr_par' dir='ltr' id='par_1_63' title="bbox 1017 281 1776 323">
     <span class='ocr_line' id='line_1_63' title="bbox 1017 281 1776 323; baseline 0.009 -15"><span class='ocrx_word' id='word_1_462' title='bbox 1017 281 1106 309; x_wconf 87' lang='lat' dir='ltr'><strong><em>Prima</em></strong></span> <span class='ocrx_word' id='word_1_463' title='bbox 1121 283 1216 310; x_wconf 87' lang='lat' dir='ltr'><strong><em>concio</em></strong></span> <span class='ocrx_word' id='word_1_464' title='bbox 1231 283 1300 310; x_wconf 90' lang='lat' dir='ltr'><strong><em>dicta</em></strong></span> <span class='ocrx_word' id='word_1_465' title='bbox 1317 283 1366 311; x_wconf 77' lang='lat' dir='ltr'><strong><em>fuit</em></strong></span> <span class='ocrx_word' id='word_1_466' title='bbox 1387 284 1525 312; x_wconf 86' lang='lat' dir='ltr'><strong><em>Dominica</em></strong></span> <span class='ocrx_word' id='word_1_467' title='bbox 1545 285 1603 318; x_wconf 87' lang='lat' dir='ltr'><strong><em>die,</em></strong></span> <span class='ocrx_word' id='word_1_468' title='bbox 1618 294 1676 320; x_wconf 69' lang='lat' dir='ltr'><strong><em>qua:</em></strong></span> <span class='ocrx_word' id='word_1_469' title='bbox 1691 287 1776 323; x_wconf 78' lang='grc' dir='ltr'><strong><em>οιιὶη-</em></strong></span> 
     </span>
    </p>
   </div>
   <div class='ocr_carea' id='block_1_64' title="bbox 981 328 1776 370">
    <p class='ocr_par' dir='ltr' id='par_1_64' title="bbox 981 328 1776 370">
     <span class='ocr_line' id='line_1_64' title="bbox 981 328 1776 370; baseline 0.009 -16"><span class='ocrx_word' id='word_1_470' title='bbox 981 328 1142 362; x_wconf 72' lang='lat' dir='ltr'><strong><em>quagesimte</em></strong></span> <span class='ocrx_word' id='word_1_471' title='bbox 1156 337 1238 364; x_wconf 82' lang='lat' dir='ltr'><strong><em>penes</em></strong></span> <span class='ocrx_word' id='word_1_472' title='bbox 1252 338 1300 357; x_wconf 89' lang='lat' dir='ltr'><strong><em>nos</em></strong></span> <span class='ocrx_word' id='word_1_473' title='bbox 1314 336 1433 364; x_wconf 89' lang='lat' dir='ltr'><strong><em>vocatur,</em></strong></span> <span class='ocrx_word' id='word_1_474' title='bbox 1447 337 1588 367; x_wconf 85' lang='lat' dir='ltr'><strong><em>antequam</em></strong></span> <span class='ocrx_word' id='word_1_475' title='bbox 1603 333 1776 370; x_wconf 79' lang='lat' dir='ltr'><strong><em>quadragesi-</em></strong></span> 
     </span>
    </p>
   </div>
   <div class='ocr_carea' id='block_1_65' title="bbox 983 373 1776 415">
    <p class='ocr_par' dir='ltr' id='par_1_65' title="bbox 983 373 1776 415">
     <span class='ocr_line' id='line_1_65' title="bbox 983 373 1776 415; baseline 0.01 -17"><span class='ocrx_word' id='word_1_476' title='bbox 983 373 1052 400; x_wconf 86' lang='lat' dir='ltr'><strong><em>male</em></strong></span> <span class='ocrx_word' id='word_1_477' title='bbox 1071 373 1202 408; x_wconf 79' lang='lat' dir='ltr'><strong><em>jejunium</em></strong></span> <span class='ocrx_word' id='word_1_478' title='bbox 1224 375 1351 409; x_wconf 85' lang='lat' dir='ltr'><strong><em>iniretur;</em></strong></span> <span class='ocrx_word' id='word_1_479' title='bbox 1375 377 1500 409; x_wconf 88' lang='lat' dir='ltr'><strong><em>secunda,</em></strong></span> <span class='ocrx_word' id='word_1_480' title='bbox 1519 377 1563 405; x_wconf 85' lang='lat' dir='ltr'><strong><em>die</em></strong></span> <span class='ocrx_word' id='word_1_481' title='bbox 1584 378 1705 413; x_wconf 84' lang='lat' dir='ltr'><strong><em>sequenti</em></strong></span> <span class='ocrx_word' id='word_1_482' title='bbox 1724 386 1776 415; x_wconf 87' lang='lat' dir='ltr'><strong><em>qua</em></strong></span> 
     </span>
    </p>
   </div>
   <div class='ocr_carea' id='block_1_66' title="bbox 980 418 1776 458">
    <p class='ocr_par' dir='ltr' id='par_1_66' title="bbox 980 418 1776 458">
     <span class='ocr_line' id='line_1_66' title="bbox 980 418 1776 458; baseline 0.009 -13"><span class='ocrx_word' id='word_1_483' title='bbox 980 418 1111 454; x_wconf 85' lang='lat' dir='ltr'><strong><em>jejunium</em></strong></span> <span class='ocrx_word' id='word_1_484' title='bbox 1126 420 1320 456; x_wconf 86' lang='lat' dir='ltr'><strong><em>incipiebatur;</em></strong></span> <span class='ocrx_word' id='word_1_485' title='bbox 1334 421 1410 450; x_wconf 89' lang='lat' dir='ltr'><strong><em>tertia</em></strong></span> <span class='ocrx_word' id='word_1_486' title='bbox 1427 427 1453 450; x_wconf 90' lang='lat' dir='ltr'><strong><em>et</em></strong></span> <span class='ocrx_word' id='word_1_487' title='bbox 1466 428 1558 458; x_wconf 88' lang='lat' dir='ltr'><strong><em>quarta</em></strong></span> <span class='ocrx_word' id='word_1_488' title='bbox 1573 424 1599 451; x_wconf 89' lang='lat' dir='ltr'><strong><em>itt</em></strong></span> <span class='ocrx_word' id='word_1_489' title='bbox 1614 424 1688 452; x_wconf 79' lang='lat' dir='ltr'><strong><em>feriis</em></strong></span> <span class='ocrx_word' id='word_1_490' title='bbox 1700 425 1776 452; x_wconf 87' lang='lat' dir='ltr'><strong><em>tertia</em></strong></span> 
     </span>
    </p>
   </div>
   <div class='ocr_carea' id='block_1_67' title="bbox 982 466 1775 503">
    <p class='ocr_par' dir='ltr' id='par_1_67' title="bbox 982 466 1775 503">
     <span class='ocr_line' id='line_1_67' title="bbox 982 466 1775 503; baseline 0.009 -12"><span class='ocrx_word' id='word_1_491' title='bbox 982 469 1009 492; x_wconf 86' lang='lat' dir='ltr'><strong><em>ct</em></strong></span> <span class='ocrx_word' id='word_1_492' title='bbox 1023 470 1115 500; x_wconf 89' lang='lat' dir='ltr'><strong><em>quarta</em></strong></span> <span class='ocrx_word' id='word_1_493' title='bbox 1128 475 1135 493; x_wconf 88' lang='lat'><strong>:</strong></span> <span class='ocrx_word' id='word_1_494' title='bbox 1149 466 1191 494; x_wconf 64' lang='lat' dir='ltr'><strong><em>ha:</em></strong></span> <span class='ocrx_word' id='word_1_495' title='bbox 1203 468 1372 495; x_wconf 87' lang='lat' dir='ltr'><strong><em>continenter</em></strong></span> <span class='ocrx_word' id='word_1_496' title='bbox 1384 468 1493 503; x_wconf 73' lang='lat' dir='ltr'><strong><em>singulis</em></strong></span> <span class='ocrx_word' id='word_1_497' title='bbox 1507 469 1600 496; x_wconf 84' lang='lat' dir='ltr'><strong><em>diebus</em></strong></span> <span class='ocrx_word' id='word_1_498' title='bbox 1613 470 1690 498; x_wconf 74' lang='lat' dir='ltr'><strong><em>dictte</em></strong></span> <span class='ocrx_word' id='word_1_499' title='bbox 1703 475 1775 498; x_wconf 89' lang='lat' dir='ltr'><strong><em>sunt.</em></strong></span> 
     </span>
    </p>
   </div>
   <div class='ocr_carea' id='block_1_68' title="bbox 983 510 1776 552">
    <p class='ocr_par' dir='ltr' id='par_1_68' title="bbox 983 510 1776 552">
     <span class='ocr_line' id='line_1_68' title="bbox 983 510 1776 552; baseline 0.009 -15"><span class='ocrx_word' id='word_1_500' title='bbox 983 510 1115 539; x_wconf 86' lang='lat' dir='ltr'><strong><em>Incertum</em></strong></span> <span class='ocrx_word' id='word_1_501' title='bbox 1129 520 1191 540; x_wconf 75' lang='lat' dir='ltr'><strong><em>vero</em></strong></span> <span class='ocrx_word' id='word_1_502' title='bbox 1206 517 1257 546; x_wconf 76' lang='lat' dir='ltr'><strong><em>est,</em></strong></span> <span class='ocrx_word' id='word_1_503' title='bbox 1272 518 1359 540; x_wconf 91' lang='lat' dir='ltr'><strong><em>utrum</em></strong></span> <span class='ocrx_word' id='word_1_504' title='bbox 1383 514 1453 542; x_wconf 84' lang='lat' dir='ltr'><strong><em>inter</em></strong></span> <span class='ocrx_word' id='word_1_505' title='bbox 1473 520 1593 549; x_wconf 84' lang='lat' dir='ltr'><strong><em>quartam</em></strong></span> <span class='ocrx_word' id='word_1_506' title='bbox 1613 521 1639 543; x_wconf 85' lang='lat' dir='ltr'><strong><em>et</em></strong></span> <span class='ocrx_word' id='word_1_507' title='bbox 1657 517 1776 552; x_wconf 84' lang='lat' dir='ltr'><strong><em>quintam</em></strong></span> 
     </span>
    </p>
   </div>
   <div class='ocr_carea' id='block_1_69' title="bbox 983 555 1776 593">
    <p class='ocr_par' dir='ltr' id='par_1_69' title="bbox 983 555 1776 593">
     <span class='ocr_line' id='line_1_69' title="bbox 983 555 1776 593; baseline 0.009 -10"><span class='ocrx_word' id='word_1_508' title='bbox 983 555 1119 584; x_wconf 89' lang='lat' dir='ltr'><strong><em>ltomiliam</em></strong></span> <span class='ocrx_word' id='word_1_509' title='bbox 1140 557 1227 593; x_wconf 92' lang='lat' dir='ltr'><strong><em>aliqua</em></strong></span> <span class='ocrx_word' id='word_1_510' title='bbox 1247 558 1305 586; x_wconf 89' lang='lat' dir='ltr'><strong><em>dies</em></strong></span> <span class='ocrx_word' id='word_1_511' title='bbox 1328 559 1519 592; x_wconf 87' lang='lat' dir='ltr'><strong><em>intercesserit,</em></strong></span> <span class='ocrx_word' id='word_1_512' title='bbox 1533 562 1717 589; x_wconf 87' lang='lat' dir='ltr'><strong><em>autconcione</em></strong></span> <span class='ocrx_word' id='word_1_513' title='bbox 1730 570 1776 590; x_wconf 82' lang='lat' dir='ltr'><strong><em>va-</em></strong></span> 
     </span>
    </p>
   </div>
   <div class='ocr_carea' id='block_1_70' title="bbox 983 604 1776 643">
    <p class='ocr_par' dir='ltr' id='par_1_70' title="bbox 983 604 1776 643">
     <span class='ocr_line' id='line_1_70' title="bbox 983 604 1776 643; baseline 0.008 -13"><span class='ocrx_word' id='word_1_514' title='bbox 983 610 1042 635; x_wconf 89' lang='lat' dir='ltr'><strong><em>cua,</em></strong></span> <span class='ocrx_word' id='word_1_515' title='bbox 1058 608 1103 631; x_wconf 89' lang='lat' dir='ltr'><strong><em>aut</em></strong></span> <span class='ocrx_word' id='word_1_516' title='bbox 1119 604 1152 631; x_wconf 87' lang='lat' dir='ltr'><strong><em>ad</em></strong></span> <span class='ocrx_word' id='word_1_517' title='bbox 1170 605 1242 632; x_wconf 86' lang='lat' dir='ltr'><strong><em>aliud</em></strong></span> <span class='ocrx_word' id='word_1_518' title='bbox 1257 606 1433 633; x_wconf 88' lang='lat' dir='ltr'><strong><em>concionandi</em></strong></span> <span class='ocrx_word' id='word_1_519' title='bbox 1446 612 1629 641; x_wconf 78' lang='lat' dir='ltr'><strong><em>argumentum</em></strong></span> <span class='ocrx_word' id='word_1_520' title='bbox 1641 608 1776 643; x_wconf 82' lang='lat' dir='ltr'><strong><em>deputata.</em></strong></span> 
     </span>
    </p>
   </div>
   <div class='ocr_carea' id='block_1_71' title="bbox 983 647 1777 686">
    <p class='ocr_par' dir='ltr' id='par_1_71' title="bbox 983 647 1777 686">
     <span class='ocr_line' id='line_1_71' title="bbox 983 647 1777 686; baseline 0.008 -11"><span class='ocrx_word' id='word_1_521' title='bbox 983 647 1018 676; x_wconf 90' lang='lat' dir='ltr'><strong><em>Ut</em></strong></span> <span class='ocrx_word' id='word_1_522' title='bbox 1032 653 1061 676; x_wconf 91' lang='lat' dir='ltr'><strong><em>ut</em></strong></span> <span class='ocrx_word' id='word_1_523' title='bbox 1074 654 1125 682; x_wconf 85' lang='lat' dir='ltr'><strong><em>est,</em></strong></span> <span class='ocrx_word' id='word_1_524' title='bbox 1140 650 1242 684; x_wconf 85' lang='lat' dir='ltr'><strong><em>quinta,</em></strong></span> <span class='ocrx_word' id='word_1_525' title='bbox 1257 656 1344 684; x_wconf 78' lang='lat' dir='ltr'><strong><em>sexta,</em></strong></span> <span class='ocrx_word' id='word_1_526' title='bbox 1361 652 1485 686; x_wconf 88' lang='lat' dir='ltr'><strong><em>scptinta,</em></strong></span> <span class='ocrx_word' id='word_1_527' title='bbox 1501 657 1593 680; x_wconf 87' lang='lat' dir='ltr'><strong><em>octava</em></strong></span> <span class='ocrx_word' id='word_1_528' title='bbox 1606 658 1633 681; x_wconf 90' lang='lat' dir='ltr'><strong><em>et</em></strong></span> <span class='ocrx_word' id='word_1_529' title='bbox 1646 662 1714 681; x_wconf 89' lang='lat' dir='ltr'><strong><em>notta</em></strong></span> <span class='ocrx_word' id='word_1_530' title='bbox 1728 654 1777 681; x_wconf 86' lang='lat' dir='ltr'><strong><em>lto-</em></strong></span> 
     </span>
    </p>
   </div>
   <div class='ocr_carea' id='block_1_72' title="bbox 983 696 1778 733">
    <p class='ocr_par' dir='ltr' id='par_1_72' title="bbox 983 696 1778 733">
     <span class='ocr_line' id='line_1_72' title="bbox 983 696 1778 733; baseline 0.006 -10"><span class='ocrx_word' id='word_1_531' title='bbox 983 696 1063 724; x_wconf 66' lang='lat' dir='ltr'><strong><em>miliae</em></strong></span> <span class='ocrx_word' id='word_1_532' title='bbox 1075 698 1242 725; x_wconf 82' lang='lat' dir='ltr'><strong><em>continenter</em></strong></span> <span class='ocrx_word' id='word_1_533' title='bbox 1255 697 1366 733; x_wconf 78' lang='lat' dir='ltr'><strong><em>singulis</em></strong></span> <span class='ocrx_word' id='word_1_534' title='bbox 1387 699 1438 726; x_wconf 89' lang='lat' dir='ltr'><strong><em>sibi</em></strong></span> <span class='ocrx_word' id='word_1_535' title='bbox 1461 700 1665 727; x_wconf 88' lang='lat' dir='ltr'><strong><em>succedentibus</em></strong></span> <span class='ocrx_word' id='word_1_536' title='bbox 1684 700 1778 729; x_wconf 86' lang='lat' dir='ltr'><strong><em>diebus</em></strong></span> 
     </span>
    </p>
   </div>
   <div class='ocr_carea' id='block_1_73' title="bbox 984 741 1778 780">
    <p class='ocr_par' dir='ltr' id='par_1_73' title="bbox 984 741 1778 780">
     <span class='ocr_line' id='line_1_73' title="bbox 984 741 1778 780; baseline 0.006 -11"><span class='ocrx_word' id='word_1_537' title='bbox 984 741 1062 769; x_wconf 76' lang='lat' dir='ltr'><strong><em>dicta:</em></strong></span> <span class='ocrx_word' id='word_1_538' title='bbox 1077 747 1149 776; x_wconf 90' lang='lat' dir='ltr'><strong><em>sunt,</em></strong></span> <span class='ocrx_word' id='word_1_539' title='bbox 1166 743 1262 778; x_wconf 89' lang='lat' dir='ltr'><strong><em>partim</em></strong></span> <span class='ocrx_word' id='word_1_540' title='bbox 1276 743 1302 770; x_wconf 87' lang='lat' dir='ltr'><strong><em>itt</em></strong></span> <span class='ocrx_word' id='word_1_541' title='bbox 1318 744 1412 778; x_wconf 88' lang='lat' dir='ltr'><strong><em>pritna,</em></strong></span> <span class='ocrx_word' id='word_1_542' title='bbox 1429 745 1524 779; x_wconf 87' lang='lat' dir='ltr'><strong><em>partim</em></strong></span> <span class='ocrx_word' id='word_1_543' title='bbox 1537 746 1562 772; x_wconf 94' lang='lat' dir='ltr'><strong><em>in</em></strong></span> <span class='ocrx_word' id='word_1_544' title='bbox 1576 746 1691 773; x_wconf 84' lang='lat' dir='ltr'><strong><em>secunda</em></strong></span> <span class='ocrx_word' id='word_1_545' title='bbox 1706 746 1778 780; x_wconf 85' lang='lat' dir='ltr'><strong><em>Qua-</em></strong></span> 
     </span>
    </p>
   </div>
   <div class='ocr_carea' id='block_1_74' title="bbox 983 788 1778 824">
    <p class='ocr_par' dir='ltr' id='par_1_74' title="bbox 983 788 1778 824">
     <span class='ocr_line' id='line_1_74' title="bbox 983 788 1778 824; baseline 0.005 -8"><span class='ocrx_word' id='word_1_546' title='bbox 983 788 1141 824; x_wconf 70' lang='lat' dir='ltr'><strong><em>dragesimaa</em></strong></span> <span class='ocrx_word' id='word_1_547' title='bbox 1167 789 1334 817; x_wconf 86' lang='lat' dir='ltr'><strong><em>hebdomade</em></strong></span> <span class='ocrx_word' id='word_1_548' title='bbox 1355 799 1361 817; x_wconf 93' lang='lat'>:</span> <span class='ocrx_word' id='word_1_549' title='bbox 1383 790 1486 818; x_wconf 87' lang='lat' dir='ltr'><strong><em>decitna</em></strong></span> <span class='ocrx_word' id='word_1_550' title='bbox 1509 791 1589 818; x_wconf 87' lang='lat' dir='ltr'><strong><em>etiam</em></strong></span> <span class='ocrx_word' id='word_1_551' title='bbox 1612 792 1639 820; x_wconf 88' lang='lat' dir='ltr'><strong><em>in</em></strong></span> <span class='ocrx_word' id='word_1_552' title='bbox 1661 793 1778 821; x_wconf 82' lang='lat' dir='ltr'><strong><em>secunda</em></strong></span> 
     </span>
    </p>
   </div>
   <div class='ocr_carea' id='block_1_75' title="bbox 984 835 1778 872">
    <p class='ocr_par' dir='ltr' id='par_1_75' title="bbox 984 835 1778 872">
     <span class='ocr_line' id='line_1_75' title="bbox 984 835 1778 872; baseline 0.004 -9"><span class='ocrx_word' id='word_1_553' title='bbox 984 835 1150 864; x_wconf 85' lang='lat' dir='ltr'><strong><em>hebdomade</em></strong></span> <span class='ocrx_word' id='word_1_554' title='bbox 1163 841 1209 864; x_wconf 88' lang='lat' dir='ltr'><strong><em>aut</em></strong></span> <span class='ocrx_word' id='word_1_555' title='bbox 1224 837 1287 864; x_wconf 84' lang='lat' dir='ltr'><strong><em>feria</em></strong></span> <span class='ocrx_word' id='word_1_556' title='bbox 1300 837 1392 872; x_wconf 89' lang='lat' dir='ltr'><strong><em>quinta</em></strong></span> <span class='ocrx_word' id='word_1_557' title='bbox 1405 858 1411 869; x_wconf 87' lang='lat'><strong><em>,</em></strong></span> <span class='ocrx_word' id='word_1_558' title='bbox 1427 841 1473 864; x_wconf 88' lang='lat' dir='ltr'><strong><em>aut.</em></strong></span> <span class='ocrx_word' id='word_1_559' title='bbox 1491 842 1585 865; x_wconf 81' lang='lat' dir='ltr'><strong><em>sexta:</em></strong></span> <span class='ocrx_word' id='word_1_560' title='bbox 1598 838 1736 866; x_wconf 86' lang='lat' dir='ltr'><strong><em>undecima</em></strong></span> <span class='ocrx_word' id='word_1_561' title='bbox 1752 839 1778 866; x_wconf 91' lang='lat' dir='ltr'><strong><em>itt</em></strong></span> 
     </span>
    </p>
   </div>
   <div class='ocr_carea' id='block_1_76' title="bbox 983 881 1780 912">
    <p class='ocr_par' dir='ltr' id='par_1_76' title="bbox 983 881 1780 912">
     <span class='ocr_line' id='line_1_76' title="bbox 983 881 1780 912; baseline 0.004 -3"><span class='ocrx_word' id='word_1_562' title='bbox 983 881 1093 909; x_wconf 85' lang='lat' dir='ltr'><strong><em>sabbato</em></strong></span> <span class='ocrx_word' id='word_1_563' title='bbox 1112 882 1236 910; x_wconf 78' lang='lat' dir='ltr'><strong><em>secunda:</em></strong></span> <span class='ocrx_word' id='word_1_564' title='bbox 1255 882 1429 910; x_wconf 85' lang='lat' dir='ltr'><strong><em>hebdomadis</em></strong></span> <span class='ocrx_word' id='word_1_565' title='bbox 1444 892 1450 910; x_wconf 90' lang='lat'><em>:</em></span> <span class='ocrx_word' id='word_1_566' title='bbox 1467 883 1623 911; x_wconf 85' lang='lat' dir='ltr'><strong><em>duodecima</em></strong></span> <span class='ocrx_word' id='word_1_567' title='bbox 1639 884 1725 911; x_wconf 87' lang='lat' dir='ltr'><strong><em>habita</em></strong></span> <span class='ocrx_word' id='word_1_568' title='bbox 1738 889 1780 912; x_wconf 88' lang='lat' dir='ltr'><strong><em>est</em></strong></span> 
     </span>
    </p>
   </div>
   <div class='ocr_carea' id='block_1_77' title="bbox 984 928 1780 966">
    <p class='ocr_par' dir='ltr' id='par_1_77' title="bbox 984 928 1780 966">
     <span class='ocr_line' id='line_1_77' title="bbox 984 928 1780 966; baseline 0.006 -12"><span class='ocrx_word' id='word_1_569' title='bbox 984 932 1044 962; x_wconf 90' lang='lat' dir='ltr'><strong><em>post</em></strong></span> <span class='ocrx_word' id='word_1_570' title='bbox 1054 928 1133 955; x_wconf 87' lang='lat' dir='ltr'><strong><em>aliam</em></strong></span> <span class='ocrx_word' id='word_1_571' title='bbox 1148 928 1189 955; x_wconf 88' lang='lat' dir='ltr'><strong><em>vel</em></strong></span> <span class='ocrx_word' id='word_1_572' title='bbox 1199 928 1275 961; x_wconf 87' lang='lat' dir='ltr'><strong><em>alias,</em></strong></span> <span class='ocrx_word' id='word_1_573' title='bbox 1289 937 1348 964; x_wconf 74' lang='lat' dir='ltr'><strong><em>qua:</em></strong></span> <span class='ocrx_word' id='word_1_574' title='bbox 1363 929 1397 956; x_wconf 90' lang='lat' dir='ltr'><strong><em>ad</em></strong></span> <span class='ocrx_word' id='word_1_575' title='bbox 1412 929 1548 957; x_wconf 86' lang='lat' dir='ltr'><strong><em>diversum</em></strong></span> <span class='ocrx_word' id='word_1_576' title='bbox 1562 938 1576 957; x_wconf 90' lang='lat' dir='ltr'><strong><em>a</em></strong></span> <span class='ocrx_word' id='word_1_577' title='bbox 1590 930 1687 958; x_wconf 87' lang='lat' dir='ltr'><strong><em>Genesi</em></strong></span> <span class='ocrx_word' id='word_1_578' title='bbox 1701 939 1780 966; x_wconf 77' lang='lat' dir='ltr'><strong><em>argu-</em></strong></span> 
     </span>
    </p>
   </div>
   <div class='ocr_carea' id='block_1_78' title="bbox 984 973 1780 1011">
    <p class='ocr_par' dir='ltr' id='par_1_78' title="bbox 984 973 1780 1011">
     <span class='ocr_line' id='line_1_78' title="bbox 984 973 1780 1011; baseline 0.006 -12"><span class='ocrx_word' id='word_1_579' title='bbox 984 977 1103 1000; x_wconf 86' lang='lat' dir='ltr'><strong><em>mentum</em></strong></span> <span class='ocrx_word' id='word_1_580' title='bbox 1127 973 1293 1008; x_wconf 86' lang='lat' dir='ltr'><strong><em>spectabant.</em></strong></span> <span class='ocrx_word' id='word_1_581' title='bbox 1319 973 1390 1002; x_wconf 90' lang='lat' dir='ltr'><strong><em>luter</em></strong></span> <span class='ocrx_word' id='word_1_582' title='bbox 1418 975 1604 1003; x_wconf 88' lang='lat' dir='ltr'><strong><em>duodecimam</em></strong></span> <span class='ocrx_word' id='word_1_583' title='bbox 1627 984 1733 1011; x_wconf 86' lang='lat' dir='ltr'><strong><em>quoque</em></strong></span> <span class='ocrx_word' id='word_1_584' title='bbox 1753 981 1780 1004; x_wconf 84' lang='lat' dir='ltr'><strong><em>et</em></strong></span> 
     </span>
    </p>
   </div>
   <div class='ocr_carea' id='block_1_79' title="bbox 985 1018 1780 1055">
    <p class='ocr_par' dir='ltr' id='par_1_79' title="bbox 985 1018 1780 1055">
     <span class='ocr_line' id='line_1_79' title="bbox 985 1018 1780 1055; baseline 0.004 -9"><span class='ocrx_word' id='word_1_585' title='bbox 985 1018 1115 1046; x_wconf 81' lang='lat' dir='ltr'><strong><em>decimam</em></strong></span> <span class='ocrx_word' id='word_1_586' title='bbox 1132 1019 1238 1046; x_wconf 88' lang='lat' dir='ltr'><strong><em>tertiam</em></strong></span> <span class='ocrx_word' id='word_1_587' title='bbox 1251 1019 1293 1046; x_wconf 85' lang='lat' dir='ltr'><strong><em>vel</em></strong></span> <span class='ocrx_word' id='word_1_588' title='bbox 1308 1028 1375 1047; x_wconf 91' lang='lat' dir='ltr'><strong><em>unus</em></strong></span> <span class='ocrx_word' id='word_1_589' title='bbox 1387 1021 1430 1048; x_wconf 84' lang='lat' dir='ltr'><strong><em>vel</em></strong></span> <span class='ocrx_word' id='word_1_590' title='bbox 1446 1020 1536 1055; x_wconf 88' lang='lat' dir='ltr'><strong><em>plures</em></strong></span> <span class='ocrx_word' id='word_1_591' title='bbox 1548 1021 1606 1048; x_wconf 89' lang='lat' dir='ltr'><strong><em>dies</em></strong></span> <span class='ocrx_word' id='word_1_592' title='bbox 1619 1022 1780 1050; x_wconf 87' lang='lat' dir='ltr'><strong><em>intercesse-</em></strong></span> 
     </span>
    </p>
   </div>
   <div class='ocr_carea' id='block_1_80' title="bbox 986 1060 1797 1099">
    <p class='ocr_par' dir='ltr' id='par_1_80' title="bbox 986 1060 1797 1099">
     <span class='ocr_line' id='line_1_80' title="bbox 986 1060 1797 1099; baseline 0.004 -8"><span class='ocrx_word' id='word_1_593' title='bbox 986 1068 1058 1091; x_wconf 90' lang='lat' dir='ltr'><strong><em>ruttt.</em></strong></span> <span class='ocrx_word' id='word_1_594' title='bbox 1074 1064 1181 1091; x_wconf 88' lang='lat' dir='ltr'><strong><em>Decima</em></strong></span> <span class='ocrx_word' id='word_1_595' title='bbox 1196 1069 1290 1099; x_wconf 90' lang='lat' dir='ltr'><strong><em>quarta</em></strong></span> <span class='ocrx_word' id='word_1_596' title='bbox 1308 1065 1378 1092; x_wconf 86' lang='lat' dir='ltr'><strong><em>dicta</em></strong></span> <span class='ocrx_word' id='word_1_597' title='bbox 1397 1070 1438 1093; x_wconf 91' lang='lat' dir='ltr'><strong><em>est</em></strong></span> <span class='ocrx_word' id='word_1_598' title='bbox 1456 1065 1499 1093; x_wconf 82' lang='lat' dir='ltr'><strong><em>die</em></strong></span> <span class='ocrx_word' id='word_1_599' title='bbox 1521 1060 1650 1093; x_wconf 80' lang='lat' dir='ltr'><strong><em>decimam</em></strong></span> <span class='ocrx_word' id='word_1_600' title='bbox 1675 1068 1797 1099; x_wconf 77' lang='lat' dir='ltr'><strong><em>tertiam,</em></strong></span> 
     </span>
    </p>
   </div>
   <div class='ocr_carea' id='block_1_81' title="bbox 985 1111 1778 1147">
    <p class='ocr_par' dir='ltr' id='par_1_81' title="bbox 985 1111 1778 1147">
     <span class='ocr_line' id='line_1_81' title="bbox 985 1111 1778 1147; baseline 0.004 -10"><span class='ocrx_word' id='word_1_601' title='bbox 985 1111 1143 1145; x_wconf 84' lang='lat' dir='ltr'><strong><em>insequente</em></strong></span> <span class='ocrx_word' id='word_1_602' title='bbox 1162 1119 1168 1137; x_wconf 90' lang='lat'><strong>:</strong></span> <span class='ocrx_word' id='word_1_603' title='bbox 1185 1111 1289 1138; x_wconf 85' lang='lat' dir='ltr'><strong><em>decima</em></strong></span> <span class='ocrx_word' id='word_1_604' title='bbox 1308 1111 1400 1146; x_wconf 88' lang='lat' dir='ltr'><strong><em>quinta</em></strong></span> <span class='ocrx_word' id='word_1_605' title='bbox 1419 1112 1542 1139; x_wconf 87' lang='lat' dir='ltr'><strong><em>similiter</em></strong></span> <span class='ocrx_word' id='word_1_606' title='bbox 1563 1117 1691 1147; x_wconf 79' lang='lat' dir='ltr'><strong><em>sequente</em></strong></span> <span class='ocrx_word' id='word_1_607' title='bbox 1712 1113 1778 1141; x_wconf 88' lang='lat' dir='ltr'><strong><em>die:</em></strong></span> 
     </span>
    </p>
   </div>
   <div class='ocr_carea' id='block_1_82' title="bbox 983 1155 1780 1192">
    <p class='ocr_par' dir='ltr' id='par_1_82' title="bbox 983 1155 1780 1192">
     <span class='ocr_line' id='line_1_82' title="bbox 983 1155 1780 1192; baseline 0.005 -10"><span class='ocrx_word' id='word_1_608' title='bbox 983 1155 1087 1183; x_wconf 89' lang='lat' dir='ltr'><strong><em>decima</em></strong></span> <span class='ocrx_word' id='word_1_609' title='bbox 1098 1161 1182 1189; x_wconf 73' lang='lat' dir='ltr'><strong><em>sexta,</em></strong></span> <span class='ocrx_word' id='word_1_610' title='bbox 1194 1155 1237 1184; x_wconf 86' lang='lat' dir='ltr'><strong><em>die</em></strong></span> <span class='ocrx_word' id='word_1_611' title='bbox 1253 1156 1315 1183; x_wconf 86' lang='lat' dir='ltr'><strong><em>item</em></strong></span> <span class='ocrx_word' id='word_1_612' title='bbox 1328 1161 1456 1192; x_wconf 88' lang='lat' dir='ltr'><strong><em>sequente</em></strong></span> <span class='ocrx_word' id='word_1_613' title='bbox 1469 1165 1475 1183; x_wconf 90' lang='lat'><strong>:</strong></span> <span class='ocrx_word' id='word_1_614' title='bbox 1487 1157 1590 1185; x_wconf 84' lang='lat' dir='ltr'><strong><em>decima</em></strong></span> <span class='ocrx_word' id='word_1_615' title='bbox 1603 1159 1714 1192; x_wconf 88' lang='lat' dir='ltr'><strong><em>septima</em></strong></span> <span class='ocrx_word' id='word_1_616' title='bbox 1725 1166 1780 1186; x_wconf 91' lang='lat' dir='ltr'><strong><em>uno</em></strong></span> 
     </span>
    </p>
   </div>
   <div class='ocr_carea' id='block_1_83' title="bbox 985 1202 1780 1237">
    <p class='ocr_par' dir='ltr' id='par_1_83' title="bbox 985 1202 1780 1237">
     <span class='ocr_line' id='line_1_83' title="bbox 985 1202 1780 1237; baseline 0.005 -9"><span class='ocrx_word' id='word_1_617' title='bbox 985 1202 1026 1230; x_wconf 85' lang='lat' dir='ltr'><strong><em>vel</em></strong></span> <span class='ocrx_word' id='word_1_618' title='bbox 1042 1202 1161 1237; x_wconf 89' lang='lat' dir='ltr'><strong><em>pluribus</em></strong></span> <span class='ocrx_word' id='word_1_619' title='bbox 1177 1207 1237 1237; x_wconf 88' lang='lat' dir='ltr'><strong><em>post</em></strong></span> <span class='ocrx_word' id='word_1_620' title='bbox 1249 1202 1379 1230; x_wconf 87' lang='lat' dir='ltr'><strong><em>decimam</em></strong></span> <span class='ocrx_word' id='word_1_621' title='bbox 1399 1208 1502 1230; x_wconf 83' lang='lat' dir='ltr'><strong><em>sextam</em></strong></span> <span class='ocrx_word' id='word_1_622' title='bbox 1518 1203 1612 1232; x_wconf 85' lang='lat' dir='ltr'><strong><em>diebus</em></strong></span> <span class='ocrx_word' id='word_1_623' title='bbox 1628 1214 1634 1231; x_wconf 93' lang='lat'><strong>:</strong></span> <span class='ocrx_word' id='word_1_624' title='bbox 1649 1204 1780 1232; x_wconf 89' lang='lat' dir='ltr'><strong><em>decimam</em></strong></span> 
     </span>
    </p>
   </div>
   <div class='ocr_carea' id='block_1_84' title="bbox 984 1249 1781 1286">
    <p class='ocr_par' dir='ltr' id='par_1_84' title="bbox 984 1249 1781 1286">
     <span class='ocr_line' id='line_1_84' title="bbox 984 1249 1781 1286; baseline 0.005 -11"><span class='ocrx_word' id='word_1_625' title='bbox 984 1249 1124 1283; x_wconf 89' lang='lat' dir='ltr'><strong><em>septimam</em></strong></span> <span class='ocrx_word' id='word_1_626' title='bbox 1148 1249 1251 1276; x_wconf 86' lang='lat' dir='ltr'><strong><em>decima</em></strong></span> <span class='ocrx_word' id='word_1_627' title='bbox 1273 1254 1383 1282; x_wconf 89' lang='lat' dir='ltr'><strong><em>octava,</em></strong></span> <span class='ocrx_word' id='word_1_628' title='bbox 1399 1250 1471 1277; x_wconf 89' lang='lat' dir='ltr'><strong><em>nulla</em></strong></span> <span class='ocrx_word' id='word_1_629' title='bbox 1491 1250 1534 1278; x_wconf 89' lang='lat' dir='ltr'><strong><em>dic</em></strong></span> <span class='ocrx_word' id='word_1_630' title='bbox 1553 1251 1719 1286; x_wconf 86' lang='lat' dir='ltr'><strong><em>interposita,</em></strong></span> <span class='ocrx_word' id='word_1_631' title='bbox 1736 1259 1781 1280; x_wconf 88' lang='lat' dir='ltr'><strong><em>se-</em></strong></span> 
     </span>
    </p>
   </div>
   <div class='ocr_carea' id='block_1_85' title="bbox 984 1294 1782 1329">
    <p class='ocr_par' dir='ltr' id='par_1_85' title="bbox 984 1294 1782 1329">
     <span class='ocr_line' id='line_1_85' title="bbox 984 1294 1782 1329; baseline 0.005 -8"><span class='ocrx_word' id='word_1_632' title='bbox 984 1298 1064 1329; x_wconf 88' lang='lat' dir='ltr'><strong><em>quuta</em></strong></span> <span class='ocrx_word' id='word_1_633' title='bbox 1088 1299 1146 1327; x_wconf 84' lang='lat' dir='ltr'><strong><em>est;</em></strong></span> <span class='ocrx_word' id='word_1_634' title='bbox 1170 1294 1272 1322; x_wconf 85' lang='lat' dir='ltr'><strong><em>decima</em></strong></span> <span class='ocrx_word' id='word_1_635' title='bbox 1293 1302 1363 1322; x_wconf 90' lang='lat' dir='ltr'><strong><em>nona</em></strong></span> <span class='ocrx_word' id='word_1_636' title='bbox 1383 1303 1416 1322; x_wconf 91' lang='lat' dir='ltr'><strong><em>an</em></strong></span> <span class='ocrx_word' id='word_1_637' title='bbox 1438 1296 1607 1324; x_wconf 87' lang='lat' dir='ltr'><strong><em>continenter</em></strong></span> <span class='ocrx_word' id='word_1_638' title='bbox 1633 1296 1721 1329; x_wconf 84' lang='lat' dir='ltr'><strong><em>habita</em></strong></span> <span class='ocrx_word' id='word_1_639' title='bbox 1747 1297 1782 1325; x_wconf 90' lang='lat' dir='ltr'><strong><em>sit</em></strong></span> 
     </span>
    </p>
   </div>
   <div class='ocr_carea' id='block_1_86' title="bbox 984 1339 1780 1377">
    <p class='ocr_par' dir='ltr' id='par_1_86' title="bbox 984 1339 1780 1377">
     <span class='ocr_line' id='line_1_86' title="bbox 984 1339 1780 1377; baseline 0.006 -11"><span class='ocrx_word' id='word_1_640' title='bbox 984 1339 1138 1374; x_wconf 83' lang='lat' dir='ltr'><strong><em>ignoratur;</em></strong></span> <span class='ocrx_word' id='word_1_641' title='bbox 1159 1340 1335 1375; x_wconf 86' lang='lat' dir='ltr'><strong><em>similiterque</em></strong></span> <span class='ocrx_word' id='word_1_642' title='bbox 1354 1341 1499 1376; x_wconf 85' lang='lat' dir='ltr'><strong><em>vigesima,</em></strong></span> <span class='ocrx_word' id='word_1_643' title='bbox 1523 1350 1602 1377; x_wconf 91' lang='lat' dir='ltr'><strong><em>quam</em></strong></span> <span class='ocrx_word' id='word_1_644' title='bbox 1621 1342 1716 1371; x_wconf 88' lang='lat' dir='ltr'><strong><em>diebus</em></strong></span> <span class='ocrx_word' id='word_1_645' title='bbox 1734 1351 1780 1372; x_wconf 86' lang='lat' dir='ltr'><strong><em>sc-</em></strong></span> 
     </span>
    </p>
   </div>
   <div class='ocr_carea' id='block_1_87' title="bbox 984 1385 1782 1424">
    <p class='ocr_par' dir='ltr' id='par_1_87' title="bbox 984 1385 1782 1424">
     <span class='ocr_line' id='line_1_87' title="bbox 984 1385 1782 1424; baseline 0.006 -13"><span class='ocrx_word' id='word_1_646' title='bbox 984 1385 1136 1419; x_wconf 85' lang='lat' dir='ltr'><strong><em>queutibus,</em></strong></span> <span class='ocrx_word' id='word_1_647' title='bbox 1160 1385 1234 1413; x_wconf 89' lang='lat' dir='ltr'><strong><em>ttulla</em></strong></span> <span class='ocrx_word' id='word_1_648' title='bbox 1255 1390 1366 1414; x_wconf 83' lang='lat' dir='ltr'><strong><em>vacante</em></strong></span> <span class='ocrx_word' id='word_1_649' title='bbox 1386 1387 1449 1419; x_wconf 79' lang='lat' dir='ltr'><strong><em>die,</em></strong></span> <span class='ocrx_word' id='word_1_650' title='bbox 1469 1392 1633 1422; x_wconf 78' lang='lat' dir='ltr'><strong><em>exceperunt</em></strong></span> <span class='ocrx_word' id='word_1_651' title='bbox 1654 1389 1782 1424; x_wconf 82' lang='lat' dir='ltr'><strong><em>vigesima</em></strong></span> 
     </span>
    </p>
   </div>
   <div class='ocr_carea' id='block_1_88' title="bbox 984 1431 1780 1470">
    <p class='ocr_par' dir='ltr' id='par_1_88' title="bbox 984 1431 1780 1470">
     <span class='ocr_line' id='line_1_88' title="bbox 984 1431 1780 1470; baseline 0.006 -13"><span class='ocrx_word' id='word_1_652' title='bbox 984 1431 1079 1466; x_wconf 89' lang='lat' dir='ltr'><strong><em>pritna,</em></strong></span> <span class='ocrx_word' id='word_1_653' title='bbox 1094 1431 1221 1466; x_wconf 78' lang='lat' dir='ltr'><strong><em>vigesima</em></strong></span> <span class='ocrx_word' id='word_1_654' title='bbox 1236 1432 1353 1459; x_wconf 91' lang='lat' dir='ltr'><strong><em>secunda</em></strong></span> <span class='ocrx_word' id='word_1_655' title='bbox 1366 1453 1374 1466; x_wconf 82' lang='lat'><strong><em>,</em></strong></span> <span class='ocrx_word' id='word_1_656' title='bbox 1392 1432 1519 1468; x_wconf 84' lang='lat' dir='ltr'><strong><em>vigesima</em></strong></span> <span class='ocrx_word' id='word_1_657' title='bbox 1541 1434 1634 1468; x_wconf 87' lang='lat' dir='ltr'><strong><em>tertia,</em></strong></span> <span class='ocrx_word' id='word_1_658' title='bbox 1652 1435 1780 1470; x_wconf 81' lang='lat' dir='ltr'><strong><em>vigesima</em></strong></span> 
     </span>
    </p>
   </div>
   <div class='ocr_carea' id='block_1_89' title="bbox 984 1478 1782 1514">
    <p class='ocr_par' dir='ltr' id='par_1_89' title="bbox 984 1478 1782 1514">
     <span class='ocr_line' id='line_1_89' title="bbox 984 1478 1782 1514; baseline 0.006 -10"><span class='ocrx_word' id='word_1_659' title='bbox 984 1483 1088 1513; x_wconf 85' lang='lat' dir='ltr'><strong><em>quarta.</em></strong></span> <span class='ocrx_word' id='word_1_660' title='bbox 1109 1478 1240 1513; x_wconf 83' lang='lat' dir='ltr'><strong><em>Brevique</em></strong></span> <span class='ocrx_word' id='word_1_661' title='bbox 1254 1479 1412 1513; x_wconf 89' lang='lat' dir='ltr'><strong><em>interposito</em></strong></span> <span class='ocrx_word' id='word_1_662' title='bbox 1427 1480 1524 1514; x_wconf 87' lang='lat' dir='ltr'><strong><em>spatio,</em></strong></span> <span class='ocrx_word' id='word_1_663' title='bbox 1539 1481 1673 1508; x_wconf 89' lang='lat' dir='ltr'><strong><em>continuis</em></strong></span> <span class='ocrx_word' id='word_1_664' title='bbox 1687 1481 1782 1509; x_wconf 89' lang='lat' dir='ltr'><strong><em>diebus</em></strong></span> 
     </span>
    </p>
   </div>
   <div class='ocr_carea' id='block_1_90' title="bbox 984 1524 1779 1562">
    <p class='ocr_par' dir='ltr' id='par_1_90' title="bbox 984 1524 1779 1562">
     <span class='ocr_line' id='line_1_90' title="bbox 984 1524 1779 1562; baseline 0.005 -11"><span class='ocrx_word' id='word_1_665' title='bbox 984 1524 1111 1560; x_wconf 82' lang='lat' dir='ltr'><strong><em>vigesima</em></strong></span> <span class='ocrx_word' id='word_1_666' title='bbox 1135 1525 1225 1560; x_wconf 87' lang='lat' dir='ltr'><strong><em>quinta</em></strong></span> <span class='ocrx_word' id='word_1_667' title='bbox 1238 1546 1246 1559; x_wconf 92' lang='lat'><strong><em>,</em></strong></span> <span class='ocrx_word' id='word_1_668' title='bbox 1267 1526 1393 1560; x_wconf 86' lang='lat' dir='ltr'><strong><em>vigesima</em></strong></span> <span class='ocrx_word' id='word_1_669' title='bbox 1414 1530 1499 1559; x_wconf 78' lang='lat' dir='ltr'><strong><em>sexta,</em></strong></span> <span class='ocrx_word' id='word_1_670' title='bbox 1515 1526 1641 1561; x_wconf 86' lang='lat' dir='ltr'><strong><em>vigesima</em></strong></span> <span class='ocrx_word' id='word_1_671' title='bbox 1656 1527 1779 1562; x_wconf 83' lang='lat' dir='ltr'><strong><em>septima,</em></strong></span> 
     </span>
    </p>
   </div>
   <div class='ocr_carea' id='block_1_91' title="bbox 985 1571 1780 1609">
    <p class='ocr_par' dir='ltr' id='par_1_91' title="bbox 985 1571 1780 1609">
     <span class='ocr_line' id='line_1_91' title="bbox 985 1571 1780 1609; baseline 0.005 -11"><span class='ocrx_word' id='word_1_672' title='bbox 985 1571 1112 1606; x_wconf 87' lang='lat' dir='ltr'><strong><em>vigesima</em></strong></span> <span class='ocrx_word' id='word_1_673' title='bbox 1127 1576 1229 1599; x_wconf 88' lang='lat' dir='ltr'><strong><em>octava.</em></strong></span> <span class='ocrx_word' id='word_1_674' title='bbox 1253 1571 1386 1607; x_wconf 84' lang='lat' dir='ltr'><strong><em>Vigesima</em></strong></span> <span class='ocrx_word' id='word_1_675' title='bbox 1406 1580 1476 1600; x_wconf 89' lang='lat' dir='ltr'><strong><em>nona</em></strong></span> <span class='ocrx_word' id='word_1_676' title='bbox 1497 1581 1531 1600; x_wconf 90' lang='lat' dir='ltr'><strong><em>an</em></strong></span> <span class='ocrx_word' id='word_1_677' title='bbox 1549 1573 1593 1601; x_wconf 86' lang='lat' dir='ltr'><strong><em>die</em></strong></span> <span class='ocrx_word' id='word_1_678' title='bbox 1613 1578 1672 1608; x_wconf 79' lang='lat' dir='ltr'><strong><em>post</em></strong></span> <span class='ocrx_word' id='word_1_679' title='bbox 1684 1574 1780 1609; x_wconf 79' lang='lat' dir='ltr'><strong><em>vigesi-</em></strong></span> 
     </span>
    </p>
   </div>
   <div class='ocr_carea' id='block_1_92' title="bbox 984 1618 1782 1655">
    <p class='ocr_par' dir='ltr' id='par_1_92' title="bbox 984 1618 1782 1655">
     <span class='ocr_line' id='line_1_92' title="bbox 984 1618 1782 1655; baseline 0.004 -11"><span class='ocrx_word' id='word_1_680' title='bbox 984 1625 1056 1645; x_wconf 89' lang='lat' dir='ltr'><strong><em>mam</em></strong></span> <span class='ocrx_word' id='word_1_681' title='bbox 1069 1622 1189 1644; x_wconf 86' lang='lat' dir='ltr'><strong><em>octavam</em></strong></span> <span class='ocrx_word' id='word_1_682' title='bbox 1205 1623 1333 1652; x_wconf 82' lang='lat' dir='ltr'><strong><em>sequente</em></strong></span> <span class='ocrx_word' id='word_1_683' title='bbox 1346 1618 1434 1646; x_wconf 88' lang='lat' dir='ltr'><strong><em>ltabita</em></strong></span> <span class='ocrx_word' id='word_1_684' title='bbox 1447 1619 1499 1653; x_wconf 91' lang='lat' dir='ltr'><strong><em>sit,</em></strong></span> <span class='ocrx_word' id='word_1_685' title='bbox 1524 1619 1669 1654; x_wconf 79' lang='lat' dir='ltr'><strong><em>ignoratur.</em></strong></span> <span class='ocrx_word' id='word_1_686' title='bbox 1688 1620 1782 1655; x_wconf 82' lang='lat' dir='ltr'><strong><em>Trige-</em></strong></span> 
     </span>
    </p>
   </div>
   <div class='ocr_carea' id='block_1_93' title="bbox 985 1663 1781 1700">
    <p class='ocr_par' dir='ltr' id='par_1_93' title="bbox 985 1663 1781 1700">
     <span class='ocr_line' id='line_1_93' title="bbox 985 1663 1781 1700; baseline 0.006 -11"><span class='ocrx_word' id='word_1_687' title='bbox 985 1663 1051 1690; x_wconf 85' lang='lat' dir='ltr'><strong><em>sima</em></strong></span> <span class='ocrx_word' id='word_1_688' title='bbox 1073 1671 1134 1690; x_wconf 91' lang='lat' dir='ltr'><strong><em>cum</em></strong></span> <span class='ocrx_word' id='word_1_689' title='bbox 1157 1671 1279 1698; x_wconf 81' lang='lat' dir='ltr'><strong><em>magnam</em></strong></span> <span class='ocrx_word' id='word_1_690' title='bbox 1303 1663 1496 1692; x_wconf 86' lang='lat' dir='ltr'><strong><em>hebdomadcm</em></strong></span> <span class='ocrx_word' id='word_1_691' title='bbox 1519 1665 1660 1700; x_wconf 83' lang='lat' dir='ltr'><strong><em>attigisset,</em></strong></span> <span class='ocrx_word' id='word_1_692' title='bbox 1676 1670 1705 1693; x_wconf 90' lang='lat' dir='ltr'><strong><em>ut</em></strong></span> <span class='ocrx_word' id='word_1_693' title='bbox 1726 1666 1781 1700; x_wconf 86' lang='lat' dir='ltr'><strong><em>ipse</em></strong></span> 
     </span>
    </p>
   </div>
   <div class='ocr_carea' id='block_1_94' title="bbox 985 1708 1779 1746">
    <p class='ocr_par' dir='ltr' id='par_1_94' title="bbox 985 1708 1779 1746">
     <span class='ocr_line' id='line_1_94' title="bbox 985 1708 1779 1746; baseline 0.004 -11"><span class='ocrx_word' id='word_1_694' title='bbox 985 1708 1191 1744; x_wconf 81' lang='lat' dir='ltr'><strong><em>Chrysostomus</em></strong></span> <span class='ocrx_word' id='word_1_695' title='bbox 1204 1709 1242 1736; x_wconf 85' lang='lat' dir='ltr'><strong><em>ait</em></strong></span> <span class='ocrx_word' id='word_1_696' title='bbox 1256 1719 1262 1736; x_wconf 89' lang='lat'><strong><em>:</em></strong></span> <span class='ocrx_word' id='word_1_697' title='bbox 1276 1710 1410 1744; x_wconf 82' lang='lat' dir='ltr'><strong><em>trigesima</em></strong></span> <span class='ocrx_word' id='word_1_698' title='bbox 1433 1710 1516 1744; x_wconf 88' lang='lat' dir='ltr'><strong><em>priuta</em></strong></span> <span class='ocrx_word' id='word_1_699' title='bbox 1539 1715 1566 1738; x_wconf 87' lang='lat' dir='ltr'><strong><em>et</em></strong></span> <span class='ocrx_word' id='word_1_700' title='bbox 1589 1711 1722 1746; x_wconf 83' lang='lat' dir='ltr'><strong><em>trigesima</em></strong></span> <span class='ocrx_word' id='word_1_701' title='bbox 1736 1719 1779 1739; x_wconf 82' lang='lat' dir='ltr'><strong><em>se-</em></strong></span> 
     </span>
    </p>
   </div>
   <div class='ocr_carea' id='block_1_95' title="bbox 985 1754 1780 1794">
    <p class='ocr_par' dir='ltr' id='par_1_95' title="bbox 985 1754 1780 1794">
     <span class='ocr_line' id='line_1_95' title="bbox 985 1754 1780 1794; baseline 0.006 -14"><span class='ocrx_word' id='word_1_702' title='bbox 985 1754 1070 1781; x_wconf 89' lang='lat' dir='ltr'><strong><em>cunda</em></strong></span> <span class='ocrx_word' id='word_1_703' title='bbox 1083 1755 1109 1781; x_wconf 94' lang='lat' dir='ltr'><strong><em>in</em></strong></span> <span class='ocrx_word' id='word_1_704' title='bbox 1123 1754 1297 1782; x_wconf 82' lang='lat' dir='ltr'><strong><em>hebdomadis</em></strong></span> <span class='ocrx_word' id='word_1_705' title='bbox 1311 1760 1410 1782; x_wconf 79' lang='lat' dir='ltr'><strong><em>sanctae</em></strong></span> <span class='ocrx_word' id='word_1_706' title='bbox 1422 1756 1528 1791; x_wconf 88' lang='lat' dir='ltr'><strong><em>diebus,</em></strong></span> <span class='ocrx_word' id='word_1_707' title='bbox 1540 1757 1584 1792; x_wconf 90' lang='lat' dir='ltr'><strong><em>qui</em></strong></span> <span class='ocrx_word' id='word_1_708' title='bbox 1597 1756 1690 1785; x_wconf 82' lang='lat' dir='ltr'><strong><em>feriant</em></strong></span> <span class='ocrx_word' id='word_1_709' title='bbox 1703 1758 1780 1794; x_wconf 80' lang='lat' dir='ltr'><strong><em>quin-</em></strong></span> 
     </span>
    </p>
   </div>
   <div class='ocr_carea' id='block_1_96' title="bbox 986 1800 1468 1836">
    <p class='ocr_par' dir='ltr' id='par_1_96' title="bbox 986 1800 1468 1836">
     <span class='ocr_line' id='line_1_96' title="bbox 986 1800 1468 1836; baseline 0.004 -10"><span class='ocrx_word' id='word_1_710' title='bbox 986 1803 1038 1827; x_wconf 87' lang='lat' dir='ltr'><strong><em>tam</em></strong></span> <span class='ocrx_word' id='word_1_711' title='bbox 1055 1800 1080 1827; x_wconf 92' lang='lat' dir='ltr'><strong><em>in</em></strong></span> <span class='ocrx_word' id='word_1_712' title='bbox 1091 1807 1167 1827; x_wconf 67' lang='lat' dir='ltr'><strong><em>ett-tta</em></strong></span> <span class='ocrx_word' id='word_1_713' title='bbox 1184 1800 1287 1827; x_wconf 91' lang='lat' dir='ltr'><strong><em>Domini</em></strong></span> <span class='ocrx_word' id='word_1_714' title='bbox 1305 1801 1468 1836; x_wconf 73' lang='lat' dir='ltr'><strong><em>prtecedunt.</em></strong></span> 
     </span>
    </p>
   </div>
   <div class='ocr_carea' id='block_1_97' title="bbox 1022 1846 1779 1882">
    <p class='ocr_par' dir='ltr' id='par_1_97' title="bbox 1022 1846 1779 1882">
     <span class='ocr_line' id='line_1_97' title="bbox 1022 1846 1779 1882; baseline 0.005 -9"><span class='ocrx_word' id='word_1_715' title='bbox 1022 1846 1072 1874; x_wconf 87' lang='lat' dir='ltr'><strong><em>llic</em></strong></span> <span class='ocrx_word' id='word_1_716' title='bbox 1094 1847 1174 1881; x_wconf 83' lang='lat' dir='ltr'><strong><em>longo</em></strong></span> <span class='ocrx_word' id='word_1_717' title='bbox 1199 1847 1326 1882; x_wconf 89' lang='lat' dir='ltr'><strong><em>tetnporis</em></strong></span> <span class='ocrx_word' id='word_1_718' title='bbox 1346 1848 1433 1882; x_wconf 84' lang='lat' dir='ltr'><strong><em>spatio</em></strong></span> <span class='ocrx_word' id='word_1_719' title='bbox 1456 1848 1583 1876; x_wconf 89' lang='lat' dir='ltr'><strong><em>llomilias</em></strong></span> <span class='ocrx_word' id='word_1_720' title='bbox 1605 1849 1630 1876; x_wconf 74' lang='grc' dir='ltr'><strong><em>ιιι</em></strong></span> <span class='ocrx_word' id='word_1_721' title='bbox 1654 1849 1779 1877; x_wconf 87' lang='lat' dir='ltr'><strong><em>Genesim</em></strong></span> 
     </span>
    </p>
   </div>
   <div class='ocr_carea' id='block_1_98' title="bbox 985 1891 1779 1930">
    <p class='ocr_par' dir='ltr' id='par_1_98' title="bbox 985 1891 1779 1930">
     <span class='ocr_line' id='line_1_98' title="bbox 985 1891 1779 1930; baseline 0.005 -11"><span class='ocrx_word' id='word_1_722' title='bbox 985 1891 1191 1928; x_wconf 87' lang='lat' dir='ltr'><strong><em>Chrysostomus</em></strong></span> <span class='ocrx_word' id='word_1_723' title='bbox 1205 1893 1356 1928; x_wconf 87' lang='lat' dir='ltr'><strong><em>intercepit,</em></strong></span> <span class='ocrx_word' id='word_1_724' title='bbox 1371 1902 1403 1921; x_wconf 90' lang='lat' dir='ltr'><strong><em>ac</em></strong></span> <span class='ocrx_word' id='word_1_725' title='bbox 1417 1894 1481 1921; x_wconf 79' lang='lat' dir='ltr'><strong><em>feria</em></strong></span> <span class='ocrx_word' id='word_1_726' title='bbox 1496 1895 1587 1930; x_wconf 89' lang='lat' dir='ltr'><strong><em>quinta</em></strong></span> <span class='ocrx_word' id='word_1_727' title='bbox 1602 1895 1629 1922; x_wconf 93' lang='lat' dir='ltr'><strong><em>in</em></strong></span> <span class='ocrx_word' id='word_1_728' title='bbox 1641 1903 1717 1922; x_wconf 80' lang='lat' dir='ltr'><strong><em>ccena</em></strong></span> <span class='ocrx_word' id='word_1_729' title='bbox 1732 1895 1779 1922; x_wconf 93' lang='lat' dir='ltr'><strong><em>Do-</em></strong></span> 
     </span>
    </p>
   </div>
   <div class='ocr_carea' id='block_1_99' title="bbox 985 1938 1779 1974">
    <p class='ocr_par' dir='ltr' id='par_1_99' title="bbox 985 1938 1779 1974">
     <span class='ocr_line' id='line_1_99' title="bbox 985 1938 1779 1974; baseline 0.005 -9"><span class='ocrx_word' id='word_1_730' title='bbox 985 1938 1050 1966; x_wconf 89' lang='lat' dir='ltr'><strong><em>mini</em></strong></span> <span class='ocrx_word' id='word_1_731' title='bbox 1070 1938 1104 1965; x_wconf 87' lang='lat' dir='ltr'><strong><em>de</em></strong></span> <span class='ocrx_word' id='word_1_732' title='bbox 1125 1938 1192 1966; x_wconf 87' lang='lat' dir='ltr'><strong><em>.luda</em></strong></span> <span class='ocrx_word' id='word_1_733' title='bbox 1216 1939 1350 1973; x_wconf 87' lang='lat' dir='ltr'><strong><em>proditore</em></strong></span> <span class='ocrx_word' id='word_1_734' title='bbox 1371 1940 1495 1974; x_wconf 87' lang='lat' dir='ltr'><strong><em>loquutus</em></strong></span> <span class='ocrx_word' id='word_1_735' title='bbox 1510 1944 1561 1974; x_wconf 86' lang='lat' dir='ltr'><strong><em>est,</em></strong></span> <span class='ocrx_word' id='word_1_736' title='bbox 1577 1945 1604 1969; x_wconf 88' lang='lat' dir='ltr'><strong><em>et</em></strong></span> <span class='ocrx_word' id='word_1_737' title='bbox 1619 1940 1684 1968; x_wconf 83' lang='lat' dir='ltr'><strong><em>feria</em></strong></span> <span class='ocrx_word' id='word_1_738' title='bbox 1704 1947 1779 1969; x_wconf 75' lang='lat' dir='ltr'><strong><em>sexta</em></strong></span> 
     </span>
    </p>
   </div>
   <div class='ocr_carea' id='block_1_100' title="bbox 985 1984 1781 2021">
    <p class='ocr_par' dir='ltr' id='par_1_100' title="bbox 985 1984 1781 2021">
     <span class='ocr_line' id='line_1_100' title="bbox 985 1984 1781 2021; baseline 0.004 -9"><span class='ocrx_word' id='word_1_739' title='bbox 985 1985 1121 2012; x_wconf 87' lang='lat' dir='ltr'><strong><em>homiliam</em></strong></span> <span class='ocrx_word' id='word_1_740' title='bbox 1140 1984 1173 2012; x_wconf 89' lang='lat' dir='ltr'><strong><em>de</em></strong></span> <span class='ocrx_word' id='word_1_741' title='bbox 1193 1985 1287 2019; x_wconf 83' lang='lat' dir='ltr'><strong><em>Cruce,</em></strong></span> <span class='ocrx_word' id='word_1_742' title='bbox 1302 1992 1381 2021; x_wconf 87' lang='lat' dir='ltr'><strong><em>atque</em></strong></span> <span class='ocrx_word' id='word_1_743' title='bbox 1393 1986 1419 2013; x_wconf 92' lang='lat' dir='ltr'><strong><em>itt</em></strong></span> <span class='ocrx_word' id='word_1_744' title='bbox 1432 1987 1475 2014; x_wconf 89' lang='lat' dir='ltr'><strong><em>die</em></strong></span> <span class='ocrx_word' id='word_1_745' title='bbox 1487 1991 1579 2014; x_wconf 88' lang='lat' dir='ltr'><strong><em>sancto</em></strong></span> <span class='ocrx_word' id='word_1_746' title='bbox 1594 1988 1703 2015; x_wconf 75' lang='lat' dir='ltr'><strong><em>Pascha:</em></strong></span> <span class='ocrx_word' id='word_1_747' title='bbox 1715 1995 1781 2016; x_wconf 90' lang='lat' dir='ltr'><strong><em>con-</em></strong></span> 
     </span>
    </p>
   </div>
   <div class='ocr_carea' id='block_1_101' title="bbox 985 2030 1780 2069">
    <p class='ocr_par' dir='ltr' id='par_1_101' title="bbox 985 2030 1780 2069">
     <span class='ocr_line' id='line_1_101' title="bbox 985 2030 1780 2069; baseline 0.005 -12"><span class='ocrx_word' id='word_1_748' title='bbox 985 2031 1089 2058; x_wconf 83' lang='lat' dir='ltr'><strong><em>cionem</em></strong></span> <span class='ocrx_word' id='word_1_749' title='bbox 1108 2035 1200 2058; x_wconf 88' lang='lat' dir='ltr'><strong><em>contra</em></strong></span> <span class='ocrx_word' id='word_1_750' title='bbox 1223 2030 1351 2059; x_wconf 86' lang='lat' dir='ltr'><strong><em>Ebriosos</em></strong></span> <span class='ocrx_word' id='word_1_751' title='bbox 1372 2035 1400 2059; x_wconf 89' lang='lat' dir='ltr'><strong><em>et</em></strong></span> <span class='ocrx_word' id='word_1_752' title='bbox 1418 2032 1452 2059; x_wconf 90' lang='lat' dir='ltr'><strong><em>de</em></strong></span> <span class='ocrx_word' id='word_1_753' title='bbox 1476 2032 1696 2066; x_wconf 63' lang='lat' dir='ltr'><strong><em>ltesurrectione;</em></strong></span> <span class='ocrx_word' id='word_1_754' title='bbox 1719 2038 1780 2069; x_wconf 88' lang='lat' dir='ltr'><strong><em>post</em></strong></span> 
     </span>
    </p>
   </div>
   <div class='ocr_carea' id='block_1_102' title="bbox 985 2077 1779 2114">
    <p class='ocr_par' dir='ltr' id='par_1_102' title="bbox 985 2077 1779 2114">
     <span class='ocr_line' id='line_1_102' title="bbox 985 2077 1779 2114; baseline 0.004 -9"><span class='ocrx_word' id='word_1_755' title='bbox 985 2078 1087 2106; x_wconf 86' lang='lat' dir='ltr'><strong><em>Pascha</em></strong></span> <span class='ocrx_word' id='word_1_756' title='bbox 1108 2083 1196 2105; x_wconf 88' lang='lat' dir='ltr'><strong><em>autem</em></strong></span> <span class='ocrx_word' id='word_1_757' title='bbox 1217 2077 1345 2106; x_wconf 86' lang='lat' dir='ltr'><strong><em>llomilias</em></strong></span> <span class='ocrx_word' id='word_1_758' title='bbox 1360 2079 1385 2106; x_wconf 94' lang='lat' dir='ltr'><strong><em>in</em></strong></span> <span class='ocrx_word' id='word_1_759' title='bbox 1398 2079 1561 2114; x_wconf 88' lang='lat' dir='ltr'><strong><em>Principium</em></strong></span> <span class='ocrx_word' id='word_1_760' title='bbox 1579 2081 1704 2108; x_wconf 78' lang='lat' dir='ltr'><strong><em>Actorum</em></strong></span> <span class='ocrx_word' id='word_1_761' title='bbox 1719 2091 1726 2107; x_wconf 88' lang='lat'>:</span> <span class='ocrx_word' id='word_1_762' title='bbox 1743 2081 1779 2109; x_wconf 90' lang='lat' dir='ltr'><strong><em>ita</em></strong></span> 
     </span>
    </p>
   </div>
   <div class='ocr_carea' id='block_1_103' title="bbox 987 2123 1777 2160">
    <p class='ocr_par' dir='ltr' id='par_1_103' title="bbox 987 2123 1777 2160">
     <span class='ocr_line' id='line_1_103' title="bbox 987 2123 1777 2160; baseline 0.004 -9"><span class='ocrx_word' id='word_1_763' title='bbox 987 2129 1015 2151; x_wconf 90' lang='lat' dir='ltr'><strong><em>ut</em></strong></span> <span class='ocrx_word' id='word_1_764' title='bbox 1029 2124 1194 2151; x_wconf 86' lang='lat' dir='ltr'><strong><em>intermissas</em></strong></span> <span class='ocrx_word' id='word_1_765' title='bbox 1211 2123 1237 2150; x_wconf 93' lang='lat' dir='ltr'><strong><em>in</em></strong></span> <span class='ocrx_word' id='word_1_766' title='bbox 1250 2124 1374 2152; x_wconf 89' lang='lat' dir='ltr'><strong><em>Genesim</em></strong></span> <span class='ocrx_word' id='word_1_767' title='bbox 1389 2124 1512 2152; x_wconf 89' lang='lat' dir='ltr'><strong><em>ltomilias</em></strong></span> <span class='ocrx_word' id='word_1_768' title='bbox 1527 2130 1585 2160; x_wconf 90' lang='lat' dir='ltr'><strong><em>post</em></strong></span> <span class='ocrx_word' id='word_1_769' title='bbox 1600 2127 1777 2155; x_wconf 85' lang='lat' dir='ltr'><strong><em>Pentecostett</em></strong></span> 
     </span>
    </p>
   </div>
   <div class='ocr_carea' id='block_1_104' title="bbox 987 2171 1777 2209">
    <p class='ocr_par' dir='ltr' id='par_1_104' title="bbox 987 2171 1777 2209">
     <span class='ocr_line' id='line_1_104' title="bbox 987 2171 1777 2209; baseline 0.004 -11"><span class='ocrx_word' id='word_1_770' title='bbox 987 2174 1087 2198; x_wconf 88' lang='lat' dir='ltr'><strong><em>tantum</em></strong></span> <span class='ocrx_word' id='word_1_771' title='bbox 1097 2171 1280 2205; x_wconf 84' lang='lat' dir='ltr'><strong><em>resumpserit.</em></strong></span> <span class='ocrx_word' id='word_1_772' title='bbox 1291 2171 1318 2198; x_wconf 89' lang='lat' dir='ltr'><strong><em>ltt</em></strong></span> <span class='ocrx_word' id='word_1_773' title='bbox 1334 2171 1464 2207; x_wconf 89' lang='lat' dir='ltr'><strong><em>principio</em></strong></span> <span class='ocrx_word' id='word_1_774' title='bbox 1477 2173 1549 2200; x_wconf 89' lang='lat' dir='ltr'><strong><em>enim</em></strong></span> <span class='ocrx_word' id='word_1_775' title='bbox 1564 2173 1680 2201; x_wconf 76' lang='lat' dir='ltr'><strong><em>homilite</em></strong></span> <span class='ocrx_word' id='word_1_776' title='bbox 1696 2174 1777 2209; x_wconf 83' lang='lat' dir='ltr'><strong><em>trige-</em></strong></span> 
     </span>
    </p>
   </div>
   <div class='ocr_carea' id='block_1_105' title="bbox 985 2216 1778 2253">
    <p class='ocr_par' dir='ltr' id='par_1_105' title="bbox 985 2216 1778 2253">
     <span class='ocr_line' id='line_1_105' title="bbox 985 2216 1778 2253; baseline 0.005 -10"><span class='ocrx_word' id='word_1_777' title='bbox 985 2216 1060 2243; x_wconf 79' lang='lat' dir='ltr'><strong><em>sima:</em></strong></span> <span class='ocrx_word' id='word_1_778' title='bbox 1073 2216 1158 2244; x_wconf 81' lang='lat' dir='ltr'><strong><em>tertiae</em></strong></span> <span class='ocrx_word' id='word_1_779' title='bbox 1172 2223 1201 2244; x_wconf 85' lang='lat' dir='ltr'><strong><em>se</em></strong></span> <span class='ocrx_word' id='word_1_780' title='bbox 1221 2224 1236 2244; x_wconf 88' lang='lat' dir='ltr'><strong><em>a</em></strong></span> <span class='ocrx_word' id='word_1_781' title='bbox 1253 2217 1336 2244; x_wconf 91' lang='lat' dir='ltr'><strong><em>multo</em></strong></span> <span class='ocrx_word' id='word_1_782' title='bbox 1355 2217 1411 2252; x_wconf 88' lang='lat' dir='ltr'><strong><em>jam</em></strong></span> <span class='ocrx_word' id='word_1_783' title='bbox 1434 2223 1554 2253; x_wconf 83' lang='lat' dir='ltr'><strong><em>tempore</em></strong></span> <span class='ocrx_word' id='word_1_784' title='bbox 1573 2226 1681 2246; x_wconf 89' lang='lat' dir='ltr'><strong><em>cursum</em></strong></span> <span class='ocrx_word' id='word_1_785' title='bbox 1703 2220 1778 2247; x_wconf 90' lang='lat' dir='ltr'><strong><em>illum</em></strong></span> 
     </span>
    </p>
   </div>
   <div class='ocr_carea' id='block_1_106' title="bbox 985 2262 1779 2300">
    <p class='ocr_par' dir='ltr' id='par_1_106' title="bbox 985 2262 1779 2300">
     <span class='ocr_line' id='line_1_106' title="bbox 985 2262 1779 2300; baseline 0.003 -10"><span class='ocrx_word' id='word_1_786' title='bbox 985 2262 1160 2291; x_wconf 84' lang='lat' dir='ltr'><strong><em>intermisisse</em></strong></span> <span class='ocrx_word' id='word_1_787' title='bbox 1175 2263 1248 2291; x_wconf 88' lang='lat' dir='ltr'><strong><em>dicit.</em></strong></span> <span class='ocrx_word' id='word_1_788' title='bbox 1274 2264 1337 2291; x_wconf 89' lang='lat' dir='ltr'><strong><em>Post</em></strong></span> <span class='ocrx_word' id='word_1_789' title='bbox 1352 2264 1513 2299; x_wconf 75' lang='lat' dir='ltr'><strong><em>trigesimum</em></strong></span> <span class='ocrx_word' id='word_1_790' title='bbox 1527 2265 1630 2292; x_wconf 87' lang='lat' dir='ltr'><strong><em>tertiam</em></strong></span> <span class='ocrx_word' id='word_1_791' title='bbox 1646 2265 1779 2300; x_wconf 87' lang='lat' dir='ltr'><strong><em>trigesima</em></strong></span> 
     </span>
    </p>
   </div>
   <div class='ocr_carea' id='block_1_107' title="bbox 985 2309 1777 2345">
    <p class='ocr_par' dir='ltr' id='par_1_107' title="bbox 985 2309 1777 2345">
     <span class='ocr_line' id='line_1_107' title="bbox 985 2309 1777 2345; baseline 0.003 -9"><span class='ocrx_word' id='word_1_792' title='bbox 985 2314 1077 2344; x_wconf 83' lang='lat' dir='ltr'><strong><em>quarta</em></strong></span> <span class='ocrx_word' id='word_1_793' title='bbox 1091 2309 1239 2344; x_wconf 89' lang='lat' dir='ltr'><strong><em>insequenti</em></strong></span> <span class='ocrx_word' id='word_1_794' title='bbox 1252 2309 1296 2337; x_wconf 89' lang='lat' dir='ltr'><strong><em>die</em></strong></span> <span class='ocrx_word' id='word_1_795' title='bbox 1306 2309 1377 2337; x_wconf 89' lang='lat' dir='ltr'><strong><em>dicta</em></strong></span> <span class='ocrx_word' id='word_1_796' title='bbox 1389 2309 1447 2343; x_wconf 78' lang='lat' dir='ltr'><strong><em>fuit,</em></strong></span> <span class='ocrx_word' id='word_1_797' title='bbox 1460 2314 1487 2337; x_wconf 88' lang='lat' dir='ltr'><strong><em>et</em></strong></span> <span class='ocrx_word' id='word_1_798' title='bbox 1502 2310 1629 2345; x_wconf 91' lang='lat' dir='ltr'><strong><em>postridie</em></strong></span> <span class='ocrx_word' id='word_1_799' title='bbox 1643 2311 1777 2345; x_wconf 77' lang='lat' dir='ltr'><strong><em>trigesima</em></strong></span> 
     </span>
    </p>
   </div>
   <div class='ocr_carea' id='block_1_108' title="bbox 985 2354 1778 2391">
    <p class='ocr_par' dir='ltr' id='par_1_108' title="bbox 985 2354 1778 2391">
     <span class='ocr_line' id='line_1_108' title="bbox 985 2354 1778 2391; baseline 0 -9"><span class='ocrx_word' id='word_1_800' title='bbox 985 2355 1076 2390; x_wconf 90' lang='lat' dir='ltr'><strong><em>quittta</em></strong></span> <span class='ocrx_word' id='word_1_801' title='bbox 1098 2363 1105 2382; x_wconf 83' lang='lat'><strong>;</strong></span> <span class='ocrx_word' id='word_1_802' title='bbox 1129 2354 1198 2383; x_wconf 88' lang='lat' dir='ltr'><strong><em>hanc</em></strong></span> <span class='ocrx_word' id='word_1_803' title='bbox 1216 2355 1384 2382; x_wconf 86' lang='lat' dir='ltr'><strong><em>continenter</em></strong></span> <span class='ocrx_word' id='word_1_804' title='bbox 1405 2355 1566 2389; x_wconf 87' lang='lat' dir='ltr'><strong><em>subsequuta</em></strong></span> <span class='ocrx_word' id='word_1_805' title='bbox 1585 2360 1627 2383; x_wconf 87' lang='lat' dir='ltr'><strong><em>est</em></strong></span> <span class='ocrx_word' id='word_1_806' title='bbox 1645 2356 1778 2391; x_wconf 73' lang='lat' dir='ltr'><strong><em>trigesima</em></strong></span> 
     </span>
    </p>
   </div>
   <div class='ocr_carea' id='block_1_109' title="bbox 985 2401 1780 2437">
    <p class='ocr_par' dir='ltr' id='par_1_109' title="bbox 985 2401 1780 2437">
     <span class='ocr_line' id='line_1_109' title="bbox 985 2401 1780 2437; baseline 0 -8"><span class='ocrx_word' id='word_1_807' title='bbox 985 2406 1069 2434; x_wconf 80' lang='lat' dir='ltr'><strong><em>sexta,</em></strong></span> <span class='ocrx_word' id='word_1_808' title='bbox 1082 2409 1160 2437; x_wconf 88' lang='lat' dir='ltr'><strong><em>quam</em></strong></span> <span class='ocrx_word' id='word_1_809' title='bbox 1170 2402 1275 2437; x_wconf 84' lang='lat' dir='ltr'><strong><em>excepit</em></strong></span> <span class='ocrx_word' id='word_1_810' title='bbox 1289 2401 1423 2437; x_wconf 80' lang='lat' dir='ltr'><strong><em>trigesima</em></strong></span> <span class='ocrx_word' id='word_1_811' title='bbox 1437 2402 1558 2436; x_wconf 85' lang='lat' dir='ltr'><strong><em>septima.</em></strong></span> <span class='ocrx_word' id='word_1_812' title='bbox 1575 2401 1603 2429; x_wconf 87' lang='lat' dir='ltr'><strong><em>ltt</em></strong></span> <span class='ocrx_word' id='word_1_813' title='bbox 1617 2402 1703 2429; x_wconf 88' lang='lat' dir='ltr'><strong><em>triduo</em></strong></span> <span class='ocrx_word' id='word_1_814' title='bbox 1716 2409 1780 2430; x_wconf 89' lang='lat' dir='ltr'><strong><em>con-</em></strong></span> 
     </span>
    </p>
   </div>
   <div class='ocr_carea' id='block_1_110' title="bbox 986 2447 1779 2484">
    <p class='ocr_par' dir='ltr' id='par_1_110' title="bbox 986 2447 1779 2484">
     <span class='ocr_line' id='line_1_110' title="bbox 986 2447 1779 2484; baseline 0.003 -10"><span class='ocrx_word' id='word_1_815' title='bbox 986 2448 1101 2475; x_wconf 86' lang='lat' dir='ltr'><strong><em>tinenter</em></strong></span> <span class='ocrx_word' id='word_1_816' title='bbox 1113 2447 1159 2480; x_wconf 78' lang='grc'><strong><em>58,</em></strong></span> <span class='ocrx_word' id='word_1_817' title='bbox 1173 2447 1216 2480; x_wconf 85' lang='lat'><strong><em>&#39;59,</em></strong></span> <span class='ocrx_word' id='word_1_818' title='bbox 1230 2452 1256 2474; x_wconf 92' lang='lat' dir='ltr'><strong><em>et</em></strong></span> <span class='ocrx_word' id='word_1_819' title='bbox 1269 2447 1303 2475; x_wconf 73' lang='grc'>40</span> <span class='ocrx_word' id='word_1_820' title='bbox 1319 2447 1414 2475; x_wconf 68' lang='lat' dir='ltr'><strong><em>habitat</em></strong></span> <span class='ocrx_word' id='word_1_821' title='bbox 1426 2452 1496 2475; x_wconf 90' lang='lat' dir='ltr'><strong><em>sunt.</em></strong></span> <span class='ocrx_word' id='word_1_822' title='bbox 1512 2448 1575 2476; x_wconf 84' lang='lat' dir='ltr'><strong><em>Post</em></strong></span> <span class='ocrx_word' id='word_1_823' title='bbox 1588 2448 1688 2484; x_wconf 91' lang='lat' dir='ltr'><strong><em>aliquot</em></strong></span> <span class='ocrx_word' id='word_1_824' title='bbox 1698 2449 1779 2476; x_wconf 85' lang='lat' dir='ltr'><strong><em>inter-</em></strong></span> 
     </span>
    </p>
   </div>
   <div class='ocr_carea' id='block_1_111' title="bbox 986 2493 1778 2529">
    <p class='ocr_par' dir='ltr' id='par_1_111' title="bbox 986 2493 1778 2529">
     <span class='ocr_line' id='line_1_111' title="bbox 986 2493 1778 2529; baseline 0.001 -8"><span class='ocrx_word' id='word_1_825' title='bbox 986 2494 1086 2529; x_wconf 88' lang='lat' dir='ltr'><strong><em>positos</em></strong></span> <span class='ocrx_word' id='word_1_826' title='bbox 1099 2493 1157 2521; x_wconf 89' lang='lat' dir='ltr'><strong><em>dies</em></strong></span> <span class='ocrx_word' id='word_1_827' title='bbox 1167 2493 1395 2528; x_wconf 75' lang='lat' dir='ltr'><strong><em>quadragesimum</em></strong></span> <span class='ocrx_word' id='word_1_828' title='bbox 1408 2493 1518 2528; x_wconf 86' lang='lat' dir='ltr'><strong><em>primam</em></strong></span> <span class='ocrx_word' id='word_1_829' title='bbox 1531 2494 1655 2522; x_wconf 88' lang='lat' dir='ltr'><strong><em>habuisse</em></strong></span> <span class='ocrx_word' id='word_1_830' title='bbox 1665 2494 1778 2523; x_wconf 83' lang='lat' dir='ltr'><strong><em>videtur.</em></strong></span> 
     </span>
    </p>
   </div>
   <div class='ocr_carea' id='block_1_112' title="bbox 986 2539 1779 2575">
    <p class='ocr_par' dir='ltr' id='par_1_112' title="bbox 986 2539 1779 2575">
     <span class='ocr_line' id='line_1_112' title="bbox 986 2539 1779 2575; baseline 0 -8"><span class='ocrx_word' id='word_1_831' title='bbox 986 2540 1070 2567; x_wconf 84' lang='lat' dir='ltr'><strong><em>Biduo</em></strong></span> <span class='ocrx_word' id='word_1_832' title='bbox 1089 2544 1178 2566; x_wconf 87' lang='lat' dir='ltr'><strong><em>atttem</em></strong></span> <span class='ocrx_word' id='word_1_833' title='bbox 1200 2539 1322 2574; x_wconf 87' lang='lat' dir='ltr'><strong><em>sequenti</em></strong></span> <span class='ocrx_word' id='word_1_834' title='bbox 1343 2539 1572 2575; x_wconf 80' lang='lat' dir='ltr'><strong><em>quadragesimum</em></strong></span> <span class='ocrx_word' id='word_1_835' title='bbox 1593 2540 1738 2568; x_wconf 88' lang='lat' dir='ltr'><strong><em>secundam</em></strong></span> <span class='ocrx_word' id='word_1_836' title='bbox 1753 2544 1779 2567; x_wconf 89' lang='lat' dir='ltr'><strong><em>et</em></strong></span> 
     </span>
    </p>
   </div>
   <div class='ocr_carea' id='block_1_113' title="bbox 986 2584 1779 2620">
    <p class='ocr_par' dir='ltr' id='par_1_113' title="bbox 986 2584 1779 2620">
     <span class='ocr_line' id='line_1_113' title="bbox 986 2584 1779 2620; baseline 0.001 -8"><span class='ocrx_word' id='word_1_837' title='bbox 986 2585 1216 2620; x_wconf 77' lang='lat' dir='ltr'><strong><em>quadragesimum</em></strong></span> <span class='ocrx_word' id='word_1_838' title='bbox 1239 2585 1352 2612; x_wconf 85' lang='lat' dir='ltr'><strong><em>tertiam.</em></strong></span> <span class='ocrx_word' id='word_1_839' title='bbox 1378 2585 1473 2612; x_wconf 90' lang='lat' dir='ltr'><strong><em>Postea</em></strong></span> <span class='ocrx_word' id='word_1_840' title='bbox 1494 2593 1557 2613; x_wconf 85' lang='lat' dir='ltr'><strong><em>vero</em></strong></span> <span class='ocrx_word' id='word_1_841' title='bbox 1577 2586 1734 2613; x_wconf 83' lang='lat' dir='ltr'><strong><em>concionem</em></strong></span> <span class='ocrx_word' id='word_1_842' title='bbox 1746 2584 1779 2613; x_wconf 82' lang='lat' dir='ltr'><strong><em>de</em></strong></span> 
     </span>
    </p>
   </div>
   <div class='ocr_carea' id='block_1_114' title="bbox 987 2629 1779 2665">
    <p class='ocr_par' dir='ltr' id='par_1_114' title="bbox 987 2629 1779 2665">
     <span class='ocr_line' id='line_1_114' title="bbox 987 2629 1779 2665; baseline 0 -8"><span class='ocrx_word' id='word_1_843' title='bbox 987 2631 1152 2658; x_wconf 81' lang='lat' dir='ltr'><strong><em>Samaritana</em></strong></span> <span class='ocrx_word' id='word_1_844' title='bbox 1168 2629 1270 2663; x_wconf 89' lang='lat' dir='ltr'><strong><em>habuit,</em></strong></span> <span class='ocrx_word' id='word_1_845' title='bbox 1286 2637 1317 2657; x_wconf 90' lang='lat' dir='ltr'><strong><em>ac</em></strong></span> <span class='ocrx_word' id='word_1_846' title='bbox 1332 2629 1445 2658; x_wconf 88' lang='lat' dir='ltr'><strong><em>subinde</em></strong></span> <span class='ocrx_word' id='word_1_847' title='bbox 1457 2630 1685 2665; x_wconf 73' lang='lat' dir='ltr'><strong><em>quadragesimum</em></strong></span> <span class='ocrx_word' id='word_1_848' title='bbox 1700 2638 1779 2665; x_wconf 90' lang='lat' dir='ltr'><strong><em>quar-</em></strong></span> 
     </span>
    </p>
   </div>
   <div class='ocr_carea' id='block_1_115' title="bbox 988 2676 1780 2711">
    <p class='ocr_par' dir='ltr' id='par_1_115' title="bbox 988 2676 1780 2711">
     <span class='ocr_line' id='line_1_115' title="bbox 988 2676 1780 2711; baseline -0.001 -8"><span class='ocrx_word' id='word_1_849' title='bbox 988 2682 1039 2703; x_wconf 88' lang='lat' dir='ltr'><strong><em>tattt</em></strong></span> <span class='ocrx_word' id='word_1_850' title='bbox 1060 2677 1085 2703; x_wconf 91' lang='lat' dir='ltr'><strong><em>in</em></strong></span> <span class='ocrx_word' id='word_1_851' title='bbox 1107 2676 1232 2704; x_wconf 86' lang='lat' dir='ltr'><strong><em>Genesim</em></strong></span> <span class='ocrx_word' id='word_1_852' title='bbox 1250 2676 1435 2711; x_wconf 84' lang='lat' dir='ltr'><strong><em>pronuntiavit,</em></strong></span> <span class='ocrx_word' id='word_1_853' title='bbox 1446 2680 1473 2704; x_wconf 88' lang='lat' dir='ltr'><strong><em>et</em></strong></span> <span class='ocrx_word' id='word_1_854' title='bbox 1483 2676 1564 2711; x_wconf 80' lang='lat' dir='ltr'><strong><em>paulo</em></strong></span> <span class='ocrx_word' id='word_1_855' title='bbox 1574 2680 1635 2710; x_wconf 88' lang='lat' dir='ltr'><strong><em>post</em></strong></span> <span class='ocrx_word' id='word_1_856' title='bbox 1643 2676 1780 2703; x_wconf 83' lang='lat' dir='ltr'><strong><em>continett-</em></strong></span> 
     </span>
    </p>
   </div>
   <div class='ocr_carea' id='block_1_116' title="bbox 987 2722 1782 2757">
    <p class='ocr_par' dir='ltr' id='par_1_116' title="bbox 987 2722 1782 2757">
     <span class='ocr_line' id='line_1_116' title="bbox 987 2722 1782 2757; baseline -0.003 -7"><span class='ocrx_word' id='word_1_857' title='bbox 987 2729 1028 2750; x_wconf 90' lang='lat' dir='ltr'><strong><em>ter</em></strong></span> <span class='ocrx_word' id='word_1_858' title='bbox 1041 2723 1075 2750; x_wconf 66' lang='grc'><strong><em>45</em></strong></span> <span class='ocrx_word' id='word_1_859' title='bbox 1087 2743 1094 2756; x_wconf 90' lang='grc'>,</span> <span class='ocrx_word' id='word_1_860' title='bbox 1109 2722 1161 2756; x_wconf 72' lang='grc'><strong><em>46,</em></strong></span> <span class='ocrx_word' id='word_1_861' title='bbox 1182 2723 1217 2750; x_wconf 69' lang='grc'><strong>47</strong></span> <span class='ocrx_word' id='word_1_862' title='bbox 1231 2727 1258 2750; x_wconf 82' lang='lat' dir='ltr'><strong><em>ct</em></strong></span> <span class='ocrx_word' id='word_1_863' title='bbox 1277 2723 1321 2756; x_wconf 70' lang='grc'><strong><em>48,</em></strong></span> <span class='ocrx_word' id='word_1_864' title='bbox 1337 2723 1459 2750; x_wconf 85' lang='lat' dir='ltr'><strong><em>similiter</em></strong></span> <span class='ocrx_word' id='word_1_865' title='bbox 1475 2723 1510 2750; x_wconf 65' lang='lat'><strong><em>49</em></strong></span> <span class='ocrx_word' id='word_1_866' title='bbox 1525 2727 1552 2750; x_wconf 88' lang='lat' dir='ltr'><strong><em>ct</em></strong></span> <span class='ocrx_word' id='word_1_867' title='bbox 1570 2723 1618 2754; x_wconf 79' lang='lat'><strong><em>50;</em></strong></span> <span class='ocrx_word' id='word_1_868' title='bbox 1635 2727 1661 2750; x_wconf 88' lang='lat' dir='ltr'><strong><em>et</em></strong></span> <span class='ocrx_word' id='word_1_869' title='bbox 1680 2723 1782 2757; x_wconf 87' lang='lat' dir='ltr'><strong><em>aliquot</em></strong></span> 
     </span>
    </p>
   </div>
   <div class='ocr_carea' id='block_1_117' title="bbox 988 2769 1780 2805">
    <p class='ocr_par' dir='ltr' id='par_1_117' title="bbox 988 2769 1780 2805">
     <span class='ocr_line' id='line_1_117' title="bbox 988 2769 1780 2805; baseline 0 -9"><span class='ocrx_word' id='word_1_870' title='bbox 988 2774 1078 2804; x_wconf 85' lang='lat' dir='ltr'><strong><em>postea</em></strong></span> <span class='ocrx_word' id='word_1_871' title='bbox 1106 2769 1199 2797; x_wconf 85' lang='lat' dir='ltr'><strong><em>diebus</em></strong></span> <span class='ocrx_word' id='word_1_872' title='bbox 1223 2769 1467 2805; x_wconf 77' lang='lat' dir='ltr'><strong><em>quinquagesimum</em></strong></span> <span class='ocrx_word' id='word_1_873' title='bbox 1491 2769 1622 2803; x_wconf 87' lang='lat' dir='ltr'><strong><em>primam:</em></strong></span> <span class='ocrx_word' id='word_1_874' title='bbox 1640 2776 1780 2796; x_wconf 82' lang='lat' dir='ltr'><strong><em>notuerunt</em></strong></span> 
     </span>
    </p>
   </div>
   <div class='ocr_carea' id='block_1_118' title="bbox 987 2815 1462 2851">
    <p class='ocr_par' dir='ltr' id='par_1_118' title="bbox 987 2815 1462 2851">
     <span class='ocr_line' id='line_1_118' title="bbox 987 2815 1462 2851; baseline 0 -10"><span class='ocrx_word' id='word_1_875' title='bbox 987 2823 1085 2842; x_wconf 77' lang='lat' dir='ltr'><strong><em>auxere</em></strong></span> <span class='ocrx_word' id='word_1_876' title='bbox 1098 2815 1178 2843; x_wconf 91' lang='lat' dir='ltr'><strong><em>biduo</em></strong></span> <span class='ocrx_word' id='word_1_877' title='bbox 1193 2815 1313 2851; x_wconf 86' lang='lat' dir='ltr'><strong><em>sequenti</em></strong></span> <span class='ocrx_word' id='word_1_878' title='bbox 1328 2815 1363 2843; x_wconf 73' lang='lat'><strong><em>5‘2.</em></strong></span> <span class='ocrx_word' id='word_1_879' title='bbox 1377 2820 1403 2842; x_wconf 85' lang='lat' dir='ltr'><strong><em>et</em></strong></span> <span class='ocrx_word' id='word_1_880' title='bbox 1417 2815 1462 2842; x_wconf 83' lang='grc'><strong><em>55.</em></strong></span> 
     </span>
    </p>
   </div>
   <div class='ocr_carea' id='block_1_119' title="bbox 1023 2859 1781 2897">
    <p class='ocr_par' dir='ltr' id='par_1_119' title="bbox 1023 2859 1781 2897">
     <span class='ocr_line' id='line_1_119' title="bbox 1023 2859 1781 2897; baseline 0.001 -9"><span class='ocrx_word' id='word_1_881' title='bbox 1023 2860 1272 2897; x_wconf 84' lang='lat' dir='ltr'><strong><em>Quiuquagesimam</em></strong></span> <span class='ocrx_word' id='word_1_882' title='bbox 1285 2866 1404 2897; x_wconf 80' lang='lat' dir='ltr'><strong><em>quartam</em></strong></span> <span class='ocrx_word' id='word_1_883' title='bbox 1417 2860 1504 2888; x_wconf 89' lang='lat' dir='ltr'><strong><em>emisit</em></strong></span> <span class='ocrx_word' id='word_1_884' title='bbox 1515 2864 1653 2895; x_wconf 87' lang='lat' dir='ltr'><strong><em>postquam</em></strong></span> <span class='ocrx_word' id='word_1_885' title='bbox 1668 2859 1701 2888; x_wconf 87' lang='lat' dir='ltr'><strong><em>de</em></strong></span> <span class='ocrx_word' id='word_1_886' title='bbox 1711 2860 1781 2889; x_wconf 88' lang='lat' dir='ltr'><strong><em>Cou-</em></strong></span> 
     </span>
    </p>
   </div>
   <div class='ocr_carea' id='block_1_120' title="bbox 984 2900 1780 2941">
    <p class='ocr_par' dir='ltr' id='par_1_120' title="bbox 984 2900 1780 2941">
     <span class='ocr_line' id='line_1_120' title="bbox 984 2900 1780 2941; baseline -0.003 -5"><span class='ocrx_word' id='word_1_887' title='bbox 984 2900 1112 2938; x_wconf 38' lang='lat' dir='ltr'><strong><em>lversionc</em></strong></span> <span class='ocrx_word' id='word_1_888' title='bbox 1135 2909 1218 2937; x_wconf 86' lang='lat' dir='ltr'><strong><em>sancti</em></strong></span> <span class='ocrx_word' id='word_1_889' title='bbox 1239 2907 1353 2936; x_wconf 67' lang='lat' dir='ltr'><strong><em>Matthxi</em></strong></span> <span class='ocrx_word' id='word_1_890' title='bbox 1368 2907 1524 2935; x_wconf 71' lang='lat' dir='ltr'><strong><em>concionem</em></strong></span> <span class='ocrx_word' id='word_1_891' title='bbox 1538 2906 1666 2935; x_wconf 79' lang='lat' dir='ltr'><strong><em>habuerat</em></strong></span> <span class='ocrx_word' id='word_1_892' title='bbox 1683 2914 1780 2941; x_wconf 85' lang='lat' dir='ltr'><strong><em>:quam</em></strong></span> 
     </span>
    </p>
   </div>
  </div>
