2034 3109
254 149 303 176 1ἷυ

250 210 404 240 concionem
425 212 543 244 sequutte
563 210 625 234 sunt
640 206 683 237 55,
703 205 754 239 56,
776 205 809 232 57
826 210 853 232 et
872 205 915 232 58.
938 204 1042 232 Seriem

251 256 392 290 intercepit
410 254 502 282 concio
517 252 550 280 de
564 250 801 280 Observatiouibns
816 249 945 284 legalibus
955 270 963 282 ,
983 252 1044 284 post

252 310 330 339 quam
342 301 386 328 die
397 300 515 335 sequenti
526 297 769 333 quinquagesimatn
781 303 877 322 nonam
889 295 964 321 dixit.
982 294 1044 321 Pau-

251 348 274 376 lo
284 352 348 382 post
358 352 445 374 autent
457 345 501 378 60,
520 344 563 375 61,
580 343 624 374 62,
642 341 836 376 pronuntiavit,
852 348 930 375 quam
942 344 1044 375 postre-

252 401 322 422 mam
338 393 382 420 die
400 390 520 426 sequenti
534 389 698 424 sexagesima
718 388 802 420 tertia,
820 391 929 422 sequuta
944 386 1002 418 fuit,
1017 390 1044 413 et

252 439 330 474 paulo
338 435 572 472 postseaxgcsima
580 438 685 469 quarta,
700 438 727 460 et
739 432 866 467 postridie
879 431 1042 466 sexagesima

252 483 352 518 quinta,
368 483 450 518 paulo
462 487 524 518 post
536 481 700 516 sexagesima
724 484 809 510 sexta,
832 478 900 506 inter
916 485 995 512 quam
1017 481 1044 504 et

251 528 443 564 sexagesimum
471 527 611 562 septimam
634 525 732 560 aliquid
758 525 835 560 spatii
861 523 1043 551 intercessisse

250 575 364 602 videtur.
389 574 486 609 Sicque
505 579 599 600 omnes
618 571 645 598 in
668 570 793 599 Genesim
814 569 956 597 conciones
971 576 1043 596 com-

249 621 327 656 pleta:
343 619 457 646 fuerunt.

288 665 379 701 Stylus
390 663 573 699 Chrysoslomi
587 662 612 689 in
629 661 669 688 his
685 661 800 688 homiliis
811 660 901 688 nescio
916 659 978 695 quid
991 667 1042 687 no-

252 712 278 739 vi
295 719 348 747 [ιι-ω
361 718 390 738 se
404 711 462 738 fert.
479 710 516 736 De
532 709 572 736 his
585 708 700 735 homiliis
715 708 825 742 loqttens
839 706 948 733 Photius
956 706 1042 733 aithic

252 757 385 786 observari
397 761 550 784 consuetam
567 754 748 790 Chrysoslomi
766 753 922 782 claritatem.
940 751 1041 787 purita.

251 809 314 837 lem,
325 803 491 838 splendorem
505 806 532 829 et
544 801 646 835 copiam
657 799 772 831 dicendi,
787 799 976 826 sententiarum
988 798 1041 825 ire-

249 849 382 884 qucntiam
391 853 417 875 et
427 848 621 882 aptissimarum
629 845 829 873 similitudinum
843 844 1039 876 abundantiam;

253 894 300 922 sed
312 902 356 921 cas
365 893 517 920 remis~iore
524 896 550 919 et
557 891 697 918 humiliore
703 890 806 918 dicendi
815 897 911 925 genere
918 889 1040 924 scriptas,

253 945 407 974 tantumque
419 939 539 966 llotuiliis
553 946 598 965 seu
609 937 815 965 Commentariis
830 937 855 963 in
882 937 947 963 Acta
971 936 1041 970 stylo

251 986 392 1013 inferiores
407 993 476 1017 esse,
491 990 617 1019 quantum
642 984 686 1011 illa
711 984 736 1010 in
752 983 817 1010 Acta
845 982 1039 1010 Commentario

249 1032 375 1060 inferiora
386 1035 448 1059 sunt
459 1030 663 1059 Commentariis
677 1031 701 1057 iu
712 1029 844 1064 Epistolas
863 1029 935 1055 Pauli
960 1032 987 1055 et
1014 1028 1041 1055 in

249 1079 419 1107 Psalterium.
433 1078 472 1105 Ac
487 1085 578 1104 revera
596 1077 636 1102 hac
652 1076 792 1103 conciones
803 1095 810 1107 ,
835 1075 896 1101 licet
918 1081 1040 1108 magnam

247 1125 396 1152 ubertatem
408 1128 487 1158 atque
499 1123 604 1150 solitam
615 1121 798 1156 Chrysostomi
813 1120 971 1147 inventionis
982 1119 1041 1146 fcli—

249 1171 356 1198 citatem
371 1177 425 1204 pra:
437 1177 465 1196 se
478 1168 572 1200 ierant,
589 1176 641 1194 non
656 1172 744 1194 tamen
761 1167 816 1201 pari
829 1167 917 1194 studio
929 1166 968 1193 vel
994 1173 1040 1193 ac-

249 1216 386 1242 curatione
400 1215 565 1241 concinnatre
580 1213 713 1239 videntur.
729 1212 776 1239 llic
787 1220 858 1246 s:epe
873 1212 1039 1239 animadver-

249 1268 289 1288 tas
303 1261 470 1295 longissimas
485 1260 538 1287 texi
551 1259 683 1294 periodos,
701 1266 759 1293 qua:
782 1258 956 1293 parentheses
976 1258 1041 1285 alias

249 1306 403 1341 superalias
414 1310 466 1332 tam
482 1304 634 1339 frequenter
645 1303 796 1334 exhibeant,
813 1307 841 1329 ut
855 1302 977 1337 principii
990 1302 1038 1329 ob-

249 1353 310 1379 litus
336 1355 435 1382 orator,
466 1350 622 1377 sententiam
648 1347 827 1382 imperfectam
848 1348 988 1382 relinquat.
1015 1352 1042 1374 et

249 1397 390 1433 aliquando
414 1396 523 1424 verbum
544 1395 576 1422 ad
589 1395 702 1422 ordinem
723 1393 904 1421 necessarium
930 1397 1040 1428 practer-

249 1445 343 1470 tuittat.
361 1442 450 1478 Neque
465 1441 563 1469 veroid
577 1441 672 1467 mirum
686 1441 732 1467 tibi
747 1439 876 1471 videatur,
888 1439 910 1466 si
927 1446 1040 1473 perpen-

249 1491 305 1523 das,
318 1489 441 1524 periodos
452 1489 512 1516 illas
523 1487 665 1523 aliquando
688 1488 722 1513 ita
747 1486 865 1519 extendi,
891 1487 933 1512 vix
957 1489 985 1512 ut
1012 1485 1038 1512 itt

248 1537 342 1572 pagina
357 1542 408 1562 una
422 1534 603 1561 absoliantur.
622 1533 689 1560 lliuc
715 1532 812 1559 inferas
834 1537 967 1558 oratorem
989 1538 1038 1558 tto-

248 1587 331 1609 strum
358 1581 414 1608 ltrce
437 1580 653 1610 conciOuantcm,
669 1586 722 1604 non
737 1577 770 1604 ita
792 1585 897 1612 semper
920 1580 1039 1611 paratum

249 1628 457 1661 tueditatumque
469 1625 502 1652 ad
515 1625 669 1652 concionem
697 1623 809 1655 venisse,
836 1622 883 1650 sed
907 1622 988 1648 multa
1006 1629 1039 1648 ex

249 1681 367 1708 tempore
377 1677 407 1700 ut
415 1672 497 1699 menti
512 1679 571 1698 sese
579 1670 726 1698 oil'erebant
734 1669 842 1697 dixisse.

283 1719 310 1746 Si
326 1726 431 1746 causam
446 1724 527 1752 porro
541 1724 654 1751 quaeras.
678 1715 827 1750 perpendas
849 1715 927 1742 velim
953 1715 1038 1749 ipsum

250 1765 276 1791 in
295 1764 345 1790 hac
358 1763 565 1797 Quadragesima
584 1762 617 1788 ad
637 1769 721 1796 usque
745 1760 919 1788 hebdomadis
941 1765 1039 1788 sanctm

250 1809 400 1841 dimidium,
417 1816 468 1834 non
478 1807 557 1834 modo
567 1807 624 1834 illas
639 1807 745 1841 triginta
759 1806 824 1833 duas
836 1808 937 1841 priores
952 1806 1038 1833 homi-

248 1856 298 1884 lias
309 1855 444 1888 habuisse,
459 1853 505 1881 sed
520 1854 599 1881 etiam
617 1853 683 1880 alias
696 1853 839 1880 identidem
865 1858 1036 1886 memoratas,

248 1910 308 1937 quae
319 1901 446 1928 suadente
456 1901 579 1935 quapiam
594 1899 721 1934 temporis
746 1899 887 1926 occasione
909 1899 1037 1926 llomilia-

248 1956 307 1976 rum
319 1948 344 1975 in
360 1947 484 1975 Genesim
498 1953 604 1974 cursum
630 1945 844 1980 interpellabant,
870 1949 896 1973 et
924 1945 1038 1972 fortasse

247 1995 312 2022 alias
323 2001 427 2029 quoque
440 1993 540 2020 dixisse
550 1992 583 2019 ah
596 2000 624 2020 se
635 2000 688 2019 nott
703 1998 936 2026 commcmoratas,
954 1993 988 2019 ita
1010 1997 1038 2020 ut

248 2040 364 2075 quotidie
376 2039 469 2072 ferme,
481 2043 507 2065 et
520 2038 626 2073 quidem
641 2038 794 2072 longissime
806 2038 980 2066 concionatus
993 2038 1036 2064 sit.

250 2085 276 2112 ld
291 2089 379 2112 autem
395 2092 409 2111 a
421 2085 479 2111 viro
487 2084 635 2119 prtesertim
648 2084 691 2118 qui
701 2091 748 2118 per
761 2088 844 2111 totum
859 2091 957 2110 annum
971 2091 1036 2110 eon-

247 2131 369 2159 eionandi
384 2131 500 2157 cilicium
514 2129 718 2165 exsequebatur,
738 2137 791 2157 non
815 2137 893 2164 posse
915 2129 972 2156 sine
989 2137 1037 2156 ex-

247 2176 387 2211 temporali
416 2176 608 2203 declamatione
633 2175 775 2202 identidem
807 2176 901 2202 saltem
926 2176 1037 2210 repetita

247 2222 378 2258 przestari,
391 2221 520 2249 fateamur
533 2229 643 2249 necesse
655 2225 705 2249 est.
719 2220 746 2248 ln
758 2221 931 2255 extemporali
948 2225 1036 2248 autent

246 2268 451 2300 declamatione,
468 2267 511 2294 ubi
525 2267 659 2302 ingenium
670 2271 742 2294 tanta
758 2266 859 2301 pollens
873 2267 1036 2300 inventione,

248 2321 314 2341 nova
326 2320 434 2348 semper
444 2314 542 2340 oratori
553 2313 714 2347 suppeditat,
729 2311 792 2346 quid
808 2312 904 2338 mirum
919 2313 940 2339 si
967 2320 1037 2340 non-

247 2367 390 2395 numquam
401 2364 492 2387 contra
504 2359 695 2394 prteceptiones
704 2359 889 2394 grammaticas
900 2363 1035 2394 peccetur,

245 2407 294 2433 etsi
309 2407 396 2433 minor
410 2407 517 2442 ἀκρίϐεια
528 2406 554 2432 in
565 2405 669 2440 syntaxi
681 2408 812 2431 occurrat.

284 2455 408 2483 Diximus
425 2456 652 2490 Chrysostomum
681 2453 861 2482 llomiliarum
892 2455 919 2482 in
947 2455 1034 2483 Gene-

246 2508 298 2527 sun
326 2507 437 2526 cursum
463 2500 643 2534 intercepisse
662 2499 706 2534 (T.
730 2500 757 2527 2.
775 2509 798 2527 ε.
819 2500 892 2535 571),
920 2504 949 2527 ιιι
967 2501 1033 2528 feria

247 2546 343 2580 quinta
372 2545 401 2572 in
430 2544 514 2572 Coena
539 2545 646 2572 Domini
664 2545 698 2573 de
713 2545 782 2574 Juda
807 2546 946 2581 proditore
975 2554 1035 2582 age-

246 2595 300 2620 ret.
316 2591 462 2618 Homiliam
485 2599 550 2619 vero
565 2592 599 2620 de
610 2592 679 2620 Juda
695 2592 835 2628 proditore
851 2592 956 2627 aliquot
972 2596 1035 2620 ante

246 2645 344 2669 annos,
367 2639 397 2663 ut
424 2635 538 2664 credere
555 2641 608 2670 est,
632 2638 688 2673 jam
713 2638 856 2669 habuerat,
883 2638 929 2666 sed
961 2638 1034 2666 illam

246 2684 590 2720 retractavit,initiumque
604 2685 731 2715 mutavit,
743 2690 769 2711 et
781 2685 904 2719 quaedam
921 2685 1034 2716 addidit,

247 2735 275 2756 ιιι
289 2738 349 2757 eam
367 2730 433 2758 feria
448 2731 542 2765 quinta
564 2731 590 2757 ιιι
610 2729 692 2757 C(ena
710 2729 815 2756 Domini
830 2730 943 2762 diceret,
961 2729 1033 2764 quod

246 2777 327 2803 etiam
346 2776 372 2803 in
385 2777 447 2804 aliis
463 2776 583 2804 homiliis
598 2776 695 2804 iecisse
707 2775 929 2810 deprehenditur.
947 2776 1033 2803 Occa-

249 2823 327 2850 sione
337 2823 500 2858 proditionis
513 2822 590 2851 Judm
606 2824 682 2854 dicit,
700 2830 754 2850 non
768 2823 929 2850 necessitate
944 2822 1032 2849 homi-

249 2876 309 2896 nem
327 2869 357 2895 ad
375 2869 476 2896 bonum
495 2868 627 2904 pertrahi,
647 2868 789 2904 ipsumque
804 2875 835 2895 ex
858 2867 942 2896 libero
961 2869 1033 2895 atbi-

779 149 806 176 S.
826 147 964 176 JO.\NNlS
984 146 1219 175 CllRYSOSTOllll
1238 147 1328 180 VITA.

1833 145 1884 174 MO

1100 205 1154 231 trio
1175 205 1217 231 vel
1244 205 1345 232 bonum
1368 205 1410 233 vel
1427 205 1528 232 malum
1546 204 1664 239 deligere
1679 206 1706 232 et
1719 208 1885 239 perpetrare.

1131 250 1207 283 Quod
1217 250 1242 277 in
1250 250 1360 278 homilia
1369 251 1477 280 deJuda
1486 251 1625 287 proditore
1632 250 1886 282 animadvertimus,

1098 293 1212 329 idipsum
1224 295 1448 330 deprehendimus
1460 303 1485 322 tn
1499 295 1628 323 concione
1640 296 1673 323 de
1686 295 1772 324 Cruce
1781 304 1815 324 ac
1836 296 1885 325 La-

1098 344 1257 376 trone,qu:e
1279 341 1306 368 in
1330 341 1374 369 die
1400 342 1559 369 Parasceves
1585 342 1674 370 habita
1698 342 1763 376 fuit;
1791 351 1884 379 nempe

1097 385 1329 421 Chrysostomum,
1343 395 1423 422 quam
1449 387 1550 423 aliquot
1567 392 1629 415 ante
1656 395 1741 416 annos
1763 389 1884 418 habuisse

1095 432 1211 466 videtur,
1226 433 1347 461 eamdem
1360 434 1485 461 secundis
1495 434 1566 461 curis
1587 435 1762 470 recognitum,
1789 439 1816 462 et
1826 435 1886 471 qui-

1096 477 1208 505 husdam
1223 478 1249 506 in
1263 479 1336 510 locis,
1351 479 1378 506 in
1394 478 1524 514 principio
1539 480 1656 507 tnaxime
1675 484 1815 513 mutatam,
1841 488 1886 508 eo-

1095 521 1158 550 dem
1170 528 1323 551 recurrente
1338 523 1382 552 die
1395 524 1560 552 Parasceves
1576 525 1672 552 iterum
1687 526 1887 560 pronuntiasse.

1094 569 1153 597 Non
1168 571 1252 598 series
1267 570 1347 598 modo
1361 571 1453 598 eadem
1467 575 1518 605 est,
1534 571 1580 598 sed
1589 572 1668 598 etiam
1683 572 1762 599 verba
1773 572 1883 607 plerum

1095 623 1166 651 que;
1185 621 1264 652 atqtte
1276 616 1422 652 Scriptura:
1443 618 1501 645 loca
1525 618 1619 645 eodem
1641 618 1700 653 ipso
1722 619 1749 646 in
1776 623 1888 654 utraque

1096 661 1189 689 ordine
1207 662 1336 689 locantur.
1351 663 1415 696 Quae
1430 663 1511 698 prior,
1527 671 1586 698 qua:
1600 664 1731 698 posterior
1744 664 1814 691 dicta
1829 664 1888 692 fue-

1095 707 1140 739 rit,
1153 715 1206 734 nou
1224 708 1258 734 ita
1273 708 1349 735 facile
1362 713 1403 735 est
1424 708 1637 743 deprehendere.
1653 709 1750 737 Verum
1778 718 1810 737 ex
1833 710 1865 738 iis
1878 731 1886 744 ,

1095 760 1154 787 quce
1164 760 1236 779 num.
1249 753 1266 781 5
1280 754 1304 780 in
1319 759 1431 788 tttraque
1444 753 1578 786 dicuntur,
1594 754 1693 789 aliquid
1706 755 1772 782 lttcis
1782 754 1814 782 ad
1829 763 1886 783 rem

1095 798 1278 825 excutiendam
1290 799 1399 826 aﬂ'ertur
1411 808 1489 826 :nam
1498 800 1524 826 in
1534 800 1631 834 priore,
1641 801 1715 835 cujus
1726 801 1827 828 initittut
1835 806 1884 835 est,

1096 845 1170 871 hodie
1177 844 1303 878 Christus,
1314 846 1353 872 sic
1364 846 1460 880 legitur
1473 854 1480 873 :
1497 845 1627 873 Imitantur
1638 847 1721 881 itaque
1734 851 1758 873 et
1772 855 1818 874 nos
1830 847 1886 875 Do-

1095 891 1201 924 minum,
1215 895 1237 917 ct
1246 899 1292 926 pro
1306 891 1414 918 inimicis
1428 899 1556 926 precemur
1567 899 1575 917 :
1588 892 1701 918 eumdem
1713 893 1778 919 enim
1794 893 1886 919 cohor-

1094 937 1212 964 tationcm
1226 945 1335 964 resumo.
1354 937 1414 964 Jant
1428 938 1514 973 quinto
1527 938 1568 964 die
1579 937 1648 964 vobis
1660 938 1691 964 de
1706 939 1793 965 eodem
1807 947 1886 974 argu—

1094 988 1175 1010 mento
1196 984 1302 1010 dissero.
1324 983 1388 1017 Qua:
1409 991 1472 1010 vero
1484 984 1617 1019 posterior
1630 984 1731 1010 locatur
1741 984 1779 1010 sic
1791 984 1884 1012 habet:

1094 1028 1227 1055 Imitemur
1241 1034 1262 1056 et
1275 1037 1320 1056 nos
1333 1025 1481 1063 Dantinuin,
1507 1034 1530 1055 et
1556 1037 1601 1064 pro
1615 1029 1722 1056 inimicis
1745 1038 1885 1065 precemur.

1096 1074 1158 1107 Qua:
1172 1075 1225 1101 heri
1240 1075 1337 1106 monui,
1351 1074 1494 1101 earumdem
1503 1079 1526 1101 et
1538 1083 1603 1101 nunc
1614 1076 1820 1110 camntoncfacio,
1833 1077 1885 1102 sci-

1094 1127 1137 1146 ens
1151 1119 1269 1154 prwclari
1283 1121 1343 1156 {acti
1360 1120 1571 1154 magnitudinem.
1585 1120 1648 1147 inde
1661 1128 1725 1148 vero
1752 1121 1883 1156 liquidum

1094 1172 1154 1192 esse
1165 1165 1279 1199 videtur,
1290 1167 1465 1200 posteriorem
1475 1174 1533 1194 eam
1545 1173 1614 1198 esse,
1635 1175 1695 1202 qua:
1710 1172 1768 1202 post
1795 1168 1886 1195 llomi-

1095 1211 1143 1237 lias
1157 1211 1181 1237 in
1194 1211 1319 1238 Genesim
1331 1212 1356 1238 in
1366 1212 1571 1247 Quadragesima
1587 1213 1690 1240 habitas
1705 1213 1748 1240 die
1760 1213 1886 1241 Parasre-

1095 1264 1140 1283 ves
1151 1257 1221 1284 dicta
1230 1257 1278 1284 fuit
1292 1266 1366 1284 :nam
1378 1259 1402 1285 in
1412 1258 1569 1286 Ho’miliisin
1579 1258 1702 1285 Genesim
1715 1259 1759 1292 50,
1777 1260 1821 1291 3i,
1839 1259 1883 1292 5'3,

1094 1311 1127 1330 tte
1145 1303 1246 1330 minimc
1266 1304 1372 1338 quidem
1385 1305 1418 1331 dc
1431 1305 1553 1339 precibus
1575 1312 1624 1339 pro
1645 1305 1760 1331 inimicis
1784 1305 1884 1333 dictum

1094 1348 1153 1381 fuit,
1171 1349 1283 1384 ideoque
1297 1350 1322 1376 in
1339 1355 1471 1384 postrema
1487 1351 1572 1377 locum
1599 1351 1710 1378 mutavit
1723 1350 1882 1386 Chrysosto-

1093 1401 1162 1426 mus,
1174 1398 1202 1421 et
1214 1394 1247 1421 de
1262 1395 1384 1428 precibtts
1398 1403 1446 1429 pro
1461 1395 1576 1422 inimicis
1597 1396 1622 1422 in
1648 1395 1756 1422 houtilia
1780 1403 1878 1431 pne-ce-

1093 1438 1164 1465 denti
1180 1438 1212 1465 de
1223 1438 1289 1466 Juda
1301 1440 1435 1474 proditore
1451 1445 1551 1467 tantum
1564 1440 1691 1475 loquitur.
1704 1440 1771 1468 Vide
1787 1441 1812 1468 in
1829 1441 1885 1468 llo-

1093 1485 1149 1511 nito
1161 1485 1193 1512 ad
1209 1485 1278 1512 hanc
1292 1486 1428 1513 bomiliam
1444 1486 1474 1513 T.
1489 1487 1516 1520 2,
1529 1495 1552 1513 c.
1567 1486 1628 1514 597.

1128 1530 1156 1557 lu
1167 1531 1209 1558 die
1222 1532 1435 1560 Rcsurrectionis
1447 1533 1553 1560 Domini
1564 1533 1657 1560 eodem
1671 1541 1741 1560 anno
1752 1534 1821 1561 dicta
1836 1535 1883 1562 fuit

1093 1576 1204 1603 Humilia
1214 1582 1304 1603 contra
1314 1577 1440 1605 Ebriosos
1448 1583 1473 1605 et
1482 1578 1515 1605 dc
1524 1577 1727 1606 Rcsurrectione
1754 1579 1797 1614 (T.
1812 1579 1839 1606 Ξ.
1859 1589 1880 1608 r.

1093 1620 1168 1655 417).
1183 1621 1256 1649 lianc
1273 1630 1336 1649 vero
1354 1624 1509 1650 euncionem
1521 1624 1560 1650 sic
1582 1630 1711 1651 memorat
1725 1624 1882 1660 Chrysosto-

1091 1667 1270 1695 tnushomilia
1287 1670 1372 1704 prima
1393 1669 1421 1706 (6
1450 1669 1582 1706 Januarii)
1600 1670 1627 1698 in
1648 1671 1811 1705 Principium
1836 1672 1884 1698 Ac-

1093 1717 1191 1746 torum,
1206 1721 1266 1749 qua:
1277 1714 1370 1742 eodem
1381 1715 1438 1750 ipso
1452 1723 1522 1742 attno
1534 1716 1615 1750 paulo
1629 1721 1689 1751 post
1712 1717 1811 1744 Pascha
1836 1717 1881 1744 ha-

1091 1759 1144 1786 bita
1156 1759 1216 1793 fuit,
1233 1768 1307 1787 nttm.
1322 1761 1340 1788 2
1356 1771 1362 1788 ε
1379 1761 1440 1788 Non
1455 1767 1513 1789 sunt
1528 1763 1606 1797 igitur
1618 1763 1712 1790 malum
1726 1764 1827 1795 divitia’,
1840 1765 1883 1791 sed

1091 1805 1237 1840 illegitimus
1251 1814 1337 1833 earum
1349 1815 1410 1834 usus
1422 1812 1459 1834 est
1481 1808 1575 1835 malum
1591 1816 1601 1835 :
1616 1812 1639 1835 et
1662 1809 1726 1835 sicut
1746 1817 1827 1844 nuper
1851 1809 1882 1836 de

1091 1851 1209 1878 ebrietate
1222 1853 1296 1879 verba
1311 1854 1415 1888 faciem,
1427 1861 1477 1880 non
1488 1854 1574 1881 vinum
1596 1856 1764 1886 accttsabam;
1791 1857 1883 1890 quippe

1091 1904 1147 1923 cum
1171 1898 1252 1924 omnis
1276 1903 1390 1925 creatura
1412 1899 1459 1926 Dei
1477 1899 1541 1926 bona
1560 1901 1606 1933 sit,
1632 1908 1689 1935 qum
1711 1909 1768 1927 cum
1787 1902 1880 1937 gratia-

1091 1950 1147 1968 rum
1165 1943 1261 1970 actione
1280 1944 1436 1978 percipitur;
1457 1944 1501 1971 sed
1518 1945 1613 1972 malum
1636 1953 1718 1978 usum,
1741 1951 1792 1974 etc.
1819 1946 1881 1981 Qum

1091 1988 1171 2014 verba
1187 1995 1247 2015 cum
1264 1988 1313 2015 hac
1340 1989 1469 2017 concione
1493 1990 1561 2017 mire
1585 1996 1743 2025 consonant,
1766 1992 1882 2018 maxime

1091 2039 1154 2059 vero
1168 2040 1228 2060 cum
1244 2033 1295 2061 hoc
1312 2034 1431 2068 ejusdem
1453 2035 1512 2063 loco
1538 2045 1545 2063 :
1565 2036 1740 2063 Abstincamus
1759 2037 1790 2063 ab
1804 2038 1880 2064 ebrie-

1091 2083 1141 2105 tate
1155 2086 1163 2105 :
1176 2087 1226 2105 non
1237 2079 1294 2106 dico
1309 2080 1366 2113 hoc,
1376 2080 1545 2108 abstineamus
1558 2089 1573 2108 a
1584 2083 1652 2115 vino,
1665 2082 1708 2109 sed
1722 2083 1752 2109 ab
1765 2082 1882 2110 ebrietate

1090 2124 1268 2152 abstineamus.
1285 2126 1344 2153 Non
1362 2127 1445 2153 vinum
1469 2128 1542 2163 eﬂicit
1567 2128 1728 2161 ebrietatem;
1753 2134 1791 2156 est
1816 2130 1880 2156 enim

1090 2169 1139 2196 Dei
1154 2176 1267 2199 creatura
1280 2181 1289 2199 :
1304 2172 1350 2200 Dei
1362 2182 1436 2205 porro
1451 2179 1566 2201 creatura
1578 2175 1641 2202 nihil
1654 2175 1726 2210 efﬁcit
1743 2176 1805 2203 mali
1815 2184 1825 2209 ;
1838 2176 1882 2203 sed

1090 2217 1207 2243 voluntas
1222 2218 1290 2244 mala
1305 2219 1377 2253 efﬁcit
1392 2219 1534 2246 ebrietatem
1545 2241 1552 2253 ,
1565 2225 1617 2248 etc.
1633 2221 1778 2256 Postquam
1793 2227 1880 2250 atttetu

1090 2263 1123 2290 de
1136 2271 1199 2290 vero
1212 2263 1304 2298 jejuuii
1320 2273 1367 2292 usu
1379 2270 1406 2292 et
1415 2271 1508 2293 contra
1520 2267 1675 2294 ebrietatem
1691 2267 1817 2302 loquutus
1831 2273 1878 2304 est,

1090 2308 1155 2336 dicit
1168 2310 1266 2336 nullam
1282 2318 1342 2338 esse
1359 2319 1529 2346 personarum
1553 2312 1752 2341 distinctionem
1774 2314 1800 2341 in
1817 2322 1878 2349 par-

1091 2355 1243 2390 ticipatione
1259 2358 1446 2392 mysteriorum
1458 2367 1465 2386 :
1479 2359 1614 2386 autetiam
1625 2367 1654 2387 se
1664 2364 1766 2395 septem
1778 2361 1879 2388 dierum

1089 2403 1175 2437 spatio
1183 2403 1302 2437 quotidie
1312 2405 1529 2433 eoucionaturum
1544 2414 1613 2434 esse.
1629 2406 1655 2433 ln
1669 2406 1718 2434 ltac
1730 2415 1809 2442 porro
1819 2415 1879 2436 con-

1089 2449 1166 2476 cione
1173 2449 1413 2485 Manuscriptorum
1429 2459 1480 2487 ope
1490 2452 1590 2480 hiatum
1603 2460 1726 2488 magnum
1740 2454 1879 2482 sarsimus.

1124 2505 1246 2534 Ηοηιὶιίω
1258 2507 1284 2534 in
1300 2507 1460 2543 Principium
1484 2509 1613 2536 Actorum.
1628 2524 1665 2529 —
1678 2509 1752 2538 Hane
1775 2511 1880 2539 concio-

1089 2559 1148 2579 nem
1162 2557 1281 2588 scquutze
1295 2559 1356 2580 sunt
1370 2554 1439 2587 alite,
1453 2563 1563 2590 quarum
1578 2555 1691 2583 fortasse
1704 2557 1827 2591 qumdam
1842 2558 1879 2585 in-

1089 2598 1262 2632 terciderunt,
1286 2599 1429 2635 siquidem
1454 2601 1566 2636 singulis
1589 2601 1685 2630 diebus
1706 2604 1879 2632 concionatus

1088 2644 1122 2670 sit
1133 2643 1175 2677 (T.
1184 2644 1210 2671 '5.
1221 2652 1244 2671 ε.
1254 2644 1309 2680 65).
1326 2645 1396 2673 Inter
1408 2654 1454 2673 cas
1470 2654 1543 2681 vero,
1553 2655 1619 2682 quas
1626 2648 1704 2682 paulo
1713 2654 1774 2683 post
1780 2649 1878 2677 Pascha

1088 2689 1164 2721 dixit,
1188 2697 1362 2718 numerantur
1376 2692 1498 2719 Humilia)
1514 2693 1539 2719 in
1555 2693 1718 2728 Principium
1739 2695 1877 2729 Actorum,

1087 2742 1146 2770 qua:
1162 2736 1186 2762 in
1203 2736 1275 2770 prius
1290 2737 1369 2764 editis
1383 2737 1460 2772 longo
1481 2739 1619 2766 intervallo
1641 2745 1771 2775 separatze
1791 2747 1876 2774 erant,

1087 2788 1204 2816 quasque
1225 2791 1283 2816 nos,
1299 2784 1355 2818 ipso
1369 2784 1561 2820 Chrysostomo
1569 2785 1647 2818 duce,
1659 2787 1828 2815 continenter
1838 2797 1878 2823 po-

1087 2826 1200 2860 suimus,
1208 2833 1236 2854 ut
1244 2829 1298 2870 ipsp
1309 2831 1437 2864 temporis
1447 2835 1473 2858 et
1481 2832 1628 2866 argumenti
1641 2833 1708 2860 ratio
1716 2834 1876 2868 pnstulabat;

1089 2872 1122 2900 ita
1134 2878 1161 2900 ιιι
1175 2875 1342 2910 ίιδδῑειιτιΐρὶιι
1353 2883 1475 2911 promptu
1487 2878 1563 2905 luerit
1573 2898 1580 2911 ,
1590 2887 1647 2912 qum
1661 2879 1692 2906 sit
1712 2879 1805 2914 prima,
1819 2888 1874 2915 qua:
