2034 3109
174 142 221 171 Ml

173 200 299 232 secunda,
308 206 367 234 qua:
375 198 462 230 tertia,
473 202 523 223 etc.
538 194 564 222 ld
574 201 636 222 vero
645 193 716 221 clare
725 191 802 219 docet
811 191 867 225 ipse
877 189 962 222 Chry-

174 251 308 275 sostomus
324 244 391 272 infra
404 244 430 270 in
441 251 483 275 ea,
493 249 570 276 quam
584 240 688 267 tertiam
711 237 806 266 ordine
821 236 942 271 ponimus
956 243 962 260 :

174 293 208 319 ibi
222 292 293 319 enim
310 298 384 318 num.
398 291 409 316 1
427 289 523 323 legitur
535 296 542 314 :
555 286 595 313 Eo
609 287 637 321 [it
649 291 686 316 ut,
708 291 766 309 cum
795 282 830 308 ml
847 286 962 316 quartum

173 339 226 374 jam
237 338 305 364 diem
318 337 499 372 expositionem
523 332 727 368 produxerimus,
751 329 857 356 necdum
881 332 964 354 tamen

175 391 250 411 unum
265 382 446 418 expositionem
469 379 621 414 potuerimus
649 376 787 413 prazterire,
813 374 857 401 sed
881 373 964 399 adhuc

176 430 242 456 circa
268 427 340 454 illam
354 433 491 453 versemur.
520 425 552 451 Et
567 423 645 458 paulo
667 427 743 456 post:
770 420 860 452 Itaque
883 418 964 454 primo

179 475 216 502 tie
235 482 285 500 non
300 480 353 500 esse
380 477 470 498 temere
493 469 678 506 prtetercundas
699 466 873 500 inscriptiones
897 464 965 490 dice-

175 519 243 552 bam,
259 526 308 554 quo
320 523 432 552 tempore
445 516 543 543 titulum
558 514 624 541 vobis
639 513 732 540 Alteris
748 512 805 546 legi,
831 519 862 536 ac
887 508 965 536 Pauli

175 565 326 601 sapientiam
342 563 496 590 ostendi.....
510 561 542 588 In
557 562 604 588 hoc
618 561 689 587 desiit
704 559 782 594 priori
797 558 837 584 die
850 562 901 583 tota
920 555 966 582 do-

176 613 255 638 ctrina
269 619 278 638 :
294 615 349 646 post
371 609 443 636 illam
457 607 565 635 secundo
578 607 628 639 die,
643 606 686 640 qui
705 605 763 631 libri
789 603 858 630 illius
878 607 965 628 auctor

176 662 237 684 esset
249 655 408 691 quwsivimus
418 674 426 687 ,
441 659 463 681 et
475 653 613 681 invenimus
632 651 678 678 Dei
688 650 770 686 gratia
783 649 878 676 Lucam
891 656 966 675 eran-

176 703 291 737 gelistam
316 708 325 728 :
343 700 476 734 multisque
496 699 564 725 vobis
585 696 837 724 demonstrant-nibus
862 702 915 720 rem
938 693 965 720 in

177 748 313 782 qutvstione
327 747 435 782 positam
450 746 618 781 probavimus.
641 744 750 771 Demum
764 743 860 770 clarius
876 741 966 776 paucis

178 793 342 828 interpositis
354 801 361 819 :
373 792 463 820 Prima
477 792 554 827 igitur
568 791 609 817 die
621 791 651 817 de
666 790 844 824 inscriptione;
857 787 966 815 secunda

177 847 235 866 vero
254 840 284 865 de
297 847 325 866 eo
340 838 382 873 qui
399 839 489 865 librum
511 837 628 871 scripsit;
652 837 723 863 tertia
745 835 785 862 die
806 834 967 861 disseruimus

177 886 246 920 apud
255 894 308 918 eos,
320 885 363 920 qui
378 885 540 916 advenerant,
552 884 583 910 de
595 883 666 910 initio
677 883 816 918 Scriptura:
829 890 838 908 :
851 886 874 908 et
885 886 968 908 osten-

178 933 259 959 dimus
280 933 341 968 quid
363 932 395 959 sit
415 936 497 958 aetum
509 952 516 963 ,
531 931 592 965 quid
605 931 637 957 sit
650 929 811 961 miraculum,
826 933 849 955 et
861 929 922 964 quid
936 927 968 954 sit

174 978 341 1010 conversatio,
358 977 419 1012 quid
430 977 530 1012 signum
543 981 568 1004 et
584 975 726 1010 prodigium
740 983 770 1001 ac
784 975 895 1001 virtus,“
915 973 969 1000 llo—

173 1026 217 1052 die
232 1024 355 1059 reliquum
366 1023 537 1057 inscriptionis
549 1031 632 1058 operte
643 1022 750 1056 pretium
760 1026 796 1048 est
810 1021 932 1052 dicamus,
945 1024 968 1046 et

173 1071 238 1106 quid
249 1071 374 1106 significet
387 1070 495 1104 apostoli
508 1077 597 1096 nomen
613 1068 782 1095 ostendamus.

212 1116 243 1143 In
259 1116 343 1150 prima
360 1115 439 1150 igitur
453 1115 581 1142 concione
594 1121 735 1149 posrquam
751 1121 798 1140 eos
813 1116 949 1146 carpserat
959 1132 966 1145 ,

173 1162 221 1197 qui
231 1166 391 1189 conventum
400 1161 518 1188 eoelcsize
527 1161 707 1192 deseruerant,
721 1167 774 1186 non
789 1163 888 1188 temere
900 1165 969 1192 prac—

174 1207 323 1235 tereundas
337 1214 396 1234 esse
416 1214 551 1233 sacrorum
572 1206 699 1233 librorum
719 1205 905 1239 inscriptiones
923 1203 971 1230 (Ιο-

173 1259 234 1287 cet,
251 1258 277 1280 et
292 1254 323 1280 de
336 1253 510 1288 inscriptione
526 1253 623 1280 Altaris
633 1273 639 1284 ,
655 1252 778 1279 nimirum
791 1251 882 1285 Ignoto
896 1249 951 1276 Deo
961 1269 968 1282 ,

172 1300 244 1334 agit,
259 1299 420 1332 demnmquc
434 1306 528 1326 recens
543 1298 702 1325 illuminatos
715 1296 868 1332 alloquitur.

210 1345 366 1373 Secundam
377 1366 385 1378 ,
400 1345 444 1372 ubi
458 1345 490 1372 de
501 1349 610 1372 auctore
623 1345 681 1372 libri
698 1346 824 1371 Actorum
838 1344 971 1371 edissere-

173 1391 231 1423 bat,
244 1395 271 1418 et
282 1391 382 1418 Lucam
395 1398 454 1418 esse
469 1391 677 1423 demonstrabat,
695 1391 842 1425 reperimus
853 1391 971 1425 quidem;

172 1437 234 1470 sed,
252 1436 317 1468 heu,
333 1436 430 1463 misere
444 1436 633 1469 deformatam,
652 1441 679 1463 et
697 1444 757 1463 cum
777 1436 874 1470 sportis
888 1437 971 1463 inter-

172 1483 302 1510 mixlam.
317 1482 366 1509 Est
379 1490 474 1517 nempe
489 1482 596 1509 homilla
609 1483 733 1517 inscripta
745 1482 823 1518 (Vide
836 1483 972 1515 Monitum,

170 1533 190 1554 ι.
208 1530 238 1556 5.
260 1537 286 1555 ι’.
308 1525 363 1558 65)
378 1529 409 1555 de
421 1529 609 1564 Assumptione,
627 1537 674 1556 seu
692 1529 855 1556 Ascensionc
870 1529 972 1555 Domini

169 1579 198 1601 ct
209 1573 413 1610 Chrysostomo
434 1574 584 1609 adscripta;
602 1575 645 1601 ubi
667 1583 727 1609 quze
742 1575 825 1609 prima
841 1575 972 1607 feruntur,

166 1621 376 1656 Chrysostomo
393 1625 485 1647 nostro
506 1621 611 1656 indigna
623 1621 745 1648 videntur
762 1629 830 1648 esse.
845 1621 900 1647 Sub
917 1621 974 1648 h.rc

167 1666 344 1700 adjiciuntur
363 1665 413 1692 alia
426 1686 433 1696 ,
449 1674 507 1700 qua:
528 1674 588 1693 cum
613 1667 746 1701 prioribus
764 1675 816 1693 non
839 1667 974 1694 cohaerere

165 1715 325 1746 putantur;
340 1715 368 1737 et
383 1711 445 1738 licet
459 1711 577 1738 melioris
593 1716 661 1738 nota!
673 1712 735 1741 sint.
751 1717 838 1738 utrum
860 1712 976 1747 Chryso-

163 1762 263 1784 stomo
281 1757 338 1783 sint
352 1756 539 1789 adscribenda,
555 1764 650 1790 necne,
664 1765 715 1784 non
730 1758 814 1784 ausim
830 1758 974 1784 afﬁrmare.

162 1803 310 1853 sequitur
323 1807 414 1853 postea
432 1810 493 1837 pars
512 1803 555 1830 illa
567 1823 575 1834 ,
590 1802 632 1830 ubi
653 1803 809 1838 quibusdam
831 1804 976 1838 prsrmissis

160 1848 239 1899 circa
258 1848 474 1881 inscriptionem
491 1848 550 1875 libri
566 1850 691 1876 Actorum
706 1870 713 1881 ,
729 1857 788 1884 qum
804 1849 836 1876 ad
859 1857 976 1884 praesens

160 1894 336 1921 institutum
350 1892 474 1926 apprime
488 1893 631 1927 qttadrant,
647 1893 679 1920 de
692 1893 771 1927 lmjus
786 1899 895 1922 auctore
905 1903 978 1927 egre-

156 1941 203 1974 gie
227 1938 398 1970 disseritur,
423 1942 451 1965 et
475 1938 573 1966 Lucam
595 1947 656 1966 esse
682 1939 818 1973 probatur.
843 1940 891 1967 llic
912 1927 977 1967 vero

156 1986 408 2022 Chrysostomum
424 1992 556 2019 gnosco;
574 1993 623 2013 nec
637 1986 731 2013 dubito
744 1987 862 2020 quintam
874 1995 904 2014 ea
919 1994 978 2022 qua:

153 2032 190 2060 de
202 2030 405 2066 inscriptione
421 2031 560 2065 Actorum,
572 2039 650 2066 quant
664 2039 695 2059 ea
709 2041 767 2067 quze
777 2032 810 2059 de
825 2032 904 2067 hujus
918 2033 978 2060 libri

152 2082 280 2105 auctore
295 2076 443 2108 feruntur,
456 2076 489 2103 ad
500 2084 558 2104 eam
573 2077 709 2104 homiliam
723 2078 883 2112 pertineant,
899 2086 978 2113 quam

152 2129 182 2151 ut
190 2123 372 2152 secundam
382 2123 416 2149 ab
425 2129 456 2150 se
466 2123 561 2150 dictam
571 2123 614 2151 hic
623 2130 753 2152 memorat
763 2124 976 2160 Chrysostomus.

150 2169 225 2198 Hinc
254 2168 411 2205 quaeritur
432 2168 460 2195 in
484 2168 547 2202 illa,
571 2170 675 2204 quoties
696 2178 710 2196 a
733 2171 929 2198 resurrectione
946 2171 980 2198 ad

148 2216 386 2244 Ascensionem
409 2222 492 2250 usque
519 2216 645 2242 Dominus
669 2217 791 2244 Christus
817 2219 978 2252 apparuerit.

147 2263 228 2291 Hanc
242 2268 382 2298 quoque
396 2265 496 2294 partem
511 2261 692 2297 Chrysostomi
708 2270 767 2290 esse
782 2267 866 2298 puto:
879 2264 980 2298 reliqua

146 2308 207 2336 fere
221 2307 334 2335 omnia
352 2313 424 2341 qua:
437 2306 464 2333 in
481 2307 529 2333 hac
542 2307 694 2342 longissima
711 2308 820 2336 homilia
835 2308 977 2342 habentur,

143 2361 191 2382 aut
202 2357 328 2390 inepta,
347 2354 413 2380 aut
423 2351 615 2388 Chrysostomo
628 2353 734 2389 indigna
749 2359 821 2383 sunt.

179 2412 284 2440 Tertia
314 2409 451 2439 homilia
462 2430 469 2442 ,
481 2417 558 2445 quam
569 2431 577 2445 ,
599 2411 681 2439 altera
701 2412 734 2439 ad
753 2412 852 2440 calcem
865 2413 980 2448 rejecta,

141 2459 311 2487 secundum
333 2455 540 2489 inscribimus,
561 2459 587 2485 in
602 2457 688 2486 Palma
704 2467 751 2486 seu
772 2461 855 2487 veteri
869 2461 981 2488 ecclesia

139 2507 337 2534 Antiochena
359 2503 429 2531 fuit
441 2522 448 2533 ι
460 2510 489 2530 ea
502 2509 542 2530 est
556 2505 581 2532 in
594 2513 645 2540 qua
659 2505 692 2533 de
709 2506 882 2541 inscriptione
900 2507 981 2535 Acta-

138 2560 202 2580 rum
216 2553 338 2589 agitur,
361 2556 484 2578 necnon
496 2550 527 2577 de
541 2550 688 2579 dill'crentia
703 2551 774 2581 inter
788 2553 942 2580 miraculum
957 2558 982 2582 et

136 2605 235 2627 actum
247 2620 256 2633 ,
272 2598 475 2629 additurque
486 2596 564 2623 vitam
584 2605 644 2625 cum
659 2599 755 2626 virtute
770 2603 855 2626 actam
865 2619 872 2632 ,
892 2598 982 2627 ulllIO-

135 2653 197 2673 rem
213 2653 285 2674 csse
303 2644 416 2679 signis
435 2645 468 2667 et
478 2642 619 2672 miraculis.

172 2694 285 2726 Quarta
299 2712 310 2724 ,
339 2695 451 2727 quam
475 2695 550 2724 supra
565 2696 707 2719 memorata
727 2692 760 2720 de
781 2700 859 2720 causa
881 2693 984 2721 tertiam

134 2741 356 2771 inscribimus,
380 2737 428 2765 de
448 2735 560 2763 utilitate
573 2737 689 2765 lectionis
701 2738 895 2775 Scripturarum
916 2740 983 2775 agit,

134 2793 161 2813 et
177 2793 207 2814 ut
223 2787 306 2815 tituli
323 2786 475 2812 Acmum
490 2780 655 2815 Apostolorum
664 2789 823 2819 postremam
834 2793 925 2813 vocem
936 2793 984 2812 cx-

135 2833 230 2869 pliret,
247 2831 417 2870 perquirit
435 2825 512 2863 quid
525 2828 645 2863 signiﬁcet
659 2831 770 2865 apostoli
783 2839 890 2867 nomen,
905 2833 984 2861 dicit-

758 131 848 159 ΝυΝο
869 128 999 157 PRIMUM
1020 128 1038 155 A
1045 125 1203 154 DORNATA
1210 144 1216 150 .

1757 115 1808 143 ΝΞ

1017 193 1068 220 que
1093 183 1271 219 apostolorum
1293 179 1446 215 dignitatem
1473 177 1556 204 multo
1579 175 1706 210 majorem
1730 179 1807 204 esse,

1017 237 1094 265 quam
1117 229 1333 263 magistratuum,
1357 225 1409 251 imo
1428 224 1506 251 etiam
1531 229 1621 257 regum
1644 224 1672 248 et
1691 219 1807 254 impera-

1017 279 1112 302 torum.

1051 320 1174 353 Quintam
1189 317 1370 352 subjungimus
1383 323 1440 342 eam
1454 321 1513 348 qua:
1528 316 1620 347 quarta
1636 308 1806 340 inscribitur;

1016 366 1107 400 inqua
1122 365 1217 400 quzcrit
1235 363 1437 398 Chrysostomus
1457 367 1503 387 cur
1523 359 1588 385 Acta
1610 358 1634 383 in
1650 356 1807 384 Pentecoste

1017 412 1138 447 legantur
1150 419 1156 438 :
1170 418 1203 437 ex
1223 409 1280 444 ejus
1299 416 1362 435 vero
1382 406 1458 434 dictis
1472 405 1600 440 arguitur,
1621 407 1735 438 quatuor
1748 400 1807 427 aliis

1017 465 1076 485 esse
1088 455 1305 484 subnectendam.

1053 502 1173 530 Humilia:
1194 501 1225 528 de
1249 499 1389 527 Mutatione
1409 497 1547 524 nominum.
1565 510 1602 515 ——
1614 494 1678 521 Post
1690 493 1806 528 quinque

1017 549 1077 576 illus
1092 549 1117 576 in
1133 547 1305 582 luscriptione
1319 546 1445 573 Actorum
1461 542 1583 570 homilias
1600 541 1807 576 Chrysostomus

1017 595 1159 622 conciones
1178 595 1211 621 de
1232 592 1375 620 lllutatione
1397 590 1534 618 nominum
1551 588 1630 614 variis
1651 587 1701 614 sub
1725 585 1806 612 titulis

1017 640 1118 667 habuit.
1139 639 1166 667 ld
1181 646 1246 666 vero
1264 637 1364 665 diserte
1384 640 1471 662 narrat
1487 635 1513 661 in
1533 633 1616 668 prima
1637 631 1715 665 hujus
1727 637 1806 664 argu~

1018 686 1099 713 menti
1110 706 1117 718 ,
1133 685 1206 720 cujus
1219 683 1356 718 inscriptio
1374 682 1412 709 sic
1431 680 1528 708 habet:
1545 678 1641 706 Saulus
1657 676 1740 702 adhuc
1753 675 1808 709 spi-

1019 741 1078 760 rans
1094 731 1229 763 minarum,
1244 735 1295 757 etc.
1310 738 1315 756 :
1337 728 1380 755 ubi
1392 728 1430 754 sic
1444 727 1479 753 ait
1493 732 1566 753 num.
1579 725 1595 752 5
1608 732 1613 749 :
1630 722 1720 750 Totum
1733 721 1810 756 igitur

1019 778 1127 805 debitum
1148 775 1317 810 inscriptionis
1338 774 1406 801 vobis
1428 771 1606 808 persolvimus,
1622 766 1807 802 inscriptionis,

1018 824 1137 858 inquam,
1151 823 1260 849 Actuum
1278 819 1487 855 Apostolicorum.
1509 815 1543 844 Ut
1564 823 1622 850 ergo
1641 813 1739 840 initium
1753 811 1808 838 libri

1019 869 1195 904 attingeremus
1212 867 1273 894 ordo
1286 866 1413 901 exigebat,
1435 871 1464 890 αι
1478 863 1619 889 doceremus
1631 859 1691 895 quid
1706 858 1752 884 hoc
1763 856 1810 884 sibi

1019 915 1076 941 velit
1088 922 1097 941 :
1110 914 1226 942 Primum
1238 912 1343 948 quidem
1354 916 1505 937 sermonem
1516 907 1623 934 iecimus
1634 905 1667 932 de
1677 903 1809 935 omnibus,

1021 968 1037 988 ο
1051 960 1211 994 Theophile,
1227 966 1286 993 quin
1301 956 1380 990 coepit
1395 955 1472 982 .lesus
1491 953 1576 980 facere
1593 959 1624 978 ac
1638 950 1744 978 docere.
1765 947 1811 975 Ve-

1020 1011 1158 1035 rumtamen
1173 1013 1223 1032 non
1242 1004 1301 1031 sinit
1319 1002 1417 1029 Paulus
1434 1004 1461 1027 ut
1478 1000 1542 1026 Itane
1557 998 1644 1026 seriem
1659 995 1754 1022 ordinis
1771 1002 1811 1021 se-

1020 1061 1093 1086 quar,
1101 1051 1144 1079 sed
1153 1051 1185 1077 ad
1191 1059 1216 1077 se
1223 1057 1316 1083 suaque
1324 1052 1389 1075 recte
1399 1048 1466 1082 facta
1475 1045 1586 1080 linguam
1596 1046 1706 1069 nostram
1714 1039 1809 1066 invitat.

1022 1097 1101 1133 Cupio
1124 1103 1231 1131 uanique
1253 1094 1336 1121 videre
1355 1092 1428 1119 illum
1451 1089 1620 1117 introductum
1642 1086 1811 1115 Damascum,

1022 1152 1072 1171 non
1085 1143 1165 1178 ferrea
1175 1145 1272 1172 catena,
1283 1138 1327 1166 sed
1339 1137 1471 1165 Dominicn
1481 1143 1539 1162 voce
1549 1134 1667 1161 vinctum.
1681 1131 1728 1158 llic
1739 1129 1813 1157 vides

1023 1193 1083 1224 pOsl.
1096 1187 1222 1215 llomilias
1238 1186 1263 1212 in
1276 1183 1438 1218 Principium
1453 1183 1577 1208 Actorum
1591 1179 1736 1206 institutam
1750 1183 1814 1203 con-

1023 1234 1126 1261 cionem
1140 1242 1146 1260 :
1162 1231 1236 1258 vides
1256 1231 1318 1258 item
1334 1229 1390 1264 ejus
1404 1229 1597 1263 argumentum.
1617 1223 1736 1251 llabitam
1751 1221 1813 1248 item

1024 1280 1102 1312 hanc,
1115 1278 1147 1306 de
1157 1286 1207 1313 qua
1219 1284 1288 1304 nunc
1298 1276 1409 1311 agimus,
1421 1277 1562 1307 antequam
1574 1274 1677 1304 tempus
1688 1266 1814 1295 Paschale

1025 1325 1196 1356 dilaberetur,
1211 1327 1302 1358 aperte
1323 1325 1414 1348 narrat
1428 1326 1500 1346 num.
1515 1318 1550 1345 tl:
1568 1315 1637 1343 Nam
1650 1315 1688 1348 si,
1703 1313 1762 1340 dum
1775 1321 1815 1340 so-

1025 1374 1076 1399 lam
1090 1371 1168 1404 vobis,
1183 1371 1227 1402 ait,
1243 1368 1431 1403 inscriptionem:
1445 1365 1549 1400 legimus
1561 1367 1585 1390 et
1598 1368 1743 1389 enarramus
1754 1380 1760 1391 ,
1777 1359 1816 1385 di-

1025 1417 1130 1444 midium
1145 1414 1309 1442 solemnitatis
1322 1411 1541 1446 consumpsimus;
1555 1409 1576 1435 si
1586 1407 1616 1434 ab
1628 1405 1729 1433 exordio
1745 1404 1816 1431 initio

1026 1464 1120 1498 factum
1133 1462 1214 1495 ipsum
1229 1460 1285 1486 libri
1306 1458 1410 1493 pelagus
1422 1455 1561 1482 orationem
1579 1453 1711 1480 immittere
1727 1450 1818 1485 arpis-

1026 1515 1117 1539 semus,
1132 1511 1261 1541 quantum,
1278 1511 1371 1539 qutrso,
1388 1501 1504 1536 tentporis
1518 1499 1733 1534 impendissemns,
1746 1502 1773 1522 ut
1783 1495 1817 1522 ad

1025 1553 1084 1579 illas
1112 1552 1143 1578 de
1168 1550 1250 1577 Paulo
1274 1549 1430 1576 narrationes
1450 1543 1650 1582 perveniremus!
1672 1542 1704 1570 Et
1726 1546 1816 1577 postea

1027 1606 1100 1625 num.
1114 1598 1129 1625 5
1148 1605 1199 1624 non
1220 1596 1333 1623 obscure
1351 1593 1480 1628 signiﬁcat
1495 1592 1565 1618 illam
1585 1589 1718 1616 homiliam
1730 1609 1737 1621 ,
1758 1595 1817 1622 qua:

1027 1644 1099 1671 nulla
1113 1642 1268 1670 intermedia
1283 1642 1466 1676 pra‘cesserat,
1479 1644 1538 1664 esse
1550 1635 1667 1670 quintam
1679 1634 1704 1660 in
1717 1632 1818 1660 Princi-

1028 1691 1099 1725 pium
1116 1690 1254 1719 Actorum,
1277 1688 1302 1713 in
1318 1693 1366 1720 qua
1389 1683 1515 1721 quaeritur
1528 1689 1575 1709 cur
1595 1681 1660 1708 Acta
1678 1678 1818 1713 Apostolo-

1028 1744 1086 1763 rum
1111 1736 1136 1763 in
1165 1735 1320 1761 Pentecoste
1342 1732 1471 1766 lcgantur.
1498 1728 1547 1756 llic
1573 1733 1687 1761 namque
1711 1729 1818 1752 sanctus

1028 1782 1121 1808 doctor
1135 1781 1195 1807 talia
1211 1779 1279 1806 fatur
1291 1787 1297 1804 :
1316 1777 1408 1804 Nonne
1420 1776 1446 1802 in
1460 1774 1542 1810 priore
1553 1772 1619 1799 vobis
1633 1771 1736 1798 collecta
1750 1769 1818 1796 dice-

1030 1826 1085 1852 bam
1096 1834 1125 1852 ea
1138 1824 1269 1856 miracula,
1284 1831 1340 1858 qua:
1354 1828 1452 1848 erucem
1468 1824 1570 1853 sequuta
1581 1822 1654 1849 sunt,
1665 1817 1696 1842 iis
1709 1815 1817 1851 majora,

1029 1879 1085 1907 qmc
1095 1871 1173 1906 ipsam
1185 1872 1362 1905 prtrcesserant
1375 1865 1518 1894 exstitisse?
1532 1871 1615 1890 nonne
1627 1862 1653 1888 id
1666 1861 1761 1888 ostendi
1774 1868 1818 1887 vo-

1030 1919 1067 1945 bis
1080 1922 1101 1943 οι
1115 1925 1145 1944 ea:
1162 1915 1289 1942 miraculis
1306 1918 1328 1940 et
1344 1921 1374 1940 ea:
1394 1911 1573 1947 discipulorum
1595 1907 1777 1940 benevolentia;
1795 1911 1819 1934 et

1029 1972 1078 1999 quo
1089 1967 1161 1998 pacto
1170 1965 1242 1987 antea
1253 1959 1351 1994 quidem
1362 1958 1476 1985 Christus
1487 1957 1612 1991 imperans
1620 1958 1730 1980 mortuos
1741 1952 1820 1980 susci-

1031 2008 1109 2041 tabat,
1124 2011 1209 2042 postea
1221 2013 1277 2032 vero
1291 2011 1417 2031 servorum
1431 2003 1485 2038 (jus
1496 2000 1583 2027 umbra
1594 1999 1704 2034 idipsum
1717 2002 1820 2033 prwsta—

1031 2053 1092 2080 bat?
1110 2057 1161 2080 etc.
1177 2051 1241 2086 Quae
1261 2050 1349 2078 omnia
1369 2048 1468 2076 diserte
1481 2049 1621 2074 narrantur
1634 2045 1659 2072 in
1673 2044 1715 2071 illa
1729 2043 1819 2079 quinta

1032 2099 1139 2127 homilia
1160 2099 1185 2125 in
1209 2096 1371 2131 Principium
1392 2095 1518 2122 Actorum
1541 2100 1614 2119 num.
1637 2091 1661 2117 7.
1687 2090 1736 2123 Qui
1757 2096 1821 2117 vero

1032 2145 1129 2173 fuerint
1150 2143 1187 2171 illi
1221 2141 1365 2178 praesides,
1394 2139 1440 2175 qui
1466 2143 1519 2165 tum
1547 2137 1573 2164 in
1593 2136 1686 2171 hujus,
1714 2142 1767 2163 tum
1794 2135 1821 2162 in

1033 2190 1166 2226 sequentis
1180 2187 1295 2215 humilia:
1312 2186 1364 2213 ﬁne
1385 2187 1581 2215 memorantur,
1605 2182 1648 2208 hic
1673 2180 1822 2215 disquircn-

1032 2225 1106 2263 dum.
1125 2233 1255 2261 Pracsules
1278 2231 1369 2266 utique
1391 2230 1465 2262 illos,
1490 2228 1534 2263 qui
1555 2227 1628 2254 hisce
1651 2225 1821 2253 concionibus

1033 2281 1154 2312 aderant,
1166 2287 1218 2306 non
1233 2278 1299 2305 alios
1310 2277 1390 2304 fuisse
1398 2279 1472 2311 puto,
1484 2281 1562 2308 quam
1573 2272 1712 2306 episcopos
1720 2270 1819 2297 vicinos

1033 2326 1118 2363 Syria:
1132 2325 1173 2352 vel
1188 2323 1345 2354 Phoenicia),
1365 2321 1410 2356 qui
1432 2319 1494 2346 alibi
1515 2325 1619 2353 quoque
1639 2315 1821 2351 Chrysostomi

1033 2373 1152 2402 eoncioni
1168 2371 1319 2401 interfuisse
1334 2372 1525 2399 memorantur,
1541 2370 1569 2393 ut
1581 2364 1737 2392 videbimus.
1753 2363 1820 2391 Cum

1033 2421 1104 2449 enim
1123 2418 1262 2447 Antiochia
1284 2415 1438 2450 metropolis
1459 2417 1546 2444 esset,
1570 2411 1636 2439 nillil
1657 2411 1765 2438 dubiutn
1780 2414 1822 2437 est

1033 2465 1096 2502 quin
1111 2464 1295 2500 episcoporum
1314 2461 1389 2488 multi
1409 2459 1504 2486 vicina:
1516 2457 1648 2492 regionis,
1670 2456 1725 2483 sive
1738 2463 1820 2491 nego.

1034 2501 1131 2540 tioruul
1146 2517 1224 2537 causa
1235 2529 1242 2542 ,
1264 2508 1319 2535 sive
1338 2505 1470 2534 desiderio
1484 2502 1607 2531 audiendi
1621 2501 1802 2538 Chrysostomi
1814 2521 1821 2534 ,

1034 2559 1110 2594 cujus
1123 2555 1280 2591 eloquentiae
1297 2554 1364 2581 fama
1379 2551 1500 2584 volabat,
1521 2550 1547 2578 in
1568 2548 1733 2584 metropolim
1747 2555 1822 2575 suam

1035 2613 1064 2633 se
1079 2603 1240 2632 conferrent.

1072 2650 1119 2678 Die
1131 2650 1286 2683 insequente
1299 2650 1358 2682 post
1373 2645 1490 2673 habitam
1512 2643 1666 2670 concionem
1689 2640 1716 2668 in
1738 2638 1800 2666 illud
1814 2659 1822 2671 ,

1037 2696 1135 2724 Paulus
1144 2700 1226 2721 autem
1240 2693 1322 2720 adhuc
1335 2692 1434 2728 spirans
1445 2690 1586 2722 minarum,
1597 2692 1660 2719 etc.,
1673 2686 1743 2713 illam
1758 2691 1821 2712 con-

1036 2742 1140 2769 cionem
1159 2739 1266 2770 habuit,
1280 2745 1340 2773 qua:
1360 2736 1520 2766 inscribitur.
1536 2734 1566 2760 de
1580 2732 1717 2759 Nominum
1738 2734 1822 2756 muto-

1038 2789 1112 2816 tione.
1126 2785 1200 2821 Quod
1220 2787 1401 2820 argumentum
1416 2782 1461 2810 ille
1476 2782 1502 2809 in
1521 2780 1574 2808 l‘me
1588 2776 1761 2814 prmcedentis
1776 2777 1824 2803 ho-

1038 2834 1118 2862 minm
1128 2836 1244 2868 etoperat
1255 2851 1262 2863 ,
1279 2830 1328 2857 hac
1341 2829 1475 2866 proposita
1492 2826 1647 2864 quastione,
1660 2831 1708 2852 cur
1721 2821 1822 2858 Paulo,
