2034 3109
244 141 291 168 145

238 204 285 224 cur
294 196 382 227 Petro,
392 202 438 222 cur
448 193 509 222 aliis
520 193 545 220 in
558 192 645 220 Veteri
653 191 824 218 Testamento
838 195 967 218 mutatum
985 196 1033 216 no-

242 250 301 270 men
314 241 402 269 luerit.
412 240 438 267 ld
452 240 522 267 cnim
540 239 595 274 ipse
611 242 703 265 narrat
714 245 788 264 num.
804 237 822 263 2
835 246 841 264 :
857 235 945 271 Neque
959 236 1033 268 enim,

243 288 285 319 ait,
303 287 334 315 de
346 286 419 313 rebus
434 284 572 312 trit-ialibus
584 284 745 318 qua’stionem
757 282 875 308 habemus
889 281 962 308 hodie
972 301 979 313 ,
993 281 1037 307 sed

245 334 272 360 de
284 341 311 359 re
323 339 378 367 quw
392 331 465 366 carpit
478 330 578 365 quidem
592 330 708 355 hesterno
719 328 760 355 die
770 328 887 363 proponi,
898 336 948 354 non
957 327 1038 362 potuit

243 383 324 404 autem
337 377 428 404 solutio
445 375 589 411 qua’stionis
611 374 699 408 afferri
711 394 718 407 ,
735 378 837 409 propter
851 381 937 400 eorum
950 373 1036 400 multi-

244 424 354 450 tudinem
374 430 429 457 quw
445 423 545 457 fuerant
566 421 593 447 in
614 420 724 446 ntedium
751 420 858 454 prolata.
880 419 948 451 Quid
975 418 1039 445 illud

243 477 317 504 porro
333 472 367 494 est
380 468 392 494 ?
407 466 446 493 De
460 467 591 493 nominum
606 465 765 500 impositione
783 464 887 500 quwstio
901 468 954 491 erat
964 485 972 498 ,
983 471 1041 499 quw

245 514 311 540 Deus
335 513 428 539 sanctis
455 512 582 547 imposuit.
610 511 644 538 Et
665 511 822 545 quibusdam
853 510 1038 545 interpositis:

245 559 322 585 l’auli
347 559 461 594 facinora
483 565 588 584 narrare
609 556 785 592 rupiebamus,
797 557 901 592 jamque
930 556 1041 582 historia:

244 605 408 640 nlligetamtts
426 604 558 631 exordium
571 608 579 636 ς
605 608 628 630 et
648 603 687 629 his
701 602 780 630 verbis
793 607 939 636 conceptum
952 610 1041 628 narra-

246 652 320 679 tionis
333 652 432 678 initium
446 651 585 678 invenimus
598 658 608 676 :
623 650 719 677 Saulus
731 655 820 677 autem
834 649 921 676 adhuc
935 649 1040 684 spirans

246 698 332 725 minas
345 702 372 725 et
385 698 485 725 crrdem
499 697 524 724 in
539 696 683 732 discipulos
696 696 811 729 Domini,
823 696 942 723 continuo
954 695 1041 722 turba-

246 744 281 770 uit
296 752 341 771 nos
354 743 459 770 mutatio
474 743 582 770 nominis
595 751 605 770 :
619 747 646 770 et
657 747 754 770 caetera
773 742 807 770 de
822 742 959 769 nominum
981 749 1042 768 mn—

247 790 366 823 talione,
382 797 441 824 qua:
468 789 587 824 pluribus
609 789 654 817 ille
677 789 866 823 prosequitur:
881 788 916 815 ita
937 792 967 815 ut
984 787 1042 814 hmc

248 835 343 862 concio
358 836 393 862 sit
405 843 453 862 ceu
467 835 692 870 complementum
705 833 890 869 praecedentis.

285 880 358 907 llanc
377 880 512 907 homiliam
527 884 655 915 sequutus
673 885 715 907 est
733 887 823 907 sermo
837 879 880 913 (T.
891 879 917 906 4.
927 889 951 909 c.
961 879 1041 914 619),

250 926 295 961 qui
308 931 365 960 post
382 926 510 953 llomilias
529 927 555 952 in
570 926 694 953 Genesim
710 933 796 952 nonus
806 929 975 958 numeratur,
998 924 1044 951 ubi

250 972 310 1000 dua:
332 973 385 1000 illm
398 973 432 1000 de
451 972 546 1006 quibus
566 973 646 999 modo
671 972 773 1007 egimus
800 971 917 999 homilizc
940 978 1044 998 memo-

250 1023 342 1046 rantur
353 1039 360 1051 ,
375 1023 403 1045 ct
414 1018 447 1045 de
458 1018 601 1045 Mutatione
615 1018 730 1045 nominis
743 1018 867 1050 Abrahaé,
879 1018 966 1052 deque
979 1017 1044 1044 alio-

250 1073 307 1093 rum
320 1065 456 1093 nominum
472 1066 639 1101 propriorutn
650 1086 657 1098 ,
669 1073 728 1100 qurc
741 1065 767 1092 in
777 1064 865 1092 Veteri
875 1064 1045 1091 Testamento

250 1116 312 1138 sunt
323 1133 330 1144 ,
348 1111 541 1147 signiﬁcatione
557 1115 693 1139 tractatur.
710 1110 739 1137 ln
760 1109 811 1137 hoc
832 1116 972 1140 sermone,
985 1116 1046 1143 pcr-

252 1157 313 1185 inde
328 1163 407 1193 atque
422 1158 447 1184 in
460 1157 673 1192 pra-cedentibus
685 1155 810 1188 homiliis,
826 1156 905 1190 longo
915 1154 1046 1189 prommio

252 1211 316 1231 usus
329 1209 369 1230 est
382 1203 599 1239 Chrysostomus.
614 1203 681 1230 illnc
698 1202 872 1238 querimonitc
886 1201 974 1236 populi
989 1201 1046 1228 An-

254 1249 369 1276 tiocheni
383 1270 390 1282 ,
406 1250 440 1276 ob
460 1249 567 1276 nimiam
584 1248 775 1283 prowmiorum
790 1248 980 1283 prolixitatem.
995 1247 1048 1274 Ctt-

252 1294 295 1329 jus
319 1295 492 1329 querimonias
521 1295 679 1327 occasione,
704 1294 796 1329 paucis
822 1293 920 1328 elapsis
954 1293 1047 1320 diebus

255 1340 326 1367 illam
341 1340 374 1367 de
392 1339 507 1367 ferendis
518 1340 780 1374 chrchensionibus
795 1339 930 1366 homiliam
946 1339 1046 1370 habuit,

254 1394 332 1421 quam
348 1393 396 1413 nos
407 1386 433 1413 in
447 1387 516 1414 serie
530 1386 696 1414 homiliarum
707 1385 740 1413 de
749 1385 890 1413 Nominum
904 1385 1049 1412 mutatione

256 1432 359 1459 tertiam
376 1432 498 1467 ponimus
511 1453 518 1465 ,
534 1432 593 1468 quia
611 1432 666 1466 ipsa
682 1431 745 1458 licet
764 1432 789 1458 in
805 1431 879 1467 prius
894 1430 972 1458 editis
994 1430 1049 1458 dis-

255 1483 339 1506 tracta
367 1484 393 1506 et
420 1479 511 1514 procul
536 1480 570 1506 ab
591 1479 650 1506 aliis
675 1479 780 1514 posita,
803 1485 862 1506 sese
889 1478 976 1513 prodit
999 1478 1049 1505 hoc

255 1525 349 1552 ordine
360 1525 511 1560 ponendam
527 1533 586 1553 esse
602 1533 676 1552 num.
693 1525 710 1552 3
723 1525 765 1552 his
779 1524 870 1552 verbis
886 1533 892 1551 :
906 1523 946 1551 De
965 1523 1049 1551 Paula

255 1577 337 1599 autem
358 1581 439 1599 sermo
454 1573 524 1599 nobis
547 1581 626 1608 nuper
642 1577 715 1606 erat,
731 1571 832 1605 quando
853 1571 884 1597 de
909 1571 1050 1597 nominibus

256 1619 454 1650 disserebamus,
471 1618 691 1654 quwrebamusque
709 1626 754 1644 cur
774 1617 911 1652 aliquando
932 1616 1028 1643 Saulus
1041 1637 1048 1648 ,

256 1669 342 1698 postea
355 1671 411 1690 vero
432 1663 530 1691 Paulus
553 1668 652 1690 vocatus
676 1663 762 1698 fuerit.
787 1661 852 1689 Inde
870 1669 927 1688 vero
944 1661 1051 1696 digressi

256 1717 341 1736 sumus
359 1710 392 1736 ad
408 1715 512 1737 veterem
534 1710 664 1736 historiam
676 1729 683 1741 ,
698 1717 782 1736 omnes
806 1708 849 1743 qui
868 1708 921 1735 alia
947 1709 1051 1734 nomina

258 1755 396 1781 habuerant
408 1756 612 1782 examinavimus.
623 1755 712 1790 Pergit
721 1755 800 1782 etiam
812 1754 837 1780 in
850 1753 900 1782 hac
910 1754 1049 1786 concione,

258 1808 289 1828 ac
302 1801 425 1836 disquirit
446 1809 494 1828 cur
514 1801 596 1828 Paulo
619 1808 716 1828 nomen
739 1804 868 1827 mutatum
887 1801 940 1835 sit,
956 1805 982 1827 et
1003 1807 1051 1827 cur

260 1855 312 1874 non
332 1847 420 1874 statim
442 1847 476 1874 ab
497 1847 555 1882 ejus
578 1848 753 1874 conversione
771 1856 777 1873 :
797 1846 843 1874 sed
866 1854 917 1873 non
944 1845 1051 1873 modico

259 1897 320 1928 post
334 1893 405 1920 illam
425 1898 545 1928 tempore
560 1893 665 1928 excepit
680 1892 789 1919 homilia
808 1892 833 1919 in
850 1892 914 1920 illud
927 1913 934 1925 ,
952 1891 1051 1918 Paulus

259 1939 419 1973 vocatus,in
447 1940 523 1974 cujus
551 1940 639 1966 medio
667 1939 735 1966 idem
760 1940 847 1974 ipsum
870 1939 954 1974 tangit
975 1946 1053 1974 argu-

259 1989 396 2017 mentum,
410 1989 437 2012 et
458 1989 512 2012 tres
528 1984 630 2019 priores
652 1984 775 2011 homilias
794 1988 988 2012 commemorat
1011 1984 1052 2011 his

260 2030 349 2057 verbis
363 2038 370 2056 :
387 2029 456 2056 Nam
469 2030 491 2056 si
502 2030 670 2056 recordamini
681 2051 688 2062 ,
703 2035 752 2057 tres
767 2030 877 2066 integras
891 2030 944 2056 dies
955 2029 987 2057 de
999 2030 1053 2057 solo

260 2075 307 2102 hoc
321 2075 420 2101 nomine
435 2075 581 2101 disseruisse
591 2083 630 2101 me
644 2075 713 2102 scitis
722 2096 730 2108 ,
746 2083 802 2102 cum
817 2083 905 2102 causas
919 2074 1051 2108 a/ferrem,

260 2120 291 2147 ob
304 2128 366 2154 quas
377 2141 384 2152 ,
398 2127 455 2146 cum
476 2119 573 2147 Saulus
594 2125 668 2146 antea
689 2125 828 2153 uocaretur,
843 2120 942 2147 Paulus
965 2120 1055 2147 deinde

259 2170 361 2192 occultis
375 2171 412 2192 est
423 2186 432 2199 ,
445 2171 468 2192 ct
485 2174 560 2200 quam
580 2167 610 2192 ob
624 2173 675 2192 rem
692 2174 742 2192 non
756 2166 839 2192 statim
853 2165 887 2192 ad
903 2165 979 2199 ﬁdem
995 2174 1055 2192 can-

261 2219 346 2238 uersus
369 2211 435 2238 hanc
458 2211 656 2246 appellationem
681 2212 796 2247 accepit.
823 2211 868 2238 sed
894 2211 928 2237 ad
948 2211 1055 2238 multum

262 2262 360 2292 tempus
372 2265 462 2284 nomen
475 2257 577 2284 retinuit
588 2277 595 2290 ,
612 2257 678 2291 quod
690 2257 729 2284 illi
744 2261 858 2292 parentes
872 2257 1054 2292 imposuerant.

262 2302 363 2335 Quibus
383 2308 437 2330 tres
457 2303 536 2330 hasce
557 2303 661 2338 priores
687 2303 721 2331 de
745 2303 886 2331 Nominum
908 2302 1055 2331 mutatione

262 2347 385 2376 llomilias
403 2349 436 2376 ita
452 2350 552 2378 diserte
571 2353 781 2382 commemorat,
795 2354 824 2376 ut
847 2349 918 2376 nulla
940 2350 1056 2387 supersit

264 2395 404 2424 adversum
418 2396 569 2431 snspieandi
582 2404 672 2424 causa.
685 2397 731 2423 llze
744 2404 824 2431 porro
838 2401 952 2432 quatuor
969 2396 1056 2424 homi-

263 2442 306 2469 lite
322 2442 346 2469 in
360 2442 433 2476 prius
456 2444 534 2471 editis
556 2443 591 2470 ita
612 2443 747 2470 distractm
759 2464 766 2476 ,
779 2447 822 2476 et,
839 2448 868 2471 ut
893 2444 928 2471 ita
950 2443 1054 2478 dicam,

263 2487 397 2522 dissipatze
410 2493 484 2516 erant
495 2510 502 2521 ,
517 2493 547 2515 ut
558 2489 663 2516 nonnisi
675 2497 736 2517 cum
751 2489 849 2525 ingenti
865 2490 955 2518 labore
965 2494 1056 2526 posset

264 2540 355 2560 earutn
369 2534 453 2561 series
469 2534 633 2568 internosci,
656 2536 880 2571 quemadmodum
903 2540 931 2563 et
954 2544 1055 2571 praece-

264 2579 358 2606 dentes
371 2579 429 2606 alnc
445 2579 471 2606 in
484 2581 833 2616 Actoruminscriptionem.
846 2581 951 2615 Quanto
966 2586 1054 2610 autem

264 2626 290 2653 id
312 2625 440 2654 lectorum
456 2625 596 2662 dispendio
610 2628 737 2656 acciderit
750 2650 758 2662 ,
774 2632 873 2656 norunt
893 2629 910 2656 ii
923 2650 931 2661 ,
947 2629 992 2664 qui
1013 2630 1056 2657 vel

263 2672 425 2708 primoribus
441 2672 523 2700 labris
537 2681 593 2701 rem
612 2673 819 2702 ecclesiasticam
834 2675 977 2702 literarium
992 2675 1055 2702 atti-

264 2724 368 2755 gerunt.

302 2764 424 2794 Humilia:
438 2766 469 2793 de
490 2765 650 2794 Ptenitentia.
664 2782 696 2787 -—
709 2766 838 2794 Homilias
852 2766 885 2794 de
897 2767 1056 2795 Pcenitentia

267 2815 326 2844 post
339 2818 436 2838 annum
452 2811 504 2840 595
517 2819 577 2839 eum
590 2811 762 2840 Tillemontio
779 2820 811 2840 ex
834 2812 886 2840 levi
905 2814 1057 2847 conjectura

267 2857 400 2891 ponimus.
416 2857 500 2886 Tanta
520 2863 608 2887 autem
624 2864 665 2887 est
679 2861 705 2888 in
719 2866 811 2887 corum
833 2859 925 2887 ordine
949 2865 1055 2895 pertur-

788 133 817 160 S.
837 130 977 160 JOANNIS
997 128 1234 158 CHRYSOSTOMI
1249 129 1346 163 VlTA,

1834 125 1883 154 ibi

1094 187 1166 214 batio
1181 186 1262 216 (7⁸.2.
1278 186 1388 222 τ.277),
1402 189 1431 214 ιιι
1445 185 1553 213 difﬁcile
1563 184 1598 213 sit
1608 185 1696 213 dicere
1710 192 1768 220 qua:
1782 185 1866 220 prima
1876 205 1884 218 ,

1092 240 1150 268 quae
1164 232 1294 265 secunda,
1307 240 1366 267 qua:
1387 231 1463 259 tertia
1481 231 1570 258 habita
1586 230 1675 258 fuerit.
1691 229 1743 258 Sed
1757 230 1789 257 ad
1800 229 1884 258 Moni-

1092 284 1149 304 tum
1177 279 1202 305 in
1231 278 1338 306 easdem
1363 278 1511 310 mittimus,
1535 277 1580 304 ubi
1608 277 1664 303 haec
1693 283 1741 311 pro
1763 275 1887 304 facultate

1090 325 1276 352 tliscnssimus.
1293 324 1405 351 llomilia
1433 328 1519 350 tamen
1544 326 1650 358 quarta,
1665 323 1742 357 cujus
1765 322 1880 355 initimn,

1093 370 1213 397 Pastores
1228 377 1301 402 oves,
1315 369 1374 404 jure
1385 372 1486 403 quarta:
1501 368 1609 395 nomine
1623 367 1764 402 insignitur
1781 376 1787 394 :
1804 374 1888 402 quan-

1092 415 1234 450 doquidem
1254 414 1467 450 tihrysostomus
1492 413 1568 440 initio
1591 413 1655 440 dicit
1672 421 1701 441 se
1721 414 1776 448 jam
1795 417 1887 448 quarta

1093 463 1151 489 vice
1172 467 1199 489 et
1213 461 1257 489 die
1270 461 1304 488 de
1316 461 1470 496 pmnitentia
1487 467 1575 495 agerc.
1590 459 1642 486 Sed
1658 467 1722 486 care
1740 463 1816 493 putes
1829 467 1891 494 per-

1093 508 1155 535 inde
1167 513 1270 536 certutn
1284 514 1343 535 esse
1358 515 1416 534 eam
1430 527 1437 539 ,
1451 511 1505 534 tres
1520 506 1579 533 illas
1601 513 1667 540 quas
1682 505 1785 540 priores
1801 507 1892 540 posui-

1094 561 1163 586 mus,
1179 558 1225 580 aut
1239 554 1355 588 aliquam
1371 560 1404 580 ex
1417 553 1476 580 aliis
1489 556 1628 587 seqnntam
1642 559 1711 578 esse.
1727 551 1835 578 Planum
1850 555 1892 579 est

1095 603 1169 632 tres,
1192 602 1254 626 ante
1277 598 1347 625 hanc
1368 602 1509 632 quartam,
1532 596 1566 624 de
1590 597 1744 631 pmnitentia
1770 596 1891 624 llomilias

1094 643 1179 671 dictas
1191 642 1274 670 fuisse
1286 663 1293 676 ,
1313 643 1359 671 sed
1380 644 1462 670 hasne
1481 647 1534 670 tres
1545 662 1553 676 ,
1568 650 1634 677 quas
1652 642 1845 677 prtnmisimns,
1857 649 1891 669 an

1093 690 1176 724 alias,
1193 690 1310 724 ignotum
1321 696 1431 724 prorsus
1447 693 1498 716 est.
1507 688 1655 716 Antiochia:
1667 693 1755 716 autem
1768 696 1889 722 pronun-

1095 736 1187 762 tiatam
1203 735 1284 763 luisse
1299 734 1414 762 suadent
1426 735 1483 761 lucc
1496 734 1575 762 verba
1591 742 1665 761 nunt.
1679 733 1712 760 2:
1729 733 1894 769 Quandoqui-

1098 781 1155 808 dem
1168 789 1214 808 nos
1227 789 1285 807 cum
1304 779 1506 815 exagitabamur,
1518 780 1600 806 vexati
1613 782 1693 816 fame,
1710 784 1778 814 peste
1790 800 1796 812 ,
1813 787 1892 814 gran-

1098 827 1173 859 dine,
1196 826 1307 854 siccitate
1319 846 1326 859 ,
1343 826 1483 859 incendiis,
1500 826 1608 853 hostium
1628 825 1789 859 incursione,
1811 833 1894 852 nonne

1096 872 1206 908 quotidie
1231 871 1337 899 ecclesia
1363 871 1523 898 multitudine
1544 871 1742 898 convenientium
1774 875 1894 906 angusta-

1100 918 1173 945 batur
1182 917 1251 944 ?.....
1266 917 1407 954 Postquam
1417 922 1501 944 autent
1516 916 1584 944 Deus
1596 918 1660 944 iram
1671 917 1786 951 deposuit
1798 937 1806 950 ,
1821 921 1896 951 atque

1097 968 1153 1000 post
1167 968 1249 990 tantos
1262 964 1356 998 ﬂuctus
1371 963 1508 998 procellunt
1521 962 1612 998 abegit,
1628 962 1661 989 ad
1671 962 1790 997 pristinos
1804 962 1896 989 iterum

1097 1018 1178 1037 mores
1192 1010 1285 1036 reversi
1298 1017 1395 1036 sumus.
1407 1009 1482 1044 Atqui
1500 1009 1527 1035 in
1541 1009 1596 1044 ipso
1609 1007 1773 1035 tentationum
1785 1012 1897 1042 tempore

1100 1056 1154 1082 hcce
1173 1056 1310 1091 prmdicere
1327 1061 1349 1082 et
1365 1055 1494 1089 testiﬁcari
1515 1063 1565 1082 nou
1588 1054 1746 1082 desistebam.
1772 1054 1820 1082 llic
1840 1055 1898 1082 lon-

1098 1109 1158 1136 gam
1176 1101 1357 1128 calamitatum
1377 1102 1474 1128 seriem
1490 1105 1640 1134 memorat,
1663 1101 1758 1135 quibus
1778 1107 1898 1134 prarseus

1099 1147 1156 1181 ipse
1170 1150 1246 1180 erat,
1262 1150 1290 1173 et
1309 1146 1519 1173 concionabatur
1535 1154 1541 1173 :
1557 1154 1616 1181 qnze
1637 1146 1726 1172 omnia
1742 1146 1847 1172 nonnisi
1863 1145 1897 1172 ad

1100 1197 1226 1228 tempus,
1246 1201 1299 1228 quo
1325 1192 1476 1220 Antiochia:
1503 1193 1643 1228 presbyter
1667 1197 1743 1225 erat,
1767 1191 1899 1227 quadrare

1100 1243 1221 1274 possunt.
1243 1239 1363 1266 Hostium
1383 1246 1448 1266 vero
1474 1239 1596 1266 incursus
1621 1243 1693 1273 putat
1710 1238 1896 1265 Tillemontius

1100 1292 1162 1312 esse
1176 1285 1343 1312 invasionem
1360 1285 1432 1312 illam
1447 1284 1614 1317 Hunnorum,
1624 1292 1682 1319 qua:
1696 1291 1765 1311 anno
1775 1284 1829 1311 593
1839 1291 1900 1310 con-

1101 1331 1265 1366 tigit:quod
1292 1335 1335 1358 sat
1365 1330 1472 1366 quidem
1501 1331 1647 1358 verisimile
1670 1330 1783 1358 videtur.
1808 1330 1843 1358 Ut
1870 1336 1900 1357 ιιι

1101 1384 1165 1403 vero
1180 1381 1238 1408 est,
1257 1376 1326 1404 hanc
1339 1377 1365 1403 in
1381 1376 1500 1409 ultimos,
1514 1376 1610 1411 quibus
1627 1375 1776 1405 Antiochia:
1790 1376 1901 1404 concio-

1102 1427 1180 1449 natus
1195 1427 1246 1456 cst,
1262 1431 1348 1451 annos
1373 1428 1523 1458 opportune
1536 1423 1682 1458 rejicimus.

1137 1469 1232 1503 Quinta
1247 1490 1254 1503 ,
1270 1470 1345 1505 cujus
1369 1469 1483 1503 initium,
1498 1469 1570 1498 La:ta
1591 1470 1662 1497 nobis
1676 1470 1751 1497 hodie
1767 1478 1797 1496 ac
1813 1470 1903 1506 festiva

1102 1514 1248 1548 celebritas,
1263 1519 1304 1542 est
1315 1515 1505 1551 pulcherrima,
1521 1523 1602 1551 quam
1620 1516 1651 1543 de
1666 1516 1767 1551 jejunio
1780 1537 1788 1549 ,
1805 1516 1903 1543 inscri-

1102 1560 1155 1594 psit
1172 1560 1297 1588 Savilius.
1314 1561 1348 1589 Et
1359 1567 1400 1589 cst
1411 1562 1517 1597 quidem
1529 1562 1673 1597 dcjejunio
1685 1583 1693 1595 ,
1706 1562 1753 1589 setl
1768 1562 1903 1598 przrcipue

1103 1605 1136 1633 de
1156 1607 1332 1641 pmnitentia,
1347 1615 1405 1642 qua:
1426 1615 1478 1642 qtto
1503 1612 1581 1643 pacto
1604 1616 1664 1635 cum
1689 1608 1750 1636 aliis
1767 1608 1902 1636 colncrcat

1102 1651 1267 1686 deprehendi
1284 1653 1357 1680 nullo
1379 1653 1459 1681 modo
1473 1658 1569 1688 potest.
1584 1654 1734 1682 Antiochia:
1748 1661 1812 1682 vero
1826 1654 1902 1682 habi-

1105 1703 1157 1725 tam
1172 1698 1254 1726 l‘uissc
1272 1699 1371 1726 indicat
1385 1699 1610 1735 Chrysostomus,
1625 1708 1685 1727 cum
1707 1700 1900 1728 monachorum

1105 1745 1130 1772 in
1144 1745 1280 1773 montibus
1296 1746 1417 1780 proxime
1437 1745 1590 1780 degentium
1604 1747 1754 1781 exemplum
1776 1747 1901 1774 conside-

1103 1791 1217 1818 randum
1230 1791 1335 1824 oilcrat,
1348 1796 1376 1818 ut
1389 1792 1457 1819 solet
1469 1791 1496 1818 in
1506 1792 1678 1820 concionibus
1691 1793 1840 1820 Antiochia:
1853 1792 1902 1820 ha—

1106 1837 1178 1865 bilis.

1140 1884 1232 1917 Sexta,
1248 1885 1324 1919 cujus
1339 1884 1455 1918 initium,
1473 1885 1555 1918 Quam
1570 1885 1681 1921 jucundi
1694 1886 1854 1921 spirituales.
1867 1885 1901 1914 de

1103 1931 1206 1966 jejunio
1222 1932 1339 1959 maxime
1357 1931 1430 1967 agit:
1448 1939 1481 1958 an
1501 1939 1566 1959 vero
1586 1932 1752 1965 Antiochite,
1773 1940 1808 1959 an
1831 1932 1902 1960 Con-

1106 1977 1278 2012 stantinopoli
1305 1977 1394 2004 habita
1417 1977 1514 2011 fuerit,
1534 1977 1625 2010 nullo,
1642 1982 1670 2004 ut
1693 1977 1807 2011 videtur,
1823 1977 1901 2005 modo

1107 2022 1273 2057 deprehendi
1289 2027 1388 2057 potest.
1402 2022 1531 2050 llomilias
1555 2023 1614 2050 illas
1633 2023 1698 2050 duas
1720 2023 1747 2050 in
1768 2023 1902 2051 Psalmnm

1105 2069 1367 2105 quinquagesimum,
1381 2077 1441 2104 qua:
1456 2069 1481 2096 in
1493 2070 1586 2105 quinto
1595 2070 1679 2097 Tomo
1693 2070 1779 2097 locum
1792 2070 1902 2104 habent,

1106 2120 1200 2150 putant
1211 2115 1319 2151 quidam
1330 2115 1503 2143 concionibus
1511 2116 1544 2143 de
1554 2116 1712 2143 Pcenitentia
1722 2117 1905 2152 adjungendas

1108 2169 1166 2189 esse
1186 2171 1194 2190 :
1215 2166 1263 2195 at,
1277 2167 1306 2189 ut
1327 2169 1377 2190 suo
1403 2162 1464 2190 loco
1488 2162 1596 2196 dicitur,
1611 2170 1673 2190 cum
1694 2162 1747 2190 illis
1766 2163 1906 2191 cohaerere

1107 2216 1187 2244 posse
1201 2217 1254 2236 non
1267 2209 1403 2237 videntur.

1143 2257 1210 2287 Tres
1222 2263 1366 2293 sequentes
1379 2258 1508 2292 homiliae,
1524 2265 1620 2293 nempe
1631 2259 1755 2294 septima,
1769 2263 1864 2287 octava
1879 2265 1906 2287 ct

1108 2310 1177 2330 nona
1189 2324 1195 2336 ,
1208 2311 1260 2331 non
1281 2312 1360 2339 pares
1386 2304 1567 2332 Germanitatis
1592 2309 1670 2332 notas
1683 2312 1737 2340 pra:
1759 2312 1788 2332 se
1804 2305 1905 2332 fertntt.

1107 2349 1198 2386 Stylus
1218 2349 1427 2385 aCln'ysostomi
1449 2350 1581 2386 elegantia
1604 2358 1656 2378 non
1679 2358 1771 2386 parum
1792 2351 1907 2379 recedit.

1107 2395 1286 2430 Quamobrem
1300 2404 1354 2424 non
1377 2398 1435 2425 sine
1454 2397 1545 2432 aliquo
1558 2398 1683 2433 scrupulo
1697 2405 1743 2425 cas
1756 2398 1826 2425 inter
1846 2406 1903 2433 gen

1108 2451 1186 2470 mana
1196 2443 1382 2479 Chrysostomi
1397 2451 1478 2478 opera
1496 2443 1688 2479 relinquimus;
1704 2451 1754 2471 nec
1769 2448 1859 2471 tamen
1873 2443 1912 2470 at.

1108 2489 1160 2517 illis
1173 2489 1351 2524 scjungendas
1364 2496 1424 2516 esse
1437 2489 1572 2522 duximus,
1587 2489 1712 2524 quoniam
1732 2493 1762 2516 ut
1775 2489 1831 2523 jam
1843 2489 1910 2516 alibi

1107 2537 1270 2568 monuimus,
1285 2536 1311 2562 in
1322 2535 1426 2562 dicendi
1440 2543 1538 2570 genere
1552 2543 1605 2562 non
1619 2542 1725 2570 seraper
1737 2534 1787 2562 sibi
1801 2539 1911 2562 constat

1108 2582 1135 2611 S.
1148 2583 1249 2610 doctor.
1262 2582 1335 2609 Alias
1357 2580 1466 2616 insuper
1486 2581 1671 2617 Chrysostomi
1692 2580 1726 2609 de
1745 2581 1912 2609 Ptenitentia

1109 2629 1232 2656 homilias
1246 2627 1374 2655 habemus
1385 2649 1392 2662 ,
1413 2635 1480 2662 quas
1497 2632 1589 2664 utpote
1611 2627 1715 2663 spurias
1728 2627 1754 2655 in
1769 2626 1915 2662 AppendL

1107 2683 1166 2703 cem
1181 2675 1371 2710 ablegavimus.

1146 2721 1301 2749 Innumeras
1330 2721 1477 2748 Antiochia:
1503 2721 1594 2749 habuit
1620 2721 1763 2749 conciones
1788 2720 1899 2756 Chrysa

1110 2771 1212 2794 stomus
1223 2787 1230 2799 ,
1245 2775 1357 2802 quarum
1374 2774 1469 2802 magna
1483 2774 1545 2801 pars
1557 2766 1628 2794 edita
1647 2766 1694 2794 fuit
1706 2788 1712 2799 ,
1727 2772 1753 2794 ct
1768 2774 1845 2794 nova:
1864 2767 1892 2793 in
1907 2783 1916 2787 -

1111 2812 1216 2840 terdum
1228 2820 1242 2839 a
1257 2812 1374 2841 tenebris
1388 2817 1526 2840 eruuntur.
1539 2812 1578 2840 Ex
1593 2812 1673 2840 editis
1690 2819 1754 2839 vero
1775 2819 1916 2847 quarum-

1110 2861 1171 2888 dam
1192 2866 1290 2886 annum
1310 2866 1362 2894 quo
1375 2858 1453 2887 dictio
1475 2858 1580 2887 luerunt
1604 2858 1778 2886 indicavimus
1802 2858 1843 2885 vel
1867 2864 1914 2887 ex
