2034 3109
141 120 180 147 “5

139 176 202 203 certis
211 177 276 203 notis
286 197 293 209 ,
307 177 351 204 vel
371 184 405 204 ex
421 175 573 211 conjectura
595 178 696 202 tantum
728 182 734 199 :
748 177 905 200 cmtcrarum

139 228 285 257 antem,qu.'e
308 222 386 257 longe
408 221 503 256 majori
528 228 638 248 numero
657 223 735 249 sunt,
751 225 848 245 annum
873 224 907 244 ne

138 268 266 302 conjectura
284 268 392 303 quidem
410 267 516 303 assequi
540 275 574 302 po
583 273 690 293 sumus.
704 265 741 292 De
761 264 803 291 his
825 270 907 299 porro

138 315 180 352 jam
190 314 310 350 agendum
326 314 405 342 nobis
417 319 468 341 est.

165 358 274 387 Eucomia
298 359 376 386 Pauli
397 358 614 395 Apertam—Et
637 358 723 394 primo
743 356 848 392 quidem
873 355 907 382 de

139 403 331 432 Paulicncomiis
342 402 384 439 (Τ.
397 403 425 430 2.
435 411 457 428 c.
472 401 536 435 469)
551 409 598 428 seu
612 401 781 428 sermonibus
790 405 905 434 septem,

138 457 191 485 quos
202 449 306 477 omnino
321 455 471 475 memorare
485 447 590 474 videtur
601 447 626 473 in
639 447 752 474 llomilia
770 446 795 472 in
809 445 909 473 Kalen-

136 495 184 527 das,
192 495 229 523 ubi
236 494 274 522 sic
284 495 364 522 habet
373 495 449 529 paulo
457 498 517 528 post
528 493 642 520 initium.
654 493 745 527 Nuper
754 493 841 527 igitur,
852 501 907 519 cum

134 541 218 569 beatum
239 541 349 568 Paulum
363 541 482 568 eneonuis
495 540 677 567 eelebraremur
701 539 744 576 (Τ.
762 540 788 566 1.
802 547 825 566 c.
842 539 904 566 955.

122 589 148 627 Vl.
161 589 210 623 20),
220 589 254 615 sic
263 588 442 620 oxsultauistis,
461 595 492 614 ac
505 588 526 613 si
539 588 623 622 ipsum
641 591 787 620 prementem
800 586 906 612 vidisse-

133 633 207 659 ήδη...
225 632 342 660 Volebam
358 638 442 660 autent
455 633 480 659 in
494 633 561 660 idem
580 636 756 668 argumentum
776 631 851 658 hodie
864 631 908 658 de-

130 678 251 711 scendere;
265 679 310 706 sed
322 679 356 705 ad
366 678 418 705 alia
430 678 546 713 quoniam
557 699 564 708 ι
576 686 632 713 quae
646 678 725 713 magis
738 682 837 712 urgent,
851 684 909 704 ora—

130 724 160 750 tio
181 729 259 751 nostra
280 723 442 759 provehitur;
455 725 482 750 in
500 723 589 758 quibus
611 731 627 749 α
648 728 700 750 tota
715 723 789 750 hodie
811 723 909 749 civitate

128 774 242 804 peccatur.
255 769 306 796 Eos
317 769 384 796 enim
395 790 402 802 ,
417 769 460 804 qui
470 769 583 796 encomia
597 769 674 796 Pauli
690 769 779 796 audire
791 769 906 804 cupiunt,

128 816 190 851 prius
201 816 297 842 rirtutis
309 815 390 842 Pauli
403 815 507 842 mutulos
524 823 576 842 esse
589 819 705 850 aperiet,
720 819 744 842 et
763 815 909 848 huiusmodi

127 864 232 889 rom-ioue
245 862 346 897 dignos.
361 861 410 888 llic
428 860 503 888 vides
516 860 660 888 conciones
680 860 705 887 in
720 859 830 887 Paulum
852 863 908 886 tum

125 907 171 942 jam
185 907 285 934 habitas
299 927 306 938 ,
321 911 376 934 tum
391 911 451 942 post
465 905 601 934 habendas
617 904 760 933 memorari
773 926 781 938 ,
796 912 908 940 quarum

124 958 300 988 argumentum
316 957 394 980 erant
408 953 529 980 encomia
542 952 628 980 Pauli.
639 951 673 979 Et
684 956 773 979 tamen
780 951 909 979 llerman-

125 1000 170 1028 tius
187 1000 308 1035 opinatus
327 1004 385 1033 est,
404 999 469 1027 illud
483 999 559 1026 Pauli
582 998 732 1026 encominm
749 999 774 1025 in
795 998 908 1026 llomilia

123 1046 152 1073 de
163 1045 284 1073 Kalendis
299 1050 476 1073 memoratum
488 1067 495 1079 ,
513 1045 605 1073 haberi
621 1046 647 1073 in
660 1045 775 1073 llomilia
789 1045 822 1073 de
836 1045 908 1072 [ταιῆς

124 1093 188 1120 tione
202 1091 318 1119 ﬁliorum
338 1091 462 1119 Zebedrei
477 1099 551 1118 num.
566 1091 593 1124 3,
610 1091 655 1119 ubi
669 1091 754 1119 obiter
765 1091 838 1119 Pauli
852 1092 908 1119 lau-

121 1137 163 1165 des
177 1138 282 1172 attingit
296 1137 515 1173 Chrysostomus.
524 1137 711 1165 Tillemontius
724 1145 798 1170 vero,
811 1139 909 1172 rejecta

120 1184 263 1212 llermantii
277 1183 422 1219 opinione,
437 1187 513 1218 putat
525 1183 662 1211 homiliam
682 1183 708 1210 in
728 1183 858 1211 concione
877 1183 911 1210 de

122 1229 243 1256 Kalendis
256 1234 431 1256 memoratam
446 1237 504 1256 eam
520 1237 580 1256 esse
591 1250 598 1261 ,
613 1229 689 1264 cujus
703 1229 804 1262 titulus,
818 1230 910 1262 Quales

119 1275 237 1302 ducendi:
251 1276 302 1302 sint
315 1283 408 1302 uxores
421 1297 428 1309 ,
441 1275 486 1303 ubi
501 1275 596 1302 Paulus
612 1275 756 1302 identidem
776 1275 910 1303 laudatur.

119 1321 225 1353 Yerum,
249 1326 277 1348 ut
298 1329 331 1348 ex
355 1321 477 1356 superius
495 1321 584 1348 allatis
603 1320 691 1348 verbis
713 1320 842 1356 liquidum
859 1325 910 1354 est,

119 1375 169 1395 non
184 1368 272 1403 agitur
293 1368 329 1395 ibi
343 1367 377 1395 de
397 1367 518 1395 laudibus
538 1367 612 1395 Pauli
627 1388 634 1400 ,
651 1375 717 1403 quas
737 1367 912 1395 conciouibus

117 1417 169 1443 Suis
182 1438 189 1450 ,
204 1416 348 1450 cujuslibet
363 1415 469 1443 tandem
482 1415 630 1451 argumenti
648 1415 719 1448 sint,
734 1414 832 1450 passim
853 1414 912 1441 obi-

118 1466 207 1497 terque
231 1462 370 1489 interserit
408 1461 633 1497 Cltrysostomus,
659 1460 731 1496 quod
766 1459 913 1495 saepissime

116 1515 178 1535 sane
190 1507 323 1543 contingit
335 1515 343 1540 ;
358 1506 405 1534 sed
423 1507 455 1534 de
466 1507 640 1534 concionibus
653 1507 786 1541 plurimis,
800 1514 912 1542 quarum

113 1559 299 1590 argumentum
313 1558 391 1582 erant
403 1554 524 1581 encomia
536 1553 620 1580 Pauli:
631 1553 670 1580 Ad
683 1553 910 1588 eamdem,iiiquit,

114 1608 202 1627 rursus
216 1600 378 1635 hypothesim
396 1599 544 1626 descendere
557 1599 669 1626 uolebam
680 1606 692 1630 ,'
708 1599 734 1626 id
747 1603 788 1626 est
798 1619 806 1631 ,
822 1606 914 1626 rursus

113 1645 145 1672 de
178 1646 255 1673 Pauli
285 1646 410 1673 laudibus
432 1646 587 1673 concionari
615 1645 736 1673 volebam
754 1652 829 1680 :quo
851 1644 914 1680 quid

114 1693 202 1726 aliud,
219 1700 328 1728 quaeso,
344 1692 458 1720 indicari
488 1693 591 1728 possit,
614 1700 694 1728 quam
718 1700 858 1720 sermones
881 1691 915 1719 de

114 1738 196 1766 l‘aulo
210 1740 334 1775 apostolo
344 1760 352 1774 ,
368 1739 403 1768 de
417 1739 513 1774 quibus
529 1747 600 1767 nuue
613 1740 736 1775 agimus?

148 1785 183 1813 Et
194 1792 298 1814 certum
309 1791 352 1814 cst
369 1787 417 1814 has
426 1786 570 1814 conciones
578 1787 726 1814 Antiochia:
736 1786 821 1814 dictas
834 1787 915 1814 fuisse

115 1831 187 1864 (nam
203 1831 230 1859 id
245 1837 340 1866 aperte
356 1832 456 1860 indicat
469 1832 677 1867 Chrysostomus
697 1833 806 1860 homilia
820 1838 914 1868 quarta

115 1876 146 1903 dc
165 1877 241 1905 Pauli
262 1878 397 1910 laudibus,
411 1878 455 1905 ubi
469 1878 504 1906 de
519 1879 618 1913 templo
633 1879 765 1913 Apollinis
779 1879 805 1906 in
818 1879 915 1906 subur-

115 1922 157 1950 bio
167 1924 295 1958 Daphnes
303 1932 318 1951 a
330 1924 442 1952 fulmine
453 1929 523 1952 tacto
533 1925 614 1952 verba
628 1925 702 1959 facit)
718 1935 725 1952 :
739 1925 774 1952 ita
785 1925 819 1953 de
834 1933 914 1957 anno,

117 1975 165 2002 quo
177 1969 237 1997 hzec
252 1970 431 1998 concionalus
446 1975 495 2004 est,
513 1971 580 1998 nihil
593 1971 634 1998 vel
648 1976 750 1999 certum
769 1972 810 1999 vel
824 1972 916 2000 admo-

118 2013 177 2042 dum
193 2016 336 2051 probabile
347 2017 428 2044 statui
442 2022 538 2052 potest.
557 2017 658 2045 Eodem
669 2024 769 2051 autem,
790 2027 843 2053 quo
861 2019 916 2046 llo-

120 2061 195 2089 miliaz
215 2062 242 2089 in
257 2062 406 2096 Kalendas,
430 2070 501 2090 anno
518 2063 560 2091 ha:
574 2065 718 2092 conciones
731 2064 828 2092 habita:
843 2069 915 2098 sunt,

122 2111 195 2141 atque
211 2113 240 2135 ut
252 2108 462 2144 Chrysostomus
476 2110 523 2141 ait,
538 2109 660 2137 llomilia:
678 2111 704 2138 in
723 2110 855 2138 Kalendas
873 2110 917 2138 Ja-

124 2155 215 2187 nuarii,
236 2155 364 2183 Eneomia
379 2162 428 2183 seu
445 2163 583 2184 sermones
597 2156 622 2183 in
640 2156 750 2184 Paulum
767 2157 918 2192 intercepe-

110 2202 180 2236 §runt
193 2211 199 2228 ε
213 2201 250 2229 ita
269 2207 299 2230 ut
317 2210 353 2230 ex
375 2203 544 2230 sermonibus
557 2203 583 2230 in
597 2203 718 2235 Paulum,
742 2203 849 2238 quidam
871 2203 918 2231 Ja-

125 2248 242 2275 nunt-ium
264 2257 386 2276 mensem
412 2250 614 2284 prmcesserint,
639 2250 746 2285 quidam
774 2251 800 2277 in
825 2258 919 2278 mense

124 2290 246 2321 Januario
261 2295 345 2322 habiti
357 2294 465 2322 fuerint.
479 2295 532 2322 llos
546 2300 634 2323 autem
653 2296 678 2323 in
693 2296 804 2323 Paulum
818 2304 919 2323 senun-

126 2345 170 2366 ηαδ
183 2341 306 2368 Anianus
320 2341 479 2377 Pelagiauus
492 2341 584 2369 Latine
594 2342 734 2376 corivertit,
748 2347 845 2377 putans
860 2342 919 2369 illos

125 2382 217 2414 heresi
246 2395 304 2415 sua:
324 2387 415 2415 favere
432 2407 438 2414 .
461 2395 511 2423 qua
534 2387 568 2416 de
586 2396 615 2415 re
636 2388 754 2423 pluribus
771 2388 874 2422 egimus
893 2389 918 2415 in

124 2429 220 2460 Ilonito
237 2441 262 2461 c.
275 2433 340 2462 Hi.
354 2433 382 2461 ln
397 2434 440 2461 his
454 2442 532 2469 porro
547 2434 663 2462 homiliis
675 2438 777 2470 septem
789 2435 846 2462 sive
860 2442 920 2462 ora-

125 2477 241 2507 tionibus
255 2480 377 2513 Paulum,
396 2488 474 2516 quem
495 2481 521 2508 in
542 2485 597 2508 toto
611 2489 722 2515 operutn
742 2488 850 2508 suorum
874 2481 920 2508 de.

124 2530 202 2553 cursu
214 2527 310 2562 quavis
323 2527 385 2554 data
399 2528 537 2555 occasione
549 2527 674 2560 celebrat,
686 2526 825 2555 confertim
837 2527 922 2555 laudi-

125 2570 172 2598 bus
195 2573 308 2600 extollit
330 2581 337 2598 :
363 2573 438 2600 illum
461 2581 520 2600 cum
548 2575 648 2601 sanctis
673 2573 777 2602 Veteris
803 2577 832 2601 et
853 2573 920 2601 Novi

124 2615 289 2647 Testamenti
304 2620 418 2652 confert,
433 2619 532 2647 nullum
544 2620 607 2648 dicit
619 2620 700 2648 fuisse
713 2625 751 2648 tot
762 2627 921 2648 arcanorum

123 2670 291 2693 consortem.
319 2665 382 2694 Uno
405 2665 495 2697 verbo,
519 2666 575 2694 hare
595 2666 669 2694 Pauli
690 2666 812 2693 encomia
829 2673 921 2694 eorum

124 2710 246 2737 omnium
270 2710 461 2746 compendium
482 2719 539 2739 esse
553 2712 614 2746 jure
637 2711 746 2745 dixeris,
769 2720 828 2747 qua:
841 2711 922 2740 Com-

125 2757 268 2784 mentariis
280 2757 309 2784 in
320 2758 391 2784 Acta
404 2756 461 2783 etin
470 2757 600 2792 Epistolas
610 2758 684 2786 Pauli
694 2758 727 2786 de
735 2759 801 2786 tanti
810 2759 922 2794 apostoli

124 2803 283 2833 pnestantia
297 2807 327 2830 et
342 2802 445 2829 virtute
457 2804 586 2836 praedicat.

155 2843 314 2884 Intercepta
328 2847 415 2882 igitur
428 2846 588 2877 llomiliarum
599 2849 626 2878 in
639 2850 749 2878 Paulum
763 2851 832 2879 serie
845 2851 922 2888 (T.l.

110 2241 118 2305 ἲ

716 114 806 143 NUNC
825 111 955 142 PRIMUM
976 112 1172 142 ADORNATA.

1703 118 1752 146 NG

957 179 979 196 ι’.
994 170 1042 198 951
1053 172 1072 206 ),
1091 172 1298 207 Chrysostomus
1312 173 1452 202 llomiliam
1463 175 1490 202 in
1505 175 1588 203 Kalsn
1598 176 1638 204 las
1651 175 1750 205 habuit.

960 217 1009 244 llic
1023 225 1086 244 vero
1099 217 1224 246 Kalendae
1237 219 1353 247 Januarii
1370 226 1561 254 memorantur,
1575 230 1626 257 qua
1639 221 1684 250 die
1704 231 1750 250 an-

960 271 1009 290 nus
1029 264 1202 299 incipiebatur
1215 265 1284 300 apud
1300 266 1444 300 Romanos,
1458 272 1485 295 et
1497 273 1572 302 ξένια,
1593 277 1640 297 seu
1657 278 1751 298 munu-

959 309 1043 341 scula,
1057 310 1149 338 amicis
1160 311 1329 346 cognatisque
1342 312 1531 341 oil'erebanlur.
1548 315 1604 342 Mos
1620 321 1682 344 tunc
1695 321 1752 344 erat

959 356 1082 382 convivia
1106 356 1253 390 celebrare,
1278 358 1382 393 aliaque
1411 359 1524 393 publicre
1551 361 1651 389 laetitias
1677 363 1750 397 signa

960 400 1035 434 dare,
1057 401 1100 428 ubi
1123 402 1278 438 plerumque
1295 403 1432 431 dissoluta:
1447 405 1530 439 plebis
1546 410 1631 441 gesta,
1656 414 1751 442 super-

959 447 1078 475 stitiosos
1094 449 1302 480 observationes,
1324 450 1428 485 aliaque
1444 451 1468 477 id
1483 459 1567 486 genus
1579 452 1668 480 videre
1683 457 1750 480 erat.

959 493 1016 527 Qua
1031 493 1064 521 de
1076 502 1105 521 re
1118 494 1252 522 auditores
1263 503 1325 522 suos
1339 497 1426 530 carpit
1439 497 1654 533 Cbrysostomus.
1675 499 1753 526 Liba-

960 539 1021 566 nius
1031 547 1111 574 porro
1124 541 1280 575 opusculum
1294 541 1377 569 edidit
1396 542 1423 568 in
1437 542 1569 571 Kalendas
1583 544 1751 579 inscriptum,

961 584 1005 611 ubi
1029 592 1083 619 quo
1106 585 1157 612 ritu
1180 585 1305 613 Kalendre
1325 587 1420 614 tierent
1441 587 1590 615 minutatim
1613 589 1751 622 describit,

960 630 1049 665 aitque
1062 638 1140 658 unam
1152 631 1326 666 eamdemque
1341 632 1522 660 celebritatem
1538 641 1584 668 per
1596 639 1678 662 totum
1698 635 1753 662 lto-

961 683 1069 702 manum
1082 676 1222 710 imperium
1236 677 1280 704 illa
1295 677 1338 704 die
1352 678 1404 713 agi.
1421 678 1511 714 Itaque
1524 679 1557 707 de
1569 679 1613 707 die
1625 685 1650 707 et
1663 688 1755 708 mense

961 720 1033 747 nulla
1052 720 1156 748 videtur
1168 722 1279 756 quaestio
1297 723 1400 750 moveri
1416 731 1513 758 posse;
1529 732 1606 752 secus
1619 730 1707 752 autem
1721 727 1755 754 de

961 773 1042 800 anno,
1057 775 1137 802 quem
1161 775 1195 795 ne
1215 768 1377 804 coniecturis
1391 768 1498 805 quidem
1518 770 1690 805 probabiliter
1713 779 1756 799 as-

961 813 1060 847 signari
1073 820 1150 847 posse
1161 818 1294 848 putamus.

997 859 1124 887 llomilias
1142 860 1176 888 de
1189 860 1292 888 Lazaro
1307 860 1350 898 (T.
1365 861 1391 889 t.
1408 852 1512 899 c.'963)
1534 869 1584 898 qua
1604 863 1664 890 anni
1687 867 1756 891 tem-

961 909 1064 939 pestate
1082 905 1205 934 habuerit
1228 906 1435 943 Chrysostomus
1456 908 1514 942 ipse
1537 907 1674 941 declarat;
1703 910 1758 937 itno

961 949 1040 978 etiam
1053 959 1104 986 qua
1117 951 1161 980 die
1177 953 1288 987 primam
1303 953 1401 981 dixerit
1420 954 1541 981 enuntiat
1554 955 1580 982 in
1591 955 1650 989 ipso
1665 955 1758 990 prima:

962 998 1098 1026 coneionis
1110 998 1186 1026 titulo
1199 1008 1206 1026 :
1221 999 1335 1026 [lautitia
1347 1000 1468 1034 postridie
1483 999 1615 1028 Kalendas
1626 1002 1759 1030 Antiochiet:

963 1044 1058 1076 habita,
1075 1044 1106 1071 de
1120 1045 1151 1071 iis
1165 1045 1208 1081 qui
1229 1045 1394 1078 inebriantur,
1416 1045 1496 1080 deque
1516 1046 1548 1073 iis
1563 1047 1605 1081 qui
1619 1051 1759 1074 commeant

961 1090 996 1116 ad
1007 1099 1146 1126 muponas,
1160 1092 1252 1128 quique
1263 1092 1368 1119 choreas
1381 1092 1474 1118 ducunt
1489 1100 1533 1127 per
1545 1092 1678 1126 ciuitatem,
1691 1093 1760 1127 quod

962 1145 1011 1163 nou
1038 1142 1151 1172 oporteat
1175 1142 1354 1173 praeoptarent
1389 1138 1521 1172 desperare
1556 1138 1587 1164 de
1615 1138 1758 1173 discipulis,

962 1183 1061 1210 etiamsi
1069 1184 1094 1211 in
1107 1192 1215 1219 prerem
1226 1192 1276 1211 non
1287 1183 1456 1218 obtemperent
1469 1191 1477 1210 :
1488 1188 1613 1219 postremo
1621 1185 1652 1211 de
1660 1184 1759 1211 Lazaro

962 1231 1078 1258 mendico
1090 1239 1120 1257 ac
1135 1230 1166 1258 de
1176 1231 1267 1263 divite;
1283 1235 1337 1257 tum
1352 1230 1431 1257 etiam
1443 1230 1468 1257 in
1482 1231 1619 1258 concionis
1629 1231 1760 1266 principio

963 1277 1047 1311 ipsam
1063 1276 1133 1304 diem
1154 1277 1272 1312 assignat
1286 1285 1293 1303 :
1314 1276 1437 1303 "caterua
1451 1276 1501 1308 die,
1517 1285 1575 1304 cum
1588 1282 1650 1304 esset
1669 1277 1760 1312 [crtum

963 1324 1079 1356 Satanw,
1094 1323 1187 1358 fecistis
1203 1326 1294 1359 festum
1308 1323 1431 1358 Spiritus.
1448 1323 1525 1351 Unde
1539 1323 1636 1351 inferas
1647 1325 1759 1359 primani

965 1369 1036 1396 illam
1062 1369 1096 1397 de
1121 1369 1223 1397 Lazaro
1246 1370 1403 1398 concionem
1425 1369 1522 1397 dictam
1542 1370 1624 1398 fuisse
1643 1371 1761 1398 secundo

963 1415 1081 1442 Januarii
1094 1415 1148 1447 die,
1165 1420 1225 1450 post
1241 1416 1337 1443 festum
1353 1415 1545 1449 Saturnalium,
1559 1417 1628 1451 quod
1641 1425 1702 1444 vere
1725 1418 1762 1445 fc-

965 1466 1034 1488 stum
1046 1461 1150 1488 Satanzn
1163 1466 1230 1494 erat,
1249 1462 1295 1489 ubi
1309 1461 1474 1494 temulentis,
1492 1462 1624 1496 tripudiis,
1641 1463 1761 1489 saltatio.

966 1507 1054 1540 nibus,
1070 1508 1321 1540 comessatiouibus,
1343 1507 1455 1542 aliisque
1473 1515 1506 1534 ex
1520 1507 1650 1535 Bacchico
1672 1507 1762 1536 furore

965 1554 1188 1589 consequentibus
1201 1562 1309 1589 operam
1327 1554 1407 1582 dabat
1420 1562 1481 1589 pars
1495 1555 1612 1582 maxima
1628 1555 1741 1582 civitatis
1753 1564 1761 1588 ;

965 1600 1122 1635 videturque
1132 1600 1225 1627 eodem
1238 1608 1307 1627 anno
1323 1601 1412 1628 habita
1424 1608 1477 1636 quo
1488 1600 1595 1628 homilia
1605 1601 1726 1636 superior
1735 1601 1760 1628 in

966 1645 1108 1679 Kalendas,
1123 1646 1228 1681 quando
1248 1651 1276 1673 ut
1297 1646 1440 1674 dissolutos
1461 1653 1551 1674 mores
1568 1652 1761 1680 compesceret,

966 1698 1074 1719 strenue
1087 1697 1177 1719 contra
1193 1692 1332 1719 satanicam
1349 1691 1418 1719 hanc
1429 1691 1648 1719 consuetudinem
1657 1692 1764 1719 concio-

967 1743 1046 1766 natus
1059 1743 1109 1766 est.
1133 1739 1172 1766 De
1192 1746 1263 1765 anno
1280 1742 1378 1771 autem,
1404 1746 1456 1772 quo
1472 1737 1512 1765 ha:
1531 1737 1648 1765 homilia:
1667 1737 1764 1764 habita:

967 1785 1051 1819 fuere,
1068 1793 1102 1814 ne
1113 1785 1242 1820 probabili
1257 1785 1363 1820 quidem
1374 1785 1476 1812 ratione
1489 1784 1632 1820 quidquam
1645 1789 1762 1812 statuero

967 1840 1120 1868 possumus.

1004 1879 1058 1906 llas
1071 1886 1134 1906 vero
1142 1879 1285 1906 conciones
1292 1878 1461 1906 continenter
1470 1878 1572 1911 habuit,
1582 1878 1671 1913 paucis
1680 1877 1765 1905 inter.

968 1925 1061 1960 positis
1077 1925 1146 1952 inter
1162 1924 1280 1960 singulas
1294 1924 1398 1956 diebus,
1426 1924 1522 1959 quibus
1539 1923 1651 1951 fortasse
1671 1922 1764 1951 diebus

967 1979 1014 1998 eas
1026 1979 1085 2006 quae
1097 1970 1130 1998 de
1143 1970 1171 1998 S.
1188 1970 1269 1998 Paulo
1284 1975 1441 2005 supererant
1453 1969 1576 1997 absolvit.
1593 1969 1620 1997 In
1635 1968 1762 2003 secunda.

968 2024 1047 2052 quam
1062 2016 1152 2052 paucis
1163 2020 1223 2051 post
1236 2017 1347 2051 primam
1362 2015 1455 2043 diebus
1469 2015 1571 2048 habuit,
1585 2015 1674 2042 statim
1689 2014 1763 2047 dicit,

968 2063 1082 2098 primum
1098 2062 1203 2089 virtutis
1216 2061 1326 2096 gradum
1345 2068 1405 2089 esse
1418 2060 1528 2088 alterius
1547 2060 1638 2088 virtuti
1657 2060 1766 2095 applau-

969 2109 1043 2136 dere.
1065 2108 1132 2136 llinc
1146 2107 1243 2135 malam
1257 2107 1432 2142 quorumdam
1451 2106 1604 2142 opinionem
1624 2106 1658 2134 de
1678 2105 1766 2134 medio

969 2156 1065 2184 tollere
1082 2154 1176 2189 satagit
1193 2163 1200 2181 :
1223 2159 1300 2182 erant
1311 2155 1381 2182 enim
1395 2154 1501 2189 quidam
1515 2154 1560 2189 qui
1571 2158 1694 2189 putarent
1706 2153 1766 2180 ani-

969 2210 1027 2230 mas
1039 2203 1156 2230 violenta
1176 2206 1262 2230 morte
1281 2201 1464 2229 deeedentium
1479 2201 1536 2228 ﬁeri
1551 2201 1698 2229 dmmonas.
1716 2201 1768 2229 Po—

970 2253 1026 2276 stea
1047 2249 1082 2276 de
1096 2248 1197 2276 Lazaro
1214 2252 1241 2275 et
1254 2247 1287 2275 de
1301 2247 1383 2274 divite
1394 2246 1474 2274 verba
1489 2245 1562 2278 facit.
1577 2247 1666 2282 aitque
1677 2250 1767 2282 rapto-

969 2303 1027 2322 rem
1041 2294 1246 2330 computaudum
1259 2301 1319 2322 esse
1333 2293 1451 2326 divitem,
1465 2293 1511 2328 qui
1520 2297 1622 2329 partem
1636 2292 1766 2320 bonorum

971 2349 1023 2369 non
1039 2341 1167 2376 impertit.

1007 2388 1036 2415 ln
1055 2388 1132 2415 tertia
1152 2386 1275 2414 hortatur
1292 2385 1326 2414 ad
1345 2385 1487 2413 lectionem
1507 2383 1651 2419 Scriptum
1671 2391 1766 2418 sacrm,

971 2435 1061 2470 aitque
1073 2442 1106 2462 ex
1120 2433 1253 2468 frequenti
1265 2432 1395 2468 ejusmodi
1409 2431 1523 2459 lectione
1539 2434 1656 2458 mentem
1669 2429 1768 2465 aperiri

972 2480 1004 2508 ad
1020 2480 1148 2515 majorem
1162 2478 1220 2514 ejus
1228 2477 1437 2514 intelligentiam.
1451 2477 1594 2511 Scriptum
1609 2483 1672 2503 vero
1685 2482 1769 2503 sacra:

973 2526 1147 2560 ignorantiam
1159 2524 1274 2552 ltmreses
1288 2524 1431 2558 peperisse,
1443 2530 1475 2550 ac
1483 2526 1621 2558 postquam
1634 2521 1667 2549 de
1674 2521 1771 2549 adver—

973 2573 1010 2600 sis
1024 2573 1154 2608 patienter
1167 2571 1285 2599 ferendis
1299 2570 1380 2598 multa
1399 2569 1477 2603 dixit,
1492 2569 1640 2597 orationem
1659 2567 1768 2596 claudit.

1011 2618 1125 2646 Itomilia
1138 2617 1170 2644 de
1180 2617 1210 2645 S.
1222 2616 1331 2652 Babylo.
1344 2630 1381 2636 —
1397 2616 1459 2643 Post
1474 2615 1533 2643 hate
1549 2615 1685 2650 aliquanto
1699 2617 1768 2641 tem-

974 2672 1040 2700 pore
1066 2671 1204 2692 sermones
1229 2663 1262 2691 de
1284 2662 1386 2690 Lazaro
1408 2661 1570 2694 intermisit,
1600 2659 1715 2694 primum
1741 2664 1768 2686 ut

974 2712 1003 2740 S.
1026 2711 1133 2747 Babylre
1147 2710 1265 2746 episcopi
1285 2707 1444 2737 Antiocheni
1461 2712 1489 2736 et
1512 2706 1654 2742 martyris;
1673 2705 1770 2732 deinde

976 2765 1042 2785 vero
1062 2762 1091 2784 ut
1104 2761 1255 2784 sanctorum
1276 2754 1410 2783 Juventini
1429 2757 1456 2781 et
1475 2751 1609 2781 Maximini
1622 2755 1770 2784 martyrum

976 2803 1096 2832 encomia
1111 2803 1266 2831 celebraret.
1283 2801 1339 2834 Qua
1355 2801 1381 2828 in
1392 2807 1421 2827 re
1432 2799 1491 2834 ipso
1498 2798 1688 2832 Chrysostomo
1703 2795 1772 2824 duco

978 2849 1111 2886 loquimur
1132 2858 1139 2877 :
1160 2849 1197 2876 ait
1209 2848 1279 2876 enim
1294 2847 1338 2876 ille
1351 2846 1400 2874 sub
1415 2845 1518 2873 initium
1538 2842 1654 2870 homilia:
1670 2846 1772 2875 quarta:
