2034 3109
267 125 315 153 H7

264 182 298 210 de
309 181 409 208 Lazaro
421 189 426 207 :
445 180 538 208 Verum
548 188 598 208 non
605 179 801 207 existimarimus
812 187 863 206 esse
877 184 956 206 tutum
967 178 997 205 δ.
1009 176 1060 204 Ba—

265 228 330 263 bylte
342 233 365 254 et
378 228 441 262 biga:
459 226 513 254 SS.
529 231 686 261 martyrum,
705 225 747 260 qui
764 230 823 259 post
838 225 909 251 illam
922 223 1058 251 homiliam

263 277 446 305 occurrerunt,
465 271 588 306 praeclara
601 275 670 306 gesta
686 271 825 304 prwterire.
848 270 949 304 Quibus
961 277 1059 296 conso-

263 323 309 346 nat
332 319 468 346 concionis
492 318 517 345 in
543 318 572 345 S.
590 317 715 352 Babyloni
738 317 879 344 exordium
903 325 910 343 :
942 316 1059 344 Volebam

264 365 379 401 equidem
404 365 524 391 hodierno
546 364 587 391 die
608 364 716 391 debitum
737 363 842 390 reddere
855 384 862 397 ,
886 363 954 397 quod
977 371 1060 398 nuper

263 412 332 438 vobis
347 432 353 443 ,
372 419 428 437 cum
451 411 492 437 hic
515 419 594 438 essent
609 431 616 444 ,
635 411 739 445 promisi
765 418 775 437 :
795 409 840 437 sed
858 409 918 444 quid
942 408 1058 444 faciam?

261 456 294 484 Β.
319 457 429 492 Babylo:
449 457 616 484 interveniens
634 457 770 492 apparuit,
785 461 807 484 et
828 457 861 483 ad
881 456 991 490 seipsum
1012 463 1059 482 nos

261 504 366 530 uacauit.
394 504 465 539 Bigze
489 509 579 531 autem
600 508 757 538 martyrum,
787 503 831 538 qui
856 508 915 538 post
937 507 1058 530 sanctum

261 549 390 585 Babylam
419 550 547 577 lltunilias
577 549 611 577 de
637 549 738 576 Lazaro
774 549 964 584 intercepere,
996 553 1059 576 sunt

261 599 370 622 sanctus
388 594 545 623 Juventinus
571 599 598 622 et
612 594 640 622 S.
657 595 823 628 Maximinus,
844 597 889 630 qui
911 594 1059 622 Antiochia:

263 640 334 675 passi
348 639 461 673 fuerant,
484 645 511 668 et
525 649 637 675 quorum
653 641 759 669 homilia
774 641 813 668 sic
832 642 923 676 incipit
938 650 944 668 :
970 641 1060 676 Nuper

263 685 295 712 Β.
308 685 418 721 Bubylas
428 695 486 713 cum
502 687 581 714 tribus
596 688 680 722 pueris
692 696 736 714 nos
750 688 790 714 hic
800 687 967 723 congregabat
983 696 992 714 :
1011 689 1058 715 Ιιο-

263 730 305 757 die
318 739 366 766 pur
378 731 432 760 SS.
446 732 554 759 militum
566 733 592 760 in
607 733 661 759 acie
670 733 803 760 exercitum
814 733 908 760 Christi
921 733 1058 761 constituit.

264 778 356 814 Nuper
368 780 491 815 quadriga
506 785 657 815 martyrum,
670 780 743 807 hodie
758 780 826 816 biga.
839 780 1000 808 Conciouem
1011 781 1060 807 ita-

263 833 325 860 que,
351 830 410 860 post
431 827 536 853 tertiam
555 826 589 854 de
611 827 713 854 Lazaro
736 826 873 854 homiliam
892 826 999 858 habuit,
1025 827 1059 854 de

263 870 283 898 S
315 871 422 907 Babyla,
449 872 494 907 qui
520 873 661 907 episcopus
684 871 866 900 Antiochenus
892 880 953 900 eum
976 877 1056 905 CSset,

263 918 419 953 martyrium
430 926 476 953 pro
483 918 590 946 Christo
599 926 693 953 passus
699 924 748 946 est.
760 919 823 954 Ejus
832 919 970 946 historiam
979 919 1060 947 refert

263 963 489 999 Chrysostomus;
515 964 631 991 maxime
645 972 708 992 vero
726 964 752 991 in
767 964 835 992 libro
858 964 913 998 illo,
935 972 1013 999 quem
1027 965 1060 992 de

262 1009 378 1045 Martyre
393 1009 489 1045 Babyla
504 1014 596 1037 contra
619 1009 751 1038 lulianum
765 1010 920 1044 Apostatam
942 1010 1058 1044 Scripsit,

263 1055 307 1082 ubi
321 1055 431 1082 multum
445 1054 535 1083 diﬂ‘ert
548 1055 581 1083 ab
601 1055 716 1083 Eusebio
736 1055 904 1088 Caesariensi,
931 1060 960 1082 ut
980 1063 1059 1091 supra

262 1101 377 1129 diximus
390 1109 397 1127 ε
413 1109 445 1130 ex
459 1109 567 1130 rumore
581 1110 694 1137 namque
704 1102 775 1137 vulgi
791 1103 904 1137 loqur-ns
918 1103 1060 1130 concinna-

264 1153 315 1181 Ior,
331 1147 453 1183 quautam
479 1149 560 1176 refert
582 1156 597 1175 a
619 1148 658 1175 rei
674 1149 785 1175 veritate
797 1148 882 1175 aliena
896 1157 903 1174 :
922 1148 968 1175 sed
982 1149 1061 1182 longe

263 1193 427 1226 accuratius,
459 1201 520 1220 cum
545 1193 580 1220 de
600 1193 782 1229 Reliquiarum
805 1193 863 1228 ejus
888 1194 1060 1221 translatione

265 1246 415 1266 sermonem
431 1238 522 1266 habet.

301 1284 401 1319 Nuper,
418 1284 512 1319 inquit,
538 1291 591 1312 non
613 1288 711 1317 autem,
731 1285 793 1317 lteri,
817 1289 845 1312 ut
869 1285 903 1312 ab
918 1285 1061 1320 interprete

265 1329 391 1364 deceptus
404 1329 589 1357 Tillemontius
603 1331 700 1365 posuit.
715 1330 767 1358 Sed
784 1331 916 1365 negotium
932 1330 1061 1359 facessere

265 1375 371 1405 videtur,
390 1375 425 1408 id,
449 1375 520 1410 quod
545 1376 570 1403 in
586 1381 722 1411 postremo
736 1377 849 1404 exordio
863 1376 927 1404 dicit
943 1384 950 1404 :
972 1377 1062 1411 Nuper

267 1421 299 1449 Β.
310 1421 420 1457 Babylo:
430 1431 486 1449 cum
495 1423 574 1450 tribus
585 1423 668 1458 pueris
677 1431 722 1450 nos
730 1424 770 1450 hic
778 1424 944 1459 congregabat
956 1432 964 1451 :
977 1425 1001 1451 in
1011 1424 1061 1452 hac

266 1467 336 1495 enim
347 1469 474 1496 concione
483 1477 515 1496 ne
526 1469 627 1496 minime
636 1469 742 1504 quidem
753 1469 787 1497 de
798 1470 881 1497 tribus
894 1470 982 1504 pueris
996 1471 1061 1504 legi-

267 1513 430 1547 tur.Verum,
439 1515 548 1542 utinitio
557 1515 786 1549 homilimdicitur,
797 1523 848 1542 non
855 1515 1062 1552 Chrysostomus

265 1560 349 1593 solus,
368 1561 414 1588 sed
425 1569 485 1588 cum
499 1561 542 1588 alii
554 1562 684 1595 seniores,
705 1566 762 1589 tum
782 1563 921 1597 episcopus
935 1562 991 1597 ipse
1003 1562 1061 1589 Fla-

265 1606 360 1634 vianus
373 1606 467 1634 eodem
482 1607 525 1634 die
537 1607 687 1634 concionati
698 1612 769 1634 sunt.
787 1607 848 1635 Ηωι·
859 1613 881 1635 et
891 1608 953 1641 alia,
967 1608 1061 1642 inquit,

266 1651 405 1679 senioribus
419 1652 639 1679 commemoranda
651 1652 804 1686 doctoribus,
820 1658 843 1680 et
856 1654 982 1679 communi
996 1653 1063 1688 patri

267 1701 353 1724 nostro
363 1697 530 1732 relinquemus
541 1705 550 1725 :
561 1707 600 1725 res
614 1699 679 1726 enim
692 1700 843 1734 antiquiores
857 1700 980 1735 prteclare
995 1699 1063 1727 vobis

268 1751 284 1769 α
303 1744 401 1770 senibus
418 1748 521 1778 possunt
532 1745 633 1771 narrari
648 1752 656 1771 :
670 1753 727 1779 qua:
739 1753 796 1772 vero
809 1753 860 1771 non
876 1746 912 1772 ita
926 1746 1023 1780 pridem
1035 1754 1063 1772 ac

267 1794 355 1816 nostra
371 1793 444 1816 relate
453 1794 511 1816 sunt
524 1795 605 1825 gesta,
620 1789 687 1817 vobis
698 1790 800 1825 juvenis
811 1799 855 1826 ego
869 1791 988 1825 narrabo,
1006 1799 1063 1826 qua:

269 1835 386 1862 nimirum
399 1841 455 1871 post
471 1836 575 1868 obitum,
595 1841 650 1872 post
665 1837 794 1872 exsequias
807 1838 937 1873 martyris,
959 1847 988 1865 uc
1003 1839 1063 1866 dum

268 1882 295 1909 in
308 1882 425 1909 suburbio
444 1887 594 1915 mereretur,
618 1882 772 1909 acciderunt.
792 1882 854 1910 Πίος
872 1884 906 1911 de
921 1883 949 1910 S.
966 1884 1062 1920 Babylo

268 1928 319 1955 sibi
331 1927 480 1955 enarranda
495 1927 633 1962 proposuit
643 1928 860 1964 Cltrysostomus,
879 1935 978 1957 caetera
991 1938 1064 1958 com-

268 1973 341 2000 muni
354 1974 421 2008 patri
430 1978 456 2000 et
463 1973 613 2001 senioribus
622 1974 856 2002 commemoranda
869 1975 984 2010 reliquit.
998 1975 1063 2003 Nam

269 2025 299 2047 ιιι
311 2020 416 2047 (κείω-ιε
430 2019 517 2047 locum
529 2024 556 2046 et
568 2023 672 2054 tempus
687 2020 771 2057 daret,
786 2021 940 2049 concionem
955 2022 989 2050 de
1004 2030 1064 2050 snnv

268 2069 312 2094 cto
326 2065 424 2101 Babylo
439 2065 588 2093 breviorem
610 2065 711 2099 habuit,
730 2075 809 2102 quam
823 2067 925 2095 solebat
940 2076 946 2094 :
968 2069 1063 2095 verisi-

271 2111 386 2146 mileque
401 2116 442 2138 est
455 2111 570 2147 aliquem
582 2119 614 2140 ex
629 2112 670 2144 iis,
694 2114 738 2147 qui
753 2117 813 2148 post
826 2114 899 2140 illum
912 2114 1062 2142 coneiunati

268 2160 341 2190 sunt,
354 2156 387 2184 de
404 2157 488 2185 tribus
498 2158 588 2192 pueris
599 2158 678 2185 verba
693 2158 797 2186 fecisse.
812 2159 911 2187 Eodem
923 2159 1003 2195 igitur
1015 2168 1063 2187 an-

269 2210 304 2230 no
319 2202 408 2230 habita
421 2207 462 2230 est
473 2203 531 2231 h:ec
545 2204 649 2238 concio,
669 2211 722 2239 quo
739 2205 859 2233 llomiliu:
874 2206 899 2233 in
916 2206 1062 2239 Lazarum;

268 2253 295 2277 et
310 2248 416 2284 quidem
436 2256 528 2277 mense
540 2249 676 2284 Januario,
698 2250 801 2278 scilicet
824 2251 951 2286 vigesima
972 2257 1065 2287 quarta

267 2295 388 2331 ejusdem
413 2297 523 2328 mensis,
552 2300 581 2323 ut
606 2296 718 2329 videtur,
742 2304 793 2332 qua
817 2297 860 2324 die
880 2297 1065 2333 Martyrologia

268 2343 358 2369 omnia
371 2342 465 2370 festum
482 2342 510 2371 S.
522 2342 628 2378 Babylae
642 2342 768 2370 indicant.
783 2343 832 2376 Qui
845 2350 907 2370 vero
922 2343 1001 2371 fuerit
1015 2351 1066 2371 at:-

269 2395 320 2415 nus
332 2388 386 2421 ille,
399 2396 451 2416 non
466 2389 501 2416 ita
513 2388 589 2416 facile
599 2392 641 2416 est
654 2388 866 2422 deprehendere.
879 2389 1066 2417 Tiliemontius

268 2440 368 2461 annum
382 2434 498 2469 assignat
511 2435 572 2461 587.
598 2434 664 2469 Ejus
677 2434 808 2461 calculum
830 2435 1006 2470 excussimus,
1024 2435 1065 2463 le-

269 2480 439 2514 vissimitsque
466 2480 626 2515 (-onjeeturis
646 2480 739 2508 fultum
762 2488 822 2509 esse
843 2482 1016 2517 probavimus
1039 2483 1066 2510 in

270 2525 373 2552 Mouito
386 2525 419 2552 ad
432 2525 572 2554 Homiliam
588 2527 613 2554 iu
625 2526 767 2559 Kalendas,
784 2536 843 2563 quae
854 2528 996 2556 llomiliam
1012 2530 1066 2564 pri-

271 2578 342 2598 mam
366 2571 399 2599 de
425 2572 525 2599 Lazaro
550 2580 603 2600 uno
628 2572 673 2600 die
698 2574 842 2609 praecessit.
870 2574 908 2602 ibi
935 2575 995 2602 vide
1017 2575 1065 2608 sis,

273 2625 379 2646 necnon
393 2618 418 2645 in
432 2618 531 2646 Honito
541 2619 575 2646 ad
586 2619 714 2647 llomilias
726 2620 760 2648 de
769 2620 880 2648 Lazaro.

310 2664 425 2693 [fmilia
452 2665 479 2693 in
508 2665 561 2693 SS.
592 2665 757 2694 Juventinum
781 2672 805 2694 et
833 2667 1012 2695 Maximinum.
1031 2684 1067 2691 ~—

275 2711 350 2740 Hanc
371 2712 462 2747 paucis
484 2712 649 2748 interpositis
673 2712 768 2740 diebus
782 2735 790 2747 ,
818 2718 847 2741 ut
867 2722 946 2749 supra
968 2715 1067 2750 proba-

276 2763 333 2785 tum
357 2763 417 2792 est,
443 2763 556 2793 seqrtuta
585 2763 626 2786 est
648 2758 761 2786 Humilia
790 2760 815 2787 in
836 2765 942 2789 sanctos
967 2761 1067 2790 Juven-

273 2807 356 2830 unum
383 2808 410 2831 et
435 2804 607 2831 Maximinum
639 2810 771 2839 martyres
795 2806 997 2841 Antiochenes,
1022 2808 1068 2843 qui

271 2856 332 2877 cum
345 2850 394 2878 sub
403 2850 509 2878 Juliano
520 2851 646 2886 Apostata
657 2851 842 2887 comprehensi
854 2857 881 2881 et
893 2853 919 2881 in
932 2861 1067 2882 carcerem

815 120 842 148 S.
863 119 1004 148 JOANNIS
1020 117 1263 147 CHRYSOSTOMI
1279 116 1368 145 VITA.
1861 111 1903 137 HS

1115 177 1190 209 trusi,
1213 175 1264 203 (liis
1279 175 1406 202 sacriﬁcia
1422 174 1516 201 offerre
1529 172 1647 203 uolleut,‘
1662 172 1722 207 ejus
1731 172 1807 206 jussu
1823 170 1903 203 capite

1112 222 1226 250 truncati
1241 226 1312 250 sunt.
1334 221 1372 248 Ex
1387 220 1466 254 hujus
1488 228 1566 254 porro
1586 219 1724 246 eoneionis
1742 218 1845 253 verbis,
1864 217 1902 246 ubi

1112 269 1208 295 dicitur
1223 276 1312 302 nuper,
1330 267 1485 293 concionem
1495 265 1529 293 de
1543 265 1571 292 S.
1587 265 1684 300 Babylo
1701 264 1800 292 dictam
1816 264 1902 296 fuisse,

1112 314 1172 348 quia
1189 317 1263 340 vetus
1279 313 1410 347 interpres
1424 312 1533 338 Latinus
1554 310 1618 338 illud
1641 311 1722 339 Verbo
1748 310 1814 344 beri,
1841 310 1904 337 niaie

1113 363 1240 392 verterat,
1262 359 1278 386 ii
1294 359 1339 393 qui
1353 356 1546 393 Marlyroiogiis
1557 364 1665 391 Otlcrﬂlll
1680 356 1811 383 dederunt
1829 355 1856 383 in
1868 356 1904 381 ri-

1112 406 1240 441 gesimam
1261 405 1378 440 quintam
1399 403 1536 431 Februarii
1559 403 1652 430 horum
1670 407 1817 438 martyrum
1838 401 1903 428 diem

1112 450 1209 479 festum
1221 450 1372 484 conferunt,
1397 450 1459 477 licet
1476 450 1517 476 bis
1538 449 1563 476 in
1578 449 1626 475 hac
1645 449 1754 476 humilia
1774 456 1804 476 se
1817 456 1903 482 nuper,

1112 505 1164 524 non
1181 502 1269 524 autem
1285 496 1409 524 hesterna
1420 496 1463 523 die
1476 495 1509 523 de
1519 495 1547 523 S.
1564 495 1663 530 Bahyia
1674 502 1703 522 se
1719 493 1798 522 verba
1812 493 1904 520 iecisse

1111 543 1200 570 dicat:
1217 543 1292 578 cujus
1305 542 1402 570 festum
1416 541 1507 569 incidit
1525 541 1550 567 in
1567 540 1602 567 24
1616 540 1744 568 Januarii.
1768 540 1833 567 inde
1850 546 1905 566 mos

1111 590 1234 622 obtinuit,
1250 593 1279 616 ut
1292 589 1336 616 die
1350 589 1446 616 festum
1462 588 1490 615 S.
1505 587 1612 623 Babyla:
1623 588 1787 621 insequente,
1803 585 1850 614 SS.
1862 584 1893 613 Ju

1112 636 1213 664 ventini
1238 640 1265 663 et
1286 635 1420 663 Maximini
1445 635 1602 662 memoriam
1621 633 1762 661 cnuntient
1777 641 1784 660 :
1800 640 1852 660 non
1873 639 1904 660 ex

1111 682 1266 711 Cra-corum
1287 682 1394 710 Menteis
1422 681 1448 708 id
1472 681 1594 712 mutuati,
1617 679 1757 714 siquidem,
1784 682 1813 705 ut
1834 681 1905 705 notat

1112 729 1212 763 optime
1221 727 1375 761 Bollandus,
1385 727 1457 754 nulla
1465 727 1491 753 in
1501 726 1621 757 Meumis,
1631 724 1787 759 Menologiis
1796 723 1905 758 aliisque

1111 774 1186 802 fustis
1197 774 1360 807 Gratcorum,
1369 773 1416 801 SS.
1425 772 1559 800 Juventini
1569 776 1596 799 et
1604 770 1738 798 Maximini
1750 774 1835 797 exstat
1849 777 1904 796 me-

1111 821 1215 853 moria;
1232 819 1289 851 sed,
1305 824 1334 846 ut
1349 819 1475 852 diximus,
1496 826 1529 845 ex
1544 816 1642 845 veteris
1661 816 1812 851 interpretis
1833 815 1905 850 lapsu

1111 867 1138 894 in
1154 865 1349 902 Martyrologiis
1361 870 1479 892 erratum
1489 868 1542 891 est.

1148 913 1211 941 Post
1232 913 1290 940 haec
1315 912 1437 939 encomia
1463 910 1583 946 ejusdem
1603 909 1737 945 parabolm
1764 915 1905 944 argumen-

1113 964 1168 987 tum
1195 959 1356 994 resumpsit,
1380 963 1406 986 et
1427 961 1548 994 quartam
1573 955 1608 983 de
1631 955 1733 982 Lazaro
1750 954 1904 982 concionem

1112 1006 1206 1033 habuit
1224 1013 1232 1032 :
1247 1005 1312 1032 dicit
1333 1009 1421 1032 autem
1449 1003 1498 1030 sub
1525 1002 1629 1029 initium
1648 1008 1681 1028 ex
1709 1000 1759 1027 hac
1782 998 1905 1034 parabole

1112 1059 1223 1087 magnos
1245 1051 1343 1087 percipi
1367 1057 1446 1086 posse
1471 1049 1584 1076 fruetus.
1602 1047 1704 1075 Deinde
1725 1054 1788 1073 vero
1814 1045 1907 1081 probat

1113 1099 1208 1126 animo:
1230 1097 1474 1127 immortalitatem,
1500 1095 1589 1130 aitque
1613 1092 1786 1121 conscientiae
1808 1095 1906 1118 nostra:

1113 1145 1226 1172 tribunal
1242 1152 1302 1172 esse
1318 1145 1511 1177 incorruptum,
1539 1146 1619 1176 atque
1634 1148 1667 1169 ex
1686 1138 1812 1167 arumnis
1824 1142 1852 1165 et
1863 1145 1908 1164 cad

1113 1191 1275 1218 lamitatibus
1297 1189 1422 1217 illustrari
1446 1193 1581 1221 mentem,
1606 1191 1633 1215 et
1656 1189 1783 1214 consueta
1812 1183 1906 1212 morali

1112 1237 1299 1264 adhortatione
1311 1234 1411 1263 claudit
1424 1234 1591 1262 concionem.

1158 1283 1299 1311 llomiliam
1327 1282 1353 1309 in
1384 1281 1450 1308 illud
1467 1302 1474 1314 ,
1506 1280 1547 1308 De
1575 1277 1756 1306 dormientibus
1780 1276 1839 1303 nolo
1865 1283 1909 1302 vos

1112 1331 1249 1366 ignorare,
1271 1332 1332 1364 past
1350 1331 1465 1361 quatuor
1482 1326 1541 1354 illas
1562 1325 1596 1352 de
1610 1324 1710 1352 Lazaro
1725 1322 1847 1350 homilias
1858 1320 1907 1347 ha-

1113 1375 1168 1403 bita
1189 1375 1253 1408 fuit,
1278 1379 1306 1402 ut
1329 1374 1385 1409 ipse
1400 1374 1475 1400 initio
1490 1372 1570 1405 dicit,
1588 1376 1615 1399 et
1639 1371 1665 1398 in
1693 1370 1744 1398 hac
1768 1369 1848 1396 etiam
1874 1367 1908 1394 de

1114 1421 1214 1448 Lazaro
1230 1420 1375 1448 identidem
1391 1419 1454 1454 agit.
1475 1418 1640 1452 Quapropter
1656 1419 1716 1450 pust
1736 1413 1860 1441 homilias
1874 1412 1908 1439 de

1113 1469 1214 1496 Lazaro
1226 1473 1254 1495 et
1266 1466 1394 1502 temporis
1404 1471 1430 1494 et
1440 1464 1586 1500 argumenti
1600 1471 1679 1492 causa
1692 1463 1719 1490 in
1733 1462 1781 1489 hac
1790 1461 1908 1489 editione

1114 1514 1199 1550 posita
1214 1513 1272 1540 fuit.

1150 1560 1292 1594 Postquam
1309 1563 1387 1586 terra:
1407 1562 1495 1585 motus
1510 1555 1679 1584 Antiochiam
1701 1553 1907 1589 subagitaverut,

1113 1606 1193 1634 aliam
1211 1605 1306 1632 habuit
1326 1605 1462 1632 homiliam
1475 1604 1700 1638 Chrysostomus,
1723 1607 1782 1635 quae
1801 1599 1828 1626 in
1840 1597 1907 1626 Ter-

1115 1661 1152 1680 rae
1171 1657 1271 1680 motum
1292 1656 1319 1680 et
1340 1651 1452 1678 Divitem
1471 1655 1497 1678 et
1510 1650 1640 1677 Lazarum
1656 1647 1818 1678 inscribitur,
1837 1645 1910 1672 ideo-

1114 1708 1166 1735 que
1186 1700 1257 1726 illam
1276 1699 1346 1726 inter
1365 1698 1493 1726 llomilias
1512 1697 1546 1724 de
1566 1696 1666 1723 Lazaro
1690 1699 1793 1722 sextam
1817 1692 1909 1720 consi—

1114 1753 1235 1781 gnamus.
1263 1746 1337 1772 llanc
1368 1745 1525 1772 concionem
1558 1741 1728 1770 Ilcrmantius
1755 1740 1782 1770 in
1809 1745 1910 1766 ammm

1115 1792 1166 1819 $7
1181 1791 1368 1819 conferendam
1391 1790 1508 1825 putavit,
1531 1789 1655 1824 quoniam
1672 1787 1718 1814 illo
1735 1793 1806 1813 anno
1830 1790 1911 1812 terra:

1115 1844 1203 1866 motus
1215 1837 1364 1865 Antiochire
1375 1837 1433 1864 fuit.
1453 1836 1549 1863 Verum
1563 1835 1631 1862 adeo
1645 1834 1798 1868 frequentes
1813 1831 1912 1859 Antio—

1115 1884 1182 1911 chiae
1203 1888 1280 1911 terrm
1293 1888 1381 1910 motus
1392 1886 1477 1914 erant,
1501 1887 1528 1908 ut
1548 1881 1573 1907 in
1590 1880 1689 1907 Monito
1705 1878 1739 1906 ad
1754 1879 1822 1905 hanc
1843 1884 1913 1904 con-

1115 1929 1218 1957 cionem
1235 1929 1414 1963 probavimus,
1432 1932 1459 1954 ut
1475 1927 1536 1953 hinc
1555 1933 1654 1953 annum
1678 1931 1731 1960 quo
1753 1923 1842 1950 habita
1863 1922 1915 1949 hoc

1115 1976 1188 2003 milia
1200 1975 1247 2002 fuit
1259 1975 1416 2009 consignare
1427 1981 1479 2000 non
1494 1973 1580 2000 liceat.

1151 2020 1294 2047 llomiliam
1308 2019 1342 2047 de
1358 2019 1450 2046 Viduis
1469 2018 1513 2053 (Τ.
1530 2019 1556 2046 5.
1585 2026 1608 2044 c.
1622 2017 1687 2051 521)
1705 2015 1797 2051 paucis
1816 2014 1915 2042 diebus

1116 2072 1177 2102 post
1189 2067 1330 2094 Homiliam
1345 2065 1378 2093 de
1393 2064 1588 2092 dormientibus
1602 2063 1798 2098 pronuntiatam
1815 2061 1911 2092 fuisse,

1116 2113 1173 2148 ipse
1190 2112 1397 2148 Chrysostomus
1417 2111 1443 2138 in
1461 2110 1591 2146 principio
1605 2109 1696 2141 refert,
1711 2115 1771 2134 cum
1785 2107 1834 2139 ait,
1851 2113 1917 2133 eam

1117 2158 1226 2186 multam
1249 2158 1347 2185 habere
1366 2157 1550 2192 cognationem
1573 2162 1634 2182 cum
1654 2153 1816 2190 prmcedenti
1831 2161 1842 2178 ι
1855 2152 1916 2179 Hoc

1117 2205 1187 2232 enim
1208 2203 1272 2231 illud
1287 2208 1339 2237 est,
1353 2212 1362 2229 ι
1379 2203 1474 2237 inquit,
1493 2211 1503 2228 ι
1515 2201 1586 2236 quod
1601 2208 1685 2235 nuper
1699 2198 1848 2230 dicebatur,
1872 2197 1920 2225 De

1121 2251 1295 2278 iormieutibus
1310 2255 1395 2277 autent
1413 2250 1472 2276 nolo
1496 2257 1538 2276 vos
1558 2249 1686 2283 ignorare,
1705 2249 1814 2282 fratres;
1838 2244 1920 2272 etde

1117 2298 1313 2325 resurrectione
1327 2296 1409 2323 multa
1427 2300 1482 2322 tum
1503 2302 1520 2321 a
1540 2293 1616 2321 nobis
1630 2292 1785 2320 suntdicta.
1803 2301 1813 2318 ι
1830 2291 1869 2318 lta
1884 2292 1926 2318 ut

1117 2350 1218 2373 eertum
1233 2344 1354 2372 videatur
1371 2343 1441 2369 hanc
1452 2342 1551 2369 dictam
1566 2340 1648 2367 fuisse
1661 2339 1753 2375 paucis
1768 2343 1828 2373 post
1840 2337 1922 2365 illam

1117 2399 1196 2426 quam
1211 2391 1245 2418 de
1258 2389 1464 2417 Resurrectione
1477 2392 1503 2415 et
1521 2387 1555 2415 de
1571 2387 1672 2414 Lazaro
1685 2385 1805 2421 quintam
1817 2383 1926 2412 inscri-

1117 2437 1217 2473 psimus
1229 2444 1236 2469 ;
1261 2436 1315 2463 imo
1329 2435 1449 2462 fortassis
1462 2437 1524 2461 ante
1536 2437 1639 2462 sextam
1659 2432 1692 2459 de
1706 2430 1930 2458 Besurreetione

1118 2487 1146 2511 et
1158 2482 1191 2510 de
1205 2483 1314 2510 Lazaro.
1336 2481 1411 2508 lianc
1423 2488 1484 2508 cum
1499 2479 1550 2507 illis
1565 2479 1598 2507 de
1611 2479 1713 2506 Lazaro
1727 2483 1753 2505 et
1766 2477 1828 2504 aliis
1840 2475 1928 2510 ejus-

1118 2529 1179 2557 dem
1192 2527 1331 2563 temporis,
1358 2534 1418 2562 quae
1439 2526 1563 2554 undecim
1577 2531 1690 2552 numero
1711 2528 1783 2556 sunt,
1809 2521 1935 2550 confert

1119 2574 1302 2603 Tiilcmontius
1316 2573 1343 2600 in
1356 2573 1418 2600 anui
1432 2572 1485 2600 586
1497 2571 1601 2599 initium
1619 2580 1626 2598 :
1647 2574 1739 2598 contra
1752 2575 1832 2604 quam
1847 2573 1912 2595 tetu
1921 2582 1935 2589 ο

1119 2621 1191 2656 poris
1205 2625 1296 2647 notam
1315 2626 1367 2646 non
1381 2625 1466 2653 pauca
1487 2617 1612 2649 diximus,
1639 2615 1710 2643 aliud
1725 2619 1813 2642 autem
1836 2620 1938 2647 ιιῖιιιο

1119 2671 1239 2694 mentum
1254 2665 1387 2701 prioribus
1399 2664 1548 2699 adjicimus.
1570 2663 1678 2690 Certum
1697 2666 1739 2689 est
1754 2660 1938 2695 Chrysosto~

1120 2721 1192 2740 mum
1203 2719 1273 2740 almo
1283 2712 1391 2739 ineunte
1403 2711 1456 2738 587
1469 2718 1522 2738 non
1534 2716 1631 2745 paucos
1639 2707 1764 2737 habuisse
1775 2712 1941 2735 sermoi-es

1120 2759 1154 2788 de
1165 2759 1353 2787 consubstantia
1367 2762 1395 2785 et
1406 2762 1501 2785 contra
1515 2757 1675 2787 Anomotos;
1690 2760 1741 2782 nec
1753 2753 1841 2782 minus
1853 2759 1943 2779 cer-

1121 2813 1176 2835 tum
1196 2806 1283 2834 solere
1301 2804 1522 2841 Chrysostomnm
1536 2802 1733 2838 praeteritarum
1755 2799 1945 2828 corieienum

1121 2853 1286 2886 meminisse,
1307 2852 1383 2889 cujus
1402 2852 1442 2880 rei
1459 2851 1581 2886 clempla
1601 2849 1707 2885 passim.
1724 2846 1836 2875 vidimus
1853 2854 1860 2860 -
1886 2854 1950 2876 an
