  <div class='ocr_page' id='page_1' title='image "/cluster/home/n/w/nwhite01/storage/ocr_20150623/47-48/njp.32101077772612/174.png"; bbox 0 0 2034 3109; ppageno 0'>
   <div class='ocr_carea' id='block_1_1' title="bbox 191 122 237 154">
    <p class='ocr_par' dir='ltr' id='par_1_1' title="bbox 191 122 237 154">
     <span class='ocr_line' id='line_1_1' title="bbox 191 122 237 154; baseline 0 -1"><span class='ocrx_word' id='word_1_1' title='bbox 191 122 237 154; x_wconf 66' lang='grc' dir='ltr'><strong>ειθ</strong></span> 
     </span>
    </p>
   </div>
   <div class='ocr_carea' id='block_1_2' title="bbox 189 184 975 221">
    <p class='ocr_par' dir='ltr' id='par_1_2' title="bbox 189 184 975 221">
     <span class='ocr_line' id='line_1_2' title="bbox 189 184 975 221; baseline 0 -10"><span class='ocrx_word' id='word_1_2' title='bbox 189 193 249 212; x_wconf 77' lang='lat' dir='ltr'><strong>vero</strong></span> <span class='ocrx_word' id='word_1_3' title='bbox 268 184 423 221; x_wconf 79' lang='lat' dir='ltr'><strong>contingere.</strong></span> <span class='ocrx_word' id='word_1_4' title='bbox 442 185 535 221; x_wconf 84' lang='lat' dir='ltr'><strong>potuit,</strong></span> <span class='ocrx_word' id='word_1_5' title='bbox 559 190 588 213; x_wconf 93' lang='lat' dir='ltr'><strong>ut</strong></span> <span class='ocrx_word' id='word_1_6' title='bbox 607 185 711 220; x_wconf 80' lang='lat' dir='ltr'><strong>vigente</strong></span> <span class='ocrx_word' id='word_1_7' title='bbox 734 185 776 213; x_wconf 90' lang='lat' dir='ltr'><strong>illa</strong></span> <span class='ocrx_word' id='word_1_8' title='bbox 792 190 883 213; x_wconf 83' lang='lat' dir='ltr'><strong>contra</strong></span> <span class='ocrx_word' id='word_1_9' title='bbox 902 185 975 212; x_wconf 83' lang='lat' dir='ltr'><strong>Ano-</strong></span> 
     </span>
    </p>
   </div>
   <div class='ocr_carea' id='block_1_3' title="bbox 189 231 978 266">
    <p class='ocr_par' dir='ltr' id='par_1_3' title="bbox 189 231 978 266">
     <span class='ocr_line' id='line_1_3' title="bbox 189 231 978 266; baseline 0 -8"><span class='ocrx_word' id='word_1_10' title='bbox 189 239 271 258; x_wconf 71' lang='lat' dir='ltr'><strong>luteus</strong></span> <span class='ocrx_word' id='word_1_11' title='bbox 282 231 486 266; x_wconf 81' lang='lat' dir='ltr'><strong>disceptatione,</strong></span> <span class='ocrx_word' id='word_1_12' title='bbox 503 232 528 258; x_wconf 91' lang='lat' dir='ltr'><strong>in</strong></span> <span class='ocrx_word' id='word_1_13' title='bbox 545 231 616 258; x_wconf 88' lang='lat' dir='ltr'><strong>nulla</strong></span> <span class='ocrx_word' id='word_1_14' title='bbox 636 231 762 259; x_wconf 85' lang='lat' dir='ltr'><strong>harumce</strong></span> <span class='ocrx_word' id='word_1_15' title='bbox 779 240 874 259; x_wconf 64' lang='lat' dir='ltr'><strong>norem</strong></span> <span class='ocrx_word' id='word_1_16' title='bbox 892 231 978 258; x_wconf 85' lang='lat' dir='ltr'><strong>homi-</strong></span> 
     </span>
    </p>
   </div>
   <div class='ocr_carea' id='block_1_4' title="bbox 188 277 978 312">
    <p class='ocr_par' dir='ltr' id='par_1_4' title="bbox 188 277 978 312">
     <span class='ocr_line' id='line_1_4' title="bbox 188 277 978 312; baseline 0.003 -9"><span class='ocrx_word' id='word_1_17' title='bbox 188 277 290 307; x_wconf 78' lang='lat' dir='ltr'><strong>liarunt,</strong></span> <span class='ocrx_word' id='word_1_18' title='bbox 307 285 365 312; x_wconf 61' lang='lat' dir='ltr'><strong>qua:</strong></span> <span class='ocrx_word' id='word_1_19' title='bbox 381 279 439 305; x_wconf 85' lang='lat' dir='ltr'><strong>sine</strong></span> <span class='ocrx_word' id='word_1_20' title='bbox 453 277 542 308; x_wconf 81' lang='lat' dir='ltr'><strong>dubio.</strong></span> <span class='ocrx_word' id='word_1_21' title='bbox 556 279 577 304; x_wconf 88' lang='lat' dir='ltr'><strong>si</strong></span> <span class='ocrx_word' id='word_1_22' title='bbox 593 277 686 305; x_wconf 74' lang='lat' dir='ltr'><strong>eodem</strong></span> <span class='ocrx_word' id='word_1_23' title='bbox 700 286 769 304; x_wconf 88' lang='lat' dir='ltr'><strong>anno</strong></span> <span class='ocrx_word' id='word_1_24' title='bbox 781 283 807 305; x_wconf 90' lang='lat' dir='ltr'><strong>et</strong></span> <span class='ocrx_word' id='word_1_25' title='bbox 824 285 914 305; x_wconf 83' lang='lat' dir='ltr'><strong>mense</strong></span> <span class='ocrx_word' id='word_1_26' title='bbox 930 277 978 305; x_wconf 74' lang='lat' dir='ltr'><strong>lta~</strong></span> 
     </span>
    </p>
   </div>
   <div class='ocr_carea' id='block_1_5' title="bbox 187 322 976 355">
    <p class='ocr_par' dir='ltr' id='par_1_5' title="bbox 187 322 976 355">
     <span class='ocr_line' id='line_1_5' title="bbox 187 322 976 355; baseline 0.003 -7"><span class='ocrx_word' id='word_1_27' title='bbox 187 322 248 349; x_wconf 74' lang='lat' dir='ltr'><strong>bitu:</strong></span> <span class='ocrx_word' id='word_1_28' title='bbox 261 322 367 355; x_wconf 79' lang='lat' dir='ltr'><strong>fuerim,</strong></span> <span class='ocrx_word' id='word_1_29' title='bbox 388 323 457 350; x_wconf 90' lang='lat' dir='ltr'><strong>inter</strong></span> <span class='ocrx_word' id='word_1_30' title='bbox 475 323 602 350; x_wconf 82' lang='lat' dir='ltr'><strong>llotnilias</strong></span> <span class='ocrx_word' id='word_1_31' title='bbox 619 329 711 350; x_wconf 88' lang='lat' dir='ltr'><strong>contra</strong></span> <span class='ocrx_word' id='word_1_32' title='bbox 733 325 876 351; x_wconf 74' lang='lat' dir='ltr'><strong>AIIOIIKBOS</strong></span> <span class='ocrx_word' id='word_1_33' title='bbox 894 324 976 351; x_wconf 86' lang='lat' dir='ltr'><strong>inter-</strong></span> 
     </span>
    </p>
   </div>
   <div class='ocr_carea' id='block_1_6' title="bbox 188 368 976 404">
    <p class='ocr_par' dir='ltr' id='par_1_6' title="bbox 188 368 976 404">
     <span class='ocr_line' id='line_1_6' title="bbox 188 368 976 404; baseline 0.005 -11"><span class='ocrx_word' id='word_1_34' title='bbox 188 368 275 396; x_wconf 78' lang='lat' dir='ltr'><strong>mixta:</strong></span> <span class='ocrx_word' id='word_1_35' title='bbox 285 368 400 400; x_wconf 84' lang='lat' dir='ltr'><strong>luerunt,</strong></span> <span class='ocrx_word' id='word_1_36' title='bbox 410 369 451 396; x_wconf 81' lang='lat' dir='ltr'><strong>vel</strong></span> <span class='ocrx_word' id='word_1_37' title='bbox 461 369 595 396; x_wconf 91' lang='lat' dir='ltr'><strong>minimam</strong></span> <span class='ocrx_word' id='word_1_38' title='bbox 604 369 693 397; x_wconf 78' lang='lat' dir='ltr'><strong>haberi</strong></span> <span class='ocrx_word' id='word_1_39' title='bbox 702 369 780 404; x_wconf 84' lang='lat' dir='ltr'><strong>hujus</strong></span> <span class='ocrx_word' id='word_1_40' title='bbox 789 370 976 397; x_wconf 67' lang='lat' dir='ltr'><strong>coalrovcrsim</strong></span> 
     </span>
    </p>
   </div>
   <div class='ocr_carea' id='block_1_7' title="bbox 187 413 976 442">
    <p class='ocr_par' dir='ltr' id='par_1_7' title="bbox 187 413 976 442">
     <span class='ocr_line' id='line_1_7' title="bbox 187 413 976 442; baseline 0.004 -3"><span class='ocrx_word' id='word_1_41' title='bbox 187 414 368 440; x_wconf 71' lang='lat' dir='ltr'><strong>mentionem?</strong></span> <span class='ocrx_word' id='word_1_42' title='bbox 386 413 441 440; x_wconf 86' lang='lat' dir='ltr'><strong>llac</strong></span> <span class='ocrx_word' id='word_1_43' title='bbox 454 414 518 441; x_wconf 89' lang='lat' dir='ltr'><strong>mihi</strong></span> <span class='ocrx_word' id='word_1_44' title='bbox 536 422 605 441; x_wconf 73' lang='lat' dir='ltr'><strong>nera</strong></span> <span class='ocrx_word' id='word_1_45' title='bbox 621 415 728 442; x_wconf 88' lang='lat' dir='ltr'><strong>suborta</strong></span> <span class='ocrx_word' id='word_1_46' title='bbox 743 414 879 442; x_wconf 78' lang='lat' dir='ltr'><strong>dubitandi</strong></span> <span class='ocrx_word' id='word_1_47' title='bbox 898 423 976 442; x_wconf 87' lang='lat' dir='ltr'><strong>causa</strong></span> 
     </span>
    </p>
   </div>
   <div class='ocr_carea' id='block_1_8' title="bbox 187 459 821 497">
    <p class='ocr_par' dir='ltr' id='par_1_8' title="bbox 187 459 821 497">
     <span class='ocr_line' id='line_1_8' title="bbox 187 459 821 497; baseline 0.003 -11"><span class='ocrx_word' id='word_1_48' title='bbox 187 460 266 486; x_wconf 71' lang='lat' dir='ltr'><strong>animi</strong></span> <span class='ocrx_word' id='word_1_49' title='bbox 282 459 394 494; x_wconf 79' lang='lat' dir='ltr'><strong>pendeo,</strong></span> <span class='ocrx_word' id='word_1_50' title='bbox 411 459 497 487; x_wconf 87' lang='lat' dir='ltr'><strong>donec</strong></span> <span class='ocrx_word' id='word_1_51' title='bbox 510 461 570 495; x_wconf 90' lang='lat' dir='ltr'><strong>quid</strong></span> <span class='ocrx_word' id='word_1_52' title='bbox 584 461 681 489; x_wconf 90' lang='lat' dir='ltr'><strong>certius</strong></span> <span class='ocrx_word' id='word_1_53' title='bbox 693 467 821 497; x_wconf 85' lang='lat' dir='ltr'><strong>emergat.</strong></span> 
     </span>
    </p>
   </div>
   <div class='ocr_carea' id='block_1_9' title="bbox 221 506 975 543">
    <p class='ocr_par' dir='ltr' id='par_1_9' title="bbox 221 506 975 543">
     <span class='ocr_line' id='line_1_9' title="bbox 221 506 975 543; baseline 0.004 -11"><span class='ocrx_word' id='word_1_54' title='bbox 221 506 411 540; x_wconf 68' lang='lat' dir='ltr'><strong>Septimamdc</strong></span> <span class='ocrx_word' id='word_1_55' title='bbox 434 506 535 534; x_wconf 81' lang='lat' dir='ltr'><strong>Lazaro</strong></span> <span class='ocrx_word' id='word_1_56' title='bbox 554 507 676 542; x_wconf 88' lang='lat' dir='ltr'><strong>pottitnus</strong></span> <span class='ocrx_word' id='word_1_57' title='bbox 699 508 833 535; x_wconf 88' lang='lat' dir='ltr'><strong>homiliam</strong></span> <span class='ocrx_word' id='word_1_58' title='bbox 855 516 914 543; x_wconf 85' lang='lat' dir='ltr'><strong>qua:</strong></span> <span class='ocrx_word' id='word_1_59' title='bbox 934 508 975 535; x_wconf 91' lang='lat' dir='ltr'><strong>in-</strong></span> 
     </span>
    </p>
   </div>
   <div class='ocr_carea' id='block_1_10' title="bbox 187 551 976 588">
    <p class='ocr_par' dir='ltr' id='par_1_10' title="bbox 187 551 976 588">
     <span class='ocr_line' id='line_1_10' title="bbox 187 551 976 588; baseline 0.004 -11"><span class='ocrx_word' id='word_1_60' title='bbox 187 551 328 583; x_wconf 80' lang='lat' dir='ltr'><strong>scribitur,</strong></span> <span class='ocrx_word' id='word_1_61' title='bbox 350 551 474 578; x_wconf 73' lang='lat' dir='ltr'><strong>Adversus</strong></span> <span class='ocrx_word' id='word_1_62' title='bbox 487 560 538 586; x_wconf 76' lang='lat' dir='ltr'><strong>eos,</strong></span> <span class='ocrx_word' id='word_1_63' title='bbox 563 553 606 587; x_wconf 82' lang='lat' dir='ltr'><strong>qui</strong></span> <span class='ocrx_word' id='word_1_64' title='bbox 631 553 664 580; x_wconf 78' lang='lat' dir='ltr'><strong>ad</strong></span> <span class='ocrx_word' id='word_1_65' title='bbox 688 553 809 580; x_wconf 72' lang='lat' dir='ltr'><strong>circenses</strong></span> <span class='ocrx_word' id='word_1_66' title='bbox 824 554 896 580; x_wconf 81' lang='lat' dir='ltr'><strong>ludos</strong></span> <span class='ocrx_word' id='word_1_67' title='bbox 917 563 976 588; x_wconf 83' lang='lat' dir='ltr'><strong>per-</strong></span> 
     </span>
    </p>
   </div>
   <div class='ocr_carea' id='block_1_11' title="bbox 186 597 976 634">
    <p class='ocr_par' dir='ltr' id='par_1_11' title="bbox 186 597 976 634">
     <span class='ocr_line' id='line_1_11' title="bbox 186 597 976 634; baseline 0.004 -11"><span class='ocrx_word' id='word_1_68' title='bbox 186 602 258 632; x_wconf 70' lang='lat' dir='ltr'><strong>gunt,</strong></span> <span class='ocrx_word' id='word_1_69' title='bbox 273 602 295 623; x_wconf 86' lang='lat' dir='ltr'><strong>et</strong></span> <span class='ocrx_word' id='word_1_70' title='bbox 313 597 337 623; x_wconf 84' lang='lat' dir='ltr'><strong>in</strong></span> <span class='ocrx_word' id='word_1_71' title='bbox 353 597 424 624; x_wconf 83' lang='lat' dir='ltr'><strong>illum</strong></span> <span class='ocrx_word' id='word_1_72' title='bbox 445 597 575 634; x_wconf 64' lang='lat' dir='ltr'><strong>Evangelii</strong></span> <span class='ocrx_word' id='word_1_73' title='bbox 589 598 688 626; x_wconf 77' lang='lat' dir='ltr'><strong>locant:</strong></span> <span class='ocrx_word' id='word_1_74' title='bbox 704 599 802 627; x_wconf 88' lang='lat' dir='ltr'><strong>Intrate</strong></span> <span class='ocrx_word' id='word_1_75' title='bbox 823 605 872 633; x_wconf 86' lang='lat' dir='ltr'><strong>per</strong></span> <span class='ocrx_word' id='word_1_76' title='bbox 891 607 976 634; x_wconf 83' lang='lat' dir='ltr'><strong>angu-</strong></span> 
     </span>
    </p>
   </div>
   <div class='ocr_carea' id='block_1_12' title="bbox 186 643 975 680">
    <p class='ocr_par' dir='ltr' id='par_1_12' title="bbox 186 643 975 680">
     <span class='ocr_line' id='line_1_12' title="bbox 186 643 975 680; baseline 0.005 -12"><span class='ocrx_word' id='word_1_77' title='bbox 186 647 252 669; x_wconf 75' lang='lat' dir='ltr'><strong>stam</strong></span> <span class='ocrx_word' id='word_1_78' title='bbox 267 647 381 677; x_wconf 83' lang='lat' dir='ltr'><strong>portatu,</strong></span> <span class='ocrx_word' id='word_1_79' title='bbox 399 643 459 678; x_wconf 89' lang='lat' dir='ltr'><strong>quia</strong></span> <span class='ocrx_word' id='word_1_80' title='bbox 474 643 524 670; x_wconf 78' lang='lat' dir='ltr'><strong>lata</strong></span> <span class='ocrx_word' id='word_1_81' title='bbox 541 649 613 678; x_wconf 89' lang='lat' dir='ltr'><strong>porta</strong></span> <span class='ocrx_word' id='word_1_82' title='bbox 629 649 655 671; x_wconf 89' lang='lat' dir='ltr'><strong>et</strong></span> <span class='ocrx_word' id='word_1_83' title='bbox 666 645 779 679; x_wconf 86' lang='lat' dir='ltr'><strong>spatiosa</strong></span> <span class='ocrx_word' id='word_1_84' title='bbox 795 645 834 671; x_wconf 77' lang='lat' dir='ltr'><strong>via</strong></span> <span class='ocrx_word' id='word_1_85' title='bbox 850 649 897 679; x_wconf 69' lang='lat' dir='ltr'><strong>cst,</strong></span> <span class='ocrx_word' id='word_1_86' title='bbox 917 653 975 680; x_wconf 67' lang='lat' dir='ltr'><strong>qum</strong></span> 
     </span>
    </p>
   </div>
   <div class='ocr_carea' id='block_1_13' title="bbox 187 688 976 726">
    <p class='ocr_par' dir='ltr' id='par_1_13' title="bbox 187 688 976 726">
     <span class='ocr_line' id='line_1_13' title="bbox 187 688 976 726; baseline 0.004 -11"><span class='ocrx_word' id='word_1_87' title='bbox 187 688 256 715; x_wconf 91' lang='lat' dir='ltr'><strong>ducit</strong></span> <span class='ocrx_word' id='word_1_88' title='bbox 271 689 304 715; x_wconf 91' lang='lat' dir='ltr'><strong>ad</strong></span> <span class='ocrx_word' id='word_1_89' title='bbox 319 689 506 723; x_wconf 83' lang='lat' dir='ltr'><strong>perditionem,</strong></span> <span class='ocrx_word' id='word_1_90' title='bbox 526 695 552 717; x_wconf 80' lang='lat' dir='ltr'><strong>ct</strong></span> <span class='ocrx_word' id='word_1_91' title='bbox 572 691 647 717; x_wconf 80' lang='lat' dir='ltr'><strong>tntilli</strong></span> <span class='ocrx_word' id='word_1_92' title='bbox 663 695 725 717; x_wconf 78' lang='lat' dir='ltr'><strong>stitit</strong></span> <span class='ocrx_word' id='word_1_93' title='bbox 739 691 784 726; x_wconf 90' lang='lat' dir='ltr'><strong>qui</strong></span> <span class='ocrx_word' id='word_1_94' title='bbox 809 691 908 718; x_wconf 84' lang='lat' dir='ltr'><strong>intrant</strong></span> <span class='ocrx_word' id='word_1_95' title='bbox 930 699 976 726; x_wconf 75' lang='lat' dir='ltr'><strong>per</strong></span> 
     </span>
    </p>
   </div>
   <div class='ocr_carea' id='block_1_14' title="bbox 186 735 974 769">
    <p class='ocr_par' dir='ltr' id='par_1_14' title="bbox 186 735 974 769">
     <span class='ocr_line' id='line_1_14' title="bbox 186 735 974 769; baseline 0.005 -9"><span class='ocrx_word' id='word_1_96' title='bbox 186 742 244 760; x_wconf 88' lang='lat' dir='ltr'><strong>eam</strong></span> <span class='ocrx_word' id='word_1_97' title='bbox 267 743 273 761; x_wconf 86' lang='lat'><strong>:</strong></span> <span class='ocrx_word' id='word_1_98' title='bbox 299 739 321 760; x_wconf 84' lang='lat' dir='ltr'><strong>et</strong></span> <span class='ocrx_word' id='word_1_99' title='bbox 344 743 430 761; x_wconf 73' lang='lat' dir='ltr'><strong>versus</strong></span> <span class='ocrx_word' id='word_1_100' title='bbox 452 736 527 769; x_wconf 77' lang='lat' dir='ltr'><strong>ﬁnem</strong></span> <span class='ocrx_word' id='word_1_101' title='bbox 541 756 548 768; x_wconf 96' lang='lat'><strong>,</strong></span> <span class='ocrx_word' id='word_1_102' title='bbox 570 736 596 762; x_wconf 85' lang='lat' dir='ltr'><strong>in</strong></span> <span class='ocrx_word' id='word_1_103' title='bbox 617 735 725 763; x_wconf 78' lang='lat' dir='ltr'><strong>Divitem</strong></span> <span class='ocrx_word' id='word_1_104' title='bbox 748 741 772 763; x_wconf 80' lang='lat' dir='ltr'><strong>et</strong></span> <span class='ocrx_word' id='word_1_105' title='bbox 793 737 819 763; x_wconf 84' lang='lat' dir='ltr'><strong>in</strong></span> <span class='ocrx_word' id='word_1_106' title='bbox 837 736 974 765; x_wconf 78' lang='lat' dir='ltr'><strong>Lazarum.</strong></span> 
     </span>
    </p>
   </div>
   <div class='ocr_carea' id='block_1_15' title="bbox 186 780 975 810">
    <p class='ocr_par' dir='ltr' id='par_1_15' title="bbox 186 780 975 810">
     <span class='ocr_line' id='line_1_15' title="bbox 186 780 975 810; baseline 0.004 -3"><span class='ocrx_word' id='word_1_107' title='bbox 186 780 257 807; x_wconf 82' lang='lat' dir='ltr'><strong>llanc</strong></span> <span class='ocrx_word' id='word_1_108' title='bbox 273 788 336 807; x_wconf 76' lang='lat' dir='ltr'><strong>vero</strong></span> <span class='ocrx_word' id='word_1_109' title='bbox 351 782 505 809; x_wconf 67' lang='lat' dir='ltr'><strong>concionem</strong></span> <span class='ocrx_word' id='word_1_110' title='bbox 521 783 547 809; x_wconf 94' lang='lat' dir='ltr'><strong>in</strong></span> <span class='ocrx_word' id='word_1_111' title='bbox 562 783 630 809; x_wconf 84' lang='lat' dir='ltr'><strong>scric</strong></span> <span class='ocrx_word' id='word_1_112' title='bbox 649 783 816 810; x_wconf 83' lang='lat' dir='ltr'><strong>homiliarum</strong></span> <span class='ocrx_word' id='word_1_113' title='bbox 829 784 862 810; x_wconf 94' lang='lat' dir='ltr'><strong>dc</strong></span> <span class='ocrx_word' id='word_1_114' title='bbox 875 783 975 810; x_wconf 82' lang='lat' dir='ltr'><strong>Lazaro</strong></span> 
     </span>
    </p>
   </div>
   <div class='ocr_carea' id='block_1_16' title="bbox 185 827 972 864">
    <p class='ocr_par' dir='ltr' id='par_1_16' title="bbox 185 827 972 864">
     <span class='ocr_line' id='line_1_16' title="bbox 185 827 972 864; baseline 0.005 -12"><span class='ocrx_word' id='word_1_115' title='bbox 185 834 244 853; x_wconf 58' lang='lat' dir='ltr'><strong>esse</strong></span> <span class='ocrx_word' id='word_1_116' title='bbox 266 827 414 861; x_wconf 82' lang='lat' dir='ltr'><strong>ponendam</strong></span> <span class='ocrx_word' id='word_1_117' title='bbox 437 827 515 854; x_wconf 85' lang='lat' dir='ltr'><strong>docet</strong></span> <span class='ocrx_word' id='word_1_118' title='bbox 541 828 596 863; x_wconf 84' lang='lat' dir='ltr'><strong>ipse</strong></span> <span class='ocrx_word' id='word_1_119' title='bbox 615 828 821 864; x_wconf 82' lang='lat' dir='ltr'><strong>Chrysostomus</strong></span> <span class='ocrx_word' id='word_1_120' title='bbox 841 837 914 856; x_wconf 84' lang='lat' dir='ltr'><strong>nunt.</strong></span> <span class='ocrx_word' id='word_1_121' title='bbox 936 829 972 856; x_wconf 79' lang='lat'><strong>5:</strong></span> 
     </span>
    </p>
   </div>
   <div class='ocr_carea' id='block_1_17' title="bbox 187 871 975 909">
    <p class='ocr_par' dir='ltr' id='par_1_17' title="bbox 187 871 975 909">
     <span class='ocr_line' id='line_1_17' title="bbox 187 871 975 909; baseline 0.004 -11"><span class='ocrx_word' id='word_1_122' title='bbox 187 871 271 899; x_wconf 80' lang='lat' dir='ltr'><strong>Unum</strong></span> <span class='ocrx_word' id='word_1_123' title='bbox 298 872 374 907; x_wconf 77' lang='lat' dir='ltr'><strong>igitur</strong></span> <span class='ocrx_word' id='word_1_124' title='bbox 388 881 418 899; x_wconf 72' lang='lat' dir='ltr'><strong>ex</strong></span> <span class='ocrx_word' id='word_1_125' title='bbox 437 874 484 905; x_wconf 70' lang='lat' dir='ltr'><strong>iis,</strong></span> <span class='ocrx_word' id='word_1_126' title='bbox 499 874 541 905; x_wconf 82' lang='lat' dir='ltr'><strong>qui</strong></span> <span class='ocrx_word' id='word_1_127' title='bbox 565 882 608 908; x_wconf 74' lang='lat' dir='ltr'><strong>per</strong></span> <span class='ocrx_word' id='word_1_128' title='bbox 618 879 751 909; x_wconf 67' lang='lat' dir='ltr'><strong>angustam</strong></span> <span class='ocrx_word' id='word_1_129' title='bbox 765 879 786 901; x_wconf 88' lang='lat' dir='ltr'><strong>et</strong></span> <span class='ocrx_word' id='word_1_130' title='bbox 801 880 896 901; x_wconf 78' lang='lat' dir='ltr'><strong>arctam</strong></span> <span class='ocrx_word' id='word_1_131' title='bbox 909 875 975 902; x_wconf 78' lang='lat' dir='ltr'><strong>viam</strong></span> 
     </span>
    </p>
   </div>
   <div class='ocr_carea' id='block_1_18' title="bbox 185 917 975 955">
    <p class='ocr_par' dir='ltr' id='par_1_18' title="bbox 185 917 975 955">
     <span class='ocr_line' id='line_1_18' title="bbox 185 917 975 955; baseline 0.005 -12"><span class='ocrx_word' id='word_1_132' title='bbox 185 917 346 949; x_wconf 66' lang='lat' dir='ltr'><strong>incusserunt,</strong></span> <span class='ocrx_word' id='word_1_133' title='bbox 362 918 428 945; x_wconf 69' lang='lat' dir='ltr'><strong>vobis</strong></span> <span class='ocrx_word' id='word_1_134' title='bbox 440 919 464 945; x_wconf 84' lang='lat' dir='ltr'><strong>in</strong></span> <span class='ocrx_word' id='word_1_135' title='bbox 477 919 584 945; x_wconf 78' lang='lat' dir='ltr'><strong>medium</strong></span> <span class='ocrx_word' id='word_1_136' title='bbox 605 921 774 955; x_wconf 70' lang='lat' dir='ltr'><strong>proferentes,</strong></span> <span class='ocrx_word' id='word_1_137' title='bbox 790 928 875 947; x_wconf 83' lang='lat' dir='ltr'><strong>eorum</strong></span> <span class='ocrx_word' id='word_1_138' title='bbox 892 928 949 954; x_wconf 66' lang='lat' dir='ltr'><strong>quae</strong></span> <span class='ocrx_word' id='word_1_139' title='bbox 959 929 975 947; x_wconf 88' lang='lat' dir='ltr'><strong><em>a</em></strong></span> 
     </span>
    </p>
   </div>
   <div class='ocr_carea' id='block_1_19' title="bbox 185 961 974 997">
    <p class='ocr_par' dir='ltr' id='par_1_19' title="bbox 185 961 974 997">
     <span class='ocr_line' id='line_1_19' title="bbox 185 961 974 997; baseline 0.006 -9"><span class='ocrx_word' id='word_1_140' title='bbox 185 961 295 989; x_wconf 85' lang='lat' dir='ltr'><strong>Domino</strong></span> <span class='ocrx_word' id='word_1_141' title='bbox 309 963 376 990; x_wconf 77' lang='lat' dir='ltr'><strong>dictu</strong></span> <span class='ocrx_word' id='word_1_142' title='bbox 389 969 446 990; x_wconf 77' lang='lat' dir='ltr'><strong>sunt</strong></span> <span class='ocrx_word' id='word_1_143' title='bbox 460 965 587 991; x_wconf 81' lang='lat' dir='ltr'><strong>veritatem</strong></span> <span class='ocrx_word' id='word_1_144' title='bbox 599 965 767 997; x_wconf 75' lang='lat' dir='ltr'><strong>ostendamus,</strong></span> <span class='ocrx_word' id='word_1_145' title='bbox 784 970 806 992; x_wconf 83' lang='lat' dir='ltr'><strong>et</strong></span> <span class='ocrx_word' id='word_1_146' title='bbox 819 965 904 992; x_wconf 76' lang='lat' dir='ltr'><strong>eadem</strong></span> <span class='ocrx_word' id='word_1_147' title='bbox 916 974 974 993; x_wconf 79' lang='lat' dir='ltr'><strong>ntr-</strong></span> 
     </span>
    </p>
   </div>
   <div class='ocr_carea' id='block_1_20' title="bbox 185 1007 973 1046">
    <p class='ocr_par' dir='ltr' id='par_1_20' title="bbox 185 1007 973 1046">
     <span class='ocr_line' id='line_1_20' title="bbox 185 1007 973 1046; baseline 0.006 -13"><span class='ocrx_word' id='word_1_148' title='bbox 185 1015 227 1034; x_wconf 68' lang='lat' dir='ltr'><strong>tus</strong></span> <span class='ocrx_word' id='word_1_149' title='bbox 243 1007 346 1034; x_wconf 80' lang='lat' dir='ltr'><strong>Domini</strong></span> <span class='ocrx_word' id='word_1_150' title='bbox 369 1009 489 1043; x_wconf 73' lang='lat' dir='ltr'><strong>parabole</strong></span> <span class='ocrx_word' id='word_1_151' title='bbox 503 1014 612 1036; x_wconf 79' lang='lat' dir='ltr'><strong>utantur.</strong></span> <span class='ocrx_word' id='word_1_152' title='bbox 633 1009 667 1037; x_wconf 86' lang='lat' dir='ltr'><strong>Et</strong></span> <span class='ocrx_word' id='word_1_153' title='bbox 689 1011 780 1045; x_wconf 84' lang='lat' dir='ltr'><strong>paucis</strong></span> <span class='ocrx_word' id='word_1_154' title='bbox 794 1010 973 1046; x_wconf 85' lang='lat' dir='ltr'><strong>interpositis,</strong></span> 
     </span>
    </p>
   </div>
   <div class='ocr_carea' id='block_1_21' title="bbox 185 1054 974 1092">
    <p class='ocr_par' dir='ltr' id='par_1_21' title="bbox 185 1054 974 1092">
     <span class='ocr_line' id='line_1_21' title="bbox 185 1054 974 1092; baseline 0.004 -12"><span class='ocrx_word' id='word_1_155' title='bbox 185 1060 231 1080; x_wconf 78' lang='lat' dir='ltr'><strong>eos</strong></span> <span class='ocrx_word' id='word_1_156' title='bbox 245 1054 338 1080; x_wconf 81' lang='lat' dir='ltr'><strong>cadent</strong></span> <span class='ocrx_word' id='word_1_157' title='bbox 355 1055 478 1088; x_wconf 82' lang='lat' dir='ltr'><strong>parabola</strong></span> <span class='ocrx_word' id='word_1_158' title='bbox 491 1054 546 1090; x_wconf 88' lang='lat' dir='ltr'><strong>jam</strong></span> <span class='ocrx_word' id='word_1_159' title='bbox 566 1055 681 1083; x_wconf 90' lang='lat' dir='ltr'><strong>imbutos</strong></span> <span class='ocrx_word' id='word_1_160' title='bbox 698 1055 847 1090; x_wconf 81' lang='lat' dir='ltr'><strong>declarans,</strong></span> <span class='ocrx_word' id='word_1_161' title='bbox 863 1057 902 1084; x_wconf 89' lang='lat' dir='ltr'><strong>sic</strong></span> <span class='ocrx_word' id='word_1_162' title='bbox 912 1064 974 1092; x_wconf 88' lang='lat' dir='ltr'><strong>per-</strong></span> 
     </span>
    </p>
   </div>
   <div class='ocr_carea' id='block_1_22' title="bbox 185 1098 976 1137">
    <p class='ocr_par' dir='ltr' id='par_1_22' title="bbox 185 1098 976 1137">
     <span class='ocr_line' id='line_1_22' title="bbox 185 1098 976 1137; baseline 0.006 -14"><span class='ocrx_word' id='word_1_163' title='bbox 185 1099 239 1132; x_wconf 77' lang='lat' dir='ltr'><strong>git:</strong></span> <span class='ocrx_word' id='word_1_164' title='bbox 260 1098 298 1124; x_wconf 83' lang='lat' dir='ltr'><strong>Ac</strong></span> <span class='ocrx_word' id='word_1_165' title='bbox 311 1099 362 1125; x_wconf 73' lang='lat' dir='ltr'><strong>scio</strong></span> <span class='ocrx_word' id='word_1_166' title='bbox 380 1100 495 1134; x_wconf 77' lang='lat' dir='ltr'><strong>equidem</strong></span> <span class='ocrx_word' id='word_1_167' title='bbox 517 1108 570 1133; x_wconf 78' lang='lat' dir='ltr'><strong>vos,</strong></span> <span class='ocrx_word' id='word_1_168' title='bbox 597 1101 709 1128; x_wconf 77' lang='lat' dir='ltr'><strong>homines</strong></span> <span class='ocrx_word' id='word_1_169' title='bbox 732 1102 897 1136; x_wconf 65' lang='lat' dir='ltr'><strong>perspicuus,</strong></span> <span class='ocrx_word' id='word_1_170' title='bbox 918 1103 976 1137; x_wconf 85' lang='lat' dir='ltr'><strong>jam</strong></span> 
     </span>
    </p>
   </div>
   <div class='ocr_carea' id='block_1_23' title="bbox 183 1144 977 1182">
    <p class='ocr_par' dir='ltr' id='par_1_23' title="bbox 183 1144 977 1182">
     <span class='ocr_line' id='line_1_23' title="bbox 183 1144 977 1182; baseline 0.006 -13"><span class='ocrx_word' id='word_1_171' title='bbox 183 1144 252 1178; x_wconf 81' lang='lat' dir='ltr'><strong>quod</strong></span> <span class='ocrx_word' id='word_1_172' title='bbox 277 1144 392 1173; x_wconf 71' lang='lat' dir='ltr'><strong>dictum:</strong></span> <span class='ocrx_word' id='word_1_173' title='bbox 413 1153 470 1173; x_wconf 74' lang='lat' dir='ltr'><strong>tum</strong></span> <span class='ocrx_word' id='word_1_174' title='bbox 494 1147 652 1182; x_wconf 84' lang='lat' dir='ltr'><strong>intelligere;</strong></span> <span class='ocrx_word' id='word_1_175' title='bbox 678 1147 841 1174; x_wconf 77' lang='lat' dir='ltr'><strong>nihilominus</strong></span> <span class='ocrx_word' id='word_1_176' title='bbox 867 1153 977 1174; x_wconf 62' lang='lat' dir='ltr'><strong>tamenn</strong></span> 
     </span>
    </p>
   </div>
   <div class='ocr_carea' id='block_1_24' title="bbox 184 1191 976 1227">
    <p class='ocr_par' dir='ltr' id='par_1_24' title="bbox 184 1191 976 1227">
     <span class='ocr_line' id='line_1_24' title="bbox 184 1191 976 1227; baseline 0.005 -12"><span class='ocrx_word' id='word_1_177' title='bbox 184 1191 257 1217; x_wconf 62' lang='lat' dir='ltr'><strong>nobis</strong></span> <span class='ocrx_word' id='word_1_178' title='bbox 277 1192 329 1217; x_wconf 84' lang='lat' dir='ltr'><strong>dici</strong></span> <span class='ocrx_word' id='word_1_179' title='bbox 343 1197 494 1219; x_wconf 68' lang='lat' dir='ltr'><strong>necessust.</strong></span> <span class='ocrx_word' id='word_1_180' title='bbox 510 1193 542 1220; x_wconf 82' lang='lat' dir='ltr'><strong>Et</strong></span> <span class='ocrx_word' id='word_1_181' title='bbox 562 1197 651 1227; x_wconf 84' lang='lat' dir='ltr'><strong>postea</strong></span> <span class='ocrx_word' id='word_1_182' title='bbox 676 1193 709 1220; x_wconf 88' lang='lat' dir='ltr'><strong>de</strong></span> <span class='ocrx_word' id='word_1_183' title='bbox 727 1193 806 1220; x_wconf 87' lang='lat' dir='ltr'><strong>divite</strong></span> <span class='ocrx_word' id='word_1_184' title='bbox 830 1198 857 1220; x_wconf 89' lang='lat' dir='ltr'><strong>et</strong></span> <span class='ocrx_word' id='word_1_185' title='bbox 876 1192 976 1219; x_wconf 78' lang='lat' dir='ltr'><strong>Lazaro</strong></span> 
     </span>
    </p>
   </div>
   <div class='ocr_carea' id='block_1_25' title="bbox 183 1235 976 1274">
    <p class='ocr_par' dir='ltr' id='par_1_25' title="bbox 183 1235 976 1274">
     <span class='ocr_line' id='line_1_25' title="bbox 183 1235 976 1274; baseline 0.005 -12"><span class='ocrx_word' id='word_1_186' title='bbox 183 1235 308 1271; x_wconf 76' lang='lat' dir='ltr'><strong>pluribus</strong></span> <span class='ocrx_word' id='word_1_187' title='bbox 328 1237 392 1272; x_wconf 73' lang='lat' dir='ltr'><strong>agit.</strong></span> <span class='ocrx_word' id='word_1_188' title='bbox 423 1238 532 1264; x_wconf 90' lang='lat' dir='ltr'><strong>Dcmum</strong></span> <span class='ocrx_word' id='word_1_189' title='bbox 560 1246 633 1265; x_wconf 84' lang='lat' dir='ltr'><strong>nutu.</strong></span> <span class='ocrx_word' id='word_1_190' title='bbox 661 1238 695 1271; x_wconf 82' lang='lat'><strong>5,</strong></span> <span class='ocrx_word' id='word_1_191' title='bbox 722 1243 861 1274; x_wconf 82' lang='lat' dir='ltr'><strong>postquam</strong></span> <span class='ocrx_word' id='word_1_192' title='bbox 884 1238 976 1266; x_wconf 86' lang='lat' dir='ltr'><strong>Lazari</strong></span> 
     </span>
    </p>
   </div>
   <div class='ocr_carea' id='block_1_26' title="bbox 184 1283 975 1319">
    <p class='ocr_par' dir='ltr' id='par_1_26' title="bbox 184 1283 975 1319">
     <span class='ocr_line' id='line_1_26' title="bbox 184 1283 975 1319; baseline 0.005 -11"><span class='ocrx_word' id='word_1_193' title='bbox 184 1287 299 1309; x_wconf 86' lang='lat' dir='ltr'><strong>mortem</strong></span> <span class='ocrx_word' id='word_1_194' title='bbox 313 1290 374 1309; x_wconf 89' lang='lat' dir='ltr'><strong>cum</strong></span> <span class='ocrx_word' id='word_1_195' title='bbox 388 1283 476 1310; x_wconf 86' lang='lat' dir='ltr'><strong>divitis</strong></span> <span class='ocrx_word' id='word_1_196' title='bbox 491 1283 564 1310; x_wconf 89' lang='lat' dir='ltr'><strong>obitu</strong></span> <span class='ocrx_word' id='word_1_197' title='bbox 579 1284 727 1311; x_wconf 87' lang='lat' dir='ltr'><strong>contulerat</strong></span> <span class='ocrx_word' id='word_1_198' title='bbox 740 1294 746 1311; x_wconf 93' lang='lat'><strong>:</strong></span> <span class='ocrx_word' id='word_1_199' title='bbox 761 1284 884 1312; x_wconf 86' lang='lat' dir='ltr'><strong>Lubenler</strong></span> <span class='ocrx_word' id='word_1_200' title='bbox 899 1286 975 1319; x_wconf 86' lang='lat' dir='ltr'><strong>enim,</strong></span> 
     </span>
    </p>
   </div>
   <div class='ocr_carea' id='block_1_27' title="bbox 181 1328 977 1367">
    <p class='ocr_par' dir='ltr' id='par_1_27' title="bbox 181 1328 977 1367">
     <span class='ocr_line' id='line_1_27' title="bbox 181 1328 977 1367; baseline 0.006 -13"><span class='ocrx_word' id='word_1_201' title='bbox 181 1329 238 1361; x_wconf 78' lang='lat' dir='ltr'><strong>ait,</strong></span> <span class='ocrx_word' id='word_1_202' title='bbox 261 1328 327 1355; x_wconf 77' lang='lat' dir='ltr'><strong>hanc</strong></span> <span class='ocrx_word' id='word_1_203' title='bbox 339 1337 392 1355; x_wconf 80' lang='lat' dir='ltr'><strong>rem</strong></span> <span class='ocrx_word' id='word_1_204' title='bbox 406 1337 473 1364; x_wconf 70' lang='lat' dir='ltr'><strong>sirpe</strong></span> <span class='ocrx_word' id='word_1_205' title='bbox 494 1338 580 1362; x_wconf 69' lang='lat' dir='ltr'><strong>verso,</strong></span> <span class='ocrx_word' id='word_1_206' title='bbox 597 1335 623 1356; x_wconf 82' lang='lat' dir='ltr'><strong>ut</strong></span> <span class='ocrx_word' id='word_1_207' title='bbox 641 1339 713 1357; x_wconf 86' lang='lat' dir='ltr'><strong>nemo</strong></span> <span class='ocrx_word' id='word_1_208' title='bbox 732 1339 763 1358; x_wconf 76' lang='lat' dir='ltr'><strong>ea:</strong></span> <span class='ocrx_word' id='word_1_209' title='bbox 785 1331 846 1364; x_wconf 70' lang='lat' dir='ltr'><strong>illis,</strong></span> <span class='ocrx_word' id='word_1_210' title='bbox 862 1332 905 1366; x_wconf 85' lang='lat' dir='ltr'><strong>qui</strong></span> <span class='ocrx_word' id='word_1_211' title='bbox 919 1340 977 1367; x_wconf 83' lang='lat' dir='ltr'><strong>ege-</strong></span> 
     </span>
    </p>
   </div>
   <div class='ocr_carea' id='block_1_28' title="bbox 183 1374 977 1410">
    <p class='ocr_par' dir='ltr' id='par_1_28' title="bbox 183 1374 977 1410">
     <span class='ocr_line' id='line_1_28' title="bbox 183 1374 977 1410; baseline 0.005 -10"><span class='ocrx_word' id='word_1_212' title='bbox 183 1379 248 1400; x_wconf 75' lang='lat' dir='ltr'><strong>uate</strong></span> <span class='ocrx_word' id='word_1_213' title='bbox 260 1375 298 1401; x_wconf 78' lang='lat' dir='ltr'><strong>vel</strong></span> <span class='ocrx_word' id='word_1_214' title='bbox 320 1374 414 1401; x_wconf 73' lang='lat' dir='ltr'><strong>morbis</strong></span> <span class='ocrx_word' id='word_1_215' title='bbox 426 1380 451 1401; x_wconf 86' lang='lat' dir='ltr'><strong>et</strong></span> <span class='ocrx_word' id='word_1_216' title='bbox 469 1375 536 1410; x_wconf 79' lang='lat' dir='ltr'><strong>fame</strong></span> <span class='ocrx_word' id='word_1_217' title='bbox 550 1381 706 1410; x_wconf 83' lang='lat' dir='ltr'><strong>premuntur,</strong></span> <span class='ocrx_word' id='word_1_218' title='bbox 729 1385 755 1403; x_wconf 71' lang='lat' dir='ltr'><strong>se</strong></span> <span class='ocrx_word' id='word_1_219' title='bbox 775 1382 928 1410; x_wconf 87' lang='lat' dir='ltr'><strong>contemnat,</strong></span> <span class='ocrx_word' id='word_1_220' title='bbox 954 1382 977 1404; x_wconf 85' lang='lat' dir='ltr'><strong>et</strong></span> 
     </span>
    </p>
   </div>
   <div class='ocr_carea' id='block_1_29' title="bbox 185 1414 978 1456">
    <p class='ocr_par' dir='ltr' id='par_1_29' title="bbox 185 1414 978 1456">
     <span class='ocr_line' id='line_1_29' title="bbox 185 1414 978 1456; baseline 0.005 -11"><span class='ocrx_word' id='word_1_221' title='bbox 185 1419 297 1453; x_wconf 69' lang='lat' dir='ltr'><strong>Ieipsum</strong></span> <span class='ocrx_word' id='word_1_222' title='bbox 318 1419 437 1446; x_wconf 73' lang='lat' dir='ltr'><strong>ntisenl&#39;m</strong></span> <span class='ocrx_word' id='word_1_223' title='bbox 458 1421 609 1454; x_wconf 74' lang='lat' dir='ltr'><strong>arbitretur,</strong></span> <span class='ocrx_word' id='word_1_224' title='bbox 631 1414 675 1448; x_wconf 61' lang='lat' dir='ltr'><strong>sed</strong></span> <span class='ocrx_word' id='word_1_225' title='bbox 695 1422 835 1456; x_wconf 80' lang='lat' dir='ltr'><strong>patienter,</strong></span> <span class='ocrx_word' id='word_1_226' title='bbox 860 1428 913 1449; x_wconf 89' lang='lat' dir='ltr'><strong>etc.</strong></span> <span class='ocrx_word' id='word_1_227' title='bbox 938 1421 978 1449; x_wconf 83' lang='lat' dir='ltr'><strong>Ex</strong></span> 
     </span>
    </p>
   </div>
   <div class='ocr_carea' id='block_1_30' title="bbox 183 1466 978 1502">
    <p class='ocr_par' dir='ltr' id='par_1_30' title="bbox 183 1466 978 1502">
     <span class='ocr_line' id='line_1_30' title="bbox 183 1466 978 1502; baseline 0.005 -12"><span class='ocrx_word' id='word_1_228' title='bbox 183 1466 281 1499; x_wconf 86' lang='lat' dir='ltr'><strong>quibus</strong></span> <span class='ocrx_word' id='word_1_229' title='bbox 295 1466 466 1500; x_wconf 82' lang='lat' dir='ltr'><strong>perspicuum</strong></span> <span class='ocrx_word' id='word_1_230' title='bbox 482 1471 524 1493; x_wconf 89' lang='lat' dir='ltr'><strong>est</strong></span> <span class='ocrx_word' id='word_1_231' title='bbox 536 1467 604 1494; x_wconf 82' lang='lat' dir='ltr'><strong>hanc</strong></span> <span class='ocrx_word' id='word_1_232' title='bbox 615 1467 693 1501; x_wconf 86' lang='lat' dir='ltr'><strong>paulo</strong></span> <span class='ocrx_word' id='word_1_233' title='bbox 707 1471 767 1502; x_wconf 89' lang='lat' dir='ltr'><strong>post</strong></span> <span class='ocrx_word' id='word_1_234' title='bbox 782 1466 905 1494; x_wconf 87' lang='lat' dir='ltr'><strong>homilias</strong></span> <span class='ocrx_word' id='word_1_235' title='bbox 919 1467 978 1495; x_wconf 86' lang='lat' dir='ltr'><strong>illas</strong></span> 
     </span>
    </p>
   </div>
   <div class='ocr_carea' id='block_1_31' title="bbox 182 1510 977 1546">
    <p class='ocr_par' dir='ltr' id='par_1_31' title="bbox 182 1510 977 1546">
     <span class='ocr_line' id='line_1_31' title="bbox 182 1510 977 1546; baseline 0.005 -10"><span class='ocrx_word' id='word_1_236' title='bbox 182 1517 300 1544; x_wconf 80' lang='lat' dir='ltr'><strong>quatuor</strong></span> <span class='ocrx_word' id='word_1_237' title='bbox 311 1511 346 1538; x_wconf 86' lang='lat' dir='ltr'><strong>de</strong></span> <span class='ocrx_word' id='word_1_238' title='bbox 357 1510 459 1538; x_wconf 80' lang='lat' dir='ltr'><strong>Lazaro</strong></span> <span class='ocrx_word' id='word_1_239' title='bbox 475 1513 669 1546; x_wconf 85' lang='lat' dir='ltr'><strong>pronuntiatam</strong></span> <span class='ocrx_word' id='word_1_240' title='bbox 690 1512 784 1539; x_wconf 81' lang='lat' dir='ltr'><strong>fuisse.</strong></span> <span class='ocrx_word' id='word_1_241' title='bbox 801 1513 977 1546; x_wconf 85' lang='lat' dir='ltr'><strong>Quamobrem</strong></span> 
     </span>
    </p>
   </div>
   <div class='ocr_carea' id='block_1_32' title="bbox 185 1556 978 1586">
    <p class='ocr_par' dir='ltr' id='par_1_32' title="bbox 185 1556 978 1586">
     <span class='ocr_line' id='line_1_32' title="bbox 185 1556 978 1586; baseline 0.005 -4"><span class='ocrx_word' id='word_1_242' title='bbox 185 1556 212 1582; x_wconf 77' lang='lat' dir='ltr'><strong>in</strong></span> <span class='ocrx_word' id='word_1_243' title='bbox 226 1556 360 1584; x_wconf 84' lang='lat' dir='ltr'><strong>nonnullis</strong></span> <span class='ocrx_word' id='word_1_244' title='bbox 374 1557 519 1584; x_wconf 87' lang='lat' dir='ltr'><strong>Codicibus</strong></span> <span class='ocrx_word' id='word_1_245' title='bbox 530 1557 592 1585; x_wconf 84' lang='lat' dir='ltr'><strong>Mss.</strong></span> <span class='ocrx_word' id='word_1_246' title='bbox 613 1558 683 1585; x_wconf 89' lang='lat' dir='ltr'><strong>inter</strong></span> <span class='ocrx_word' id='word_1_247' title='bbox 698 1557 825 1585; x_wconf 84' lang='lat' dir='ltr'><strong>Homilias</strong></span> <span class='ocrx_word' id='word_1_248' title='bbox 835 1558 868 1586; x_wconf 86' lang='lat' dir='ltr'><strong>de</strong></span> <span class='ocrx_word' id='word_1_249' title='bbox 878 1557 978 1586; x_wconf 84' lang='lat' dir='ltr'><strong>Lazaro</strong></span> 
     </span>
    </p>
   </div>
   <div class='ocr_carea' id='block_1_33' title="bbox 184 1603 979 1639">
    <p class='ocr_par' dir='ltr' id='par_1_33' title="bbox 184 1603 979 1639">
     <span class='ocr_line' id='line_1_33' title="bbox 184 1603 979 1639; baseline 0.004 -10"><span class='ocrx_word' id='word_1_250' title='bbox 184 1603 301 1637; x_wconf 80' lang='lat' dir='ltr'><strong>ponitur,</strong></span> <span class='ocrx_word' id='word_1_251' title='bbox 310 1608 339 1630; x_wconf 86' lang='lat' dir='ltr'><strong>et</strong></span> <span class='ocrx_word' id='word_1_252' title='bbox 352 1603 378 1630; x_wconf 88' lang='lat' dir='ltr'><strong>in</strong></span> <span class='ocrx_word' id='word_1_253' title='bbox 388 1603 542 1631; x_wconf 88' lang='lat' dir='ltr'><strong>Colbertino</strong></span> <span class='ocrx_word' id='word_1_254' title='bbox 551 1604 602 1631; x_wconf 70' lang='grc'><strong>564</strong></span> <span class='ocrx_word' id='word_1_255' title='bbox 612 1608 672 1639; x_wconf 90' lang='lat' dir='ltr'><strong>post</strong></span> <span class='ocrx_word' id='word_1_256' title='bbox 681 1608 794 1639; x_wconf 88' lang='lat' dir='ltr'><strong>quatuor</strong></span> <span class='ocrx_word' id='word_1_257' title='bbox 806 1604 866 1631; x_wconf 91' lang='lat' dir='ltr'><strong>illas</strong></span> <span class='ocrx_word' id='word_1_258' title='bbox 877 1604 979 1639; x_wconf 84' lang='lat' dir='ltr'><strong>priores</strong></span> 
     </span>
    </p>
   </div>
   <div class='ocr_carea' id='block_1_34' title="bbox 184 1648 978 1684">
    <p class='ocr_par' dir='ltr' id='par_1_34' title="bbox 184 1648 978 1684">
     <span class='ocr_line' id='line_1_34' title="bbox 184 1648 978 1684; baseline 0.004 -10"><span class='ocrx_word' id='word_1_259' title='bbox 184 1648 219 1675; x_wconf 84' lang='lat' dir='ltr'><strong>de</strong></span> <span class='ocrx_word' id='word_1_260' title='bbox 232 1648 333 1675; x_wconf 79' lang='lat' dir='ltr'><strong>Lazaro</strong></span> <span class='ocrx_word' id='word_1_261' title='bbox 354 1648 470 1681; x_wconf 85' lang='lat' dir='ltr'><strong>locatur,</strong></span> <span class='ocrx_word' id='word_1_262' title='bbox 485 1653 513 1676; x_wconf 87' lang='lat' dir='ltr'><strong>et</strong></span> <span class='ocrx_word' id='word_1_263' title='bbox 533 1649 686 1676; x_wconf 86' lang='lat' dir='ltr'><strong>inscribitur</strong></span> <span class='ocrx_word' id='word_1_264' title='bbox 700 1650 796 1683; x_wconf 89' lang='lat' dir='ltr'><strong>Quinta</strong></span> <span class='ocrx_word' id='word_1_265' title='bbox 816 1650 850 1677; x_wconf 86' lang='lat' dir='ltr'><strong>de</strong></span> <span class='ocrx_word' id='word_1_266' title='bbox 867 1649 978 1684; x_wconf 86' lang='lat' dir='ltr'><strong>Lazaro,</strong></span> 
     </span>
    </p>
   </div>
   <div class='ocr_carea' id='block_1_35' title="bbox 182 1694 980 1731">
    <p class='ocr_par' dir='ltr' id='par_1_35' title="bbox 182 1694 980 1731">
     <span class='ocr_line' id='line_1_35' title="bbox 182 1694 980 1731; baseline 0.006 -12"><span class='ocrx_word' id='word_1_267' title='bbox 182 1699 263 1727; x_wconf 72' lang='lat' dir='ltr'><strong>atque</strong></span> <span class='ocrx_word' id='word_1_268' title='bbox 277 1695 393 1721; x_wconf 88' lang='lat' dir='ltr'><strong>llomilia</strong></span> <span class='ocrx_word' id='word_1_269' title='bbox 405 1695 431 1722; x_wconf 91' lang='lat' dir='ltr'><strong>in</strong></span> <span class='ocrx_word' id='word_1_270' title='bbox 446 1694 521 1727; x_wconf 90' lang='lat' dir='ltr'><strong>illud,</strong></span> <span class='ocrx_word' id='word_1_271' title='bbox 541 1694 609 1722; x_wconf 85' lang='lat' dir='ltr'><strong>Nolo</strong></span> <span class='ocrx_word' id='word_1_272' title='bbox 624 1703 667 1722; x_wconf 74' lang='lat' dir='ltr'><strong>vos</strong></span> <span class='ocrx_word' id='word_1_273' title='bbox 678 1696 795 1731; x_wconf 82' lang='lat' dir='ltr'><strong>ignorare</strong></span> <span class='ocrx_word' id='word_1_274' title='bbox 807 1696 838 1723; x_wconf 86' lang='lat' dir='ltr'><strong>de</strong></span> <span class='ocrx_word' id='word_1_275' title='bbox 852 1697 980 1724; x_wconf 87' lang='lat' dir='ltr'><strong>dormien-</strong></span> 
     </span>
    </p>
   </div>
   <div class='ocr_carea' id='block_1_36' title="bbox 179 1740 979 1778">
    <p class='ocr_par' dir='ltr' id='par_1_36' title="bbox 179 1740 979 1778">
     <span class='ocr_line' id='line_1_36' title="bbox 179 1740 979 1778; baseline 0.006 -13"><span class='ocrx_word' id='word_1_276' title='bbox 179 1740 259 1771; x_wconf 73' lang='lat' dir='ltr'><strong>libus.</strong></span> <span class='ocrx_word' id='word_1_277' title='bbox 276 1741 433 1768; x_wconf 84' lang='lat' dir='ltr'><strong>inscribitur</strong></span> <span class='ocrx_word' id='word_1_278' title='bbox 451 1741 533 1768; x_wconf 81' lang='lat' dir='ltr'><strong>Sexta</strong></span> <span class='ocrx_word' id='word_1_279' title='bbox 551 1741 585 1769; x_wconf 84' lang='lat' dir='ltr'><strong>de</strong></span> <span class='ocrx_word' id='word_1_280' title='bbox 605 1741 716 1769; x_wconf 89' lang='lat' dir='ltr'><strong>Lazaro.</strong></span> <span class='ocrx_word' id='word_1_281' title='bbox 731 1742 828 1770; x_wconf 71' lang='lat' dir='ltr'><strong>Verum</strong></span> <span class='ocrx_word' id='word_1_282' title='bbox 844 1743 913 1770; x_wconf 85' lang='lat' dir='ltr'><strong>hanc</strong></span> <span class='ocrx_word' id='word_1_283' title='bbox 930 1751 979 1778; x_wconf 91' lang='lat' dir='ltr'><strong>po-</strong></span> 
     </span>
    </p>
   </div>
   <div class='ocr_carea' id='block_1_37' title="bbox 175 1787 979 1820">
    <p class='ocr_par' dir='ltr' id='par_1_37' title="bbox 175 1787 979 1820">
     <span class='ocr_line' id='line_1_37' title="bbox 175 1787 979 1820; baseline 0.006 -9"><span class='ocrx_word' id='word_1_284' title='bbox 175 1791 312 1812; x_wconf 70' lang='lat' dir='ltr'><strong>stremam</strong></span> <span class='ocrx_word' id='word_1_285' title='bbox 326 1787 361 1814; x_wconf 86' lang='lat' dir='ltr'><strong>dc</strong></span> <span class='ocrx_word' id='word_1_286' title='bbox 383 1787 466 1815; x_wconf 89' lang='lat' dir='ltr'><strong>Ludis</strong></span> <span class='ocrx_word' id='word_1_287' title='bbox 481 1788 646 1815; x_wconf 83' lang='lat' dir='ltr'><strong>circensibus</strong></span> <span class='ocrx_word' id='word_1_288' title='bbox 656 1809 662 1820; x_wconf 83' lang='lat'><strong>,</strong></span> <span class='ocrx_word' id='word_1_289' title='bbox 677 1788 720 1815; x_wconf 87' lang='lat' dir='ltr'><strong>illa</strong></span> <span class='ocrx_word' id='word_1_290' title='bbox 735 1788 768 1816; x_wconf 87' lang='lat' dir='ltr'><strong>de</strong></span> <span class='ocrx_word' id='word_1_291' title='bbox 784 1789 979 1816; x_wconf 87' lang='lat' dir='ltr'><strong>Dormientibus</strong></span> 
     </span>
    </p>
   </div>
   <div class='ocr_carea' id='block_1_38' title="bbox 173 1833 980 1868">
    <p class='ocr_par' dir='ltr' id='par_1_38' title="bbox 173 1833 980 1868">
     <span class='ocr_line' id='line_1_38' title="bbox 173 1833 980 1868; baseline 0.005 -11"><span class='ocrx_word' id='word_1_292' title='bbox 173 1833 331 1865; x_wconf 64' lang='lat' dir='ltr'><strong>prmcessit,</strong></span> <span class='ocrx_word' id='word_1_293' title='bbox 354 1837 383 1859; x_wconf 88' lang='lat' dir='ltr'><strong>ut</strong></span> <span class='ocrx_word' id='word_1_294' title='bbox 402 1833 459 1866; x_wconf 86' lang='lat' dir='ltr'><strong>ipsa</strong></span> <span class='ocrx_word' id='word_1_295' title='bbox 474 1833 591 1860; x_wconf 82' lang='lat' dir='ltr'><strong>humilia:</strong></span> <span class='ocrx_word' id='word_1_296' title='bbox 612 1833 682 1861; x_wconf 91' lang='lat' dir='ltr'><strong>illius</strong></span> <span class='ocrx_word' id='word_1_297' title='bbox 702 1834 787 1868; x_wconf 90' lang='lat' dir='ltr'><strong>prima</strong></span> <span class='ocrx_word' id='word_1_298' title='bbox 805 1835 884 1862; x_wconf 87' lang='lat' dir='ltr'><strong>verba</strong></span> <span class='ocrx_word' id='word_1_299' title='bbox 913 1834 980 1861; x_wconf 91' lang='lat' dir='ltr'><strong>iudi-</strong></span> 
     </span>
    </p>
   </div>
   <div class='ocr_carea' id='block_1_39' title="bbox 167 1877 980 1914">
    <p class='ocr_par' dir='ltr' id='par_1_39' title="bbox 167 1877 980 1914">
     <span class='ocr_line' id='line_1_39' title="bbox 167 1877 980 1914; baseline 0.005 -11"><span class='ocrx_word' id='word_1_300' title='bbox 167 1883 247 1904; x_wconf 81' lang='lat' dir='ltr'><strong>cant</strong></span> <span class='ocrx_word' id='word_1_301' title='bbox 259 1887 267 1904; x_wconf 89' lang='lat'><strong>:</strong></span> <span class='ocrx_word' id='word_1_302' title='bbox 284 1877 346 1905; x_wconf 69' lang='lat' dir='ltr'><strong>Die:</strong></span> <span class='ocrx_word' id='word_1_303' title='bbox 355 1884 466 1913; x_wconf 81' lang='lat' dir='ltr'><strong>quatuor</strong></span> <span class='ocrx_word' id='word_1_304' title='bbox 474 1879 501 1905; x_wconf 85' lang='lat' dir='ltr'><strong>in</strong></span> <span class='ocrx_word' id='word_1_305' title='bbox 512 1880 663 1914; x_wconf 72' lang='lat' dir='ltr'><strong>explicanda</strong></span> <span class='ocrx_word' id='word_1_306' title='bbox 673 1880 742 1907; x_wconf 70' lang='lat' dir='ltr'><strong>vobis</strong></span> <span class='ocrx_word' id='word_1_307' title='bbox 754 1879 845 1906; x_wconf 79' lang='lat' dir='ltr'><strong>Lazari</strong></span> <span class='ocrx_word' id='word_1_308' title='bbox 859 1881 980 1914; x_wconf 71' lang='lat' dir='ltr'><strong>parabole</strong></span> 
     </span>
    </p>
   </div>
   <div class='ocr_carea' id='block_1_40' title="bbox 164 1924 981 1961">
    <p class='ocr_par' dir='ltr' id='par_1_40' title="bbox 164 1924 981 1961">
     <span class='ocr_line' id='line_1_40' title="bbox 164 1924 981 1961; baseline 0.006 -13"><span class='ocrx_word' id='word_1_309' title='bbox 164 1924 398 1957; x_wconf 72' lang='lat' dir='ltr'><strong>consumpsimus,</strong></span> <span class='ocrx_word' id='word_1_310' title='bbox 414 1929 466 1951; x_wconf 87' lang='lat' dir='ltr'><strong>etc.</strong></span> <span class='ocrx_word' id='word_1_311' title='bbox 481 1924 562 1959; x_wconf 78' lang='lat' dir='ltr'><strong>igitur</strong></span> <span class='ocrx_word' id='word_1_312' title='bbox 578 1925 725 1952; x_wconf 80' lang='lat' dir='ltr'><strong>Antiochia:</strong></span> <span class='ocrx_word' id='word_1_313' title='bbox 738 1926 906 1953; x_wconf 87' lang='lat' dir='ltr'><strong>continenter</strong></span> <span class='ocrx_word' id='word_1_314' title='bbox 920 1930 981 1961; x_wconf 87' lang='lat' dir='ltr'><strong>post</strong></span> 
     </span>
    </p>
   </div>
   <div class='ocr_carea' id='block_1_41' title="bbox 159 1969 979 2007">
    <p class='ocr_par' dir='ltr' id='par_1_41' title="bbox 159 1969 979 2007">
     <span class='ocr_line' id='line_1_41' title="bbox 159 1969 979 2007; baseline 0.006 -13"><span class='ocrx_word' id='word_1_315' title='bbox 159 1969 329 1996; x_wconf 78' lang='lat' dir='ltr'><strong>conciones</strong></span> <span class='ocrx_word' id='word_1_316' title='bbox 341 1969 376 1997; x_wconf 86' lang='lat' dir='ltr'><strong>de</strong></span> <span class='ocrx_word' id='word_1_317' title='bbox 393 1969 496 1996; x_wconf 88' lang='lat' dir='ltr'><strong>Lazaro</strong></span> <span class='ocrx_word' id='word_1_318' title='bbox 514 1971 583 1997; x_wconf 89' lang='lat' dir='ltr'><strong>hanc</strong></span> <span class='ocrx_word' id='word_1_319' title='bbox 597 1970 691 1998; x_wconf 86' lang='lat' dir='ltr'><strong>habuit</strong></span> <span class='ocrx_word' id='word_1_320' title='bbox 709 1971 856 2004; x_wconf 91' lang='lat' dir='ltr'><strong>homiliam,</strong></span> <span class='ocrx_word' id='word_1_321' title='bbox 868 1972 911 1999; x_wconf 86' lang='lat' dir='ltr'><strong>ubi</strong></span> <span class='ocrx_word' id='word_1_322' title='bbox 924 1973 979 2007; x_wconf 89' lang='lat' dir='ltr'><strong>pri-</strong></span> 
     </span>
    </p>
   </div>
   <div class='ocr_carea' id='block_1_42' title="bbox 157 2015 981 2052">
    <p class='ocr_par' dir='ltr' id='par_1_42' title="bbox 157 2015 981 2052">
     <span class='ocr_line' id='line_1_42' title="bbox 157 2015 981 2052; baseline 0.005 -12"><span class='ocrx_word' id='word_1_323' title='bbox 157 2021 261 2040; x_wconf 82' lang='lat' dir='ltr'><strong>murn</strong></span> <span class='ocrx_word' id='word_1_324' title='bbox 276 2019 370 2041; x_wconf 88' lang='lat' dir='ltr'><strong>contra</strong></span> <span class='ocrx_word' id='word_1_325' title='bbox 384 2015 445 2041; x_wconf 92' lang='lat' dir='ltr'><strong>illos</strong></span> <span class='ocrx_word' id='word_1_326' title='bbox 457 2015 526 2050; x_wconf 76' lang='lat' dir='ltr'><strong>agit,</strong></span> <span class='ocrx_word' id='word_1_327' title='bbox 540 2016 583 2050; x_wconf 88' lang='lat' dir='ltr'><strong>qui</strong></span> <span class='ocrx_word' id='word_1_328' title='bbox 594 2016 728 2043; x_wconf 87' lang='lat' dir='ltr'><strong>circenses</strong></span> <span class='ocrx_word' id='word_1_329' title='bbox 741 2016 817 2043; x_wconf 90' lang='lat' dir='ltr'><strong>ludos</strong></span> <span class='ocrx_word' id='word_1_330' title='bbox 830 2017 981 2052; x_wconf 81' lang='lat' dir='ltr'><strong>frequenta-</strong></span> 
     </span>
    </p>
   </div>
   <div class='ocr_carea' id='block_1_43' title="bbox 148 2061 979 2098">
    <p class='ocr_par' dir='ltr' id='par_1_43' title="bbox 148 2061 979 2098">
     <span class='ocr_line' id='line_1_43' title="bbox 148 2061 979 2098; baseline 0.004 -11"><span class='ocrx_word' id='word_1_331' title='bbox 148 2061 229 2087; x_wconf 75' lang='lat' dir='ltr'><strong>han</strong></span> <span class='ocrx_word' id='word_1_332' title='bbox 237 2065 262 2092; x_wconf 87' lang='grc' dir='ltr'><strong>ι,</strong></span> <span class='ocrx_word' id='word_1_333' title='bbox 277 2066 305 2088; x_wconf 88' lang='lat' dir='ltr'><strong>et</strong></span> <span class='ocrx_word' id='word_1_334' title='bbox 320 2065 412 2095; x_wconf 86' lang='lat' dir='ltr'><strong>postea</strong></span> <span class='ocrx_word' id='word_1_335' title='bbox 426 2061 459 2088; x_wconf 86' lang='lat' dir='ltr'><strong>ad</strong></span> <span class='ocrx_word' id='word_1_336' title='bbox 473 2066 627 2089; x_wconf 86' lang='lat' dir='ltr'><strong>consuetam</strong></span> <span class='ocrx_word' id='word_1_337' title='bbox 642 2062 676 2090; x_wconf 87' lang='lat' dir='ltr'><strong>de</strong></span> <span class='ocrx_word' id='word_1_338' title='bbox 686 2062 785 2090; x_wconf 89' lang='lat' dir='ltr'><strong>Lazaro</strong></span> <span class='ocrx_word' id='word_1_339' title='bbox 796 2066 823 2090; x_wconf 88' lang='lat' dir='ltr'><strong>ct</strong></span> <span class='ocrx_word' id='word_1_340' title='bbox 837 2062 918 2090; x_wconf 81' lang='lat' dir='ltr'><strong>divite</strong></span> <span class='ocrx_word' id='word_1_341' title='bbox 931 2070 979 2098; x_wconf 86' lang='lat' dir='ltr'><strong>pa-</strong></span> 
     </span>
    </p>
   </div>
   <div class='ocr_carea' id='block_1_44' title="bbox 141 2106 453 2134">
    <p class='ocr_par' dir='ltr' id='par_1_44' title="bbox 141 2106 453 2134">
     <span class='ocr_line' id='line_1_44' title="bbox 141 2106 453 2134; baseline 0.006 -2"><span class='ocrx_word' id='word_1_342' title='bbox 141 2106 304 2133; x_wconf 76' lang='lat' dir='ltr'><strong>rabolarn</strong></span> <span class='ocrx_word' id='word_1_343' title='bbox 323 2107 453 2134; x_wconf 81' lang='lat' dir='ltr'><strong>deﬂectit.</strong></span> 
     </span>
    </p>
   </div>
   <div class='ocr_carea' id='block_1_45' title="bbox 194 2151 980 2189">
    <p class='ocr_par' dir='ltr' id='par_1_45' title="bbox 194 2151 980 2189">
     <span class='ocr_line' id='line_1_45' title="bbox 194 2151 980 2189; baseline 0.003 -10"><span class='ocrx_word' id='word_1_344' title='bbox 194 2151 356 2180; x_wconf 76' lang='lat' dir='ltr'><strong>Hactenus</strong></span> <span class='ocrx_word' id='word_1_345' title='bbox 369 2158 477 2187; x_wconf 88' lang='lat' dir='ltr'><strong>tempus</strong></span> <span class='ocrx_word' id='word_1_346' title='bbox 484 2160 535 2186; x_wconf 89' lang='lat' dir='ltr'><strong>quo</strong></span> <span class='ocrx_word' id='word_1_347' title='bbox 544 2153 686 2180; x_wconf 85' lang='lat' dir='ltr'><strong>conciones</strong></span> <span class='ocrx_word' id='word_1_348' title='bbox 699 2153 817 2189; x_wconf 78' lang='lat' dir='ltr'><strong>singulas</strong></span> <span class='ocrx_word' id='word_1_349' title='bbox 832 2153 980 2181; x_wconf 67' lang='lat' dir='ltr'><strong>Antiochia:</strong></span> 
     </span>
    </p>
   </div>
   <div class='ocr_carea' id='block_1_46' title="bbox 132 2197 977 2235">
    <p class='ocr_par' dir='ltr' id='par_1_46' title="bbox 132 2197 977 2235">
     <span class='ocr_line' id='line_1_46' title="bbox 132 2197 977 2235; baseline 0.002 -11"><span class='ocrx_word' id='word_1_350' title='bbox 132 2197 281 2227; x_wconf 67' lang='lat' dir='ltr'><strong>habuit</strong></span> <span class='ocrx_word' id='word_1_351' title='bbox 309 2197 520 2235; x_wconf 81' lang='lat' dir='ltr'><strong>Cltrysostomus</strong></span> <span class='ocrx_word' id='word_1_352' title='bbox 545 2199 755 2233; x_wconf 80' lang='lat' dir='ltr'><strong>assignavimus,</strong></span> <span class='ocrx_word' id='word_1_353' title='bbox 782 2198 860 2226; x_wconf 91' lang='lat' dir='ltr'><strong>modo</strong></span> <span class='ocrx_word' id='word_1_354' title='bbox 881 2199 977 2232; x_wconf 86' lang='lat' dir='ltr'><strong>certis,</strong></span> 
     </span>
    </p>
   </div>
   <div class='ocr_carea' id='block_1_47' title="bbox 127 2243 978 2280">
    <p class='ocr_par' dir='ltr' id='par_1_47' title="bbox 127 2243 978 2280">
     <span class='ocr_line' id='line_1_47' title="bbox 127 2243 978 2280; baseline 0 -9"><span class='ocrx_word' id='word_1_355' title='bbox 127 2244 263 2271; x_wconf 68' lang='lat' dir='ltr'><strong>nnodo</strong></span> <span class='ocrx_word' id='word_1_356' title='bbox 283 2243 368 2271; x_wconf 90' lang='lat' dir='ltr'><strong>dubiis</strong></span> <span class='ocrx_word' id='word_1_357' title='bbox 392 2243 510 2271; x_wconf 88' lang='lat' dir='ltr'><strong>indiciis.</strong></span> <span class='ocrx_word' id='word_1_358' title='bbox 528 2245 644 2272; x_wconf 68' lang='lat' dir='ltr'><strong>(Ia-teras</strong></span> <span class='ocrx_word' id='word_1_359' title='bbox 663 2253 727 2272; x_wconf 83' lang='lat' dir='ltr'><strong>vero</strong></span> <span class='ocrx_word' id='word_1_360' title='bbox 749 2252 815 2280; x_wconf 88' lang='lat' dir='ltr'><strong>quas</strong></span> <span class='ocrx_word' id='word_1_361' title='bbox 831 2245 978 2278; x_wconf 85' lang='lat' dir='ltr'><strong>edidimus,</strong></span> 
     </span>
    </p>
   </div>
   <div class='ocr_carea' id='block_1_48' title="bbox 124 2289 978 2324">
    <p class='ocr_par' dir='ltr' id='par_1_48' title="bbox 124 2289 978 2324">
     <span class='ocr_line' id='line_1_48' title="bbox 124 2289 978 2324; baseline -0.001 -7"><span class='ocrx_word' id='word_1_362' title='bbox 124 2296 306 2324; x_wconf 72' lang='lat' dir='ltr'><strong>quasque</strong></span> <span class='ocrx_word' id='word_1_363' title='bbox 322 2289 485 2322; x_wconf 73' lang='lat' dir='ltr'><strong>Antiochizn,</strong></span> <span class='ocrx_word' id='word_1_364' title='bbox 510 2290 568 2317; x_wconf 86' lang='lat' dir='ltr'><strong>sine</strong></span> <span class='ocrx_word' id='word_1_365' title='bbox 594 2290 646 2317; x_wconf 91' lang='lat' dir='ltr'><strong>ulla</strong></span> <span class='ocrx_word' id='word_1_366' title='bbox 671 2290 800 2324; x_wconf 78' lang='lat' dir='ltr'><strong>probabili</strong></span> <span class='ocrx_word' id='word_1_367' title='bbox 822 2290 884 2316; x_wconf 89' lang='lat' dir='ltr'><strong>anui</strong></span> <span class='ocrx_word' id='word_1_368' title='bbox 899 2295 978 2322; x_wconf 92' lang='lat' dir='ltr'><strong>nota,</strong></span> 
     </span>
    </p>
   </div>
   <div class='ocr_carea' id='block_1_49' title="bbox 121 2335 981 2370">
    <p class='ocr_par' dir='ltr' id='par_1_49' title="bbox 121 2335 981 2370">
     <span class='ocr_line' id='line_1_49' title="bbox 121 2335 981 2370; baseline -0.002 -6"><span class='ocrx_word' id='word_1_369' title='bbox 121 2336 313 2364; x_wconf 67' lang='lat' dir='ltr'><strong>habuisse</strong></span> <span class='ocrx_word' id='word_1_370' title='bbox 330 2340 473 2370; x_wconf 87' lang='lat' dir='ltr'><strong>putamus,</strong></span> <span class='ocrx_word' id='word_1_371' title='bbox 497 2335 539 2362; x_wconf 91' lang='lat' dir='ltr'><strong>hic</strong></span> <span class='ocrx_word' id='word_1_372' title='bbox 559 2336 726 2363; x_wconf 88' lang='lat' dir='ltr'><strong>coutinenter</strong></span> <span class='ocrx_word' id='word_1_373' title='bbox 746 2342 920 2370; x_wconf 90' lang='lat' dir='ltr'><strong>apponemus,</strong></span> <span class='ocrx_word' id='word_1_374' title='bbox 935 2335 981 2363; x_wconf 88' lang='lat' dir='ltr'><strong>illo</strong></span> 
     </span>
    </p>
   </div>
   <div class='ocr_carea' id='block_1_50' title="bbox 116 2381 715 2414">
    <p class='ocr_par' dir='ltr' id='par_1_50' title="bbox 116 2381 715 2414">
     <span class='ocr_line' id='line_1_50' title="bbox 116 2381 715 2414; baseline -0.003 -4"><span class='ocrx_word' id='word_1_375' title='bbox 116 2383 277 2410; x_wconf 74' lang='lat' dir='ltr'><strong>ordine</strong></span> <span class='ocrx_word' id='word_1_376' title='bbox 290 2387 342 2414; x_wconf 82' lang='lat' dir='ltr'><strong>quo</strong></span> <span class='ocrx_word' id='word_1_377' title='bbox 356 2383 383 2408; x_wconf 94' lang='lat' dir='ltr'><strong>in</strong></span> <span class='ocrx_word' id='word_1_378' title='bbox 398 2382 449 2408; x_wconf 86' lang='lat' dir='ltr'><strong>hac</strong></span> <span class='ocrx_word' id='word_1_379' title='bbox 459 2381 573 2408; x_wconf 87' lang='lat' dir='ltr'><strong>editione</strong></span> <span class='ocrx_word' id='word_1_380' title='bbox 587 2381 715 2409; x_wconf 81' lang='lat' dir='ltr'><strong>feruntur.</strong></span> 
     </span>
    </p>
   </div>
   <div class='ocr_carea' id='block_1_51' title="bbox 170 2426 979 2462">
    <p class='ocr_par' dir='ltr' id='par_1_51' title="bbox 170 2426 979 2462">
     <span class='ocr_line' id='line_1_51' title="bbox 170 2426 979 2462; baseline 0.001 -8"><span class='ocrx_word' id='word_1_381' title='bbox 170 2426 345 2456; x_wconf 70' lang='grc' dir='ltr'><strong>Πσιπίιίω</strong></span> <span class='ocrx_word' id='word_1_382' title='bbox 366 2427 393 2453; x_wconf 77' lang='lat' dir='ltr'><strong>in</strong></span> <span class='ocrx_word' id='word_1_383' title='bbox 415 2426 590 2454; x_wconf 82' lang='lat' dir='ltr'><strong>Pentecosten.</strong></span> <span class='ocrx_word' id='word_1_384' title='bbox 608 2442 643 2447; x_wconf 85' lang='lat'><strong>—</strong></span> <span class='ocrx_word' id='word_1_385' title='bbox 656 2427 798 2454; x_wconf 88' lang='lat' dir='ltr'><strong>l-lomiliam</strong></span> <span class='ocrx_word' id='word_1_386' title='bbox 821 2428 933 2462; x_wconf 87' lang='lat' dir='ltr'><strong>primam</strong></span> <span class='ocrx_word' id='word_1_387' title='bbox 954 2428 979 2455; x_wconf 91' lang='lat' dir='ltr'><strong>in</strong></span> 
     </span>
    </p>
   </div>
   <div class='ocr_carea' id='block_1_52' title="bbox 111 2472 981 2508">
    <p class='ocr_par' dir='ltr' id='par_1_52' title="bbox 111 2472 981 2508">
     <span class='ocr_line' id='line_1_52' title="bbox 111 2472 981 2508; baseline -0.001 -7"><span class='ocrx_word' id='word_1_388' title='bbox 111 2476 366 2503; x_wconf 72' lang='lat' dir='ltr'><strong>PentecOstcn</strong></span> <span class='ocrx_word' id='word_1_389' title='bbox 384 2481 420 2500; x_wconf 85' lang='lat' dir='ltr'><strong>ne</strong></span> <span class='ocrx_word' id='word_1_390' title='bbox 438 2472 590 2507; x_wconf 86' lang='lat' dir='ltr'><strong>conjectura</strong></span> <span class='ocrx_word' id='word_1_391' title='bbox 605 2473 711 2508; x_wconf 86' lang='lat' dir='ltr'><strong>quidem</strong></span> <span class='ocrx_word' id='word_1_392' title='bbox 731 2472 820 2500; x_wconf 86' lang='lat' dir='ltr'><strong>dicere</strong></span> <span class='ocrx_word' id='word_1_393' title='bbox 841 2481 981 2507; x_wconf 80' lang='lat' dir='ltr'><strong>possumus</strong></span> 
     </span>
    </p>
   </div>
   <div class='ocr_carea' id='block_1_53' title="bbox 109 2518 982 2559">
    <p class='ocr_par' dir='ltr' id='par_1_53' title="bbox 109 2518 982 2559">
     <span class='ocr_line' id='line_1_53' title="bbox 109 2518 982 2559; baseline -0.001 -13"><span class='ocrx_word' id='word_1_394' title='bbox 109 2530 193 2559; x_wconf 62' lang='lat' dir='ltr'><strong>quo</strong></span> <span class='ocrx_word' id='word_1_395' title='bbox 213 2525 328 2548; x_wconf 77' lang='lat' dir='ltr'><strong>anno</strong></span> <span class='ocrx_word' id='word_1_396' title='bbox 339 2518 430 2545; x_wconf 80' lang='lat' dir='ltr'><strong>habita</strong></span> <span class='ocrx_word' id='word_1_397' title='bbox 446 2518 535 2550; x_wconf 80' lang='lat' dir='ltr'><strong>fuerit,</strong></span> <span class='ocrx_word' id='word_1_398' title='bbox 548 2524 578 2545; x_wconf 89' lang='lat' dir='ltr'><strong>ut</strong></span> <span class='ocrx_word' id='word_1_399' title='bbox 591 2519 617 2545; x_wconf 91' lang='lat' dir='ltr'><strong>in</strong></span> <span class='ocrx_word' id='word_1_400' title='bbox 630 2518 729 2546; x_wconf 88' lang='lat' dir='ltr'><strong>Monito</strong></span> <span class='ocrx_word' id='word_1_401' title='bbox 739 2518 773 2545; x_wconf 91' lang='lat' dir='ltr'><strong>ad</strong></span> <span class='ocrx_word' id='word_1_402' title='bbox 788 2519 908 2546; x_wconf 88' lang='lat' dir='ltr'><strong>eamdem</strong></span> <span class='ocrx_word' id='word_1_403' title='bbox 926 2527 982 2553; x_wconf 84' lang='lat' dir='ltr'><strong>pru-</strong></span> 
     </span>
    </p>
   </div>
   <div class='ocr_carea' id='block_1_54' title="bbox 108 2563 981 2599">
    <p class='ocr_par' dir='ltr' id='par_1_54' title="bbox 108 2563 981 2599">
     <span class='ocr_line' id='line_1_54' title="bbox 108 2563 981 2599; baseline -0.005 -3"><span class='ocrx_word' id='word_1_404' title='bbox 108 2568 314 2596; x_wconf 64' lang='lat' dir='ltr'><strong>lnvianus</strong></span> <span class='ocrx_word' id='word_1_405' title='bbox 330 2564 369 2597; x_wconf 86' lang='lat' dir='ltr'><strong>(T.</strong></span> <span class='ocrx_word' id='word_1_406' title='bbox 383 2564 411 2591; x_wconf 76' lang='lat'><strong>2.</strong></span> <span class='ocrx_word' id='word_1_407' title='bbox 431 2572 456 2590; x_wconf 83' lang='lat' dir='ltr'><strong>c.</strong></span> <span class='ocrx_word' id='word_1_408' title='bbox 472 2563 588 2599; x_wconf 64' lang='lat' dir='ltr'><strong>45I).&#39;ln</strong></span> <span class='ocrx_word' id='word_1_409' title='bbox 601 2572 632 2591; x_wconf 83' lang='lat' dir='ltr'><strong>ea</strong></span> <span class='ocrx_word' id='word_1_410' title='bbox 644 2572 708 2591; x_wconf 89' lang='lat' dir='ltr'><strong>vero</strong></span> <span class='ocrx_word' id='word_1_411' title='bbox 723 2572 776 2591; x_wconf 90' lang='lat' dir='ltr'><strong>non</strong></span> <span class='ocrx_word' id='word_1_412' title='bbox 788 2572 895 2599; x_wconf 84' lang='lat' dir='ltr'><strong>parvam</strong></span> <span class='ocrx_word' id='word_1_413' title='bbox 905 2565 981 2592; x_wconf 85' lang='lat' dir='ltr'><strong>nobis</strong></span> 
     </span>
    </p>
   </div>
   <div class='ocr_carea' id='block_1_55' title="bbox 107 2609 984 2645">
    <p class='ocr_par' dir='ltr' id='par_1_55' title="bbox 107 2609 984 2645">
     <span class='ocr_line' id='line_1_55' title="bbox 107 2609 984 2645; baseline -0.005 -3"><span class='ocrx_word' id='word_1_414' title='bbox 107 2611 318 2642; x_wconf 62' lang='lat' dir='ltr'><strong>difﬁcult:-</strong></span> <span class='ocrx_word' id='word_1_415' title='bbox 326 2613 373 2636; x_wconf 76' lang='lat' dir='ltr'><strong>lem</strong></span> <span class='ocrx_word' id='word_1_416' title='bbox 388 2609 470 2636; x_wconf 76' lang='lat' dir='ltr'><strong>al‘t‘ert</strong></span> <span class='ocrx_word' id='word_1_417' title='bbox 480 2609 508 2635; x_wconf 93' lang='lat' dir='ltr'><strong>in</strong></span> <span class='ocrx_word' id='word_1_418' title='bbox 521 2611 706 2637; x_wconf 86' lang='lat' dir='ltr'><strong>enumerandis</strong></span> <span class='ocrx_word' id='word_1_419' title='bbox 724 2611 868 2645; x_wconf 85' lang='lat' dir='ltr'><strong>majoribus</strong></span> <span class='ocrx_word' id='word_1_420' title='bbox 883 2611 984 2638; x_wconf 78' lang='lat' dir='ltr'><strong>festivi-</strong></span> 
     </span>
    </p>
   </div>
   <div class='ocr_carea' id='block_1_56' title="bbox 107 2656 982 2691">
    <p class='ocr_par' dir='ltr' id='par_1_56' title="bbox 107 2656 982 2691">
     <span class='ocr_line' id='line_1_56' title="bbox 107 2656 982 2691; baseline 0.001 -8"><span class='ocrx_word' id='word_1_421' title='bbox 107 2662 282 2691; x_wconf 61' lang='lat' dir='ltr'><strong>uubus,</strong></span> <span class='ocrx_word' id='word_1_422' title='bbox 307 2662 382 2690; x_wconf 82' lang='lat' dir='ltr'><strong>quas</strong></span> <span class='ocrx_word' id='word_1_423' title='bbox 395 2656 447 2683; x_wconf 89' lang='lat' dir='ltr'><strong>sub</strong></span> <span class='ocrx_word' id='word_1_424' title='bbox 472 2656 573 2683; x_wconf 89' lang='lat' dir='ltr'><strong>initium</strong></span> <span class='ocrx_word' id='word_1_425' title='bbox 591 2657 681 2691; x_wconf 80' lang='lat' dir='ltr'><strong>prima:</strong></span> <span class='ocrx_word' id='word_1_426' title='bbox 695 2658 722 2684; x_wconf 93' lang='lat' dir='ltr'><strong>in</strong></span> <span class='ocrx_word' id='word_1_427' title='bbox 741 2657 916 2684; x_wconf 87' lang='lat' dir='ltr'><strong>Pentecosten</strong></span> <span class='ocrx_word' id='word_1_428' title='bbox 935 2658 982 2684; x_wconf 89' lang='lat' dir='ltr'><strong>ho-</strong></span> 
     </span>
    </p>
   </div>
   <div class='ocr_carea' id='block_1_57' title="bbox 113 2702 980 2740">
    <p class='ocr_par' dir='ltr' id='par_1_57' title="bbox 113 2702 980 2740">
     <span class='ocr_line' id='line_1_57' title="bbox 113 2702 980 2740; baseline -0.002 -9"><span class='ocrx_word' id='word_1_429' title='bbox 113 2710 232 2740; x_wconf 58' lang='grc' dir='ltr'><strong>ωίιῖε</strong></span> <span class='ocrx_word' id='word_1_430' title='bbox 253 2704 324 2731; x_wconf 83' lang='lat' dir='ltr'><strong>sic</strong></span> <span class='ocrx_word' id='word_1_431' title='bbox 352 2707 552 2728; x_wconf 85' lang='lat' dir='ltr'><strong>commemorat.</strong></span> <span class='ocrx_word' id='word_1_432' title='bbox 573 2702 687 2729; x_wconf 84' lang='lat' dir='ltr'><strong>Primam</strong></span> <span class='ocrx_word' id='word_1_433' title='bbox 710 2703 773 2730; x_wconf 89' lang='lat' dir='ltr'><strong>dicit</strong></span> <span class='ocrx_word' id='word_1_434' title='bbox 796 2703 980 2737; x_wconf 72' lang='lat' dir='ltr'><strong>Epiphaniam,</strong></span> 
     </span>
    </p>
   </div>
   <div class='ocr_carea' id='block_1_58' title="bbox 116 2747 983 2789">
    <p class='ocr_par' dir='ltr' id='par_1_58' title="bbox 116 2747 983 2789">
     <span class='ocr_line' id='line_1_58' title="bbox 116 2747 983 2789; baseline -0.007 -6"><span class='ocrx_word' id='word_1_435' title='bbox 116 2753 339 2789; x_wconf 55' lang='lat' dir='ltr'><strong>mundam</strong></span> <span class='ocrx_word' id='word_1_436' title='bbox 353 2747 461 2779; x_wconf 76' lang='lat' dir='ltr'><strong>Pascha,</strong></span> <span class='ocrx_word' id='word_1_437' title='bbox 474 2749 576 2775; x_wconf 84' lang='lat' dir='ltr'><strong>tertiam</strong></span> <span class='ocrx_word' id='word_1_438' title='bbox 583 2749 766 2777; x_wconf 84' lang='lat' dir='ltr'><strong>Pentecosten.</strong></span> <span class='ocrx_word' id='word_1_439' title='bbox 778 2750 910 2784; x_wconf 68' lang='lat' dir='ltr'><strong>Qutcrltur</strong></span> <span class='ocrx_word' id='word_1_440' title='bbox 919 2759 983 2778; x_wconf 84' lang='lat' dir='ltr'><strong>vero</strong></span> 
     </span>
    </p>
   </div>
   <div class='ocr_carea' id='block_1_59' title="bbox 117 2794 981 2836">
    <p class='ocr_par' dir='ltr' id='par_1_59' title="bbox 117 2794 981 2836">
     <span class='ocr_line' id='line_1_59' title="bbox 117 2794 981 2836; baseline 0.003 -14"><span class='ocrx_word' id='word_1_441' title='bbox 117 2813 181 2836; x_wconf 62' lang='grc' dir='ltr'><strong>απ</strong></span> <span class='ocrx_word' id='word_1_442' title='bbox 198 2796 378 2831; x_wconf 53' lang='lat' dir='ltr'><strong>malem</strong></span> <span class='ocrx_word' id='word_1_443' title='bbox 393 2794 493 2822; x_wconf 78' lang='lat' dir='ltr'><strong>Christi</strong></span> <span class='ocrx_word' id='word_1_444' title='bbox 504 2794 574 2822; x_wconf 85' lang='lat' dir='ltr'><strong>diem</strong></span> <span class='ocrx_word' id='word_1_445' title='bbox 588 2795 713 2829; x_wconf 88' lang='lat' dir='ltr'><strong>omiserit,</strong></span> <span class='ocrx_word' id='word_1_446' title='bbox 726 2804 803 2832; x_wconf 84' lang='lat' dir='ltr'><strong>quem</strong></span> <span class='ocrx_word' id='word_1_447' title='bbox 818 2797 874 2832; x_wconf 86' lang='lat' dir='ltr'><strong>ipse</strong></span> <span class='ocrx_word' id='word_1_448' title='bbox 887 2797 922 2825; x_wconf 73' lang='lat'><strong>25</strong></span> <span class='ocrx_word' id='word_1_449' title='bbox 935 2798 981 2825; x_wconf 85' lang='lat' dir='ltr'><strong>Dc-</strong></span> 
     </span>
    </p>
   </div>
   <div class='ocr_carea' id='block_1_60' title="bbox 120 2839 979 2883">
    <p class='ocr_par' dir='ltr' id='par_1_60' title="bbox 120 2839 979 2883">
     <span class='ocr_line' id='line_1_60' title="bbox 120 2839 979 2883; baseline 0.006 -16"><span class='ocrx_word' id='word_1_450' title='bbox 120 2847 292 2883; x_wconf 53' lang='grc' dir='ltr'><strong>ωδε-ῖς</strong></span> <span class='ocrx_word' id='word_1_451' title='bbox 322 2839 466 2868; x_wconf 72' lang='lat' dir='ltr'><strong>celebrari</strong></span> <span class='ocrx_word' id='word_1_452' title='bbox 489 2840 543 2874; x_wconf 87' lang='lat' dir='ltr'><strong>jam</strong></span> <span class='ocrx_word' id='word_1_453' title='bbox 568 2840 641 2873; x_wconf 84' lang='lat' dir='ltr'><strong>dixit,</strong></span> <span class='ocrx_word' id='word_1_454' title='bbox 666 2846 692 2868; x_wconf 88' lang='lat' dir='ltr'><strong>et</strong></span> <span class='ocrx_word' id='word_1_455' title='bbox 712 2842 738 2869; x_wconf 91' lang='lat' dir='ltr'><strong>in</strong></span> <span class='ocrx_word' id='word_1_456' title='bbox 761 2850 825 2877; x_wconf 89' lang='lat' dir='ltr'><strong>quo,</strong></span> <span class='ocrx_word' id='word_1_457' title='bbox 849 2847 876 2869; x_wconf 91' lang='lat' dir='ltr'><strong>ut</strong></span> <span class='ocrx_word' id='word_1_458' title='bbox 900 2851 979 2877; x_wconf 80' lang='lat' dir='ltr'><strong>supra</strong></span> 
     </span>
    </p>
   </div>
   <div class='ocr_carea' id='block_1_61' title="bbox 361 2897 712 2929">
    <p class='ocr_par' dir='ltr' id='par_1_61' title="bbox 361 2897 712 2929">
     <span class='ocr_line' id='line_1_61' title="bbox 361 2897 712 2929; baseline 0.003 -1"><span class='ocrx_word' id='word_1_459' title='bbox 361 2897 493 2928; x_wconf 65' lang='lat' dir='ltr'><strong>Pirum.</strong></span> <span class='ocrx_word' id='word_1_460' title='bbox 517 2897 574 2927; x_wconf 75' lang='lat' dir='ltr'><strong>(in.</strong></span> <span class='ocrx_word' id='word_1_461' title='bbox 595 2897 616 2925; x_wconf 77' lang='grc' dir='ltr'>Χ</span> <span class='ocrx_word' id='word_1_462' title='bbox 625 2897 712 2929; x_wconf 84' lang='lat' dir='ltr'><strong>L\&#39;ll.</strong></span> 
     </span>
    </p>
   </div>
   <div class='ocr_carea' id='block_1_62' title="bbox 778 126 1232 156">
    <p class='ocr_par' dir='ltr' id='par_1_62' title="bbox 778 126 1232 156">
     <span class='ocr_line' id='line_1_62' title="bbox 778 126 1232 156; baseline -0.002 0"><span class='ocrx_word' id='word_1_463' title='bbox 778 126 868 156; x_wconf 73' lang='lat' dir='ltr'><strong>NUNC</strong></span> <span class='ocrx_word' id='word_1_464' title='bbox 889 126 1017 155; x_wconf 68' lang='lat' dir='ltr'><strong>PlilMl‘M</strong></span> <span class='ocrx_word' id='word_1_465' title='bbox 1039 127 1232 155; x_wconf 71' lang='lat' dir='ltr'><strong>ADOllNATA.</strong></span> 
     </span>
    </p>
   </div>
   <div class='ocr_carea' id='block_1_63' title="bbox 1770 125 1819 154">
    <p class='ocr_par' dir='ltr' id='par_1_63' title="bbox 1770 125 1819 154">
     <span class='ocr_line' id='line_1_63' title="bbox 1770 125 1819 154; baseline 0 0"><span class='ocrx_word' id='word_1_466' title='bbox 1770 125 1819 154; x_wconf 67' lang='grc'><strong>150</strong></span> 
     </span>
    </p>
   </div>
   <div class='ocr_carea' id='block_1_64' title="bbox 1033 183 1819 218">
    <p class='ocr_par' dir='ltr' id='par_1_64' title="bbox 1033 183 1819 218">
     <span class='ocr_line' id='line_1_64' title="bbox 1033 183 1819 218; baseline -0.005 -5"><span class='ocrx_word' id='word_1_467' title='bbox 1033 184 1157 217; x_wconf 80' lang='lat' dir='ltr'><strong>diximus.</strong></span> <span class='ocrx_word' id='word_1_468' title='bbox 1179 185 1334 213; x_wconf 88' lang='lat' dir='ltr'><strong>concionem</strong></span> <span class='ocrx_word' id='word_1_469' title='bbox 1358 184 1458 212; x_wconf 85' lang='lat' dir='ltr'><strong>habuit.</strong></span> <span class='ocrx_word' id='word_1_470' title='bbox 1480 183 1534 211; x_wconf 89' lang='lat' dir='ltr'><strong>Dici</strong></span> <span class='ocrx_word' id='word_1_471' title='bbox 1551 183 1619 210; x_wconf 77' lang='lat' dir='ltr'><strong>forte</strong></span> <span class='ocrx_word' id='word_1_472' title='bbox 1641 183 1734 218; x_wconf 84' lang='lat' dir='ltr'><strong>possit.</strong></span> <span class='ocrx_word' id='word_1_473' title='bbox 1756 183 1819 218; x_wconf 70' lang='lat' dir='ltr'><strong>quia</strong></span> 
     </span>
    </p>
   </div>
   <div class='ocr_carea' id='block_1_65' title="bbox 1031 230 1820 267">
    <p class='ocr_par' dir='ltr' id='par_1_65' title="bbox 1031 230 1820 267">
     <span class='ocr_line' id='line_1_65' title="bbox 1031 230 1820 267; baseline -0.004 -7"><span class='ocrx_word' id='word_1_474' title='bbox 1031 233 1126 260; x_wconf 77' lang='lat' dir='ltr'><strong>festum</strong></span> <span class='ocrx_word' id='word_1_475' title='bbox 1140 232 1240 260; x_wconf 71' lang='lat' dir='ltr'><strong>Natalis</strong></span> <span class='ocrx_word' id='word_1_476' title='bbox 1252 232 1350 259; x_wconf 87' lang='lat' dir='ltr'><strong>Christi</strong></span> <span class='ocrx_word' id='word_1_477' title='bbox 1365 239 1379 258; x_wconf 88' lang='lat' dir='ltr'><strong>a</strong></span> <span class='ocrx_word' id='word_1_478' title='bbox 1394 231 1560 267; x_wconf 84' lang='lat' dir='ltr'><strong>paucissimis</strong></span> <span class='ocrx_word' id='word_1_479' title='bbox 1572 230 1649 257; x_wconf 83' lang='lat' dir='ltr'><strong>anuis</strong></span> <span class='ocrx_word' id='word_1_480' title='bbox 1667 230 1820 257; x_wconf 69' lang='lat' dir='ltr'><strong>Antiochuc</strong></span> 
     </span>
    </p>
   </div>
   <div class='ocr_carea' id='block_1_66' title="bbox 1030 275 1820 309">
    <p class='ocr_par' dir='ltr' id='par_1_66' title="bbox 1030 275 1820 309">
     <span class='ocr_line' id='line_1_66' title="bbox 1030 275 1820 309; baseline -0.008 -3"><span class='ocrx_word' id='word_1_481' title='bbox 1030 279 1213 306; x_wconf 84' lang='lat' dir='ltr'><strong>celebrabatur</strong></span> <span class='ocrx_word' id='word_1_482' title='bbox 1226 279 1270 306; x_wconf 84' lang='lat' dir='ltr'><strong>dic</strong></span> <span class='ocrx_word' id='word_1_483' title='bbox 1282 279 1316 306; x_wconf 68' lang='grc'><strong>25</strong></span> <span class='ocrx_word' id='word_1_484' title='bbox 1331 278 1498 309; x_wconf 78' lang='lat' dir='ltr'><strong>Decembris.</strong></span> <span class='ocrx_word' id='word_1_485' title='bbox 1514 284 1575 304; x_wconf 82' lang='lat' dir='ltr'><strong>Cum</strong></span> <span class='ocrx_word' id='word_1_486' title='bbox 1595 281 1673 302; x_wconf 82' lang='lat' dir='ltr'><strong>antea</strong></span> <span class='ocrx_word' id='word_1_487' title='bbox 1690 283 1741 302; x_wconf 91' lang='lat' dir='ltr'><strong>una</strong></span> <span class='ocrx_word' id='word_1_488' title='bbox 1758 275 1820 308; x_wconf 88' lang='lat' dir='ltr'><strong>Epi-</strong></span> 
     </span>
    </p>
   </div>
   <div class='ocr_carea' id='block_1_67' title="bbox 1031 320 1818 359">
    <p class='ocr_par' dir='ltr' id='par_1_67' title="bbox 1031 320 1818 359">
     <span class='ocr_line' id='line_1_67' title="bbox 1031 320 1818 359; baseline -0.005 -8"><span class='ocrx_word' id='word_1_489' title='bbox 1031 324 1134 359; x_wconf 78' lang='lat' dir='ltr'><strong>phania:</strong></span> <span class='ocrx_word' id='word_1_490' title='bbox 1159 324 1328 357; x_wconf 81' lang='lat' dir='ltr'><strong>solemnitas.</strong></span> <span class='ocrx_word' id='word_1_491' title='bbox 1354 324 1398 351; x_wconf 91' lang='lat' dir='ltr'><strong>die</strong></span> <span class='ocrx_word' id='word_1_492' title='bbox 1427 328 1502 350; x_wconf 78' lang='lat' dir='ltr'><strong>sexta</strong></span> <span class='ocrx_word' id='word_1_493' title='bbox 1537 321 1653 350; x_wconf 83' lang='lat' dir='ltr'><strong>Januarii</strong></span> <span class='ocrx_word' id='word_1_494' title='bbox 1680 325 1708 348; x_wconf 91' lang='lat' dir='ltr'><strong>et</strong></span> <span class='ocrx_word' id='word_1_495' title='bbox 1731 320 1818 348; x_wconf 80' lang='lat' dir='ltr'><strong>Natali</strong></span> 
     </span>
    </p>
   </div>
   <div class='ocr_carea' id='block_1_68' title="bbox 1029 367 1818 406">
    <p class='ocr_par' dir='ltr' id='par_1_68' title="bbox 1029 367 1818 406">
     <span class='ocr_line' id='line_1_68' title="bbox 1029 367 1818 406; baseline -0.006 -8"><span class='ocrx_word' id='word_1_496' title='bbox 1029 371 1145 403; x_wconf 87' lang='lat' dir='ltr'><strong>Christi,</strong></span> <span class='ocrx_word' id='word_1_497' title='bbox 1159 375 1187 398; x_wconf 90' lang='lat' dir='ltr'><strong>et</strong></span> <span class='ocrx_word' id='word_1_498' title='bbox 1199 371 1333 406; x_wconf 80' lang='lat' dir='ltr'><strong>Magorum</strong></span> <span class='ocrx_word' id='word_1_499' title='bbox 1361 369 1520 401; x_wconf 84' lang='lat' dir='ltr'><strong>adorationi,</strong></span> <span class='ocrx_word' id='word_1_500' title='bbox 1534 373 1561 395; x_wconf 89' lang='lat' dir='ltr'><strong>et</strong></span> <span class='ocrx_word' id='word_1_501' title='bbox 1572 367 1670 394; x_wconf 82' lang='lat' dir='ltr'><strong>Christi</strong></span> <span class='ocrx_word' id='word_1_502' title='bbox 1687 367 1818 401; x_wconf 86' lang='lat' dir='ltr'><strong>baptismo</strong></span> 
     </span>
    </p>
   </div>
   <div class='ocr_carea' id='block_1_69' title="bbox 1029 413 1818 452">
    <p class='ocr_par' dir='ltr' id='par_1_69' title="bbox 1029 413 1818 452">
     <span class='ocr_line' id='line_1_69' title="bbox 1029 413 1818 452; baseline -0.006 -9"><span class='ocrx_word' id='word_1_503' title='bbox 1029 417 1152 452; x_wconf 78' lang='lat' dir='ltr'><strong>deputata</strong></span> <span class='ocrx_word' id='word_1_504' title='bbox 1166 421 1249 448; x_wconf 84' lang='lat' dir='ltr'><strong>esset,</strong></span> <span class='ocrx_word' id='word_1_505' title='bbox 1273 415 1316 442; x_wconf 95' lang='lat' dir='ltr'><strong>hic</strong></span> <span class='ocrx_word' id='word_1_506' title='bbox 1330 414 1475 443; x_wconf 77' lang='lat' dir='ltr'><strong>Secundum</strong></span> <span class='ocrx_word' id='word_1_507' title='bbox 1497 419 1614 441; x_wconf 79' lang='lat' dir='ltr'><strong>veterem</strong></span> <span class='ocrx_word' id='word_1_508' title='bbox 1634 413 1818 439; x_wconf 80' lang='lat' dir='ltr'><strong>solemuitatcs</strong></span> 
     </span>
    </p>
   </div>
   <div class='ocr_carea' id='block_1_70' title="bbox 1029 457 1818 495">
    <p class='ocr_par' dir='ltr' id='par_1_70' title="bbox 1029 457 1818 495">
     <span class='ocr_line' id='line_1_70' title="bbox 1029 457 1818 495; baseline -0.009 -5"><span class='ocrx_word' id='word_1_509' title='bbox 1029 462 1184 490; x_wconf 88' lang='lat' dir='ltr'><strong>nutneraudi</strong></span> <span class='ocrx_word' id='word_1_510' title='bbox 1196 461 1412 489; x_wconf 88' lang='lat' dir='ltr'><strong>consuetudinetn</strong></span> <span class='ocrx_word' id='word_1_511' title='bbox 1423 460 1634 495; x_wconf 79' lang='lat' dir='ltr'><strong>aChrysostomo</strong></span> <span class='ocrx_word' id='word_1_512' title='bbox 1642 457 1818 493; x_wconf 82' lang='lat' dir='ltr'><strong>Epiphaniam</strong></span> 
     </span>
    </p>
   </div>
   <div class='ocr_carea' id='block_1_71' title="bbox 1029 503 1818 541">
    <p class='ocr_par' dir='ltr' id='par_1_71' title="bbox 1029 503 1818 541">
     <span class='ocr_line' id='line_1_71' title="bbox 1029 503 1818 541; baseline -0.006 -7"><span class='ocrx_word' id='word_1_513' title='bbox 1029 508 1182 540; x_wconf 86' lang='lat' dir='ltr'><strong>memorari,</strong></span> <span class='ocrx_word' id='word_1_514' title='bbox 1196 507 1319 541; x_wconf 81' lang='lat' dir='ltr'><strong>diemque</strong></span> <span class='ocrx_word' id='word_1_515' title='bbox 1332 506 1451 533; x_wconf 75' lang='lat' dir='ltr'><strong>Natalem</strong></span> <span class='ocrx_word' id='word_1_516' title='bbox 1468 505 1560 532; x_wconf 86' lang='lat' dir='ltr'><strong>taceri.</strong></span> <span class='ocrx_word' id='word_1_517' title='bbox 1575 503 1622 532; x_wconf 81' lang='lat' dir='ltr'><strong>llic</strong></span> <span class='ocrx_word' id='word_1_518' title='bbox 1637 503 1761 531; x_wconf 87' lang='lat' dir='ltr'><strong>nimirum</strong></span> <span class='ocrx_word' id='word_1_519' title='bbox 1775 510 1818 529; x_wconf 57' lang='lat' dir='ltr'><strong>rci-</strong></span> 
     </span>
    </p>
   </div>
   <div class='ocr_carea' id='block_1_72' title="bbox 1028 548 1816 590">
    <p class='ocr_par' dir='ltr' id='par_1_72' title="bbox 1028 548 1816 590">
     <span class='ocr_line' id='line_1_72' title="bbox 1028 548 1816 590; baseline -0.009 -8"><span class='ocrx_word' id='word_1_520' title='bbox 1028 561 1121 590; x_wconf 67' lang='lat' dir='ltr'><strong>ci-ptus</strong></span> <span class='ocrx_word' id='word_1_521' title='bbox 1134 555 1168 582; x_wconf 90' lang='lat' dir='ltr'><strong>ab</strong></span> <span class='ocrx_word' id='word_1_522' title='bbox 1183 562 1241 582; x_wconf 79' lang='lat' dir='ltr'><strong>:cvo</strong></span> <span class='ocrx_word' id='word_1_523' title='bbox 1260 552 1418 581; x_wconf 87' lang='lat' dir='ltr'><strong>reccnscndi</strong></span> <span class='ocrx_word' id='word_1_524' title='bbox 1439 559 1498 579; x_wconf 89' lang='lat' dir='ltr'><strong>mos</strong></span> <span class='ocrx_word' id='word_1_525' title='bbox 1522 551 1603 579; x_wconf 79' lang='lat' dir='ltr'><strong>fuisse</strong></span> <span class='ocrx_word' id='word_1_526' title='bbox 1624 550 1728 578; x_wconf 88' lang='lat' dir='ltr'><strong>videtur</strong></span> <span class='ocrx_word' id='word_1_527' title='bbox 1747 548 1816 583; x_wconf 86' lang='lat' dir='ltr'><strong>apud</strong></span> 
     </span>
    </p>
   </div>
   <div class='ocr_carea' id='block_1_73' title="bbox 1029 595 1816 634">
    <p class='ocr_par' dir='ltr' id='par_1_73' title="bbox 1029 595 1816 634">
     <span class='ocr_line' id='line_1_73' title="bbox 1029 595 1816 634; baseline -0.01 -6"><span class='ocrx_word' id='word_1_528' title='bbox 1029 601 1208 629; x_wconf 79' lang='lat' dir='ltr'><strong>Antinchenos</strong></span> <span class='ocrx_word' id='word_1_529' title='bbox 1220 621 1228 633; x_wconf 92' lang='lat'><strong>,</strong></span> <span class='ocrx_word' id='word_1_530' title='bbox 1241 605 1271 627; x_wconf 92' lang='lat' dir='ltr'><strong>ut</strong></span> <span class='ocrx_word' id='word_1_531' title='bbox 1294 605 1348 627; x_wconf 86' lang='lat' dir='ltr'><strong>tres</strong></span> <span class='ocrx_word' id='word_1_532' title='bbox 1370 599 1528 634; x_wconf 77' lang='lat' dir='ltr'><strong>insigniores</strong></span> <span class='ocrx_word' id='word_1_533' title='bbox 1550 596 1731 624; x_wconf 79' lang='lat' dir='ltr'><strong>soletnuitatcs</strong></span> <span class='ocrx_word' id='word_1_534' title='bbox 1743 595 1816 621; x_wconf 75' lang='lat' dir='ltr'><strong>dice-</strong></span> 
     </span>
    </p>
   </div>
   <div class='ocr_carea' id='block_1_74' title="bbox 1028 640 1816 681">
    <p class='ocr_par' dir='ltr' id='par_1_74' title="bbox 1028 640 1816 681">
     <span class='ocr_line' id='line_1_74' title="bbox 1028 640 1816 681; baseline -0.011 -6"><span class='ocrx_word' id='word_1_535' title='bbox 1028 652 1096 679; x_wconf 90' lang='lat' dir='ltr'><strong>rent,</strong></span> <span class='ocrx_word' id='word_1_536' title='bbox 1111 646 1285 681; x_wconf 84' lang='lat' dir='ltr'><strong>Epiphaniam</strong></span> <span class='ocrx_word' id='word_1_537' title='bbox 1296 667 1303 679; x_wconf 94' lang='lat'><strong>,</strong></span> <span class='ocrx_word' id='word_1_538' title='bbox 1319 645 1420 673; x_wconf 80' lang='lat' dir='ltr'><strong>Pascha</strong></span> <span class='ocrx_word' id='word_1_539' title='bbox 1435 649 1462 672; x_wconf 90' lang='lat' dir='ltr'><strong>et</strong></span> <span class='ocrx_word' id='word_1_540' title='bbox 1485 644 1660 671; x_wconf 73' lang='lat' dir='ltr'><strong>l‘cntecoslen</strong></span> <span class='ocrx_word' id='word_1_541' title='bbox 1674 650 1681 669; x_wconf 90' lang='lat'><strong>:</strong></span> <span class='ocrx_word' id='word_1_542' title='bbox 1694 640 1816 668; x_wconf 85' lang='lat' dir='ltr'><strong>Natalem</strong></span> 
     </span>
    </p>
   </div>
   <div class='ocr_carea' id='block_1_75' title="bbox 1028 687 1817 726">
    <p class='ocr_par' dir='ltr' id='par_1_75' title="bbox 1028 687 1817 726">
     <span class='ocr_line' id='line_1_75' title="bbox 1028 687 1817 726; baseline -0.01 -6"><span class='ocrx_word' id='word_1_543' title='bbox 1028 700 1091 720; x_wconf 77' lang='lat' dir='ltr'><strong>vero</strong></span> <span class='ocrx_word' id='word_1_544' title='bbox 1114 692 1216 720; x_wconf 87' lang='lat' dir='ltr'><strong>Domini</strong></span> <span class='ocrx_word' id='word_1_545' title='bbox 1238 691 1320 723; x_wconf 90' lang='lat' dir='ltr'><strong>diem,</strong></span> <span class='ocrx_word' id='word_1_546' title='bbox 1336 691 1396 726; x_wconf 88' lang='lat' dir='ltr'><strong>quia</strong></span> <span class='ocrx_word' id='word_1_547' title='bbox 1412 698 1497 725; x_wconf 90' lang='lat' dir='ltr'><strong>nuper</strong></span> <span class='ocrx_word' id='word_1_548' title='bbox 1517 689 1642 716; x_wconf 91' lang='lat' dir='ltr'><strong>inductus</strong></span> <span class='ocrx_word' id='word_1_549' title='bbox 1665 687 1762 717; x_wconf 80' lang='lat' dir='ltr'><strong>fuerat,</strong></span> <span class='ocrx_word' id='word_1_550' title='bbox 1787 690 1817 712; x_wconf 86' lang='lat' dir='ltr'><strong>ut</strong></span> 
     </span>
    </p>
   </div>
   <div class='ocr_carea' id='block_1_76' title="bbox 1025 733 1814 774">
    <p class='ocr_par' dir='ltr' id='par_1_76' title="bbox 1025 733 1814 774">
     <span class='ocr_line' id='line_1_76' title="bbox 1025 733 1814 774; baseline -0.009 -8"><span class='ocrx_word' id='word_1_551' title='bbox 1025 739 1079 774; x_wconf 80' lang='lat' dir='ltr'><strong>jam</strong></span> <span class='ocrx_word' id='word_1_552' title='bbox 1095 738 1219 771; x_wconf 83' lang='lat' dir='ltr'><strong>vidimus,</strong></span> <span class='ocrx_word' id='word_1_553' title='bbox 1235 739 1260 765; x_wconf 89' lang='lat' dir='ltr'><strong>in</strong></span> <span class='ocrx_word' id='word_1_554' title='bbox 1277 738 1327 765; x_wconf 91' lang='lat' dir='ltr'><strong>hoc</strong></span> <span class='ocrx_word' id='word_1_555' title='bbox 1340 741 1451 765; x_wconf 78' lang='lat' dir='ltr'><strong>num‘cro</strong></span> <span class='ocrx_word' id='word_1_556' title='bbox 1463 736 1581 764; x_wconf 89' lang='lat' dir='ltr'><strong>nondum</strong></span> <span class='ocrx_word' id='word_1_557' title='bbox 1598 738 1737 770; x_wconf 85' lang='lat' dir='ltr'><strong>ponerent,</strong></span> <span class='ocrx_word' id='word_1_558' title='bbox 1753 733 1814 769; x_wconf 84' lang='lat' dir='ltr'><strong>quia</strong></span> 
     </span>
    </p>
   </div>
   <div class='ocr_carea' id='block_1_77' title="bbox 1027 783 1549 819">
    <p class='ocr_par' dir='ltr' id='par_1_77' title="bbox 1027 783 1549 819">
     <span class='ocr_line' id='line_1_77' title="bbox 1027 783 1549 819; baseline -0.006 -7"><span class='ocrx_word' id='word_1_559' title='bbox 1027 790 1104 813; x_wconf 83' lang='lat' dir='ltr'><strong>antea</strong></span> <span class='ocrx_word' id='word_1_560' title='bbox 1117 793 1177 812; x_wconf 91' lang='lat' dir='ltr'><strong>cum</strong></span> <span class='ocrx_word' id='word_1_561' title='bbox 1193 784 1340 819; x_wconf 84' lang='lat' dir='ltr'><strong>Epiphania</strong></span> <span class='ocrx_word' id='word_1_562' title='bbox 1353 783 1549 812; x_wconf 84' lang='lat' dir='ltr'><strong>celebrabatur.</strong></span> 
     </span>
    </p>
   </div>
   <div class='ocr_carea' id='block_1_78' title="bbox 1063 825 1816 860">
    <p class='ocr_par' dir='ltr' id='par_1_78' title="bbox 1063 825 1816 860">
     <span class='ocr_line' id='line_1_78' title="bbox 1063 825 1816 860; baseline -0.008 -3"><span class='ocrx_word' id='word_1_563' title='bbox 1063 830 1184 858; x_wconf 85' lang='lat' dir='ltr'><strong>Secunda</strong></span> <span class='ocrx_word' id='word_1_564' title='bbox 1201 830 1280 857; x_wconf 91' lang='lat' dir='ltr'><strong>etiam</strong></span> <span class='ocrx_word' id='word_1_565' title='bbox 1302 829 1336 857; x_wconf 92' lang='lat' dir='ltr'><strong>de</strong></span> <span class='ocrx_word' id='word_1_566' title='bbox 1348 829 1507 857; x_wconf 78' lang='lat' dir='ltr'><strong>Pentecoste</strong></span> <span class='ocrx_word' id='word_1_567' title='bbox 1521 827 1628 855; x_wconf 86' lang='lat' dir='ltr'><strong>bomilia</strong></span> <span class='ocrx_word' id='word_1_568' title='bbox 1644 825 1743 853; x_wconf 86' lang='lat' dir='ltr'><strong>nullam</strong></span> <span class='ocrx_word' id='word_1_569' title='bbox 1759 831 1816 860; x_wconf 66' lang='lat' dir='ltr'><strong>pra</strong></span> 
     </span>
    </p>
   </div>
   <div class='ocr_carea' id='block_1_79' title="bbox 1027 872 1815 910">
    <p class='ocr_par' dir='ltr' id='par_1_79' title="bbox 1027 872 1815 910">
     <span class='ocr_line' id='line_1_79' title="bbox 1027 872 1815 910; baseline -0.008 -7"><span class='ocrx_word' id='word_1_570' title='bbox 1027 883 1056 903; x_wconf 90' lang='lat' dir='ltr'><strong>se</strong></span> <span class='ocrx_word' id='word_1_571' title='bbox 1078 875 1129 903; x_wconf 82' lang='lat' dir='ltr'><strong>fert</strong></span> <span class='ocrx_word' id='word_1_572' title='bbox 1150 875 1277 910; x_wconf 89' lang='lat' dir='ltr'><strong>temporis</strong></span> <span class='ocrx_word' id='word_1_573' title='bbox 1300 880 1401 902; x_wconf 87' lang='lat' dir='ltr'><strong>notam.</strong></span> <span class='ocrx_word' id='word_1_574' title='bbox 1423 875 1450 902; x_wconf 93' lang='lat' dir='ltr'><strong>In</strong></span> <span class='ocrx_word' id='word_1_575' title='bbox 1471 874 1522 901; x_wconf 87' lang='lat' dir='ltr'><strong>hac</strong></span> <span class='ocrx_word' id='word_1_576' title='bbox 1543 880 1624 908; x_wconf 90' lang='lat' dir='ltr'><strong>porro</strong></span> <span class='ocrx_word' id='word_1_577' title='bbox 1639 872 1815 900; x_wconf 82' lang='lat' dir='ltr'><strong>Pentecosten</strong></span> 
     </span>
    </p>
   </div>
   <div class='ocr_carea' id='block_1_80' title="bbox 1028 917 1817 958">
    <p class='ocr_par' dir='ltr' id='par_1_80' title="bbox 1028 917 1817 958">
     <span class='ocr_line' id='line_1_80' title="bbox 1028 917 1817 958; baseline -0.008 -8"><span class='ocrx_word' id='word_1_578' title='bbox 1028 928 1106 950; x_wconf 90' lang='lat' dir='ltr'><strong>vocat</strong></span> <span class='ocrx_word' id='word_1_579' title='bbox 1118 922 1326 958; x_wconf 79' lang='lat' dir='ltr'><strong>Chrysostomus</strong></span> <span class='ocrx_word' id='word_1_580' title='bbox 1340 921 1499 957; x_wconf 86' lang='lat' dir='ltr'><strong>metropolim</strong></span> <span class='ocrx_word' id='word_1_581' title='bbox 1512 922 1631 956; x_wconf 70' lang='lat' dir='ltr'><strong>festorum</strong></span> <span class='ocrx_word' id='word_1_582' title='bbox 1640 939 1648 951; x_wconf 93' lang='lat'><strong>,</strong></span> <span class='ocrx_word' id='word_1_583' title='bbox 1667 918 1729 953; x_wconf 90' lang='lat' dir='ltr'><strong>quia</strong></span> <span class='ocrx_word' id='word_1_584' title='bbox 1742 917 1817 945; x_wconf 84' lang='lat' dir='ltr'><strong>vide-</strong></span> 
     </span>
    </p>
   </div>
   <div class='ocr_carea' id='block_1_81' title="bbox 1027 964 1815 1002">
    <p class='ocr_par' dir='ltr' id='par_1_81' title="bbox 1027 964 1815 1002">
     <span class='ocr_line' id='line_1_81' title="bbox 1027 964 1815 1002; baseline -0.009 -6"><span class='ocrx_word' id='word_1_585' title='bbox 1027 969 1100 1001; x_wconf 88' lang='lat' dir='ltr'><strong>licet,</strong></span> <span class='ocrx_word' id='word_1_586' title='bbox 1115 973 1144 995; x_wconf 88' lang='lat' dir='ltr'><strong>ut</strong></span> <span class='ocrx_word' id='word_1_587' title='bbox 1163 968 1260 995; x_wconf 92' lang='lat' dir='ltr'><strong>ibidcm</strong></span> <span class='ocrx_word' id='word_1_588' title='bbox 1274 967 1375 1002; x_wconf 87' lang='lat' dir='ltr'><strong>adjicit,</strong></span> <span class='ocrx_word' id='word_1_589' title='bbox 1390 966 1505 994; x_wconf 85' lang='lat' dir='ltr'><strong>fructum</strong></span> <span class='ocrx_word' id='word_1_590' title='bbox 1528 966 1571 993; x_wconf 88' lang='lat' dir='ltr'><strong>illa</strong></span> <span class='ocrx_word' id='word_1_591' title='bbox 1588 964 1731 992; x_wconf 73' lang='lat' dir='ltr'><strong>Dominica:</strong></span> <span class='ocrx_word' id='word_1_592' title='bbox 1752 970 1815 997; x_wconf 90' lang='lat' dir='ltr'><strong>pro-</strong></span> 
     </span>
    </p>
   </div>
   <div class='ocr_carea' id='block_1_82' title="bbox 1027 1007 1816 1047">
    <p class='ocr_par' dir='ltr' id='par_1_82' title="bbox 1027 1007 1816 1047">
     <span class='ocr_line' id='line_1_82' title="bbox 1027 1007 1816 1047; baseline -0.01 -5"><span class='ocrx_word' id='word_1_593' title='bbox 1027 1015 1162 1042; x_wconf 86' lang='lat' dir='ltr'><strong>missionis</strong></span> <span class='ocrx_word' id='word_1_594' title='bbox 1174 1014 1260 1043; x_wconf 80' lang='lat' dir='ltr'><strong>all&#39;ert.</strong></span> <span class='ocrx_word' id='word_1_595' title='bbox 1280 1013 1337 1041; x_wconf 85' lang='lat' dir='ltr'><strong>Non</strong></span> <span class='ocrx_word' id='word_1_596' title='bbox 1350 1019 1435 1047; x_wconf 84' lang='lat' dir='ltr'><strong>pauca</strong></span> <span class='ocrx_word' id='word_1_597' title='bbox 1454 1016 1545 1039; x_wconf 85' lang='lat' dir='ltr'><strong>contra</strong></span> <span class='ocrx_word' id='word_1_598' title='bbox 1559 1007 1816 1038; x_wconf 75' lang='lat' dir='ltr'><strong>Pneumatomachos</strong></span> 
     </span>
    </p>
   </div>
   <div class='ocr_carea' id='block_1_83' title="bbox 1027 1053 1814 1096">
    <p class='ocr_par' dir='ltr' id='par_1_83' title="bbox 1027 1053 1814 1096">
     <span class='ocr_line' id='line_1_83' title="bbox 1027 1053 1814 1096; baseline -0.013 -8"><span class='ocrx_word' id='word_1_599' title='bbox 1027 1061 1145 1093; x_wconf 84' lang='lat' dir='ltr'><strong>disserit,</strong></span> <span class='ocrx_word' id='word_1_600' title='bbox 1154 1061 1198 1096; x_wconf 93' lang='lat' dir='ltr'><strong>qui</strong></span> <span class='ocrx_word' id='word_1_601' title='bbox 1213 1060 1326 1094; x_wconf 89' lang='lat' dir='ltr'><strong>Spiritus</strong></span> <span class='ocrx_word' id='word_1_602' title='bbox 1337 1058 1421 1085; x_wconf 89' lang='lat' dir='ltr'><strong>sancti</strong></span> <span class='ocrx_word' id='word_1_603' title='bbox 1434 1058 1598 1091; x_wconf 85' lang='lat' dir='ltr'><strong>majestatcm</strong></span> <span class='ocrx_word' id='word_1_604' title='bbox 1612 1062 1642 1082; x_wconf 87' lang='lat' dir='ltr'><strong>ac</strong></span> <span class='ocrx_word' id='word_1_605' title='bbox 1649 1053 1814 1081; x_wconf 85' lang='lat' dir='ltr'><strong>divinitatem</strong></span> 
     </span>
    </p>
   </div>
   <div class='ocr_carea' id='block_1_84' title="bbox 1028 1099 1814 1142">
    <p class='ocr_par' dir='ltr' id='par_1_84' title="bbox 1028 1099 1814 1142">
     <span class='ocr_line' id='line_1_84' title="bbox 1028 1099 1814 1142; baseline -0.011 -8"><span class='ocrx_word' id='word_1_606' title='bbox 1028 1107 1192 1142; x_wconf 89' lang='lat' dir='ltr'><strong>impetcbant</strong></span> <span class='ocrx_word' id='word_1_607' title='bbox 1202 1114 1208 1132; x_wconf 78' lang='grc' dir='ltr'><strong>ε</strong></span> <span class='ocrx_word' id='word_1_608' title='bbox 1220 1113 1252 1133; x_wconf 87' lang='lat' dir='ltr'><strong>ac</strong></span> <span class='ocrx_word' id='word_1_609' title='bbox 1265 1110 1404 1140; x_wconf 82' lang='lat' dir='ltr'><strong>postquam</strong></span> <span class='ocrx_word' id='word_1_610' title='bbox 1416 1104 1451 1131; x_wconf 92' lang='lat' dir='ltr'><strong>de</strong></span> <span class='ocrx_word' id='word_1_611' title='bbox 1465 1102 1593 1130; x_wconf 77' lang='lat' dir='ltr'><strong>fructibus</strong></span> <span class='ocrx_word' id='word_1_612' title='bbox 1604 1101 1719 1136; x_wconf 86' lang='lat' dir='ltr'><strong>Spiritus</strong></span> <span class='ocrx_word' id='word_1_613' title='bbox 1729 1099 1814 1127; x_wconf 83' lang='lat' dir='ltr'><strong>sancti</strong></span> 
     </span>
    </p>
   </div>
   <div class='ocr_carea' id='block_1_85' title="bbox 1029 1148 1543 1187">
    <p class='ocr_par' dir='ltr' id='par_1_85' title="bbox 1029 1148 1543 1187">
     <span class='ocr_line' id='line_1_85' title="bbox 1029 1148 1543 1187; baseline -0.008 -8"><span class='ocrx_word' id='word_1_614' title='bbox 1029 1153 1110 1180; x_wconf 88' lang='lat' dir='ltr'><strong>tmtlta</strong></span> <span class='ocrx_word' id='word_1_615' title='bbox 1127 1151 1244 1187; x_wconf 83' lang='lat' dir='ltr'><strong>protulit.</strong></span> <span class='ocrx_word' id='word_1_616' title='bbox 1261 1152 1339 1178; x_wconf 88' lang='lat' dir='ltr'><strong>linem</strong></span> <span class='ocrx_word' id='word_1_617' title='bbox 1354 1149 1459 1177; x_wconf 87' lang='lat' dir='ltr'><strong>dicendi</strong></span> <span class='ocrx_word' id='word_1_618' title='bbox 1470 1148 1543 1176; x_wconf 77' lang='lat' dir='ltr'><strong>facit.</strong></span> 
     </span>
    </p>
   </div>
   <div class='ocr_carea' id='block_1_86' title="bbox 1065 1194 1816 1226">
    <p class='ocr_par' dir='ltr' id='par_1_86' title="bbox 1065 1194 1816 1226">
     <span class='ocr_line' id='line_1_86' title="bbox 1065 1194 1816 1226; baseline -0.009 -1"><span class='ocrx_word' id='word_1_619' title='bbox 1065 1198 1202 1226; x_wconf 74' lang='lat' dir='ltr'><strong>Contiones</strong></span> <span class='ocrx_word' id='word_1_620' title='bbox 1225 1198 1294 1224; x_wconf 68' lang='lat' dir='ltr'><strong>alite.</strong></span> <span class='ocrx_word' id='word_1_621' title='bbox 1314 1211 1350 1217; x_wconf 93' lang='lat'><strong>—</strong></span> <span class='ocrx_word' id='word_1_622' title='bbox 1368 1195 1515 1224; x_wconf 77' lang='lat' dir='ltr'><strong>Antiochia:</strong></span> <span class='ocrx_word' id='word_1_623' title='bbox 1541 1195 1605 1222; x_wconf 83' lang='lat' dir='ltr'><strong>item</strong></span> <span class='ocrx_word' id='word_1_624' title='bbox 1624 1194 1728 1221; x_wconf 89' lang='lat' dir='ltr'><strong>incerto</strong></span> <span class='ocrx_word' id='word_1_625' title='bbox 1745 1198 1816 1218; x_wconf 85' lang='lat' dir='ltr'><strong>anno</strong></span> 
     </span>
    </p>
   </div>
   <div class='ocr_carea' id='block_1_87' title="bbox 1029 1237 1815 1276">
    <p class='ocr_par' dir='ltr' id='par_1_87' title="bbox 1029 1237 1815 1276">
     <span class='ocr_line' id='line_1_87' title="bbox 1029 1237 1815 1276; baseline -0.011 -3"><span class='ocrx_word' id='word_1_626' title='bbox 1029 1245 1184 1273; x_wconf 80' lang='lat' dir='ltr'><strong>Concionem</strong></span> <span class='ocrx_word' id='word_1_627' title='bbox 1197 1243 1290 1271; x_wconf 85' lang='lat' dir='ltr'><strong>habuit</strong></span> <span class='ocrx_word' id='word_1_628' title='bbox 1303 1243 1336 1270; x_wconf 87' lang='lat' dir='ltr'><strong>dc</strong></span> <span class='ocrx_word' id='word_1_629' title='bbox 1349 1242 1378 1270; x_wconf 87' lang='lat' dir='ltr'><strong>S.</strong></span> <span class='ocrx_word' id='word_1_630' title='bbox 1401 1241 1507 1276; x_wconf 86' lang='lat' dir='ltr'><strong>Pelagia</strong></span> <span class='ocrx_word' id='word_1_631' title='bbox 1522 1245 1638 1275; x_wconf 80' lang='lat' dir='ltr'><strong>martyre</strong></span> <span class='ocrx_word' id='word_1_632' title='bbox 1650 1237 1815 1266; x_wconf 82' lang='lat' dir='ltr'><strong>Autiocbena</strong></span> 
     </span>
    </p>
   </div>
   <div class='ocr_carea' id='block_1_88' title="bbox 1030 1284 1814 1326">
    <p class='ocr_par' dir='ltr' id='par_1_88' title="bbox 1030 1284 1814 1326">
     <span class='ocr_line' id='line_1_88' title="bbox 1030 1284 1814 1326; baseline -0.01 -9"><span class='ocrx_word' id='word_1_633' title='bbox 1030 1290 1073 1326; x_wconf 82' lang='grc' dir='ltr'><strong>(Τ.</strong></span> <span class='ocrx_word' id='word_1_634' title='bbox 1087 1290 1115 1317; x_wconf 72' lang='lat'><strong>2.</strong></span> <span class='ocrx_word' id='word_1_635' title='bbox 1130 1300 1153 1318; x_wconf 84' lang='lat' dir='ltr'><strong>c.</strong></span> <span class='ocrx_word' id='word_1_636' title='bbox 1169 1289 1253 1324; x_wconf 76' lang='lat'><strong>579),</strong></span> <span class='ocrx_word' id='word_1_637' title='bbox 1269 1296 1328 1323; x_wconf 78' lang='lat' dir='ltr'><strong>qua:</strong></span> <span class='ocrx_word' id='word_1_638' title='bbox 1349 1294 1411 1314; x_wconf 88' lang='lat' dir='ltr'><strong>cum</strong></span> <span class='ocrx_word' id='word_1_639' title='bbox 1434 1285 1592 1314; x_wconf 83' lang='lat' dir='ltr'><strong>Christiana:</strong></span> <span class='ocrx_word' id='word_1_640' title='bbox 1615 1284 1676 1312; x_wconf 85' lang='lat' dir='ltr'><strong>ﬁdei</strong></span> <span class='ocrx_word' id='word_1_641' title='bbox 1699 1289 1778 1310; x_wconf 78' lang='lat' dir='ltr'><strong>causa</strong></span> <span class='ocrx_word' id='word_1_642' title='bbox 1799 1289 1814 1309; x_wconf 91' lang='lat' dir='ltr'><strong>a</strong></span> 
     </span>
    </p>
   </div>
   <div class='ocr_carea' id='block_1_89' title="bbox 1030 1329 1815 1374">
    <p class='ocr_par' dir='ltr' id='par_1_89' title="bbox 1030 1329 1815 1374">
     <span class='ocr_line' id='line_1_89' title="bbox 1030 1329 1815 1374; baseline -0.011 -10"><span class='ocrx_word' id='word_1_643' title='bbox 1030 1336 1158 1374; x_wconf 82' lang='lat' dir='ltr'><strong>militibus</strong></span> <span class='ocrx_word' id='word_1_644' title='bbox 1169 1334 1324 1363; x_wconf 86' lang='lat' dir='ltr'><strong>abducenda</strong></span> <span class='ocrx_word' id='word_1_645' title='bbox 1336 1338 1422 1366; x_wconf 80' lang='lat' dir='ltr'><strong>esset.</strong></span> <span class='ocrx_word' id='word_1_646' title='bbox 1438 1340 1472 1361; x_wconf 87' lang='lat' dir='ltr'><strong>ne</strong></span> <span class='ocrx_word' id='word_1_647' title='bbox 1487 1331 1629 1367; x_wconf 70' lang='lat' dir='ltr'><strong>virginitati</strong></span> <span class='ocrx_word' id='word_1_648' title='bbox 1649 1337 1704 1358; x_wconf 79' lang='lat' dir='ltr'><strong>sua:</strong></span> <span class='ocrx_word' id='word_1_649' title='bbox 1719 1329 1758 1356; x_wconf 85' lang='lat' dir='ltr'><strong>vis</strong></span> <span class='ocrx_word' id='word_1_650' title='bbox 1773 1329 1815 1356; x_wconf 90' lang='lat' dir='ltr'><strong>in-</strong></span> 
     </span>
    </p>
   </div>
   <div class='ocr_carea' id='block_1_90' title="bbox 1031 1377 1814 1416">
    <p class='ocr_par' dir='ltr' id='par_1_90' title="bbox 1031 1377 1814 1416">
     <span class='ocr_line' id='line_1_90' title="bbox 1031 1377 1814 1416; baseline -0.01 -7"><span class='ocrx_word' id='word_1_651' title='bbox 1031 1382 1162 1415; x_wconf 83' lang='lat' dir='ltr'><strong>ferretur,</strong></span> <span class='ocrx_word' id='word_1_652' title='bbox 1184 1389 1243 1410; x_wconf 85' lang='lat' dir='ltr'><strong>sese</strong></span> <span class='ocrx_word' id='word_1_653' title='bbox 1274 1380 1435 1416; x_wconf 69' lang='lat' dir='ltr'><strong>praecipitem</strong></span> <span class='ocrx_word' id='word_1_654' title='bbox 1466 1378 1555 1410; x_wconf 86' lang='lat' dir='ltr'><strong>dedit,</strong></span> <span class='ocrx_word' id='word_1_655' title='bbox 1582 1382 1610 1405; x_wconf 88' lang='lat' dir='ltr'><strong>ct</strong></span> <span class='ocrx_word' id='word_1_656' title='bbox 1639 1377 1679 1404; x_wconf 88' lang='lat' dir='ltr'><strong>sic</strong></span> <span class='ocrx_word' id='word_1_657' title='bbox 1701 1381 1814 1403; x_wconf 89' lang='lat' dir='ltr'><strong>mortem</strong></span> 
     </span>
    </p>
   </div>
   <div class='ocr_carea' id='block_1_91' title="bbox 1030 1421 1815 1458">
    <p class='ocr_par' dir='ltr' id='par_1_91' title="bbox 1030 1421 1815 1458">
     <span class='ocr_line' id='line_1_91' title="bbox 1030 1421 1815 1458; baseline -0.01 -4"><span class='ocrx_word' id='word_1_658' title='bbox 1030 1427 1080 1454; x_wconf 88' lang='lat' dir='ltr'><strong>sibi</strong></span> <span class='ocrx_word' id='word_1_659' title='bbox 1098 1427 1227 1454; x_wconf 81' lang='lat' dir='ltr'><strong>conscivit</strong></span> <span class='ocrx_word' id='word_1_660' title='bbox 1251 1430 1288 1458; x_wconf 66' lang='grc' dir='ltr'><strong>με·</strong></span> <span class='ocrx_word' id='word_1_661' title='bbox 1306 1435 1357 1455; x_wconf 82' lang='lat' dir='ltr'><strong>qua</strong></span> <span class='ocrx_word' id='word_1_662' title='bbox 1379 1431 1469 1454; x_wconf 83' lang='lat' dir='ltr'><strong>sancta</strong></span> <span class='ocrx_word' id='word_1_663' title='bbox 1484 1423 1585 1458; x_wconf 82' lang='lat' dir='ltr'><strong>virgine</strong></span> <span class='ocrx_word' id='word_1_664' title='bbox 1604 1421 1687 1449; x_wconf 85' lang='lat' dir='ltr'><strong>multa</strong></span> <span class='ocrx_word' id='word_1_665' title='bbox 1711 1427 1815 1448; x_wconf 84' lang='lat' dir='ltr'><strong>mento-</strong></span> 
     </span>
    </p>
   </div>
   <div class='ocr_carea' id='block_1_92' title="bbox 1030 1464 1816 1504">
    <p class='ocr_par' dir='ltr' id='par_1_92' title="bbox 1030 1464 1816 1504">
     <span class='ocr_line' id='line_1_92' title="bbox 1030 1464 1816 1504; baseline -0.01 -5"><span class='ocrx_word' id='word_1_666' title='bbox 1030 1476 1121 1499; x_wconf 85' lang='lat' dir='ltr'><strong>rantur</strong></span> <span class='ocrx_word' id='word_1_667' title='bbox 1128 1471 1155 1499; x_wconf 92' lang='lat' dir='ltr'><strong>in</strong></span> <span class='ocrx_word' id='word_1_668' title='bbox 1162 1469 1264 1498; x_wconf 82' lang='lat' dir='ltr'><strong>Monito</strong></span> <span class='ocrx_word' id='word_1_669' title='bbox 1271 1469 1381 1503; x_wconf 86' lang='lat' dir='ltr'><strong>ibidem,</strong></span> <span class='ocrx_word' id='word_1_670' title='bbox 1388 1473 1577 1504; x_wconf 65' lang='lat' dir='ltr'><strong>quaenonsuut</strong></span> <span class='ocrx_word' id='word_1_671' title='bbox 1590 1465 1731 1502; x_wconf 64' lang='lat' dir='ltr'><strong>praesentis</strong></span> <span class='ocrx_word' id='word_1_672' title='bbox 1740 1464 1816 1492; x_wconf 75' lang='lat' dir='ltr'><strong>insti-</strong></span> 
     </span>
    </p>
   </div>
   <div class='ocr_carea' id='block_1_93' title="bbox 1031 1517 1089 1545">
    <p class='ocr_par' dir='ltr' id='par_1_93' title="bbox 1031 1517 1089 1545">
     <span class='ocr_line' id='line_1_93' title="bbox 1031 1517 1089 1545; baseline -0.017 0"><span class='ocrx_word' id='word_1_673' title='bbox 1031 1517 1089 1545; x_wconf 92' lang='lat' dir='ltr'><strong>tuti.</strong></span> 
     </span>
    </p>
   </div>
   <div class='ocr_carea' id='block_1_94' title="bbox 1067 1553 1817 1597">
    <p class='ocr_par' dir='ltr' id='par_1_94' title="bbox 1067 1553 1817 1597">
     <span class='ocr_line' id='line_1_94' title="bbox 1067 1553 1817 1597; baseline -0.012 -7"><span class='ocrx_word' id='word_1_674' title='bbox 1067 1563 1094 1590; x_wconf 92' lang='lat' dir='ltr'><strong>lu</strong></span> <span class='ocrx_word' id='word_1_675' title='bbox 1107 1566 1226 1590; x_wconf 88' lang='lat' dir='ltr'><strong>sanctum</strong></span> <span class='ocrx_word' id='word_1_676' title='bbox 1240 1568 1347 1597; x_wconf 90' lang='lat' dir='ltr'><strong>quoque</strong></span> <span class='ocrx_word' id='word_1_677' title='bbox 1364 1559 1493 1595; x_wconf 88' lang='lat' dir='ltr'><strong>lgnatium</strong></span> <span class='ocrx_word' id='word_1_678' title='bbox 1510 1557 1650 1593; x_wconf 77' lang='lat' dir='ltr'><strong>Deiferum,</strong></span> <span class='ocrx_word' id='word_1_679' title='bbox 1669 1553 1817 1584; x_wconf 70' lang='lat' dir='ltr'><strong>Antiochia:</strong></span> 
     </span>
    </p>
   </div>
   <div class='ocr_carea' id='block_1_95' title="bbox 1030 1601 1818 1643">
    <p class='ocr_par' dir='ltr' id='par_1_95' title="bbox 1030 1601 1818 1643">
     <span class='ocr_line' id='line_1_95' title="bbox 1030 1601 1818 1643; baseline -0.013 -7"><span class='ocrx_word' id='word_1_680' title='bbox 1030 1609 1183 1643; x_wconf 85' lang='lat' dir='ltr'><strong>episcopum</strong></span> <span class='ocrx_word' id='word_1_681' title='bbox 1204 1611 1231 1634; x_wconf 88' lang='lat' dir='ltr'><strong>et</strong></span> <span class='ocrx_word' id='word_1_682' title='bbox 1247 1611 1400 1641; x_wconf 83' lang='lat' dir='ltr'><strong>martyrem,</strong></span> <span class='ocrx_word' id='word_1_683' title='bbox 1414 1604 1569 1632; x_wconf 86' lang='lat' dir='ltr'><strong>concionem</strong></span> <span class='ocrx_word' id='word_1_684' title='bbox 1594 1602 1686 1630; x_wconf 86' lang='lat' dir='ltr'><strong>habuit</strong></span> <span class='ocrx_word' id='word_1_685' title='bbox 1702 1601 1818 1636; x_wconf 82' lang='lat' dir='ltr'><strong>Chryso-</strong></span> 
     </span>
    </p>
   </div>
   <div class='ocr_carea' id='block_1_96' title="bbox 1031 1646 1818 1688">
    <p class='ocr_par' dir='ltr' id='par_1_96' title="bbox 1031 1646 1818 1688">
     <span class='ocr_line' id='line_1_96' title="bbox 1031 1646 1818 1688; baseline -0.013 -7"><span class='ocrx_word' id='word_1_686' title='bbox 1031 1659 1144 1686; x_wconf 87' lang='lat' dir='ltr'><strong>stomus,</strong></span> <span class='ocrx_word' id='word_1_687' title='bbox 1156 1652 1246 1688; x_wconf 85' lang='lat' dir='ltr'><strong>paucis</strong></span> <span class='ocrx_word' id='word_1_688' title='bbox 1257 1656 1317 1687; x_wconf 88' lang='lat' dir='ltr'><strong>post</strong></span> <span class='ocrx_word' id='word_1_689' title='bbox 1328 1650 1483 1678; x_wconf 89' lang='lat' dir='ltr'><strong>concionem</strong></span> <span class='ocrx_word' id='word_1_690' title='bbox 1496 1649 1522 1676; x_wconf 90' lang='lat' dir='ltr'><strong>in</strong></span> <span class='ocrx_word' id='word_1_691' title='bbox 1533 1649 1562 1676; x_wconf 84' lang='lat' dir='ltr'><strong>S.</strong></span> <span class='ocrx_word' id='word_1_692' title='bbox 1576 1647 1709 1682; x_wconf 88' lang='lat' dir='ltr'><strong>Pelagiam</strong></span> <span class='ocrx_word' id='word_1_693' title='bbox 1724 1646 1818 1673; x_wconf 80' lang='lat' dir='ltr'><strong>diebus</strong></span> 
     </span>
    </p>
   </div>
   <div class='ocr_carea' id='block_1_97' title="bbox 1032 1691 1818 1736">
    <p class='ocr_par' dir='ltr' id='par_1_97' title="bbox 1032 1691 1818 1736">
     <span class='ocr_line' id='line_1_97' title="bbox 1032 1691 1818 1736; baseline -0.011 -10"><span class='ocrx_word' id='word_1_694' title='bbox 1032 1699 1074 1736; x_wconf 88' lang='grc' dir='ltr'><strong>(Τ.</strong></span> <span class='ocrx_word' id='word_1_695' title='bbox 1089 1699 1115 1726; x_wconf 73' lang='lat'><strong>2.</strong></span> <span class='ocrx_word' id='word_1_696' title='bbox 1133 1705 1157 1724; x_wconf 78' lang='grc' dir='ltr'><strong>ε.</strong></span> <span class='ocrx_word' id='word_1_697' title='bbox 1172 1697 1241 1734; x_wconf 80' lang='lat'><strong>587)</strong></span> <span class='ocrx_word' id='word_1_698' title='bbox 1258 1707 1264 1725; x_wconf 95' lang='lat'><strong>:</strong></span> <span class='ocrx_word' id='word_1_699' title='bbox 1279 1698 1312 1725; x_wconf 89' lang='lat' dir='ltr'><strong>de</strong></span> <span class='ocrx_word' id='word_1_700' title='bbox 1320 1704 1390 1724; x_wconf 90' lang='lat' dir='ltr'><strong>anno</strong></span> <span class='ocrx_word' id='word_1_701' title='bbox 1400 1701 1487 1723; x_wconf 81' lang='lat' dir='ltr'><strong>autem</strong></span> <span class='ocrx_word' id='word_1_702' title='bbox 1500 1703 1534 1723; x_wconf 87' lang='lat' dir='ltr'><strong>ne</strong></span> <span class='ocrx_word' id='word_1_703' title='bbox 1546 1694 1699 1728; x_wconf 81' lang='lat' dir='ltr'><strong>conjectum</strong></span> <span class='ocrx_word' id='word_1_704' title='bbox 1711 1691 1818 1727; x_wconf 83' lang='lat' dir='ltr'><strong>quidem</strong></span> 
     </span>
    </p>
   </div>
   <div class='ocr_carea' id='block_1_98' title="bbox 1031 1737 1818 1779">
    <p class='ocr_par' dir='ltr' id='par_1_98' title="bbox 1031 1737 1818 1779">
     <span class='ocr_line' id='line_1_98' title="bbox 1031 1737 1818 1779; baseline -0.013 -6"><span class='ocrx_word' id='word_1_705' title='bbox 1031 1749 1148 1773; x_wconf 89' lang='lat' dir='ltr'><strong>statuere</strong></span> <span class='ocrx_word' id='word_1_706' title='bbox 1160 1743 1294 1779; x_wconf 89' lang='lat' dir='ltr'><strong>quidpiam</strong></span> <span class='ocrx_word' id='word_1_707' title='bbox 1308 1749 1460 1778; x_wconf 83' lang='lat' dir='ltr'><strong>possumus.</strong></span> <span class='ocrx_word' id='word_1_708' title='bbox 1473 1740 1582 1768; x_wconf 79' lang='lat' dir='ltr'><strong>Festum</strong></span> <span class='ocrx_word' id='word_1_709' title='bbox 1598 1739 1627 1766; x_wconf 76' lang='grc' dir='ltr'><strong>δ.</strong></span> <span class='ocrx_word' id='word_1_710' title='bbox 1644 1737 1735 1773; x_wconf 88' lang='lat' dir='ltr'><strong>lgnatii</strong></span> <span class='ocrx_word' id='word_1_711' title='bbox 1747 1737 1818 1764; x_wconf 84' lang='lat' dir='ltr'><strong>cele-</strong></span> 
     </span>
    </p>
   </div>
   <div class='ocr_carea' id='block_1_99' title="bbox 1032 1783 1818 1824">
    <p class='ocr_par' dir='ltr' id='par_1_99' title="bbox 1032 1783 1818 1824">
     <span class='ocr_line' id='line_1_99' title="bbox 1032 1783 1818 1824; baseline -0.014 -6"><span class='ocrx_word' id='word_1_712' title='bbox 1032 1790 1124 1818; x_wconf 89' lang='lat' dir='ltr'><strong>bratur</strong></span> <span class='ocrx_word' id='word_1_713' title='bbox 1136 1788 1205 1824; x_wconf 87' lang='lat' dir='ltr'><strong>apud</strong></span> <span class='ocrx_word' id='word_1_714' title='bbox 1213 1796 1261 1816; x_wconf 87' lang='lat' dir='ltr'><strong>nos</strong></span> <span class='ocrx_word' id='word_1_715' title='bbox 1274 1788 1359 1823; x_wconf 89' lang='lat' dir='ltr'><strong>printa</strong></span> <span class='ocrx_word' id='word_1_716' title='bbox 1369 1785 1516 1817; x_wconf 83' lang='lat' dir='ltr'><strong>Februarii,</strong></span> <span class='ocrx_word' id='word_1_717' title='bbox 1526 1783 1596 1819; x_wconf 89' lang='lat' dir='ltr'><strong>apud</strong></span> <span class='ocrx_word' id='word_1_718' title='bbox 1607 1783 1716 1810; x_wconf 64' lang='lat' dir='ltr'><strong>Graecos</strong></span> <span class='ocrx_word' id='word_1_719' title='bbox 1727 1786 1818 1808; x_wconf 88' lang='lat' dir='ltr'><strong>autem</strong></span> 
     </span>
    </p>
   </div>
   <div class='ocr_carea' id='block_1_100' title="bbox 1031 1827 1820 1871">
    <p class='ocr_par' dir='ltr' id='par_1_100' title="bbox 1031 1827 1820 1871">
     <span class='ocr_line' id='line_1_100' title="bbox 1031 1827 1820 1871; baseline -0.013 -8"><span class='ocrx_word' id='word_1_720' title='bbox 1031 1836 1157 1871; x_wconf 84' lang='lat' dir='ltr'><strong>vigesima</strong></span> <span class='ocrx_word' id='word_1_721' title='bbox 1169 1835 1213 1862; x_wconf 91' lang='lat' dir='ltr'><strong>die</strong></span> <span class='ocrx_word' id='word_1_722' title='bbox 1226 1832 1395 1865; x_wconf 83' lang='lat' dir='ltr'><strong>Decembris;</strong></span> <span class='ocrx_word' id='word_1_723' title='bbox 1411 1831 1472 1866; x_wconf 83' lang='lat' dir='ltr'><strong>quia</strong></span> <span class='ocrx_word' id='word_1_724' title='bbox 1485 1838 1549 1857; x_wconf 86' lang='lat' dir='ltr'><strong>vero</strong></span> <span class='ocrx_word' id='word_1_725' title='bbox 1560 1830 1586 1856; x_wconf 94' lang='lat' dir='ltr'><strong>in</strong></span> <span class='ocrx_word' id='word_1_726' title='bbox 1601 1829 1663 1856; x_wconf 82' lang='lat' dir='ltr'><strong>Mss.</strong></span> <span class='ocrx_word' id='word_1_727' title='bbox 1680 1827 1758 1855; x_wconf 88' lang='lat' dir='ltr'><strong>etiam</strong></span> <span class='ocrx_word' id='word_1_728' title='bbox 1772 1834 1820 1853; x_wconf 89' lang='lat' dir='ltr'><strong>an-</strong></span> 
     </span>
    </p>
   </div>
   <div class='ocr_carea' id='block_1_101' title="bbox 1032 1871 1818 1916">
    <p class='ocr_par' dir='ltr' id='par_1_101' title="bbox 1032 1871 1818 1916">
     <span class='ocr_line' id='line_1_101' title="bbox 1032 1871 1818 1916; baseline -0.014 -8"><span class='ocrx_word' id='word_1_729' title='bbox 1032 1880 1189 1916; x_wconf 79' lang='lat' dir='ltr'><strong>tiquissimis</strong></span> <span class='ocrx_word' id='word_1_730' title='bbox 1200 1883 1308 1906; x_wconf 90' lang='lat' dir='ltr'><strong>notatur</strong></span> <span class='ocrx_word' id='word_1_731' title='bbox 1320 1885 1351 1905; x_wconf 85' lang='lat' dir='ltr'><strong>ea</strong></span> <span class='ocrx_word' id='word_1_732' title='bbox 1367 1877 1422 1911; x_wconf 85' lang='lat' dir='ltr'><strong>ipsa</strong></span> <span class='ocrx_word' id='word_1_733' title='bbox 1436 1875 1494 1903; x_wconf 87' lang='lat' dir='ltr'><strong>dies</strong></span> <span class='ocrx_word' id='word_1_734' title='bbox 1513 1874 1640 1908; x_wconf 80' lang='lat' dir='ltr'><strong>vigesima</strong></span> <span class='ocrx_word' id='word_1_735' title='bbox 1655 1871 1818 1902; x_wconf 81' lang='lat' dir='ltr'><strong>Decembris,</strong></span> 
     </span>
    </p>
   </div>
   <div class='ocr_carea' id='block_1_102' title="bbox 1031 1918 1825 1954">
    <p class='ocr_par' dir='ltr' id='par_1_102' title="bbox 1031 1918 1825 1954">
     <span class='ocr_line' id='line_1_102' title="bbox 1031 1918 1825 1954; baseline -0.013 -2"><span class='ocrx_word' id='word_1_736' title='bbox 1031 1925 1176 1954; x_wconf 83' lang='lat' dir='ltr'><strong>verisimile</strong></span> <span class='ocrx_word' id='word_1_737' title='bbox 1199 1924 1303 1951; x_wconf 82' lang='lat' dir='ltr'><strong>videtur</strong></span> <span class='ocrx_word' id='word_1_738' title='bbox 1318 1923 1362 1950; x_wconf 92' lang='lat' dir='ltr'><strong>illa</strong></span> <span class='ocrx_word' id='word_1_739' title='bbox 1378 1922 1423 1949; x_wconf 88' lang='lat' dir='ltr'><strong>die</strong></span> <span class='ocrx_word' id='word_1_740' title='bbox 1440 1921 1558 1948; x_wconf 87' lang='lat' dir='ltr'><strong>habitam</strong></span> <span class='ocrx_word' id='word_1_741' title='bbox 1581 1919 1664 1946; x_wconf 79' lang='lat' dir='ltr'><strong>fuisse</strong></span> <span class='ocrx_word' id='word_1_742' title='bbox 1677 1918 1746 1944; x_wconf 85' lang='lat' dir='ltr'><strong>hanc</strong></span> <span class='ocrx_word' id='word_1_743' title='bbox 1759 1923 1825 1943; x_wconf 88' lang='lat' dir='ltr'><strong>con-</strong></span> 
     </span>
    </p>
   </div>
   <div class='ocr_carea' id='block_1_103' title="bbox 1031 1960 1822 2002">
    <p class='ocr_par' dir='ltr' id='par_1_103' title="bbox 1031 1960 1822 2002">
     <span class='ocr_line' id='line_1_103' title="bbox 1031 1960 1822 2002; baseline -0.015 -3"><span class='ocrx_word' id='word_1_744' title='bbox 1031 1973 1146 2002; x_wconf 85' lang='lat' dir='ltr'><strong>cionem,</strong></span> <span class='ocrx_word' id='word_1_745' title='bbox 1160 1977 1212 1998; x_wconf 93' lang='lat' dir='ltr'><strong>non</strong></span> <span class='ocrx_word' id='word_1_746' title='bbox 1226 1974 1314 1996; x_wconf 84' lang='lat' dir='ltr'><strong>autem</strong></span> <span class='ocrx_word' id='word_1_747' title='bbox 1330 1968 1360 1994; x_wconf 85' lang='lat' dir='ltr'><strong>l&#39;l</strong></span> <span class='ocrx_word' id='word_1_748' title='bbox 1375 1965 1528 1994; x_wconf 84' lang='lat' dir='ltr'><strong>Decembris</strong></span> <span class='ocrx_word' id='word_1_749' title='bbox 1541 1985 1548 1997; x_wconf 92' lang='lat'><strong>,</strong></span> <span class='ocrx_word' id='word_1_750' title='bbox 1561 1971 1611 1999; x_wconf 90' lang='lat' dir='ltr'><strong>qua</strong></span> <span class='ocrx_word' id='word_1_751' title='bbox 1625 1963 1667 1990; x_wconf 92' lang='lat' dir='ltr'><strong>die</strong></span> <span class='ocrx_word' id='word_1_752' title='bbox 1683 1960 1822 1989; x_wconf 82' lang='lat' dir='ltr'><strong>translatio</strong></span> 
     </span>
    </p>
   </div>
   <div class='ocr_carea' id='block_1_104' title="bbox 1032 2009 1822 2051">
    <p class='ocr_par' dir='ltr' id='par_1_104' title="bbox 1032 2009 1822 2051">
     <span class='ocr_line' id='line_1_104' title="bbox 1032 2009 1822 2051; baseline -0.014 -8"><span class='ocrx_word' id='word_1_753' title='bbox 1032 2017 1089 2051; x_wconf 68' lang='lat' dir='ltr'><strong>ejus</strong></span> <span class='ocrx_word' id='word_1_754' title='bbox 1101 2015 1249 2043; x_wconf 84' lang='lat' dir='ltr'><strong>celebratur</strong></span> <span class='ocrx_word' id='word_1_755' title='bbox 1268 2014 1295 2040; x_wconf 91' lang='lat' dir='ltr'><strong>in</strong></span> <span class='ocrx_word' id='word_1_756' title='bbox 1309 2011 1428 2040; x_wconf 83' lang='lat' dir='ltr'><strong>Ecclesia</strong></span> <span class='ocrx_word' id='word_1_757' title='bbox 1451 2011 1581 2042; x_wconf 76' lang='lat' dir='ltr'><strong>Romana,</strong></span> <span class='ocrx_word' id='word_1_758' title='bbox 1607 2013 1636 2035; x_wconf 89' lang='lat' dir='ltr'><strong>ut</strong></span> <span class='ocrx_word' id='word_1_759' title='bbox 1653 2011 1727 2034; x_wconf 85' lang='lat' dir='ltr'><strong>recte</strong></span> <span class='ocrx_word' id='word_1_760' title='bbox 1746 2009 1822 2033; x_wconf 88' lang='lat' dir='ltr'><strong>notat</strong></span> 
     </span>
    </p>
   </div>
   <div class='ocr_carea' id='block_1_105' title="bbox 1032 2055 1822 2093">
    <p class='ocr_par' dir='ltr' id='par_1_105' title="bbox 1032 2055 1822 2093">
     <span class='ocr_line' id='line_1_105' title="bbox 1032 2055 1822 2093; baseline -0.014 -4"><span class='ocrx_word' id='word_1_761' title='bbox 1032 2063 1131 2090; x_wconf 85' lang='lat' dir='ltr'><strong>Fronto</strong></span> <span class='ocrx_word' id='word_1_762' title='bbox 1152 2061 1272 2092; x_wconf 73' lang='lat' dir='ltr'><strong>Ducants,</strong></span> <span class='ocrx_word' id='word_1_763' title='bbox 1295 2059 1339 2093; x_wconf 92' lang='lat' dir='ltr'><strong>qui</strong></span> <span class='ocrx_word' id='word_1_764' title='bbox 1354 2064 1408 2085; x_wconf 87' lang='lat' dir='ltr'><strong>tres</strong></span> <span class='ocrx_word' id='word_1_765' title='bbox 1426 2057 1483 2092; x_wconf 89' lang='lat' dir='ltr'><strong>ejus</strong></span> <span class='ocrx_word' id='word_1_766' title='bbox 1500 2055 1686 2082; x_wconf 88' lang='lat' dir='ltr'><strong>translationes</strong></span> <span class='ocrx_word' id='word_1_767' title='bbox 1704 2059 1822 2080; x_wconf 88' lang='lat' dir='ltr'><strong>comme-</strong></span> 
     </span>
    </p>
   </div>
   <div class='ocr_carea' id='block_1_106' title="bbox 1033 2096 1822 2142">
    <p class='ocr_par' dir='ltr' id='par_1_106' title="bbox 1033 2096 1822 2142">
     <span class='ocr_line' id='line_1_106' title="bbox 1033 2096 1822 2142; baseline -0.015 -7"><span class='ocrx_word' id='word_1_768' title='bbox 1033 2113 1135 2138; x_wconf 80' lang='lat' dir='ltr'><strong>morat:</strong></span> <span class='ocrx_word' id='word_1_769' title='bbox 1151 2107 1263 2142; x_wconf 86' lang='lat' dir='ltr'><strong>primatu</strong></span> <span class='ocrx_word' id='word_1_770' title='bbox 1283 2105 1366 2132; x_wconf 76' lang='lat' dir='ltr'><strong>Roma</strong></span> <span class='ocrx_word' id='word_1_771' title='bbox 1387 2101 1566 2134; x_wconf 80' lang='lat' dir='ltr'><strong>Antiochiam,</strong></span> <span class='ocrx_word' id='word_1_772' title='bbox 1583 2104 1612 2128; x_wconf 90' lang='lat' dir='ltr'><strong>ut</strong></span> <span class='ocrx_word' id='word_1_773' title='bbox 1632 2098 1759 2134; x_wconf 88' lang='lat' dir='ltr'><strong>putabant</strong></span> <span class='ocrx_word' id='word_1_774' title='bbox 1781 2096 1822 2124; x_wconf 91' lang='lat' dir='ltr'><strong>di-</strong></span> 
     </span>
    </p>
   </div>
   <div class='ocr_carea' id='block_1_107' title="bbox 1032 2146 1823 2189">
    <p class='ocr_par' dir='ltr' id='par_1_107' title="bbox 1032 2146 1823 2189">
     <span class='ocr_line' id='line_1_107' title="bbox 1032 2146 1823 2189; baseline -0.014 -7"><span class='ocrx_word' id='word_1_775' title='bbox 1032 2154 1124 2189; x_wconf 86' lang='lat' dir='ltr'><strong>scipuli</strong></span> <span class='ocrx_word' id='word_1_776' title='bbox 1152 2154 1227 2188; x_wconf 86' lang='lat' dir='ltr'><strong>ejus,</strong></span> <span class='ocrx_word' id='word_1_777' title='bbox 1252 2152 1296 2187; x_wconf 89' lang='lat' dir='ltr'><strong>qui</strong></span> <span class='ocrx_word' id='word_1_778' title='bbox 1317 2151 1382 2178; x_wconf 79' lang='lat' dir='ltr'><strong>Acta</strong></span> <span class='ocrx_word' id='word_1_779' title='bbox 1401 2149 1573 2184; x_wconf 84' lang='lat' dir='ltr'><strong>scripserant,</strong></span> <span class='ocrx_word' id='word_1_780' title='bbox 1597 2146 1704 2182; x_wconf 88' lang='lat' dir='ltr'><strong>quando</strong></span> <span class='ocrx_word' id='word_1_781' title='bbox 1724 2151 1823 2179; x_wconf 85' lang='lat' dir='ltr'><strong>nempo</strong></span> 
     </span>
    </p>
   </div>
   <div class='ocr_carea' id='block_1_108' title="bbox 1032 2190 1822 2235">
    <p class='ocr_par' dir='ltr' id='par_1_108' title="bbox 1032 2190 1822 2235">
     <span class='ocr_line' id='line_1_108' title="bbox 1032 2190 1822 2235; baseline -0.015 -7"><span class='ocrx_word' id='word_1_782' title='bbox 1032 2200 1149 2235; x_wconf 70' lang='lat' dir='ltr'><strong>reliquis:</strong></span> <span class='ocrx_word' id='word_1_783' title='bbox 1173 2199 1230 2233; x_wconf 86' lang='lat' dir='ltr'><strong>ejus</strong></span> <span class='ocrx_word' id='word_1_784' title='bbox 1251 2197 1386 2225; x_wconf 80' lang='lat' dir='ltr'><strong>translata:</strong></span> <span class='ocrx_word' id='word_1_785' title='bbox 1405 2199 1487 2222; x_wconf 87' lang='lat' dir='ltr'><strong>sunt:</strong></span> <span class='ocrx_word' id='word_1_786' title='bbox 1502 2201 1563 2221; x_wconf 87' lang='lat' dir='ltr'><strong>nam</strong></span> <span class='ocrx_word' id='word_1_787' title='bbox 1582 2193 1773 2228; x_wconf 87' lang='lat' dir='ltr'><strong>Chrysostomo</strong></span> <span class='ocrx_word' id='word_1_788' title='bbox 1795 2190 1822 2217; x_wconf 86' lang='lat' dir='ltr'><strong>in</strong></span> 
     </span>
    </p>
   </div>
   <div class='ocr_carea' id='block_1_109' title="bbox 1033 2236 1810 2278">
    <p class='ocr_par' dir='ltr' id='par_1_109' title="bbox 1033 2236 1810 2278">
     <span class='ocr_line' id='line_1_109' title="bbox 1033 2236 1810 2278; baseline -0.015 -4"><span class='ocrx_word' id='word_1_789' title='bbox 1033 2247 1083 2274; x_wconf 89' lang='lat' dir='ltr'><strong>hac</strong></span> <span class='ocrx_word' id='word_1_790' title='bbox 1097 2245 1204 2273; x_wconf 87' lang='lat' dir='ltr'><strong>ltomilia</strong></span> <span class='ocrx_word' id='word_1_791' title='bbox 1219 2252 1251 2271; x_wconf 92' lang='lat' dir='ltr'><strong>ac</strong></span> <span class='ocrx_word' id='word_1_792' title='bbox 1263 2244 1422 2278; x_wconf 85' lang='lat' dir='ltr'><strong>Hieronymo</strong></span> <span class='ocrx_word' id='word_1_793' title='bbox 1435 2240 1562 2272; x_wconf 84' lang='lat' dir='ltr'><strong>testibus,</strong></span> <span class='ocrx_word' id='word_1_794' title='bbox 1578 2246 1638 2267; x_wconf 87' lang='lat' dir='ltr'><strong>ossa</strong></span> <span class='ocrx_word' id='word_1_795' title='bbox 1654 2238 1711 2272; x_wconf 89' lang='lat' dir='ltr'><strong>ejus</strong></span> <span class='ocrx_word' id='word_1_796' title='bbox 1729 2236 1810 2263; x_wconf 84' lang='lat' dir='ltr'><strong>Antio</strong></span> 
     </span>
    </p>
   </div>
   <div class='ocr_carea' id='block_1_110' title="bbox 1033 2282 1822 2327">
    <p class='ocr_par' dir='ltr' id='par_1_110' title="bbox 1033 2282 1822 2327">
     <span class='ocr_line' id='line_1_110' title="bbox 1033 2282 1822 2327; baseline -0.015 -7"><span class='ocrx_word' id='word_1_797' title='bbox 1033 2293 1099 2320; x_wconf 83' lang='lat' dir='ltr'><strong>chia:</strong></span> <span class='ocrx_word' id='word_1_798' title='bbox 1119 2291 1292 2327; x_wconf 82' lang='lat' dir='ltr'><strong>quiescebant</strong></span> <span class='ocrx_word' id='word_1_799' title='bbox 1301 2311 1309 2324; x_wconf 93' lang='lat'><strong>,</strong></span> <span class='ocrx_word' id='word_1_800' title='bbox 1322 2293 1349 2316; x_wconf 90' lang='lat' dir='ltr'><strong>et</strong></span> <span class='ocrx_word' id='word_1_801' title='bbox 1361 2288 1468 2323; x_wconf 88' lang='lat' dir='ltr'><strong>quidem</strong></span> <span class='ocrx_word' id='word_1_802' title='bbox 1481 2291 1556 2314; x_wconf 77' lang='lat' dir='ltr'><strong>extra</strong></span> <span class='ocrx_word' id='word_1_803' title='bbox 1569 2289 1673 2320; x_wconf 87' lang='lat' dir='ltr'><strong>portam</strong></span> <span class='ocrx_word' id='word_1_804' title='bbox 1689 2282 1822 2318; x_wconf 84' lang='lat' dir='ltr'><strong>Daphutti-</strong></span> 
     </span>
    </p>
   </div>
   <div class='ocr_carea' id='block_1_111' title="bbox 1035 2327 1822 2366">
    <p class='ocr_par' dir='ltr' id='par_1_111' title="bbox 1035 2327 1822 2366">
     <span class='ocr_line' id='line_1_111' title="bbox 1035 2327 1822 2366; baseline -0.014 -1"><span class='ocrx_word' id='word_1_805' title='bbox 1035 2345 1096 2365; x_wconf 74' lang='lat' dir='ltr'><strong>rant</strong></span> <span class='ocrx_word' id='word_1_806' title='bbox 1115 2337 1142 2364; x_wconf 91' lang='lat' dir='ltr'><strong>in</strong></span> <span class='ocrx_word' id='word_1_807' title='bbox 1161 2333 1334 2365; x_wconf 69' lang='lat' dir='ltr'><strong>cmmeterio,</strong></span> <span class='ocrx_word' id='word_1_808' title='bbox 1352 2330 1441 2366; x_wconf 79' lang='lat' dir='ltr'><strong>inquit</strong></span> <span class='ocrx_word' id='word_1_809' title='bbox 1461 2332 1638 2366; x_wconf 79' lang='lat' dir='ltr'><strong>Hieronymus</strong></span> <span class='ocrx_word' id='word_1_810' title='bbox 1656 2329 1683 2356; x_wconf 91' lang='lat' dir='ltr'><strong>in</strong></span> <span class='ocrx_word' id='word_1_811' title='bbox 1698 2329 1768 2355; x_wconf 90' lang='lat' dir='ltr'><strong>libro</strong></span> <span class='ocrx_word' id='word_1_812' title='bbox 1787 2327 1822 2354; x_wconf 82' lang='lat' dir='ltr'><strong>de</strong></span> 
     </span>
    </p>
   </div>
   <div class='ocr_carea' id='block_1_112' title="bbox 1033 2373 1823 2418">
    <p class='ocr_par' dir='ltr' id='par_1_112' title="bbox 1033 2373 1823 2418">
     <span class='ocr_line' id='line_1_112' title="bbox 1033 2373 1823 2418; baseline -0.015 -7"><span class='ocrx_word' id='word_1_813' title='bbox 1033 2382 1213 2418; x_wconf 89' lang='lat' dir='ltr'><strong>Scriptoribus</strong></span> <span class='ocrx_word' id='word_1_814' title='bbox 1237 2378 1439 2408; x_wconf 83' lang='lat' dir='ltr'><strong>Ecclesiasticis.</strong></span> <span class='ocrx_word' id='word_1_815' title='bbox 1463 2376 1585 2405; x_wconf 89' lang='lat' dir='ltr'><strong>Secunda</strong></span> <span class='ocrx_word' id='word_1_816' title='bbox 1612 2373 1750 2402; x_wconf 84' lang='lat' dir='ltr'><strong>translatio</strong></span> <span class='ocrx_word' id='word_1_817' title='bbox 1773 2373 1823 2399; x_wconf 85' lang='lat' dir='ltr'><strong>itit-</strong></span> 
     </span>
    </p>
   </div>
   <div class='ocr_carea' id='block_1_113' title="bbox 1035 2420 1823 2463">
    <p class='ocr_par' dir='ltr' id='par_1_113' title="bbox 1035 2420 1823 2463">
     <span class='ocr_line' id='line_1_113' title="bbox 1035 2420 1823 2463; baseline -0.01 -9"><span class='ocrx_word' id='word_1_818' title='bbox 1035 2433 1143 2463; x_wconf 66' lang='lat' dir='ltr'><strong>parante</strong></span> <span class='ocrx_word' id='word_1_819' title='bbox 1151 2425 1301 2454; x_wconf 84' lang='lat' dir='ltr'><strong>Theodosio</strong></span> <span class='ocrx_word' id='word_1_820' title='bbox 1312 2424 1332 2451; x_wconf 98' lang='lat' dir='ltr'><strong>ll</strong></span> <span class='ocrx_word' id='word_1_821' title='bbox 1340 2423 1408 2451; x_wconf 81' lang='lat' dir='ltr'><strong>facta</strong></span> <span class='ocrx_word' id='word_1_822' title='bbox 1414 2427 1464 2456; x_wconf 86' lang='lat' dir='ltr'><strong>est,</strong></span> <span class='ocrx_word' id='word_1_823' title='bbox 1473 2429 1532 2449; x_wconf 89' lang='lat' dir='ltr'><strong>cum</strong></span> <span class='ocrx_word' id='word_1_824' title='bbox 1540 2420 1675 2456; x_wconf 83' lang='lat' dir='ltr'><strong>cjusjussu</strong></span> <span class='ocrx_word' id='word_1_825' title='bbox 1685 2427 1718 2446; x_wconf 83' lang='lat' dir='ltr'><strong>ex</strong></span> <span class='ocrx_word' id='word_1_826' title='bbox 1727 2426 1823 2446; x_wconf 69' lang='lat' dir='ltr'><strong>cmme~</strong></span> 
     </span>
    </p>
   </div>
   <div class='ocr_carea' id='block_1_114' title="bbox 1035 2465 1824 2507">
    <p class='ocr_par' dir='ltr' id='par_1_114' title="bbox 1035 2465 1824 2507">
     <span class='ocr_line' id='line_1_114' title="bbox 1035 2465 1824 2507; baseline -0.014 -6"><span class='ocrx_word' id='word_1_827' title='bbox 1035 2475 1101 2501; x_wconf 81' lang='lat' dir='ltr'><strong>terio</strong></span> <span class='ocrx_word' id='word_1_828' title='bbox 1114 2474 1140 2500; x_wconf 91' lang='lat' dir='ltr'><strong>in</strong></span> <span class='ocrx_word' id='word_1_829' title='bbox 1153 2472 1278 2507; x_wconf 83' lang='lat' dir='ltr'><strong>templum</strong></span> <span class='ocrx_word' id='word_1_830' title='bbox 1290 2470 1414 2498; x_wconf 84' lang='lat' dir='ltr'><strong>Fortuna:</strong></span> <span class='ocrx_word' id='word_1_831' title='bbox 1424 2469 1481 2504; x_wconf 86' lang='lat' dir='ltr'><strong>ejus</strong></span> <span class='ocrx_word' id='word_1_832' title='bbox 1496 2475 1555 2494; x_wconf 91' lang='lat' dir='ltr'><strong>ossa</strong></span> <span class='ocrx_word' id='word_1_833' title='bbox 1567 2465 1692 2493; x_wconf 86' lang='lat' dir='ltr'><strong>translata</strong></span> <span class='ocrx_word' id='word_1_834' title='bbox 1706 2469 1779 2496; x_wconf 79' lang='lat' dir='ltr'><strong>sunt.</strong></span> <span class='ocrx_word' id='word_1_835' title='bbox 1795 2469 1824 2491; x_wconf 91' lang='lat' dir='ltr'><strong>ct</strong></span> 
     </span>
    </p>
   </div>
   <div class='ocr_carea' id='block_1_115' title="bbox 1035 2513 1849 2555">
    <p class='ocr_par' dir='ltr' id='par_1_115' title="bbox 1035 2513 1849 2555">
     <span class='ocr_line' id='line_1_115' title="bbox 1035 2513 1849 2555; baseline -0.012 -8"><span class='ocrx_word' id='word_1_836' title='bbox 1035 2520 1162 2555; x_wconf 79' lang='lat' dir='ltr'><strong>templum</strong></span> <span class='ocrx_word' id='word_1_837' title='bbox 1176 2519 1237 2545; x_wconf 90' lang='lat' dir='ltr'><strong>olim</strong></span> <span class='ocrx_word' id='word_1_838' title='bbox 1250 2516 1415 2544; x_wconf 73' lang='lat' dir='ltr'><strong>dmmonibus</strong></span> <span class='ocrx_word' id='word_1_839' title='bbox 1425 2515 1551 2547; x_wconf 83' lang='lat' dir='ltr'><strong>dicatum,</strong></span> <span class='ocrx_word' id='word_1_840' title='bbox 1563 2513 1674 2548; x_wconf 87' lang='lat' dir='ltr'><strong>martyri</strong></span> <span class='ocrx_word' id='word_1_841' title='bbox 1686 2519 1824 2540; x_wconf 72' lang='lat' dir='ltr'><strong>consecru~</strong></span> <span class='ocrx_word' id='word_1_842' title='bbox 1846 2531 1849 2534; x_wconf 46' lang='grc' dir='ltr'><strong><em>ι</em></strong></span> 
     </span>
    </p>
   </div>
   <div class='ocr_carea' id='block_1_116' title="bbox 1036 2557 1823 2599">
    <p class='ocr_par' dir='ltr' id='par_1_116' title="bbox 1036 2557 1823 2599">
     <span class='ocr_line' id='line_1_116' title="bbox 1036 2557 1823 2599; baseline -0.015 -5"><span class='ocrx_word' id='word_1_843' title='bbox 1036 2573 1090 2594; x_wconf 89' lang='lat' dir='ltr'><strong>tum</strong></span> <span class='ocrx_word' id='word_1_844' title='bbox 1105 2571 1155 2597; x_wconf 73' lang='lat' dir='ltr'><strong>est,</strong></span> <span class='ocrx_word' id='word_1_845' title='bbox 1172 2564 1257 2599; x_wconf 84' lang='lat' dir='ltr'><strong>inquit</strong></span> <span class='ocrx_word' id='word_1_846' title='bbox 1271 2562 1409 2596; x_wconf 81' lang='lat' dir='ltr'><strong>Evagrius.</strong></span> <span class='ocrx_word' id='word_1_847' title='bbox 1425 2560 1541 2588; x_wconf 85' lang='lat' dir='ltr'><strong>Tertiam</strong></span> <span class='ocrx_word' id='word_1_848' title='bbox 1557 2558 1756 2586; x_wconf 85' lang='lat' dir='ltr'><strong>translationem</strong></span> <span class='ocrx_word' id='word_1_849' title='bbox 1772 2557 1823 2583; x_wconf 82' lang='lat' dir='ltr'><strong>An-</strong></span> 
     </span>
    </p>
   </div>
   <div class='ocr_carea' id='block_1_117' title="bbox 1035 2603 1817 2641">
    <p class='ocr_par' dir='ltr' id='par_1_117' title="bbox 1035 2603 1817 2641">
     <span class='ocr_line' id='line_1_117' title="bbox 1035 2603 1817 2641; baseline -0.015 -2"><span class='ocrx_word' id='word_1_850' title='bbox 1035 2611 1131 2639; x_wconf 82' lang='lat' dir='ltr'><strong>tiochia</strong></span> <span class='ocrx_word' id='word_1_851' title='bbox 1155 2610 1267 2637; x_wconf 79' lang='lat' dir='ltr'><strong>Romam</strong></span> <span class='ocrx_word' id='word_1_852' title='bbox 1291 2611 1421 2635; x_wconf 88' lang='lat' dir='ltr'><strong>metnorat</strong></span> <span class='ocrx_word' id='word_1_853' title='bbox 1433 2605 1647 2641; x_wconf 78' lang='lat' dir='ltr'><strong>Martyrologium</strong></span> <span class='ocrx_word' id='word_1_854' title='bbox 1662 2603 1817 2632; x_wconf 79' lang='lat' dir='ltr'><strong>Romanum.</strong></span> 
     </span>
    </p>
   </div>
   <div class='ocr_carea' id='block_1_118' title="bbox 1035 2648 1821 2686">
    <p class='ocr_par' dir='ltr' id='par_1_118' title="bbox 1035 2648 1821 2686">
     <span class='ocr_line' id='line_1_118' title="bbox 1035 2648 1821 2686; baseline -0.015 -1"><span class='ocrx_word' id='word_1_855' title='bbox 1035 2665 1095 2686; x_wconf 89' lang='lat' dir='ltr'><strong>cum</strong></span> <span class='ocrx_word' id='word_1_856' title='bbox 1116 2657 1141 2684; x_wconf 93' lang='lat' dir='ltr'><strong>in</strong></span> <span class='ocrx_word' id='word_1_857' title='bbox 1155 2655 1266 2683; x_wconf 85' lang='lat' dir='ltr'><strong>ecclesia</strong></span> <span class='ocrx_word' id='word_1_858' title='bbox 1281 2654 1309 2680; x_wconf 84' lang='lat' dir='ltr'><strong>S.</strong></span> <span class='ocrx_word' id='word_1_859' title='bbox 1328 2653 1472 2680; x_wconf 90' lang='lat' dir='ltr'><strong>Clementis</strong></span> <span class='ocrx_word' id='word_1_860' title='bbox 1487 2651 1623 2679; x_wconf 89' lang='lat' dir='ltr'><strong>recondita</strong></span> <span class='ocrx_word' id='word_1_861' title='bbox 1641 2654 1712 2677; x_wconf 87' lang='lat' dir='ltr'><strong>sunt.</strong></span> <span class='ocrx_word' id='word_1_862' title='bbox 1727 2648 1755 2675; x_wconf 91' lang='lat' dir='ltr'><strong>lu</strong></span> <span class='ocrx_word' id='word_1_863' title='bbox 1773 2648 1821 2674; x_wconf 80' lang='lat' dir='ltr'><strong>hac</strong></span> 
     </span>
    </p>
   </div>
   <div class='ocr_carea' id='block_1_119' title="bbox 1035 2692 1821 2735">
    <p class='ocr_par' dir='ltr' id='par_1_119' title="bbox 1035 2692 1821 2735">
     <span class='ocr_line' id='line_1_119' title="bbox 1035 2692 1821 2735; baseline -0.015 -5"><span class='ocrx_word' id='word_1_864' title='bbox 1035 2711 1098 2730; x_wconf 80' lang='lat' dir='ltr'><strong>vero</strong></span> <span class='ocrx_word' id='word_1_865' title='bbox 1111 2701 1238 2729; x_wconf 89' lang='lat' dir='ltr'><strong>concione</strong></span> <span class='ocrx_word' id='word_1_866' title='bbox 1256 2699 1461 2735; x_wconf 76' lang='lat' dir='ltr'><strong>Chrysostomus</strong></span> <span class='ocrx_word' id='word_1_867' title='bbox 1478 2697 1605 2732; x_wconf 82' lang='lat' dir='ltr'><strong>lgnalium</strong></span> <span class='ocrx_word' id='word_1_868' title='bbox 1619 2696 1656 2722; x_wconf 88' lang='lat' dir='ltr'><strong>ait</strong></span> <span class='ocrx_word' id='word_1_869' title='bbox 1671 2694 1733 2721; x_wconf 83' lang='lat' dir='ltr'><strong>leris</strong></span> <span class='ocrx_word' id='word_1_870' title='bbox 1748 2692 1821 2726; x_wconf 63' lang='lat' dir='ltr'><strong>olijr-</strong></span> 
     </span>
    </p>
   </div>
   <div class='ocr_carea' id='block_1_120' title="bbox 1036 2739 1817 2782">
    <p class='ocr_par' dir='ltr' id='par_1_120' title="bbox 1036 2739 1817 2782">
     <span class='ocr_line' id='line_1_120' title="bbox 1036 2739 1817 2782; baseline -0.015 -5"><span class='ocrx_word' id='word_1_871' title='bbox 1036 2755 1106 2777; x_wconf 82' lang='lat' dir='ltr'><strong>ctuni</strong></span> <span class='ocrx_word' id='word_1_872' title='bbox 1123 2748 1237 2782; x_wconf 88' lang='lat' dir='ltr'><strong>quinque</strong></span> <span class='ocrx_word' id='word_1_873' title='bbox 1249 2753 1362 2774; x_wconf 85' lang='lat' dir='ltr'><strong>coronas</strong></span> <span class='ocrx_word' id='word_1_874' title='bbox 1375 2751 1518 2776; x_wconf 79' lang='lat' dir='ltr'><strong>meruisse;</strong></span> <span class='ocrx_word' id='word_1_875' title='bbox 1532 2743 1595 2771; x_wconf 89' lang='lat' dir='ltr'><strong>dicit</strong></span> <span class='ocrx_word' id='word_1_876' title='bbox 1607 2743 1715 2776; x_wconf 77' lang='lat' dir='ltr'><strong>insuper</strong></span> <span class='ocrx_word' id='word_1_877' title='bbox 1729 2739 1817 2767; x_wconf 80' lang='lat' dir='ltr'><strong>Antio-</strong></span> 
     </span>
    </p>
   </div>
   <div class='ocr_carea' id='block_1_121' title="bbox 1036 2791 1555 2824">
    <p class='ocr_par' dir='ltr' id='par_1_121' title="bbox 1036 2791 1555 2824">
     <span class='ocr_line' id='line_1_121' title="bbox 1036 2791 1555 2824; baseline -0.013 -1"><span class='ocrx_word' id='word_1_878' title='bbox 1036 2796 1103 2824; x_wconf 76' lang='lat' dir='ltr'><strong>chia:</strong></span> <span class='ocrx_word' id='word_1_879' title='bbox 1113 2795 1225 2822; x_wconf 90' lang='lat' dir='ltr'><strong>ducenta</strong></span> <span class='ocrx_word' id='word_1_880' title='bbox 1240 2793 1375 2820; x_wconf 89' lang='lat' dir='ltr'><strong>hominum</strong></span> <span class='ocrx_word' id='word_1_881' title='bbox 1391 2791 1472 2818; x_wconf 89' lang='lat' dir='ltr'><strong>millia</strong></span> <span class='ocrx_word' id='word_1_882' title='bbox 1486 2798 1555 2817; x_wconf 84' lang='lat' dir='ltr'><strong>esse.</strong></span> 
     </span>
    </p>
   </div>
   <div class='ocr_carea' id='block_1_122' title="bbox 1074 2834 1820 2875">
    <p class='ocr_par' dir='ltr' id='par_1_122' title="bbox 1074 2834 1820 2875">
     <span class='ocr_line' id='line_1_122' title="bbox 1074 2834 1820 2875; baseline -0.013 -5"><span class='ocrx_word' id='word_1_883' title='bbox 1074 2843 1194 2875; x_wconf 82' lang='lat' dir='ltr'><strong>Aliquam</strong></span> <span class='ocrx_word' id='word_1_884' title='bbox 1209 2841 1366 2869; x_wconf 71' lang='lat' dir='ltr'><strong>concioninn</strong></span> <span class='ocrx_word' id='word_1_885' title='bbox 1388 2837 1534 2866; x_wconf 68' lang='lat' dir='ltr'><strong>Antiochia:</strong></span> <span class='ocrx_word' id='word_1_886' title='bbox 1555 2836 1703 2864; x_wconf 78' lang='lat' dir='ltr'><strong>habitatum</strong></span> <span class='ocrx_word' id='word_1_887' title='bbox 1726 2834 1820 2862; x_wconf 82' lang='lat' dir='ltr'><strong>seriem</strong></span> 
     </span>
    </p>
   </div>
   <div class='ocr_carea' id='block_1_123' title="bbox 1617 2891 1653 2920">
    <p class='ocr_par' dir='ltr' id='par_1_123' title="bbox 1617 2891 1653 2920">
     <span class='ocr_line' id='line_1_123' title="bbox 1617 2891 1653 2920; baseline 0 0"><span class='ocrx_word' id='word_1_888' title='bbox 1617 2891 1653 2920; x_wconf 79' lang='grc'><strong>11</strong></span> 
     </span>
    </p>
   </div>
  </div>
