2034 3109
244 157 288 186 [Si
787 155 814 183 S.
835 153 974 182 JUANNIS
993 151 1230 182 CHRYSOSTOMI
1253 154 1342 185 \‘ll'A,

243 215 319 242 nobis
335 214 434 242 indicat
447 213 492 248 (Τ.
519 214 545 240 6.
561 223 585 241 ε.
607 211 668 248 155)
684 213 739 248 ipse
757 211 963 240 Cltl‘\'\nslttlltlls
980 219 1033 239 ser-

241 268 321 288 ntone
333 260 419 295 primo
436 259 469 288 de
489 259 576 287 verbis
585 259 718 291 Jeremiae,
733 265 794 287 eum
810 259 846 286 ait
861 267 888 286 n.
910 259 920 286 l
945 265 952 284 :
968 257 1034 284 Pro-

242 311 327 342 pterea
339 307 371 333 de
383 306 458 334 Petra
471 311 494 333 et
509 298 592 333 Paulo
613 313 694 340 nuper
716 305 936 334 disseruissem“.
959 309 982 331 rt
1003 305 1035 331 de

241 358 330 380 exortu
349 354 414 380 inter
433 353 500 388 ipso:
516 352 657 379 Antiochia:
673 356 859 383 controversia,
875 359 1035 386 pugnamque

240 399 322 432 illum,
335 407 391 434 qua:
402 399 466 426 inter
473 407 514 426 eos
522 407 575 426 esse
586 398 725 431 videbatur,
737 406 799 433 pace
810 397 896 433 quavis
909 398 1034 424 utiliorem

239 444 308 472 vobis
321 445 523 477 ostendissemus,
541 453 646 480 eumque
659 444 694 471 ad
706 449 860 480 prteruptam
876 449 900 471 et
918 451 1034 480 asperam

239 498 284 517 ro:
297 490 368 516 illaut
382 490 448 517 viam
461 487 663 522 deduxissentus,
677 489 712 516 ad
723 489 795 516 aliud
806 494 982 524 argumentum
992 497 1035 516 vos

241 536 420 569 Muluxintus,
442 535 504 562 dum
524 535 590 562 beati
614 534 741 562 Eustalltii
769 535 896 570 praeeunt
922 543 1036 562 sermone

241 581 366 616 rontplan'
376 589 474 614 sumus,
486 585 508 607 et
516 585 571 616 post
583 580 656 607 illum
669 572 782 616 generosi
795 580 912 616 martyri:
926 580 1035 607 Romani

243 626 332 654 lauda
350 627 540 662 percurrimus,
564 634 621 653 cum
639 626 764 653 illustrius
785 625 856 653 nobis
879 625 975 660 factum
1001 630 1036 652 est

244 673 386 705 theatrum,
410 673 521 708 amplior
546 672 686 708 applaustts
707 678 731 700 et
747 673 830 708 major
851 673 971 708 strepitus
993 680 1036 699 uc-

242 719 418 747 clamantium.

279 766 418 793 (ἱσητίοηιό
433 765 639 800 alim—Quam
652 766 763 802 primam
778 766 821 794 hic
832 770 962 794 memorat
972 773 1038 794 con-

245 812 369 845 cionem,
386 820 417 840 ea
431 817 482 845 est,
499 820 579 848 quant
607 818 667 848 post
687 813 829 841 lectionem
854 813 981 848 Epistula:
1003 813 1036 839 ad

244 857 351 885 Galatas
361 857 404 894 (Τ.
419 859 445 886 3.
458 866 481 885 ι.
490 858 554 895 571)
568 859 716 886 Antiochia:
729 859 820 886 habuit
833 859 1037 894 Chrysostomns

245 902 271 930 in
287 903 362 936 ilhul,
377 903 410 930 lu
426 903 517 940 facient
529 903 608 931 Petro
621 905 713 932 restiti.
728 904 835 931 Veritus
848 905 919 931 enim
932 912 964 931 ne
978 908 1036 930 lan-

247 949 312 980 tilla,
326 958 386 984 qu=e
401 949 444 978 ltic
463 951 662 986 apparet‘inler
682 951 790 978 Petrum
805 954 832 978 et
851 950 973 984 Paulum,
986 951 1037 977 lic-

245 996 335 1023 elcsia:
356 997 505 1030 Columnas,
526 996 659 1024 dissensio
684 997 787 1031 piorum
810 997 913 1024 animos
935 1001 1039 1032 pertur-

246 1041 330 1074 baret,
346 1041 422 1077 longa
444 1042 531 1069 locnttt
545 1042 627 1070 illum
642 1043 764 1070 oratione
777 1042 920 1077 explanare
935 1042 1036 1069 nititur.

245 1086 340 1114 Statim
354 1087 470 1122 explicat
483 1092 581 1123 quanta
594 1088 656 1115 ltinc
669 1087 836 1115 incommoda
848 1092 1000 1122 sequantur,
1016 1088 1037 1114 si

245 1140 310 1161 vere
319 1137 347 1160 et
359 1133 516 1168 objurgandi
530 1134 629 1166 animo,
641 1134 764 1169 plurimis
773 1135 961 1170 pnesentibus,
976 1142 1039 1169 apo-

246 1179 362 1207 tolorum
383 1179 554 1215 coryphzcum
571 1180 675 1208 'Paulus
695 1180 730 1207 sit
748 1181 869 1208 adortus.
893 1180 959 1207 llinc
973 1180 1039 1207 duas

246 1226 317 1252 circa
327 1226 398 1253 hunc
411 1226 499 1253 locum
512 1226 661 1254 sententias
670 1226 756 1261 aperit
767 1227 911 1261 statimque
925 1225 1037 1253 refutat:

246 1278 360 1305 quantm
380 1271 454 1306 prior
469 1277 520 1304 est,
540 1271 659 1303 Petrum,
678 1271 712 1299 de
729 1279 782 1306 quo
801 1271 844 1298 hic
866 1272 969 1307 agitur,
986 1279 1039 1298 non

247 1316 430 1351 apostolorum
443 1317 602 1352 principem,
617 1317 665 1344 sed
677 1317 758 1344 alium
769 1324 829 1344 esse
837 1318 1038 1352 cognominem;

249 1363 333 1389 altera
353 1363 446 1390 statuit
467 1370 557 1390 verant
580 1370 640 1391 esse
661 1364 907 1398 reprehensionem,
928 1371 982 1391 nec
1002 1363 1040 1390 si-

247 1406 346 1435 mulate
369 1407 476 1435 factam.
499 1409 600 1436 Deinde
622 1417 688 1436 vero
709 1416 786 1436 suant
809 1409 853 1436 ille
869 1409 1040 1445 profer-topi-

248 1452 372 1480 nionem:
387 1460 484 1488 netnpe
495 1454 632 1489 apostolos
644 1454 753 1482 Petrum
766 1459 794 1481 et
804 1454 914 1482 Paulum
928 1455 960 1482 ad
973 1455 1041 1482 hanc

247 1497 317 1533 piant
338 1498 536 1528 simulationem
565 1504 673 1535 paratos
698 1500 892 1535 meditatosque
913 1501 1039 1533 Venisse,

250 1551 337 1579 exque
350 1549 427 1579 pacto
439 1549 466 1572 et
481 1550 613 1573 convento
627 1546 696 1573 inter
709 1546 802 1574 ambos
817 1546 900 1579 inito;
916 1551 970 1573 tum
982 1554 1012 1574 se
1025 1554 1041 1574 a

248 1590 375 1625 gentibus
391 1598 546 1626 scgregasse
561 1591 668 1619 l'etrum
678 1612 685 1624 ,
702 1599 735 1618 ne
751 1591 777 1619 in
789 1591 941 1619 Judceorum
957 1591 1041 1619 olfen-

247 1636 350 1663 sionem
367 1642 534 1670 occurreret,
557 1641 611 1665 tum
632 1637 742 1666 Paulum
762 1637 787 1665 ei
807 1638 834 1665 in
850 1637 943 1665 faciem
965 1638 1041 1665 resti-

248 1682 324 1714 tisse,
347 1682 392 1709 illo
419 1691 471 1710 non
495 1683 654 1717 reluctante,
669 1683 730 1718 quia
752 1683 890 1711 amborum
913 1691 944 1711 ea
965 1691 1041 1711 tuens

247 1730 320 1759 crat,
335 1733 364 1754 ut
379 1727 443 1762 legis
455 1728 547 1763 jugum
567 1729 691 1764 gentibus
704 1736 758 1756 non
777 1729 969 1764 imponeretur.
983 1729 1042 1757 Cae-

249 1776 335 1799 terum
349 1772 532 1808 Chrysostomi
546 1774 646 1809 opinio,
661 1782 720 1809 qua:
745 1775 779 1802 ab
793 1774 906 1809 Origene
919 1782 1041 1803 manasse

248 1816 376 1851 creditur,
391 1818 425 1845 ab
439 1818 602 1854 Hieronymo
615 1820 729 1855 pritnunt
743 1825 907 1856 propngnata
917 1840 924 1852 ,
940 1820 974 1848 ab
991 1822 1042 1848 Au-

247 1864 355 1898 gustino
368 1864 480 1893 refutatu
495 1871 545 1899 est,
560 1871 699 1895 asserente
718 1875 808 1894 veram
823 1875 872 1895 ttec
889 1868 1040 1895 simulatam

249 1910 330 1938 fuisse
348 1911 422 1939 Pauli
443 1912 691 1947 reprcltcnsionent,
706 1914 742 1941 ita
761 1918 789 1940 ut.
806 1913 864 1949 ejus
877 1915 1041 1949 argumentis

247 1956 357 1984 cederet
384 1958 442 1993 ipse
463 1959 653 1995 Hieronymus.
676 1959 735 1987 Non
756 1959 852 1988 desunt
883 1965 970 1988 tamen
995 1961 1041 1995 qui

249 2003 361 2036 primam
376 2005 536 2031 sententiam
546 2025 554 2038 ,
567 2013 627 2040 qua:
640 2005 747 2033 Petrum
769 2006 802 2033 ab
823 2006 944 2042 apostolo
959 2007 1041 2034 alium

247 2049 355 2081 asserit,
367 2057 417 2077 nec
425 2058 468 2085 qm
481 2051 625 2078 secundam
636 2059 651 2078 a
662 2051 852 2088 Chrysostomo
862 2059 1041 2088 oppugnatam

248 2092 380 2129 hodieque
395 2095 550 2124 defendant.

284 2139 358 2168 llattc
370 2142 525 2170 concionent
538 2143 644 2178 excepit
656 2143 769 2172 llontilia
783 2144 826 2180 (Τ.
841 2144 870 2172 2.
886 2155 909 2173 c.
921 2145 989 2180 595)
1013 2145 1039 2173 itt

249 2186 279 2215 S.
297 2187 464 2215 Eustathium
475 2189 671 2217 Antiochenam
686 2189 852 2225 episcopum,
864 2190 909 2226 qui
919 2190 952 2218 ab
963 2192 1041 2219 Aria-

249 2235 302 2268 nis,
312 2235 387 2270 queis
398 2235 541 2262 admodunt
552 2235 664 2263 infestus
674 2240 742 2268 erat,
754 2235 901 2269 abdicatus,
909 2242 936 2265 et
946 2245 1040 2269 eorum

248 2290 330 2317 opera
351 2283 376 2309 in
389 2282 512 2309 exsilium
532 2282 692 2309 amandatus
707 2282 802 2310 fuerat.
822 2283 861 2310 De
880 2283 939 2310 loca
954 2284 1040 2311 exsilii

249 2336 302 2356 non
317 2336 368 2355 una
382 2334 424 2356 est
438 2328 588 2361 sententia;
614 2327 788 2363 Hieronymo,
808 2329 853 2364 qui
875 2328 939 2356 dicit
954 2330 1040 2365 ipsum

248 2375 269 2402 Τ
273 2374 447 2409 rajanopolim
475 2375 500 2402 in
525 2367 638 2402 Thracia
664 2374 815 2410 ablegatum
841 2376 922 2403 fuisse
937 2396 944 2408 ,
970 2379 1040 2404 taret

247 2421 465 2456 Chrysostotnns,
482 2421 526 2456 qui
549 2422 586 2448 ait
599 2421 658 2456 ejus
678 2428 775 2457 corpus
792 2421 819 2448 in
833 2421 945 2450 Thracia
969 2431 1038 2452 esse.

248 2467 306 2494 Alia
320 2467 431 2502 plurima
446 2468 478 2494 dc
492 2467 632 2495 Eustathio
647 2467 762 2495 diximus
775 2468 803 2495 itt
813 2468 912 2496 Muttito
923 2470 956 2497 ad
972 2470 1041 2498 hanc

248 2513 416 2546 concionem,
439 2514 483 2541 ubi
507 2514 566 2541 vide
585 2515 632 2541 sis.
656 2514 683 2542 ltt
698 2514 756 2549 ejus
769 2520 858 2542 autem
872 2515 1040 2545 abdicatione

249 2563 302 2586 tota
320 2567 388 2594 pene
401 2560 532 2588 seditione
553 2561 726 2596 conﬂagravit
747 2562 899 2590 Antiochia.
923 2564 1040 2591 Armatis

247 2606 319 2632 enim
335 2606 468 2641 utrimque
481 2607 610 2641 partibus,
623 2608 785 2643 adscitisque
798 2609 935 2641 militibus,
950 2610 1040 2637 omnia

246 2657 323 2679 erant
335 2652 367 2678 ad
381 2660 492 2687 pugnant
508 2658 534 2679 et
550 2652 709 2680 horrendam
722 2653 825 2681 cladetn
845 2659 957 2689 parata;
973 2663 1039 2683 ven-

247 2704 356 2734 tumque
372 2699 462 2726 luisset
473 2699 506 2726 ad
521 2699 633 2735 gladios,
649 2700 698 2727 nisi
718 2701 936 2735 supervenientes
955 2701 1039 2737 Impe-

247 2746 344 2772 ratoris
374 2746 458 2773 litt-nc
487 2746 592 2781 plebem
621 2747 858 2781 cotupescuiasent.
886 2747 1040 2782 ’l‘amenqne

1829 155 1878 182 1.32

1124 211 1187 238 Post
1209 212 1350 240 llomiliam
1373 212 1398 240 in
1421 212 1450 240 S.
1476 213 1643 240 Enstalhium
1663 212 1707 247 (Τ.
1730 212 1757 239 ‘3.
1777 220 1800 239 c.
1816 213 1881 248 603)

1087 257 1294 294 Chrysostomus
1309 259 1464 286 Eneontinm
1479 267 1504 286 tn
1523 260 1551 287 S.
1569 260 1717 287 Bouianunt
1733 260 1880 288 Ληιιοιιιθ-

1089 311 1151 330 nunt
1166 304 1307 340 Martyrem
1324 305 1443 340 protulit.
1459 305 1491 332 de
1506 314 1559 340 quo
1572 305 1695 332 nonnulla
1716 311 1779 333 sunt
1793 306 1818 333 in
1832 306 1881 333 du-

1089 350 1160 377 bium
1177 357 1278 383 vocata,
1293 359 1353 386 quin
1376 351 1400 378 in
1417 351 1515 378 Monito
1533 352 1728 386 expenduntur.
1746 352 1880 380 Romanus

1089 396 1133 423 ille
1156 400 1206 428 est,
1222 396 1266 431 qui
1289 401 1427 431 postquam
1449 397 1535 431 lingua
1551 402 1686 432 amputata
1711 397 1759 432 ipsi
1779 397 1834 428 fuit.
1853 402 1881 424 ut

1088 446 1166 470 antea
1180 442 1346 478 loquebatur.
1359 443 1448 470 Altera
1463 443 1487 470 in
1499 443 1528 472 S.
1544 443 1692 470 Rontanum
1708 443 1814 470 homilia
1832 443 1881 470 ibi-

1089 488 1149 515 dem
1169 489 1299 524 Sequitur,
1313 489 1389 524 cujus
1404 489 1488 524 stylus
1509 488 1691 524 Cht‘ysostouti
1706 489 1811 516 dicendi
1834 497 1881 524 ge-

1089 534 1146 561 neri
1171 539 1223 560 lant
1244 534 1373 561 absimilis
1388 533 1503 566 videtur,
1527 538 1556 561 ut
1571 535 1614 561 vix
1629 534 1700 561 credi
1721 535 1807 569 possit
1818 542 1879 562 esse

1089 579 1118 607 S.
1131 579 1248 607 doctoris
1260 587 1329 615 opus
1349 589 1356 607 :
1371 581 1459 607 onntia
1482 580 1565 615 tropis
1589 580 1880 616 exclamationibusque

1089 625 1249 658 redundant,
1265 630 1292 652 et
1307 625 1397 653 nescio
1411 625 1472 661 quid
1495 626 1664 661 peregrinum
1688 625 1770 653 olent.
1793 626 1880 660 Quare

1089 670 1225 698 crederent
1238 671 1324 705 potius
1336 678 1395 698 esse
1406 671 1542 705 eujnsdam
1553 671 1699 707 presbyteri
1710 671 1878 704 Antiocheui,

1089 717 1133 752 qui
1147 718 1197 744 sub
1211 717 1338 745 Flaviano
1352 717 1469 744 alternas
1484 725 1544 744 cum
1559 716 1751 752 Chrysostonto
1771 717 1880 744 concio-

1090 762 1169 789 nandi
1182 767 1270 798 partes
1283 766 1382 797 ageret,
1395 762 1421 790 id
1433 762 1503 797 quod
1517 762 1731 797 frequentissime
1743 763 1882 790 accidebat

1089 807 1135 836 illo
1151 813 1288 843 tempore;
1303 809 1337 836 ita
1354 813 1382 835 ut
1397 808 1457 835 dua:
1473 813 1560 836 tresve
1573 808 1715 836 conciones
1728 809 1823 836 eodem
1837 809 1881 836 die

1089 855 1259 884 continenter
1274 855 1438 882 dicerentur.

1126 902 1318 938 Cbrysostomo
1327 901 1404 935 duce,
1419 905 1446 928 ut
1459 909 1538 937 supra
1551 901 1650 929 dictant
1659 907 1710 933 est,
1722 906 1781 937 post
1790 902 1883 929 llomi-

1091 948 1152 976 liam
1161 948 1186 975 in
1197 947 1226 975 S.
1235 947 1383 975 Romanum
1393 951 1546 980 martyrem,
1558 948 1680 982 ponimus
1692 948 1846 975 concionem
1854 947 1882 976 in

1091 994 1153 1021 illud
1168 992 1342 1028 .lcremitn(T.
1354 993 1379 1020 6.
1393 1000 1417 1019 c.
1428 991 1490 1029 155)
1501 991 1634 1024 :Dotniue,
1644 998 1738 1020 nonest
1749 993 1884 1020 inltomiue

1090 1041 1131 1068 via
1143 1041 1208 1076 ejus,
1220 1048 1298 1076 neque
1309 1041 1383 1066 homo
1394 1039 1447 1072 ibit,
1466 1044 1488 1066 et
1502 1039 1592 1074 diriget
1604 1047 1715 1074 gressum
1725 1048 1798 1066 suum
1813 1039 1881 1075 (Jer.

1091 1087 1135 1115 10.
1148 1088 1206 1124 25).
1222 1088 1280 1121 Quo
1295 1087 1354 1114 loco
1364 1092 1391 1114 et
1404 1086 1537 1122 pleriSquc
1553 1086 1612 1113 aliis
1624 1086 1649 1112 in
1660 1085 1796 1121 Scriptura
1806 1095 1882 1113 saera

1091 1134 1221 1161 similibus
1235 1133 1411 1161 abolebantur
1425 1132 1510 1165 multi,
1521 1132 1565 1167 qui
1581 1131 1704 1159 dicebant
1721 1140 1774 1159 tton
1789 1140 1822 1158 ex
1834 1140 1882 1158 xo-

1091 1179 1193 1207 luntate
1201 1178 1346 1206 etarbitrio
1354 1183 1443 1205 nostro
1454 1177 1570 1213 pendere
1578 1182 1606 1204 ut
1619 1177 1661 1204 vel
1670 1177 1768 1204 bouutn
1782 1177 1822 1204 vel
1831 1185 1883 1203 tua-

1091 1226 1145 1253 lnnt
1161 1233 1280 1261 agamus.
1294 1225 1348 1252 llos
1357 1224 1528 1252 vehementer
1539 1224 1658 1257 increpat
1666 1223 1882 1259 Chrysostomus,

1091 1271 1258 1306 afﬁrntatqne
1271 1278 1352 1305 penes
1363 1270 1501 1297 arbitrium
1515 1274 1634 1297 nostrum
1648 1277 1709 1296 esse
1728 1269 1769 1296 vel
1784 1269 1884 1296 bomnu

1093 1318 1134 1346 \‘el
1146 1319 1243 1345 tnaluut
1262 1325 1357 1352 agere;
1373 1325 1425 1344 non
1439 1316 1509 1352 quod
1520 1316 1552 1343 ad
1568 1316 1664 1343 bonum
1684 1315 1815 1351 agenduttt
1830 1324 1884 1343 non

1092 1373 1217 1400 egeamus
1229 1364 1311 1399 gratia
1326 1363 1391 1396 Dei;
1404 1371 1465 1390 nam
1482 1368 1510 1389 ut
1523 1362 1584 1389 alibi
1606 1370 1679 1396 smpe
1693 1362 1767 1394 dicit,
1785 1362 1885 1389 volenti

1092 1419 1197 1446 semper
1210 1410 1286 1437 adest
1298 1410 1380 1444 gratia
1403 1409 1460 1441 Dei,
1475 1417 1524 1436 nec
1537 1409 1582 1444 qui
1604 1414 1706 1443 peccat,
1731 1410 1822 1444 gratia.-
1837 1409 1885 1435 dc~

1092 1457 1189 1484 fectant
1203 1461 1288 1492 potest
1303 1463 1426 1490 umquam
1443 1456 1468 1482 in
1481 1455 1679 1482 excusationem
1693 1454 1848 1482 obtendere.

1128 1503 1265 1531 Conciones
1278 1502 1309 1529 tle
1329 1502 1535 1529 Maeculut'is.—
1547 1501 1601 1529 llas
1621 1505 1767 1536 sequuntur
1778 1507 1832 1528 tres
1851 1502 1886 1529 de

1092 1548 1246 1577 lllaccabtcis
1261 1548 1415 1581 conciones,
1429 1556 1487 1582 qua:
1502 1547 1599 1574 nullam
1614 1556 1667 1582 pra:
1680 1555 1710 1575 se
1724 1547 1885 1575 l'erutttanni

1093 1600 1182 1622 notant
1193 1593 1236 1630 (Τ.
1250 1593 1277 1620 2.
1302 1592 1415 1628 c.617).
1432 1593 1508 1620 l’rior
1523 1598 1634 1620 matrem
1650 1594 1797 1628 pra-sertiut
1814 1594 1885 1620 Mae-

1091 1641 1242 1668 eabzeoruut
1264 1647 1279 1667 a
1299 1639 1449 1667 constantia
1465 1639 1599 1673 animique
1624 1639 1720 1666 robore
1742 1639 1883 1673 plurimum

1092 1685 1271 1714 commendat.
1294 1685 1426 1718 Secunda,
1449 1685 1492 1713 die
1517 1685 1664 1720 insequenti
1685 1685 1785 1715 habita,
1801 1686 1884 1720 septi-

1093 1739 1165 1758 tttum
1185 1731 1370 1766 jnnioremque
1389 1738 1421 1758 ex
1444 1730 1599 1758 hlaceabzcis
1621 1731 1742 1758 laudibus
1761 1736 1884 1764 exornat,

1092 1784 1178 1804 matre
1192 1785 1297 1812 quoque
1320 1776 1464 1804 identidem
1487 1777 1512 1804 itt
1529 1776 1636 1803 latuluttt
1663 1782 1764 1811 parteut
1781 1783 1883 1804 vocata.

1093 1823 1167 1851 llanc
1181 1823 1331 1850 breviorem
1352 1821 1708 1858 Chrysostontusltomiliaut
1730 1822 1887 1857 pronuntia-

1093 1870 1146 1902 vit;
1174 1873 1199 1896 ut
1225 1869 1339 1904 pluribus
1357 1888 1365 1901 ,
1393 1868 1486 1902 inquit,
1515 1868 1554 1894 illi
1581 1867 1698 1894 laudibus
1720 1876 1737 1893 tt
1759 1868 1887 1895 communi

1092 1917 1194 1944 doctore
1217 1915 1423 1948 cumularentur,
1446 1922 1542 1950 nempe
1566 1922 1581 1941 a
1602 1915 1728 1942 Flmiauo
1747 1916 1886 1949 episcopo,

1092 1963 1137 1998 qui
1164 1966 1222 1998 post
1242 1961 1462 1997 Cltrysostonttnn
1485 1960 1690 1987 conciottaturus
1711 1964 1779 1987 erat.
1796 1959 1888 1987 Tertia

1092 2009 1210 2036 otnnium
1227 2008 1384 2035 brmissima
1398 2007 1423 2034 in
1436 2006 1598 2033 Maccabteos
1612 2005 1730 2037 ltomilia,
1746 2013 1761 2032 a
1773 2005 1890 2032 uounul—

1092 2053 1125 2082 lis
1141 2055 1165 2081 itt
1179 2053 1361 2088 illegitintitatis
1376 2052 1556 2088 suspicionem
1570 2056 1690 2083 vocatur,
1708 2058 1756 2078 nec
1771 2051 1891 2086 injuria:

1092 2108 1153 2127 nam
1167 2099 1221 2127 olet
1232 2105 1304 2127 certe
1315 2098 1495 2133 peregrinum.
1505 2096 1571 2132 Slyli
1581 2104 1665 2132 genus
1678 2096 1821 2131 strigosum
1833 2101 1891 2129 est;

1091 2147 1181 2175 omnia
1203 2147 1277 2182 quasi
1307 2146 1334 2172 itt
1356 2149 1508 2172 transcursu
1523 2144 1657 2171 dicuntur.
1681 2143 1772 2178 Neque
1796 2148 1894 2172 tamen

1091 2201 1151 2221 eam
1165 2193 1223 2220 loco
1235 2191 1394 2220 movendam
1403 2198 1463 2219 esse
1475 2190 1562 2226 putavi
1575 2199 1582 2216 :
1594 2190 1659 2217 satis
1669 2190 1741 2217 enim
1751 2189 1803 2216 crit
1815 2198 1899 2217 scru-

1093 2240 1184 2275 pulum
1201 2239 1342 2270 indicasse,
1357 2246 1390 2266 tte
1404 2238 1464 2273 quis
1483 2245 1542 2265 eatn
1559 2242 1588 2264 ut
1601 2242 1705 2264 certum
1720 2236 1749 2264 S.
1767 2237 1903 2265 doctoris

1093 2286 1174 2314 fetum
1191 2285 1295 2313 habeat.
1311 2284 1379 2319 Quid
1394 2291 1468 2316 vero,
1484 2284 1506 2310 si
1519 2283 1640 2310 dicamus
1652 2283 1720 2310 hanc
1735 2283 1878 2310 Iun-tiliam
1891 2305 1904 2317 ,

1092 2341 1152 2368 qua:
1166 2339 1231 2359 sane
1246 2330 1401 2358 brevissima
1415 2334 1465 2361 est,
1483 2329 1553 2356 illam
1563 2336 1624 2356 esse
1637 2337 1716 2363 quatn
1731 2328 1906 2357 Flavianutu

1091 2380 1246 2414 episcopum
1271 2385 1332 2404 mox
1348 2376 1576 2411 pronuntiaturum
1599 2382 1658 2402 esse
1680 2374 1785 2402 diccbat
1804 2381 1909 2408 supra

1091 2424 1316 2461 Chrysostomus?
1340 2422 1419 2450 Certe
1438 2421 1505 2449 nihil
1519 2421 1607 2453 video,
1622 2419 1693 2455 quod
1716 2427 1765 2447 nos
1778 2420 1812 2446 ab
1837 2419 1913 2449 huc

1092 2472 1218 2506 opinione
1231 2470 1367 2497 dimovere
1381 2468 1475 2503 possit.

1128 2519 1192 2546 Alia:
1215 2516 1336 2544 Itotniluz'.
1357 2514 1555 2542 —-Conciones
1578 2512 1604 2540 in
1628 2512 1791 2540 Maceabazos
1811 2517 1919 2547 sequi

1092 2565 1172 2593 debet
1185 2563 1297 2591 llontilia
1311 2562 1345 2590 de
1357 2562 1385 2589 S.
1401 2560 1556 2597 Martyribus
1570 2559 1717 2587 Antiochia:
1739 2559 1827 2585 habita
1846 2560 1918 2594 (T_

1091 2611 1119 2638 ‘2.
1141 2618 1166 2637 ε.
1181 2609 1265 2642 645);
1281 2617 1341 2636 nam
1358 2616 1431 2635 ntttn.
1449 2609 1460 2634 1
1479 2607 1564 2634 innuit
1581 2606 1624 2633 ille
1638 2613 1667 2632 se
1687 2605 1755 2632 hanc
1769 2613 1924 2639 promtu-

1093 2657 1174 2684 tiasse
1184 2655 1263 2691 paulo
1274 2659 1333 2690 post
1346 2653 1554 2681 lllaccabzeorum
1563 2651 1768 2683 solemnitatem,
1778 2655 1927 2685 quando

1092 2703 1236 2731 Flavianus
1247 2701 1389 2736 episcopus
1402 2704 1547 2735 ntartyruttt
1572 2698 1669 2725 festum
1687 2697 1740 2724 ruri
1764 2696 1928 2729 ςυιυιιτει-

1093 2756 1168 2779 turus
1180 2750 1318 2782 abscessit,
1329 2752 1408 2783 atque
1418 2747 1610 2783 Chrysostomo
1629 2745 1654 2772 in
1669 2745 1724 2779 ipsa
1741 2744 1806 2771 urbe
1823 2752 1933 2775 cun.

1092 2795 1217 2824 etonantli
1241 2794 1403 2830 provinciam
1418 2792 1533 2827 reliquit.
1550 2792 1578 2819 ltt
1598 2791 1648 2818 ltac
1662 2795 1751 2817 autent
1777 2789 1934 2824 hunﬁlia

1093 2843 1126 2870 dc
1140 2847 1284 2876 martyrum
1301 2841 1396 2867 \‘irtutc
1409 2839 1515 2874 egre-git:
1528 2838 1635 2865 disserit
1645 2837 1675 2865 S.
1686 2836 1795 2863 doctor:
1814 2844 1936 2870 qula

1093 2897 1186 2917 eorum
1204 2895 1263 2914 ossa
1278 2885 1335 2921 plus
1351 2885 1383 2912 ad
1398 2885 1520 2917 salutent,
1537 2883 1569 2911 ad
1589 2882 1849 2918 cotnpunctionetn,
1884 2889 1940 2918 ad

248 2793 339 2820 Ariani
355 2790 410 2821 sua:
424 2800 505 2822 sccuc
517 2794 650 2821 hominem
665 2794 818 2828 episcopum
833 2794 1038 2821 constituerunt.

250 2839 404 2874 lltrindcquc
421 2839 550 2867 Catholici
566 2840 590 2866 in
601 2839 667 2866 duas
677 2844 704 2866 et
719 2839 766 2874 ipsi
781 2844 869 2874 partes
880 2839 956 2866 divisi
967 2846 1038 2867 sunt:

248 2892 308 2920 qu:
326 2887 414 2913 munia
428 2886 482 2920 jam
498 2885 612 2914 diximus
628 2895 707 2922 supra
723 2892 748 2914 et
765 2886 791 2914 itt
813 2886 907 2915 eodem
929 2887 1038 2915 lllonito.
