2034 3109
184 145 236 175 155

183 200 364 236 νωιιίιίιιιιῖιιιη
374 201 498 229 conferre
511 200 586 233 dicit,
599 208 677 236 quam
689 201 829 230 doctorum
845 210 973 238 quorum-

183 248 245 276 libet
259 248 338 275 verba
352 248 611 283 admonitionesqne.
628 248 695 276 llinc
710 249 805 276 transit
818 249 850 276 ad
866 257 913 278 eos
929 250 973 285 qui

183 294 306 330 mysteria
320 293 427 328 indigne
441 294 608 329 participant,
619 294 751 330 edicitque
762 295 821 323 illos
832 304 883 323 non
897 303 974 323 secus

184 339 337 374 plectendos
357 346 428 371 esse,
453 347 532 374 quam
546 347 593 366 eos
607 339 651 374 qui
675 340 815 368 Dominum
835 341 975 369 crucifixc-

182 390 252 413 runt.
277 384 403 411 l‘ermulti
428 392 493 412 vero
513 389 571 419 post
597 384 666 413 hanc
680 385 796 413 habitam
819 387 974 415 concionem

184 432 246 459 dicti
262 431 332 458 illius
356 431 528 459 acerbitatem
552 439 604 459 non
629 433 754 465 ferentes,
771 433 974 468 indignabantur

183 483 210 505 et
224 477 473 504 cxcandescebant:
497 477 592 504 Αυοσαε
613 486 667 510 nos,
689 478 853 513 inquiebaut,
867 487 882 505 α
902 488 974 506 sacra

182 531 286 556 mensa,
307 528 329 549 et
352 530 368 548 α
393 523 569 549 cammunione
593 523 705 558 repellis.
726 524 814 556 Quare
839 529 974 558 permotus

182 568 400 602 Chrysosmmus,
413 567 616 602 pulcherrimam
628 568 698 595 illam
709 569 856 596 orationem
871 569 972 601 habuit,

180 622 239 648 qua:
255 614 416 646 inscribitur,
440 613 500 640 Non
513 622 565 640 esse
586 614 619 640 ad
643 614 752 650 gratiam
771 615 974 642 concionantlum

181 659 224 692 (T.
237 659 264 686 Ξ.
287 668 310 686 c.
326 659 389 692 053)
403 667 410 685 :
422 667 473 694 qua
488 659 582 694 probat
595 667 650 686 rem
663 667 724 687 esse
739 661 850 695 periculi
867 661 926 696 plen
946 670 971 689 Ill

180 711 235 732 tum
253 705 416 739 priudicanli,
437 710 492 732 tum
511 705 691 738 audientibus,
712 706 736 733 si
750 706 782 734 ad
797 707 910 742 gratiam
927 707 972 736 ille

179 755 369 782 concionclur:
384 755 548 790 plurimaque
563 755 626 783 dicit
640 756 691 782 alia
706 755 739 783 ad
754 755 971 783 concionatornm

178 806 206 827 ct
218 800 250 827 ad
272 800 422 828 auditorum
442 800 559 828 officium
572 802 728 836 spectantia.
750 802 805 829 Etsi
825 809 890 828 vero
915 801 973 829 haec

179 845 285 872 homilia
301 846 333 872 ad
346 846 520 882 panegyricos
533 851 685 875 sanctorum
698 855 837 875 sermones
848 855 899 874 non
911 855 972 883 per-

177 892 253 924 tinet,
269 899 321 919 non
337 892 410 919 licuit
433 900 492 920 cam
509 900 522 919 a
538 893 698 928 praecedenti
719 893 847 921 concione
867 893 971 928 disjnn-

177 946 249 972 gere,
265 939 327 973 quia
341 944 457 974 emptam
473 939 506 967 de
519 939 626 974 indigne
644 941 904 968 communicantibus
921 941 970 976 hy-

176 983 328 1017 pothesim,
352 992 383 1012 ea
407 993 486 1019 quam
510 985 626 1013 diximus
647 986 788 1014 occasione
811 986 907 1014 ductus
928 986 971 1014 hic

175 1030 355 1064 prosequitur.
371 1030 430 1064 Quo
444 1039 515 1058 anno
534 1035 672 1066 utramque
688 1031 811 1059 habuerit
833 1031 969 1059 bomiliam

175 1075 394 1110 lihrysuslomns,
411 1076 541 1104 incertum
563 1077 671 1104 omnino
684 1081 726 1105 est
743 1087 750 1106 :
765 1077 816 1105 hoc
834 1085 914 1104 mum]
936 1085 969 1105 ex

175 1120 290 1148 secunda
305 1120 426 1153 homilia,
441 1123 483 1149 cui
498 1122 598 1155 titulus,
610 1122 670 1150 Non
681 1131 735 1151 esse
747 1123 781 1150 ad
791 1124 898 1159 gratiam
908 1131 970 1150 con~

173 1166 339 1199 cianandum,
353 1167 487 1201 expiscari
502 1175 579 1202 posse
593 1168 723 1202 videmur,
741 1177 836 1204 nempe
851 1170 968 1197 habitam

174 1216 316 1246 utramque
329 1211 411 1240 fuisse
426 1218 486 1247 post
502 1213 628 1240 llomilias
642 1214 676 1242 de
690 1213 802 1242 Lazaro.
815 1215 880 1242 Ducit
897 1216 968 1243 enim

172 1256 200 1284 S.
217 1256 314 1284 doctor
331 1266 404 1285 num.
418 1260 435 1286 5
448 1258 481 1286 de
495 1258 594 1287 Lazaro
611 1259 742 1295 loquens:
768 1259 802 1287 Et
823 1261 885 1296 quid
905 1270 969 1296 opus

174 1307 208 1329 est
224 1304 373 1337 parabolam
384 1309 465 1331 totam
475 1313 620 1339 percurrere
627 1307 640 1332 1’
649 1307 742 1342 quippe
752 1308 828 1334 uastis
839 1309 969 1336 historiam

174 1356 291 1381 onmem;
303 1350 480 1377 crudelitatem
490 1351 583 1384 divitis,
601 1359 650 1386 quo
664 1358 737 1387 pacto
751 1353 892 1380 mendicum
906 1362 968 1389 par—

174 1395 272 1428 ticipem
294 1403 386 1422 mensi:
396 1405 448 1423 non
460 1397 574 1430 faceret:
588 1403 721 1432 egestatem
734 1399 803 1426 illius
814 1407 845 1426 ac
863 1400 966 1434 fantem,

173 1449 227 1466 rum
242 1449 294 1475 qua
321 1447 441 1476 perpetuo
463 1443 664 1478 conﬂictabatur.
686 1444 750 1478 Qua:
767 1452 832 1472 sane
845 1445 969 1474 videntur

175 1491 232 1519 post
244 1494 387 1514 sermones
399 1487 434 1514 de
444 1487 545 1515 Lazaro
555 1489 636 1522 dicta,
652 1489 715 1518 licet
731 1490 756 1518 id
771 1491 903 1520 affirmare
914 1499 966 1519 non

172 1533 267 1559 ausim.
282 1532 342 1567 Quo
363 1539 452 1561 autem
473 1542 545 1561 anno
565 1542 703 1564 sermones
724 1536 758 1564 de
780 1537 881 1565 Lazaro
904 1537 968 1566 dicti

170 1578 278 1611 fuerint,
291 1579 392 1614 pariter
407 1580 537 1608 incertum
553 1586 604 1614 est,
619 1587 645 1610 ιιι
658 1583 773 1612 vidimus
786 1592 876 1619 supra.

205 1624 319 1652 Brevem
339 1625 419 1652 aliam
435 1626 462 1653 in
478 1632 585 1654 sanctos
599 1628 728 1664 Martyres
747 1629 839 1658 habuit
857 1632 966 1659 concio-

170 1677 231 1698 nem
248 1670 293 1703 (T.
307 1671 335 1698 2.
354 1679 380 1698 c.
397 1670 476 1707 66l),
491 1673 567 1708 cujus
578 1681 677 1701 annum
692 1675 828 1711 assignare
842 1684 894 1704 non
907 1685 967 1712 pos-

169 1724 271 1744 sumus.
288 1717 354 1745 "me
365 1724 455 1746 autem
467 1720 494 1746 in
506 1727 570 1754 agro
579 1720 748 1749 Antioehcno
758 1722 828 1751 dicta
842 1723 899 1756 fuit,
912 1732 966 1759 quo

169 1762 341 1790 confhtebant
353 1770 386 1790 ex
396 1764 504 1791 civitate
516 1765 602 1798 multi,
616 1766 663 1793 sed
679 1771 816 1802 postquam
827 1773 855 1795 et
864 1769 964 1797 cultant

169 1809 332 1843 inartyribus
347 1809 535 1842 exhibuerant.
559 1816 586 1838 et
606 1812 749 1840 conciones
764 1813 913 1848 audierant,
930 1815 964 1842 ad

170 1855 281 1888 popinas
311 1859 339 1882 et
360 1856 574 1890 cornpotationcs
595 1858 772 1887 divorte-bant.
797 1860 853 1895 Qua
875 1861 910 1890 de
934 1870 964 1890 re

169 1901 265 1927 acriter
289 1900 318 1927 in
342 1908 390 1928 cos
415 1901 549 1929 invehitur
563 1909 672 1932 sanctus
687 1905 794 1933 Doctor.
819 1906 961 1942 Perpende,

169 1943 261 1979 inquit,
287 1955 366 1980 quam
378 1947 514 1974 ridiculum
535 1949 576 1981 sit,
589 1955 645 1984 post
663 1951 792 1985 ejusmodi
802 1959 961 1988 conventum,

169 1995 220 2022 post
233 1991 346 2025 vigilias,
367 1998 424 2027 post
441 2001 570 2021 sacrarum
588 1996 744 2023 auditionem
757 1997 961 2034 Scripturarum,

170 2041 220 2067 post
241 2037 388 2063 divinorum
410 2039 628 2074 participationem
650 2043 835 2077 mysteriorum,
860 2050 884 2071 et
906 2051 963 2081 pou

169 2081 323 2113 spiritunlcm
343 2082 513 2117 largitionem,
528 2086 609 2112 virum
625 2092 669 2114 aut
683 2088 813 2116 mulierem
825 2095 890 2118 toto:
905 2091 960 2119 diu

170 2126 190 2152 iu
199 2128 300 2162 popinis
315 2130 482 2164 transigentes
495 2131 583 2158 videri.

199 2174 342 2202 llomiliam
357 2176 385 2202 in
399 2176 429 2203 S.
445 2176 577 2205 Iulianum
593 2185 736 2216 martyrem
748 2181 857 2210 Cilicem
873 2183 916 2218 (T.
931 2184 960 2212 2.

177 2228 195 2248 c.
209 2222 270 2255 665)
284 2243 292 2254 ,
314 2222 361 2256 qui
386 2229 435 2256 pro
457 2222 564 2250 Christo
585 2225 704 2253 cervices
724 2226 844 2261 dederat,
868 2228 963 2257 habuit

173 2262 372 2300 Chrysoslomus
387 2268 548 2302 Antioebim,
562 2274 590 2296 ut
604 2272 771 2305 exploratum
785 2279 834 2306 est,
851 2280 907 2302 tum
927 2283 961 2304 ex

172 2307 200 2335 iis
208 2318 262 2344 qua:
276 2312 312 2338 de
326 2312 454 2346 Daphnes
464 2313 601 2348 suburbio,
622 2316 708 2352 deque
721 2320 960 2349 comessationibus

170 2359 244 2389 atque
264 2358 391 2392 tripudiis
411 2359 511 2386 ibidem
526 2359 618 2388 haberi
638 2362 726 2390 solitis
745 2371 957 2399 commemorat;

168 2405 222 2428 lum
235 2404 312 2431 etiam
326 2405 390 2438 quia
409 2405 532 2440 ejusdem
547 2408 629 2435 sancti
645 2408 776 2444 Reliquias
789 2411 958 2439 Antiochiam

162 2449 298 2477 (mistake
319 2450 448 2478 fuerant:
463 2456 574 2487 eratque
588 2453 681 2481 eadem
695 2455 723 2482 in
744 2455 812 2483 urbe
833 2457 957 2490 ecclesia,

157 2492 280 2526 rjnsdem
301 2497 388 2524 sancti
403 2497 515 2524 nomine
537 2505 701 2532 consecrata,
726 2509 785 2537 qum
799 2502 826 2529 in
846 2503 958 2532 historia

152 2539 350 2569 Ecclwiastica
367 2549 421 2570 non
444 2543 625 2578 infrequenter
645 2552 819 2576 memoratur.
834 2548 873 2576 De
886 2557 958 2577 anno

147 2588 253 2634 autem
269 2595 322 2622 quo
339 2587 409 2616 hanc
424 2588 492 2616 dixit
503 2590 668 2625 concionem,
683 2593 749 2620 nihil
761 2594 892 2629 expiscari
906 2603 955 2630 po-

146 2637 274 2659 Mutuus.

204 2677 276 2705 Circa
288 2679 431 2708 llomiliam
453 2681 481 2707 in
495 2687 611 2711 sanctum
624 2684 789 2714 Buriaamum
811 2693 956 2724 martyrem

775 146 867 175 NUNC
887 146 1018 176 PRIMUM
1039 146 1234 176 ADOBNATA-

1771 149 1821 176 154

1032 201 1083 230 hoc
1098 202 1194 230 festum
1211 202 1245 230 ad
1257 202 1387 231 decimam
1403 209 1500 230 nonam
1517 201 1677 229 hovembris
1694 202 1820 230 t'ulct‘uul.

1027 250 1079 278 Sed
1093 251 1172 286 longe
1185 251 1236 278 alia
1250 252 1312 278 anni
1326 254 1483 286 tempestate
1496 257 1527 277 ea
1540 249 1694 276 solentnitas
1705 250 1817 283 Chryso-

1027 297 1105 323 stomi
1116 302 1235 332 tempore
1246 296 1439 324 celebrabatur.
1451 293 1670 322 Namllomiliain
1678 292 1818 328 illudApo-

1026 342 1087 369 stoli
1095 341 1194 369 dictum
1204 342 1213 379 (
1225 341 1254 369 T.
1265 343 1290 370 5.
1309 350 1332 369 c.
1342 341 1391 369 ΞΗ
1402 340 1423 374 ),
1436 341 1506 369 Nolo
1514 349 1557 368 vos
1565 342 1683 377 ignorare
1693 362 1701 375 ,
1718 343 1820 377 fratres,

1025 387 1093 422 quod
1098 393 1181 423 patres
1191 391 1270 413 nostri
1281 388 1416 414 omncssub
1424 387 1487 414 nube
1494 387 1596 422 fuerunt
1606 388 1644 424 (l.
1655 387 1714 415 Cor.
1728 388 1771 416 l0.
1779 387 1790 413 1
1799 390 1820 423 ),

1026 438 1091 461 cte.:
1098 441 1157 467 qua:
1165 433 1272 460 homilia
1280 433 1323 461 die
1331 433 1426 461 festum
1436 433 1465 461 S.
1473 433 1603 461 Barlaami
1610 434 1767 469 insequente
1776 434 1820 460 ha—

1027 480 1080 507 bita
1092 484 1144 513 est,
1160 485 1189 507 ut
1199 479 1296 507 Ibidem
1307 480 1344 507 ait
1353 479 1559 515 Cbrysostomus
1572 489 1578 507 :
1589 480 1689 508 diserte
1701 479 1766 508 dicit
1777 481 1822 508 ille

1027 526 1140 554 hiemem
1151 526 1206 561 jam
1218 526 1368 561 prieterissc
1379 531 1551 561 mstatcmqne
1561 525 1701 554 advenisse
1719 535 1725 553 :
1742 526 1817 553 Libe-

1025 573 1084 605 rati,
1097 573 1192 605 inquit,
1208 581 1294 599 sumus
1306 573 1395 605 ltieme,
1408 577 1430 599 et
1447 577 1534 599 testate
1551 573 1714 607 perfruimur,
1729 574 1821 600 blanda

1025 618 1128 653 u/[lante
1151 618 1270 653 zephyro.
1283 618 1351 645 llinc
1361 626 1426 645 sane
1436 618 1609 652 censequitur
1623 617 1701 653 longe
1714 618 1821 646 diverso

1024 663 1087 690 anni
1116 669 1235 698 tempore
1261 669 1323 691 tunc
1343 663 1506 690 celebratum
1531 663 1612 691 fuisse
1636 663 1666 691 S.
1688 664 1825 690 Barlaami

1025 709 1150 744 martyris
1164 710 1260 736 festum
1276 718 1282 736 :
1297 717 1358 736 nam
1373 717 1404 737 ea
1423 710 1448 736 in
1467 709 1533 736 urbe
1546 710 1639 736 concio
1659 708 1716 736 huic
1731 709 1819 736 habita

1025 760 1079 788 cst,
1093 755 1119 782 in
1133 756 1209 790 eujns
1221 763 1296 791 agro,
1312 761 1340 783 nt
1354 755 1452 784 ibidem
1466 755 1571 788 dicitur,
1588 755 1736 790 frequentia
1748 764 1819 783 mar-

1026 806 1115 837 tyrum
1140 802 1262 837 sepulcra
1277 801 1453 834 cxsistcbant,
1474 809 1527 836 quo
1537 800 1673 829 confluere
1696 801 1819 830 solebant

1025 853 1155 883 quotquot
1166 856 1199 875 ex
1214 847 1316 875 civibus
1329 847 1484 876 eorumdcm
1500 852 1647 884 martyrum
1661 847 1817 875 memoriam

1024 893 1154 925 recolere,
1179 893 1351 927 ipsorumque
1373 892 1489 928 praesidii
1508 898 1647 920 consortes
1668 900 1729 920 esse
1743 893 1817 920 volc~

1024 938 1087 965 baut
1099 947 1106 964 :
1121 938 1191 973 quod
1205 946 1271 966 sane
1283 938 1432 965 Antiochia:
1445 942 1599 972 competere
1612 945 1691 966 nemo
1707 946 1819 973 negavc~

1022 985 1068 1012 rit.
1084 984 1122 1012 Ad
1143 984 1201 1012 inec
1222 992 1297 1018 vero,
1323 984 1374 1012 sub
1387 984 1468 1012 linem
1483 983 1602 1019 ejusdem
1623 991 1703 1018 supra
1717 992 1818 1011 memo-

1022 1036 1087 1058 rata:
1102 1030 1228 1063 bomilim.
1246 1031 1391 1066 prtesulum
1405 1029 1525 1058 omnium
1541 1037 1635 1064 preces
1645 1029 1769 1065 postulat.
1785 1031 1818 1057 At

1020 1076 1249 1112 Constantinopoli
1266 1076 1404 1112 praesulem
1429 1075 1530 1103 nullum
1545 1075 1752 1112 Chrysostomus
1764 1083 1816 1102 no-

1021 1128 1105 1156 verat,
1118 1123 1174 1158 ipse
1183 1130 1326 1158 supremus
1338 1122 1456 1149 omnium
1468 1121 1564 1156 praesul
1576 1129 1583 1148 :
1595 1120 1743 1148 Antiochia:
1752 1128 1817 1148 vero

1022 1169 1149 1203 prmsulcs
1173 1168 1251 1195 vieini
1279 1167 1463 1203 Chrysostomi
1483 1166 1656 1194 concionibns
1681 1165 1814 1193 interdum

1021 1214 1142 1245 aderant,
1159 1218 1189 1241 ut
1211 1213 1335 1241 vidimus.
1360 1214 1468 1240 Annum
1490 1219 1564 1245 vero,
1580 1219 1634 1246 quo
1656 1211 1704 1239 has
1725 1211 1816 1239 habuit

1022 1259 1157 1292 llomilias,
1173 1267 1207 1286 ne
1222 1259 1375 1294 conjectura
1390 1258 1498 1293 quidem
1514 1265 1659 1293 possumus
1671 1257 1788 1292 assequi.

1057 1305 1084 1332 lu
1099 1305 1208 1333 homilia
1223 1313 1288 1333 vero
1307 1305 1427 1340 sequenti
1443 1304 1488 1332 die
1508 1304 1597 1331 habita
1621 1304 1647 1330 in
1662 1303 1726 1331 illud
1743 1305 1815 1338 Apo-

1020 1351 1081 1379 stoli
1094 1351 1138 1388 (T.
1153 1352 1180 1379 5.
1198 1359 1221 1377 e.
1237 1351 1314 1385 241),
1332 1350 1401 1378 Nolo
1423 1358 1466 1377 vos
1478 1350 1605 1386 ignorare,
1625 1352 1726 1385 fratres,
1746 1351 1813 1384 quod

1021 1402 1105 1432 patres
1117 1398 1195 1424 nostri
1210 1405 1296 1423 omnes
1305 1397 1351 1423 sub
1364 1396 1429 1423 nube
1439 1397 1550 1431 fuerunt,
1562 1400 1585 1422 et
1595 1403 1680 1422 omnes
1691 1404 1735 1430 per
1745 1404 1814 1422 mare

1021 1443 1184 1475 transierunt,
1195 1441 1378 1478 Chrysostomi
1393 1449 1489 1476 scopus
1503 1445 1544 1469 est
1557 1440 1752 1473 demonstrare,
1771 1449 1815 1467 rus

1020 1489 1047 1516 in
1062 1489 1144 1516 veteri
1157 1488 1215 1523 lege
1225 1493 1308 1519 actas.
1324 1487 1421 1515 futuris
1434 1487 1515 1515 rebus
1529 1487 1606 1514 iidem
1626 1487 1724 1520 facere,
1740 1494 1814 1514 esse-

1020 1541 1072 1568 que
1095 1534 1153 1560 illas
1166 1541 1255 1561 rerum
1276 1533 1338 1560 novi
1351 1533 1515 1560 'l‘estamenti
1533 1537 1624 1568 typum
1639 1537 1667 1560 et
1678 1532 1813 1560 untbram.

1019 1579 1200 1613 Marcionem,
1225 1579 1401 1606 Maniehamm
1421 1583 1449 1606 et
1471 1578 1583 1606 Paulum
1607 1578 1811 1607 Samosatennm

1019 1626 1105 1654 obiter
1118 1625 1281 1660 perstringit,
1296 1629 1323 1652 et
1334 1624 1472 1660 postulatis
1485 1624 1513 1652 in
1524 1625 1575 1652 line
1587 1630 1738 1652 sanctorum
1750 1633 1813 1660 pre—

1019 1671 1104 1702 cibus.
1117 1671 1254 1698 homiliam
1267 1671 1377 1699 claudit.
1396 1671 1480 1698 Notes
1492 1670 1573 1698 velim
1588 1675 1691 1698 certum
1705 1671 1812 1706 quidem

1018 1724 1078 1744 esse
1100 1717 1169 1744 hanc
1189 1717 1346 1744 concionem
1369 1716 1489 1744 habitam
1510 1716 1593 1744 fuisse
1614 1716 1657 1744 die
1670 1716 1765 1745 festum
1781 1718 1812 1744 S.

1017 1763 1148 1791 Barlaami
1162 1763 1327 1799 insequente,
1340 1767 1368 1790 at.
1379 1771 1432 1790 non
1447 1762 1558 1798 perinde
1570 1763 1737 1798 exploratum
1752 1771 1812 1791 esse

1017 1818 1052 1837 an
1065 1818 1099 1838 eo
1113 1818 1184 1838 anno
1201 1818 1255 1846 quo
1268 1811 1405 1839 homiliam
1418 1810 1497 1838 istam
1513 1810 1548 1838 de
1561 1810 1591 1839 S.
1607 1810 1748 1838 Barlaamo
1761 1809 1811 1837 ha-

1016 1856 1084 1889 buit,
1098 1865 1132 1884 an
1145 1857 1209 1884 alio.

1051 1901 1214 1930 Concioncm
1225 1909 1288 1930 vero
1304 1901 1338 1930 de
1351 1907 1442 1930 sancta
1457 1902 1569 1930 Drosido
1585 1906 1703 1939 martyre
1718 1901 1763 1937 (T.
1778 1902 1807 1928 2.

1023 1945 1128 1983 c.685)
1152 1947 1179 1974 in
1201 1955 1266 1982 agro
1283 1948 1453 1976 Antiocheno
1475 1948 1568 1976 habuit
1591 1948 1808 1984 Chrysostomus,

1014 2000 1077 2022 cum
1088 1998 1195 2029 arrepta
1203 2001 1312 2022 serena:
1325 1995 1378 2022 dici
1398 1995 1550 2028 occasione,
1572 1995 1699 2030 populum
1713 1994 1809 2022 Antio-

1015 2040 1131 2069 ebenum
1143 2049 1178 2069 eo
1189 2041 1300 2069 deduxit
1317 2041 1459 2069 Flavianus
1472 2042 1624 2077 episcopus.
1639 2046 1669 2069 ut
1686 2046 1810 2068 narratur

1014 2094 1089 2114 num.
1102 2087 1130 2113 2.
1145 2086 1228 2121 llujus
1238 2094 1318 2121 porro
1327 2091 1426 2114 sancta:
1436 2087 1561 2122 martyris
1571 2094 1655 2122 pauca
1665 2091 1810 2122 supersunt

1014 2137 1185 2159 monumenta
1197 2140 1204 2159 :
1218 2132 1314 2167 vixque
1327 2132 1398 2160 aliud
1412 2131 1549 2167 quidpiam
1561 2132 1634 2160 circa
1648 2132 1806 2168 martyrium

1014 2178 1214 2214 certaminaque
1228 2178 1286 2213 ejus
1295 2178 1427 2212 novimus,
1436 2186 1516 2214 quam
1527 2178 1599 2213 quod
1612 2179 1650 2205 ait
1659 2178 1688 2205 S.
1701 2178 1808 2210 doctor,

1013 2232 1073 2252 eam
1087 2224 1113 2252 in
1135 2232 1230 2259 rogum
1252 2224 1401 2259 conjectam
1420 2224 1512 2252 fuisse.
1530 2223 1623 2258 Neque
1641 2223 1729 2251 solum
1747 2230 1810 2250 sau-

1013 2277 1083 2298 ctam
1096 2271 1245 2304 Drosidem,
1258 2271 1305 2299 sed
1317 2275 1345 2298 et
1354 2271 1421 2299 alios
1435 2271 1516 2298 etiam
1528 2270 1656 2305 plurimos
1666 2275 1807 2306 martyres,

1013 2325 1126 2352 quorum
1147 2324 1208 2344 ossa
1231 2317 1326 2345 eodem
1347 2317 1407 2344 loco
1431 2317 1553 2352 deposita
1573 2321 1659 2350 erant,
1685 2317 1808 2344 laudibus

1012 2364 1183 2392 commendat
1201 2363 1419 2399 (Ibrysostomus,
1433 2370 1579 2398 eorumque
1591 2363 1618 2390 in
1631 2363 1768 2390 dmmonas
1781 2368 1809 2390 ct

1012 2411 1039 2438 in
1054 2411 1163 2438 morbos
1175 2410 1307 2446 quoslibet
1322 2413 1480 2446 potestatem
1491 2409 1664 2445 depraedicat,
1679 2416 1711 2437 ac
1722 2417 1808 2444 quan-

1011 2461 1066 2484 tam
1079 2465 1112 2484 cx
1124 2463 1216 2484 eorum
1237 2456 1312 2484 aditu
1330 2456 1470 2484 utilitatem
1485 2455 1631 2491 decerpere
1643 2455 1733 2489 liceat,
1749 2456 1809 2490 plu-

1011 2503 1086 2530 ribus
1099 2503 1219 2538 exponit.
1236 2503 1275 2531 De
1292 2510 1373 2535 anno,
1387 2510 1439 2538 quo
1455 2502 1515 2530 haec
1530 2503 1698 2538 pronuntiata
1712 2503 1808 2530 concio

1011 2549 1071 2580 fuit.
1089 2549 1155 2576 nihil
1168 2556 1279 2585 prorsus
1289 2548 1430 2576 habemus.

1047 2594 1169 2622 Humilia:
1183 2595 1252 2622 alite.
1270 2610 1306 2615 -
1320 2594 1461 2622 Homiliam
1476 2594 1502 2622 in
1517 2599 1595 2622 terra:
1608 2600 1709 2622 motum
1725 2594 1805 2621 etiam

1010 2642 1145 2670 edidimus
1156 2642 1227 2669 inter
1241 2641 1392 2669 Concioues
1410 2641 1444 2669 de
1459 2641 1561 2668 Lazaro
1575 2640 1621 2676 (Τ.
1634 2641 1662 2667 2.
1687 2648 1710 2666 c.
1726 2639 1771 2666 7n
1782 2639 1802 2674 ),

1009 2689 1055 2716 ubi
1070 2688 1161 2715 multis
1176 2693 1230 2715 tum
1241 2687 1438 2724 Chrysostomi,
1451 2692 1507 2715 tum
1521 2688 1634 2714 aliormn
1649 2686 1805 2714 testimoniis

137 2723 212 2760 (τ-
278 2734 302 2753 e.
316 2726 390 2762 675)
416 2731 496 2754 notat
514 2727 609 2757 Fronto
629 2732 739 2760 Duczcus
760 2734 786 2760 in
808 2723 956 2770 Menoiogio

134 2769 280 2806 qundam
293 2771 454 2800 Graecorum
475 2776 648 2810 manuscripto
662 2778 694 2805 ad
713 2779 782 2806 diem
796 2781 830 2808 l6
842 2769 957 2809 Novein-

131 2815 224 2846 bris
237 2817 385 2861 annuntiari
409 2818 516 2845 festum
531 2817 558 2845 S.
571 2819 693 2851 Barlaami
704 2826 836 2861 martyris,
849 2832 876 2853 ut
890 2832 916 2854 et
928 2828 955 2855 in

129 2860 352 2897 .L1nyrologio
365 2862 503 2890 Romano.
519 2863 571 2891 Alia
587 2873 642 2894 vero
651 2867 798 2899 Graecorum
810 2871 954 2908 Mrnologia

1011 2734 1183 2770 probavimus
1206 2734 1375 2762 Antiochiam
1390 2734 1576 2769 frequentibus
1590 2739 1667 2760 terrm
1689 2733 1806 2759 motibus

1010 2787 1164 2808 sucenssam
1185 2780 1278 2814 fuisse,
1299 2780 1469 2815 maximeque
1484 2778 1669 2815 Cbrysostomi
1690 2786 1757 2805 aevo.
1782 2778 1804 2805 ls

1010 2832 1098 2855 autem
1116 2834 1195 2856 terra:
1211 2833 1308 2861 motus,
1325 2828 1358 2855 de
1375 2836 1427 2863 quo
1439 2835 1508 2855 nunc
1521 2827 1618 2862 agitur,
1635 2831 1698 2854 tunc
1710 2828 1805 2854 accidit

1013 2882 1072 2902 eum
1088 2875 1295 2911 (lbrysostomus
1308 2883 1378 2910 a-ger
1391 2875 1417 2902 in
1429 2875 1499 2903 lecto
1515 2875 1686 2902 dccnmberct
1700 2884 1705 2900 :
1724 2877 1767 2910 qui
1780 2881 1804 2900 ιιι
