2034 3109
233 185 282 213 155

232 243 328 270 ardens
340 246 397 271 erat
411 243 498 270 studio
517 241 684 271 instituenda:
699 241 793 277 plebis,
810 245 931 269 moestam
945 240 1015 267 illam

233 296 344 316 cernens
369 289 403 316 ob
416 290 580 324 ingruentem
601 288 789 321 calamitatem,
813 287 886 314 nullo
906 286 1018 313 affectus

235 335 319 362 morbi
333 343 422 368 sensu,
439 336 470 363 ad
483 343 589 370 gregem
603 335 736 363 advolavit
750 343 757 362 :
772 334 842 370 quod
855 333 962 369 quidem
977 333 1021 360 ille

235 381 321 408 innuit
338 388 397 408 cum
412 382 448 408 ait
464 390 470 408 :
489 380 563 409 Verbi
578 381 695 409 doctrina
708 380 883 417 wgritudinem
900 387 981 406 meum
996 379 1022 406 in

237 427 325 454 bonum
340 427 505 455 valetudinem
525 428 639 455 mutauit.
654 427 717 455 Haec
737 434 817 462 porro
836 426 929 454 concio
949 430 1022 452 extra

237 471 328 498 urbem
344 473 368 499 in
382 473 469 506 aliqua
486 473 673 506 ecclesiarum,
688 481 754 508 quas
765 471 854 507 populi
866 470 1024 498 Antlocheni

239 517 334 551 pietate
349 517 419 545 ducti
435 518 648 553 frequentabant,
664 518 779 545 habitam
801 517 892 548 fuisse,
913 516 1024 544 suadent

242 569 291 588 non
313 570 394 596 pauca
410 563 592 599 Chrysostomi
606 558 701 596 verba,
712 563 756 598 qui
774 563 899 598 populum
916 569 968 589 non
982 569 1027 589 se-

243 607 294 634 mel
307 608 398 634 laudat
410 608 445 635 ob
459 613 610 643 susceptum
625 609 749 636 audiendi
770 616 848 636 causa
868 607 969 635 itineris
989 608 1027 633 la—

242 652 334 681 borem
352 655 463 680 nmltnm
478 659 557 690 atque
567 655 705 682 sudorem.
728 654 755 681 In
777 655 850 681 hunc
870 662 932 681 vero
951 658 1029 680 terra:

242 705 344 727 motum
357 708 386 728 se
403 702 482 729 etiam
498 702 583 739 pridie
596 703 781 730 concionatum
800 710 858 730 esse
873 701 1030 729 testificatur

242 745 449 780 Chrysostomns
470 748 496 775 in
511 748 603 776 eadem
626 749 766 776 concione.
783 748 898 781 Annum,
918 755 970 782 quo
989 746 1031 774 hic

245 795 323 819 terra:
336 797 423 820 motos
435 793 542 826 accidit,
562 802 596 821 ne
612 795 763 828 conjectura
776 794 882 829 quidem
898 794 1032 827 assignare

244 842 403 870 possumus:
419 845 453 865 ex
468 839 623 873 a'gritudine
645 847 758 873 namque
771 826 962 874 Chrysostomi
974 839 1034 877 nul;
1046 826 1053 832 ’

247 882 300 909 lam
310 883 404 910 calculi
418 885 531 918 ponendi
553 893 645 915 ansam
663 886 781 920 arripere
796 885 856 912 licet
869 894 874 911 :
888 892 947 911 nam
962 884 1035 911 vale-

248 927 347 955 tudinis
358 936 411 955 non
424 933 465 955 sat
481 929 565 958 firma:
574 931 624 961 vir,
636 938 706 964 smpe
719 938 778 957 cum
790 930 889 957 morbis
899 929 1034 957 conflicta—

248 973 336 1000 batur.

284 1019 423 1046 llomiliam
447 1021 487 1047 cui
502 1021 590 1048 titulus
606 1025 646 1049 est
665 1030 671 1048 ε
693 1021 719 1048 in
737 1021 801 1048 illud
816 1020 860 1054 (T.
877 1020 904 1048 5.
929 1027 951 1046 c.
967 1020 998 1047 51
1013 1018 1034 1054 ),

250 1063 338 1098 Pater,
359 1066 381 1092 si
395 1067 520 1101 possibile
532 1072 582 1100 est,
595 1072 711 1095 transeat
730 1075 744 1094 a
759 1076 801 1095 me
814 1067 882 1094 calix
906 1067 976 1094 iste:
990 1072 1036 1092 ve-

250 1116 398 1138 rumtamen
414 1120 467 1140 non
481 1113 549 1141 sient
560 1121 609 1148 ego
619 1114 690 1145 volo,
705 1113 751 1141 sed
768 1114 837 1140 sicut
855 1118 881 1140 lu
895 1122 901 1139 :
917 1117 940 1139 et
952 1115 1038 1138 contra

252 1155 430 1185 Ilarcianistas
442 1163 467 1184 et
482 1158 647 1191 Manio/neos,
663 1163 686 1185 et
700 1158 767 1193 quod
780 1159 892 1194 ingerere
901 1165 926 1184 se
941 1157 1039 1192 pericu-

251 1201 284 1228 lis
305 1210 354 1229 non
376 1208 500 1236 oporteat,
516 1204 561 1231 sed
582 1204 648 1231 onmi
671 1204 803 1236 coturnati,
828 1203 876 1230 Dei
890 1203 1039 1230 uoluntatem

253 1249 400 1282 anteferre:
421 1248 501 1282 hanc,
516 1249 634 1283 inquam,
659 1257 692 1276 an
713 1250 782 1276 inter
804 1249 992 1281 Antiochenas,
1008 1256 1040 1275 an

255 1291 325 1319 inter
334 1292 639 1328 Constantinopolitanas
650 1301 792 1322 accensere
802 1299 931 1329 oporteat,
942 1302 993 1321 non
1006 1294 1041 1321 ita

255 1337 332 1365 facile
351 1343 392 1366 est
405 1340 547 1374 augurari;
570 1340 670 1374 aliquid
686 1345 773 1367 tamen
788 1340 854 1367 lucis
868 1347 901 1367 ex
924 1340 966 1371 iis,
983 1347 1042 1374 qua:

258 1389 316 1418 post
326 1384 484 1419 principium
495 1385 629 1418 dicuntur,
639 1392 688 1412 nos
698 1385 811 1412 mutuari
823 1392 899 1420 posse
910 1389 1042 1420 putamus.

257 1429 296 1457 De
311 1430 444 1464 proposita
464 1430 578 1457 lectione
599 1438 680 1465 agens
700 1430 915 1466 Chrysostomus,
937 1437 1042 1463 nempe,

256 1476 345 1510 Pater,
361 1477 383 1504 si
395 1477 512 1512 possibile
521 1482 566 1510 est,
582 1481 691 1504 transeat
701 1486 717 1503 α
731 1485 771 1504 me
782 1475 850 1504 ralia:
866 1476 929 1503 iste:
944 1483 1044 1502 verum-

258 1528 342 1550 tamen
367 1531 417 1550 non
427 1523 493 1550 sicut
509 1531 554 1558 ego
567 1524 633 1554 uolo,
657 1523 700 1550 sed
709 1523 771 1550 sicut
786 1527 823 1555 tu,
847 1522 882 1548 ita
901 1521 1017 1556 loquitur
1037 1529 1043 1547 :

258 1567 330 1595 Nam
341 1573 365 1596 et
375 1569 466 1596 multos
478 1577 588 1604 querare
598 1568 706 1595 arbitror
715 1576 763 1603 qua
774 1567 805 1594 de
818 1575 895 1594 causa
908 1567 960 1593 Itan:
979 1566 1046 1592 dicta

258 1615 308 1642 sint
328 1623 344 1642 α
357 1614 467 1647 Christo,
483 1623 514 1641 ac
527 1615 661 1642 uerisimile
674 1619 709 1641 est
721 1622 773 1647 eos,
788 1613 830 1648 qui
850 1613 952 1645 adsunt,
968 1612 1048 1638 hiare-

261 1662 322 1688 ticos
344 1662 396 1688 Ιιιεε
409 1662 483 1688 verba
502 1661 625 1695 accipere.
648 1660 787 1693 multosque
807 1668 839 1686 ea:
856 1659 1048 1693 simplicioribus

262 1706 382 1741 fratribus
404 1707 578 1740 supplantare.
607 1705 686 1733 Unde
712 1705 795 1740 liquet
817 1705 955 1731 luereticos
977 1703 1047 1734 illos.

262 1751 306 1786 qui
320 1751 416 1778 Filium
435 1751 513 1778 Patre
532 1751 660 1778 minorem
676 1751 779 1785 ipsique
801 1749 954 1777 dissimilem
978 1749 1051 1776 dice-

264 1796 344 1827 bant,
369 1803 466 1831 nempe
488 1797 650 1828 Anommos,
675 1795 858 1831 Cltrysostomi
878 1793 1052 1821 concionibus

266 1842 426 1870 interfuisse.
450 1841 515 1869 Illud
537 1847 625 1869 autent
641 1842 792 1876 frequenter
815 1840 962 1867 Antiochiae
983 1839 1053 1866 acci-

265 1888 346 1922 disse,
363 1888 398 1915 ita
412 1892 441 1915 ut
455 1892 599 1923 prmsentes
616 1888 755 1914 hau-etims
769 1887 976 1921 Chrysostomus
986 1892 1052 1912 con-

266 1934 374 1965 futaret.
399 1935 456 1969 ipse
475 1933 575 1961 diserte
595 1934 632 1961 ait
644 1934 730 1961 Tomo
750 1933 835 1968 primo
849 1932 882 1959 de
903 1931 1055 1966 lncompre-

268 1980 390 2008 hensibili
404 1985 495 2007 contra
509 1980 653 2007 Anomtrms
668 1987 692 2006 c.
702 1977 949 2013 707:-idipsumque
963 1982 1055 2013 postea

268 2025 418 2052 subindieot
436 2031 460 2052 c.
477 2023 544 2057 779,
566 2030 592 2052 et
616 2029 691 2056 seqq.
705 2043 712 2054 .
736 2024 762 2050 in
784 2023 843 2051 hzec
866 2023 957 2057 verba,
979 2023 1057 2058 queis

268 2070 390 2098 Christus
403 2070 510 2098 Petrum
525 2069 632 2104 repulit,
660 2068 728 2096 Vade
747 2074 803 2104 post
813 2077 864 2101 me,
875 2069 989 2101 Satana,
1003 2074 1055 2097 etc.

239 2147 243 2160 ζ
271 2116 372 2144 Eadem
385 2123 451 2152 pene
462 2116 530 2151 ipsa,
545 2124 604 2151 qua:
616 2116 671 2148 hic,
683 2116 760 2151 paulo
769 2120 833 2150 .post
847 2115 950 2142 initium
964 2115 1056 2148 habes,

240 2172 243 2186 :
270 2162 419 2198 iisdemque
446 2163 503 2190 fere
531 2161 620 2189 verbis
645 2165 853 2189 commemorat.
880 2160 1057 2194 Quamobrem

272 2210 421 2244 putaverim
443 2208 512 2236 hanc
531 2208 667 2235 homiliam
681 2207 829 2235 Antiochia:
853 2206 968 2234 habitam
991 2206 1059 2235 fuis-

274 2261 324 2288 se,
351 2262 402 2282 nec
430 2255 542 2282 fortasse
566 2253 611 2281 diu
637 2257 698 2288 post
717 2253 776 2280 illas
799 2256 894 2280 contra
915 2253 1060 2280 Anomceos

271 2300 415 2328 conciones
439 2309 446 2327 :
469 2300 539 2335 quod
553 2305 641 2327 tamen
664 2306 696 2326 ex
709 2298 862 2333 conjectura
878 2302 978 2326 tantum
992 2299 1060 2326 diei-

273 2354 344 2374 mus.

297 2391 615 2420 'Coneionesvillasduasin
622 2391 772 2420 huncPauli
779 2389 913 2425 locum(T.
922 2390 1060 2427 3.σ.185).

276 2438 394 2465 Salutate
407 2437 554 2465 Priscillam
563 2437 571 2472 (
581 2436 657 2464 Rom.
670 2436 716 2464 16.
728 2436 762 2470 ’5)
771 2457 778 2469 ,
798 2440 850 2463 etc.
862 2454 870 2469 ,
879 2443 912 2463 ex
927 2435 1063 2463 verisimili

275 2484 429 2518 conjectura
441 2483 589 2511 Antiochiae
603 2483 706 2510 habitas
721 2482 801 2510 fuisse
812 2482 943 2517 putamus.
959 2482 1063 2511 Etenim

279 2530 352 2557 illum
365 2530 454 2557 adhuc
467 2530 493 2558 in
506 2529 654 2564 presbyteri
667 2529 760 2557 ordine
772 2529 855 2556 fuisse
863 2528 966 2556 videtur
976 2536 1007 2555 ex
1021 2527 1063 2560 iis,

277 2583 337 2611 qua:
349 2575 383 2603 de
393 2575 573 2603 sacerdotibus
586 2575 672 2609 istius,
686 2575 712 2602 in
727 2582 777 2610 qua
790 2574 918 2609 degebat,
931 2573 1006 2600 urbis
1017 2573 1067 2600 ali-

278 2627 343 2657 quot
363 2622 388 2649 in
403 2622 467 2649 locis
482 2622 534 2655 ait,
556 2622 671 2649 maxime
683 2628 747 2648 vero
761 2621 787 2647 in
809 2619 923 2647 secunda
944 2627 1016 2646 ntnn.
1030 2618 1066 2645 5:

279 2669 323 2696 ubi
336 2668 470 2696 auditores
480 2675 603 2702 carpens.
618 2667 688 2702 quod
698 2666 803 2701 quidam
814 2673 906 2693 eorum
917 2663 1068 2692 sacerdotes

280 2715 386 2749 probris
399 2719 426 2742 et
436 2713 563 2741 conviciis
576 2717 734 2745 onerarent,
748 2712 792 2739 alii
812 2719 875 2738 vero
889 2711 945 2738 lucc
958 2709 1068 2737 audien-

281 2766 332 2793 tes,
348 2760 492 2787 maledicos
515 2759 576 2786 illos
598 2767 650 2786 non
663 2761 878 2792 compescerent,
897 2756 955 2783 talia
979 2755 1069 2782 fatur:

284 2805 352 2837 Quid
371 2805 421 2832 illis
443 2805 517 2840 fiterit
537 2803 645 2836 beatius,
667 2803 727 2837 quid
749 2807 830 2829 autent
845 2801 914 2828 nobis
938 2798 1072 2827 miserius?

284 2851 492 2884 Quandoquidem
507 2851 544 2877 illi
558 2850 706 2885 sanguinem
718 2854 742 2876 et
754 2849 864 2875 animant
879 2857 923 2880 pro
937 2851 1074 2883 prwcepto—

284 2897 352 2924 rit/ot
367 2897 554 2932 pro/audebam
585 2905 630 2923 nos
645 2901 725 2922 autem
741 2903 818 2929 neque
832 2896 931 2921 verbum
944 2901 989 2929 pro
1003 2900 1071 2919 com-

771 184 800 213 S.
819 183 957 212 JOANNlS
975 181 1209 210 CllﬂYSOSTOMl
1230 181 1318 213 Vl'l‘A,
1807 173 1851 199 l56

1071 240 1185 266 munibus
1200 238 1311 266 patribus
1325 235 1432 263 emittere
1446 234 1565 262 audemus
1574 254 1582 266 ,
1596 231 1638 260 sed
1651 239 1707 258 eum
1726 229 1854 256 audiamus

1072 288 1106 313 eis
1126 285 1250 317 maledici,
1266 289 1288 311 et
1299 280 1413 310 conviciis
1425 289 1465 308 eos
1481 279 1638 307 dehonestari
1656 283 1678 305 et
1698 286 1712 304 a
1731 277 1783 304 suis
1793 281 1814 302 et
1829 276 1855 302 ab

1073 332 1172 362 alienis.
1187 330 1321 358 maledicos
1337 336 1413 365 neque
1427 326 1604 361 compescimus
1615 345 1621 357 ,
1637 332 1713 358 neque
1726 322 1853 357 reprrlien‘

1074 379 1166 410 (limus,
1182 385 1258 411 neque
1271 376 1438 412 pro/libemus.
1453 373 1514 400 lltcc
1525 376 1594 399 certe
1605 379 1657 398 non
1672 370 1793 396 videntur
1803 374 1857 394 esse

1075 424 1144 451 dicta
1159 422 1338 458 Chrysostomi
1351 421 1405 456 jam
1423 418 1538 454 episcopi
1552 426 1558 444 :
1575 423 1660 450 neque
1682 415 1751 441 enim
1767 414 1825 445 illc,
1839 413 1856 439 si

1077 472 1216 505 episcopus
1231 469 1339 500 fuisset,
1360 467 1527 496 sacerdotes,
1547 465 1589 499 qui
1611 463 1736 490 conviciis
1756 462 1859 496 impete-

1078 517 1184 548 liuntnr,
1200 522 1353 543 connnunes
1370 517 1458 548 patres
1472 511 1639 546 appellasset.
1657 509 1683 536 lu
1699 508 1771 535 hisce
1789 515 1861 542 porro

1079 563 1181 589 duabus
1197 561 1311 588 homiliis
1323 560 1349 587 id
1368 559 1550 586 demonstrare
1565 556 1665 586 nititur,
1681 554 1750 588 quod
1767 557 1792 580 et
1805 551 1862 579 alibi

1081 607 1242 642 frequenter,
1257 607 1380 633 nimirum
1402 603 1603 638 inscriptiones,
1624 601 1728 627 nomina
1745 598 1861 633 propria,

1082 652 1264 683 salutationes,
1279 651 1395 685 aliasque
1409 647 1577 684 quantumvis
1592 646 1713 674 minimas
1725 644 1863 677 Scriptura:

1082 706 1165 725 sacrre
1179 696 1332 732 particulas,
1357 703 1408 722 non
1430 698 1638 728 supervacancas
1648 711 1655 722 ,
1670 689 1715 717 ευιι
1731 688 1864 722 diligenter

1083 743 1254 771 excutiendas
1268 751 1338 770 esse.
1353 741 1418 768 Cum
1440 748 1503 767 vero
1522 738 1705 772 inscriptiones
1720 740 1745 761 ot
1765 734 1865 761 nomina

1084 789 1188 826 propria
1200 792 1393 817 commemorat
1407 787 1481 814 initio
1494 784 1616 813 secunda:
1628 784 1717 809 dicens
1730 791 1737 810 :
1754 781 1821 807 Num
1831 779 1867 807 tli-

1084 836 1179 863 dicistis
1191 835 1365 869 inscriptiones
1379 838 1402 860 et
1417 832 1518 859 nomina
1531 835 1552 857 et
1562 830 1686 866 simplices
1699 830 1866 858 salutationes,

1085 882 1215 916 diligenter
1237 881 1263 907 in
1286 879 1425 914 Scripluris
1448 877 1627 904 erudiendas?
1649 882 1726 903 cum,
1750 873 1867 907 inquam,

1087 926 1272 961 inscriptiones
1287 929 1312 951 ct
1324 924 1445 954 nomina,
1464 923 1488 949 itl
1501 927 1540 948 est
1554 921 1658 947 nomina
1668 919 1784 953 propria,
1799 925 1868 944 Ctllll-

1087 975 1234 1003 memorat,
1247 970 1414 998 snbiudicare
1430 974 1537 1003 prorsus
1552 966 1656 992 videtur
1670 963 1791 990 homilias
1809 969 1870 997 quas

1087 1018 1122 1045 tle
1136 1017 1307 1051 inscriptione
1320 1017 1456 1046 Actorum,
1470 1014 1555 1048 deque
1568 1011 1626 1038 aliis
1638 1010 1779 1044 Scriptura:
1794 1013 1871 1034 sacrm

1089 1061 1315 1097 inscriptionibus,
1333 1067 1435 1087 neCnon
1451 1063 1563 1093 quatuor
1574 1057 1650 1087 alias,
1663 1062 1729 1089 quas
1743 1054 1776 1080 tle
1789 1052 1872 1079 nomi-

1090 1109 1168 1136 nibus
1181 1107 1224 1134 vel
1238 1107 1272 1134 de
1293 1105 1438 1132 mutatione
1454 1103 1589 1130 nominum
1609 1100 1757 1128 Antiochi:e
1779 1097 1874 1124 habue-

1090 1159 1150 1181 rat:
1163 1153 1234 1181 unde
1246 1152 1324 1180 etiam
1337 1151 1438 1178 eruitur
1450 1149 1529 1176 hasce
1543 1146 1664 1174 homilias
1675 1143 1820 1172 Antiochia:
1831 1141 1874 1168 Ita-

1092 1199 1159 1226 bitas
1172 1198 1262 1226 fuisse.

1127 1245 1169 1273 Jo.
1185 1243 1388 1279 Chrysostomus
1402 1241 1446 1276 (T.
1460 1241 1486 1268 5.
1507 1247 1530 1265 c.
1541 1237 1626 1274 261),
1648 1237 1691 1272 qui
1708 1243 1759 1263 non
1775 1241 1876 1268 semper

1092 1289 1284 1324 extemporales
1295 1288 1386 1315 habuit
1396 1286 1547 1316 conciones,
1558 1283 1698 1311 Homiliam
1711 1281 1744 1308 de
1757 1280 1877 1308 Eleemo-

1094 1344 1159 1372 syna
1171 1335 1246 1367 dixit.
1260 1334 1400 1361 occasione
1413 1331 1593 1359 mendicornm
1606 1334 1632 1355 et
1646 1333 1799 1362 egenorum,
1814 1331 1879 1359 quos

1095 1370 1191 1410 hiemis
1204 1386 1323 1415 tempore
1335 1379 1469 1414 jacentes,
1484 1384 1545 1404 cum
1561 1383 1607 1410 per
1619 1374 1706 1401 forum
1719 1376 1745 1399 et
1757 1370 1879 1404 angipor-

1096 1435 1138 1456 lus
1157 1428 1190 1455 ad
1209 1426 1348 1455 ecclesiam
1364 1428 1483 1459 pergeret
1493 1444 1500 1455 ,
1520 1425 1665 1456 repererat.
1681 1418 1756 1446 llunc
1769 1417 1802 1443 ad
1817 1422 1881 1442 con-

1096 1473 1254 1502 cionaodum
1269 1476 1422 1506 apparatum
1432 1490 1439 1503 ,
1457 1469 1519 1495 dum
1539 1467 1588 1494 iter
1601 1465 1714 1495 faceret,
1727 1460 1881 1491 adornavit,

1097 1525 1123 1548 et
1136 1521 1204 1546 hanc
1217 1518 1250 1546 de
1262 1517 1429 1551 eleemosyna
1443 1513 1597 1542 concionem
1609 1510 1783 1545 improuisator
1796 1511 1884 1534 orator

1098 1563 1284 1601 pronuntiavit.
1298 1561 1444 1589 Antiochiae
1457 1563 1544 1587 autem
1556 1556 1672 1584 habitam
1684 1554 1764 1581 fuisse
1777 1552 1884 1583 indicat,

1099 1619 1151 1639 non
1168 1610 1246 1637 modo
1259 1616 1319 1637 cum
1331 1609 1377 1637 ait.
1392 1614 1421 1634 se
1436 1613 1482 1641 per
1496 1604 1580 1631 forum
1594 1608 1621 1630 et
1634 1602 1786 1636 angiportus
1798 1598 1885 1626 eccle—

1100 1657 1165 1684 siam
1181 1655 1296 1690 pctiisse,
1309 1653 1355 1681 sed
1366 1653 1454 1684 etiam,
1466 1655 1493 1677 et
1503 1651 1580 1684 longe
1592 1647 1700 1680 clarius,
1711 1646 1754 1672 ubi
1765 1644 1801 1670 ait
1813 1651 1885 1670 num.

1102 1703 1128 1734 ϐ,
1142 1709 1202 1729 cum
1220 1701 1303 1727 fames
1317 1699 1407 1726 orbem
1421 1697 1545 1724 invasura
1560 1698 1639 1725 esset,
1654 1693 1729 1719 istam
1743 1690 1887 1719 civit-item,

1102 1754 1198 1782 nempe
1211 1744 1376 1773 Antiochiam
1387 1763 1394 1776 ,
1418 1749 1464 1776 per
1476 1740 1623 1768 Barnabam
1644 1742 1670 1764 et
1684 1736 1791 1764 Saulum
1811 1741 1890 1769 pecu-

1103 1793 1161 1820 nias
1175 1791 1368 1826 .lerosolymam
1393 1788 1506 1815 misisse.
1531 1785 1568 1812 De
1591 1790 1661 1810 anno
1679 1787 1770 1809 autem
1793 1779 1890 1807 habitas

1104 1838 1240 1867 eoncionis
1253 1836 1316 1864 nihil
1329 1833 1470 1862 dicendum
1482 1831 1607 1866 suppetit.

1142 1883 1269 1911 llomilias
1279 1887 1333 1908 tres
1347 1886 1457 1907 numero
1470 1877 1560 1904 habuit
1573 1875 1777 1910 Chrysostomus
1789 1871 1814 1898 in
1828 1870 1895 1897 illud

1106 1929 1227 1964 Apostoli
1240 1928 1284 1962 (Τ.
1300 1928 1326 1955 5.
1339 1936 1363 1955 c.
1376 1926 1425 1952 ‘2'“
1439 1925 1448 1960 )
1470 1934 1478 1952 :
1496 1923 1622 1950 Habentes
1643 1920 1756 1947 eumdem
1776 1918 1895 1952 spiritum

1108 1963 1146 2012 (Et.
1159 1975 1218 2003 Cor.
1232 1975 1260 2002 4.
1278 1973 1340 2008 15),
1354 1976 1406 1999 etc.
1423 1968 1569 1997 Antiochia:
1584 1974 1647 1994 vero
1667 1964 1770 1992 habitas
1795 1963 1896 1993 fuisse,

1108 2008 1219 2050 suadent
1233 2027 1264 2047 ea
1281 2026 1341 2054 quae
1352 2017 1416 2045 dicit
1429 2016 1463 2043 de
1475 2012 1613 2042 monachis
1625 2011 1750 2038 verticem
1766 2008 1900 2035 montium

1109 2053 1313 2102 occupantibus,
1335 2067 1509 2097 asperamque
1520 2059 1581 2086 vitae
1595 2057 1724 2085 rationem
1739 2053 1881 2089 agentibus
1891 2074 1902 2085 ,

1109 2101 1251 2149 quosrsane
1263 2109 1407 2138 monachos
1417 2107 1443 2134 in
1459 2103 1629 2133 Antiochenis
1638 2101 1809 2130 coneiOnibns
1821 2106 1905 2125 eom—

1111 2145 1261 2186 memorare
1274 2156 1358 2187 solet,
1383 2159 1460 2181 secus
1484 2151 1510 2178 in
1532 2146 1841 2182 Constantinopolitanis.
1859 2145 1906 2171 An

1111 2201 1294 2239 Chrysostomi
1315 2207 1378 2227 vere
1397 2198 1451 2225 sint
1471 2196 1512 2223 htt‘.
1527 2194 1657 2226 homilim,
1677 2199 1757 2220 ausus
1770 2195 1811 2218 est
1824 2190 1910 2224 quis-

1112 2234 1183 2284 piam
1194 2247 1325 2278 dubitare,
1335 2251 1395 2272 cum
1406 2247 1494 2270 tamen
1504 2239 1598 2276 stylus,
1610 2238 1700 2269 dictio,
1712 2241 1802 2271 tropus
1815 2234 1912 2269 Chry-

1113 2280 1259 2322 sostomum
1274 2291 1424 2325 loquentem
1439 2287 1563 2323 prodant.
1579 2283 1719 2312 Dubitandi
1740 2288 1828 2309 causa:
1845 2280 1914 2306 viro

1114 2339 1230 2374 alioquin
1254 2324 1332 2364 docto
1356 2333 1505 2369 huiusmodi
1531 2332 1627 2358 fuere:
1648 2328 1718 2364 quod
1739 2333 1836 2361 nempe
1862 2324 1916 2352 hic

1115 2371 1286 2413 concionator
1298 2381 1371 2409 hom.
1386 2381 1411 2411 l,
1427 2387 1454 2405 n.
1469 2379 1498 2411 ὅ,
1520 2374 1739 2410 Semipelagianis
1759 2371 1853 2399 favere
1866 2371 1917 2397 vi-

1115 2432 1218 2462 deatur,
1232 2436 1293 2456 cum
1303 2427 1367 2454 dicit
1379 2426 1413 2453 de
1425 2424 1500 2452 initio
1510 2423 1570 2450 fidei
1585 2421 1716 2456 loquens:
1733 2418 1822 2453 Neque
1840 2417 1917 2444 enim

1117 2477 1186 2504 Deus
1195 2496 1202 2508 ,
1216 2482 1295 2511 neque
1311 2472 1424 2508 Spiritus
1435 2470 1517 2507 gratia
1533 2473 1646 2496 nostrum
1660 2465 1776 2503 praeuenit
1787 2463 1918 2499 proposi-

1118 2529 1189 2555 tum;
1210 2522 1253 2549 sed
1266 2519 1363 2547 etiamsi
1382 2522 1466 2550 vocet,
1489 2518 1616 2550 exspectat
1629 2517 1712 2540 tamen
1725 2516 1753 2538 ut
1772 2515 1868 2545 sponte
1893 2513 1920 2536 et

1120 2568 1223 2604 propria
1237 2567 1364 2594 uoluntate
1377 2563 1544 2594 accedamus;
1557 2569 1587 2588 ac
1600 2564 1652 2586 tum
1666 2559 1779 2589 demum,
1795 2563 1858 2582 cum
1872 2563 1924 2581 αι·-

1120 2600 1278 2645 cesserimus,
1300 2611 1370 2639 nobis
1386 2617 1461 2637 suum
1480 2613 1559 2635 totum
1578 2605 1675 2634 exhibet
1696 2602 1834 2630 auxilium.
1859 2600 1926 2628 Sed

1122 2657 1381 2687 animadvertendum
1395 2659 1446 2686 est,
1462 2653 1531 2689 quod
1544 2659 1604 2680 cum
1618 2658 1660 2684 ea,
1677 2656 1737 2684 qua).
1749 2647 1782 2675 ad
1796 2646 1931 2681 gratiam

1122 2705 1285 2741 spectabant,
1298 2702 1413 2731 nondum
1425 2701 1450 2727 in
1461 2697 1669 2727 controversiam
1682 2698 1774 2722 vocata
1785 2691 1933 2724 fuissent,

1124 2759 1176 2780 non
1202 2754 1277 2778 erant
1300 2757 1330 2776 ea
1350 2747 1428 2775 certis
1445 2752 1537 2772 vocum
1550 2742 1678 2771 limitibus
1693 2737 1934 2770 circumscripta;

1125 2805 1211 2832 neque
1233 2796 1328 2822 mirum
1341 2814 1349 2827 ,
1376 2793 1398 2821 si
1418 2795 1639 2824 extetnporaueus
1660 2791 1760 2816 orator,
1783 2783 1820 2811 ad
1845 2781 1936 2809 bona

1127 2831 1423 2878 peragenda-concitare
1436 2836 1539 2868 volens,
1553 2835 1613 2861 talia
1631 2831 1769 2868 proferret,
1783 2835 1846 2864 quae
1866 2834 1942 2854 non

1129 2889 1160 2916 ad
1177 2889 1300 2915 trutinato
1316 2889 1375 2912 ante
1389 2882 1594 2911 cxaminavcrat.
1611 2878 1637 2906 lu
1652 2877 1692 2904 bis
1711 2875 1790 2903 etiam
1803 2871 1944 2900 concio-
