2034 3109
197 124 247 152 157

195 185 290 217 nibus,
315 185 340 211 in
363 185 477 221 aliisque
491 187 615 222 operibus
631 195 683 215 non
708 195 789 223 pauca
810 188 890 220 dicit.
912 188 988 223 queis

195 230 324 264 probatur
338 231 425 265 ipsum
440 233 576 260 censuisse
589 233 624 260 ad
643 233 746 261 initium
769 233 829 261 ﬁdei
839 255 846 266 ,
861 235 986 262 auxilium

196 276 242 303 Dei
263 283 323 303 esse
346 277 536 304 necessarium.
554 278 650 305 Verum
665 279 733 306 alius
744 279 777 306 ad
793 279 849 307 lucc
870 281 989 315 pluribus

195 323 331 350 tractanda
345 323 421 351 nobis
432 329 472 352 est
487 325 646 353 constitutus
657 326 742 354 locus.
754 326 839 354 Aliam
852 326 985 357 dubitandi

197 375 303 396 causam
320 368 397 397 effert
419 370 442 397 is
457 370 528 405 ip'se,
545 371 588 405 qui
605 372 719 406 priorem
736 372 845 407 protulit
864 381 870 398 :
885 373 934 400 sub
949 373 989 400 ir-

195 415 271 442 ilium
286 415 401 443 liomiliie
413 417 498 444 tertia:
513 417 609 445 dicitur
621 425 635 443 τι
646 418 718 445 Pauli
735 423 854 453 tempore
861 419 989 453 quingen-

196 466 237 488 tos
251 468 335 489 annos
349 462 454 497 elapsos
468 470 538 496 esse,
551 471 610 498 qua:
624 464 702 499 longe
714 465 890 492 recentiorem
902 464 988 502 Chry-

173 500 183 547 j
197 511 317 533 sostomo
329 511 466 534 auctorem
481 514 601 543 arguam.
627 508 694 537 Hinc
707 517 771 538 vero
785 510 883 538 nullam
901 500 988 538 afferri

197 551 335 579 dubitandi
356 560 463 580 causam
485 554 574 581 statim
595 554 717 582 advertet
739 554 858 590 quisquis
883 556 989 584 lectioni

197 598 381 634 (lhrysostomi
403 604 526 628 assuetus
549 607 706 635 perpetuam
730 601 789 636 ejus
808 602 835 629 iu
858 609 989 630 annorum

197 645 307 673 calculis
322 646 509 681 negligentiam
525 647 718 674 observaverit;
729 647 774 675 Sic
788 656 839 675 non
850 649 931 675 semel
946 648 990 676 ille

198 698 283 718 annos
298 691 460 726 quingentos
479 698 618 720 enumerat
631 701 645 720 a
659 699 794 728 pOstrema
811 694 900 728 templi
914 693 991 721 Jcro.

198 737 350 772 solymitani
371 737 566 771 destructione,
588 746 646 773 qua:
668 739 769 774 aliquot
782 739 858 766 annis
876 744 988 766 mortem

191 782 272 810 Pauli
283 783 443 818 subseqnuta
456 789 505 811 est.
519 784 563 812 Sic
574 789 601 812 et
609 784 671 811 alibi
684 785 781 818 passim
791 785 988 817 anaclirouismt,

191 827 221 854 in
233 828 364 862 scriptore
375 836 471 864 nempe
480 834 627 865 teinpa'um
638 830 767 858 rationein
779 838 869 865 parum
880 835 990 858 curante

192 873 350 908 deprchend
355 879 446 901 untur.

231 918 464 954 Elegantissiniani
479 920 633 948 concionem
651 920 694 956 (T.
711 921 737 948 5.
758 928 782 947 c.
797 921 870 954 5J7).
888 921 917 948 de
932 920 988 947 Fu-

194 969 312 990 turorum
333 964 439 997 deliciis,
463 970 535 1004 etcf,
560 965 652 993 habuit
671 966 877 1001 Chrysostmuus
897 967 990 994 Antio-

193 1010 263 1036 cbia:
273 1031 281 1042 ,
295 1015 325 1037 ut
338 1012 459 1046 arguitur
471 1019 502 1038 ex
518 1011 549 1038 iis
561 1032 568 1045 ,
582 1020 641 1045 quae
661 1013 711 1039 sub
724 1013 826 1039 initium
851 1013 986 1044 dicuntur,

195 1063 293 1090 nempe
304 1056 335 1082 ad
351 1057 422 1083 hunc
436 1061 583 1092 martyrum
596 1057 681 1084 locum
696 1057 820 1092 populum
836 1059 988 1085 ventitasse.

195 1101 277 1129 Extra
292 1102 385 1130 urbem
408 1110 505 1137 nempe
518 1108 574 1130 erat
588 1103 699 1131 ecclesia
723 1108 830 1138 propter
843 1109 989 1138 martyrum

195 1148 331 1183 Reliquias
351 1148 517 1183 frequentata
527 1170 534 1182 ,
550 1157 602 1185 quo
617 1150 760 1184 pergebant
782 1150 870 1184 populi
885 1150 989 1184 pietatis

195 1202 286 1226 causa,
301 1200 326 1222 et
337 1195 382 1222 ubi
396 1195 549 1230 frequenter
558 1195 700 1222 conciones
710 1195 886 1228 habebantur,
899 1195 988 1230 utjain

195 1247 248 1266 non
270 1241 356 1268 semel
377 1241 502 1268 vidimus.
519 1241 577 1275 Quo
602 1245 691 1268 autem
714 1249 786 1269 anno
808 1241 878 1268 dicta
901 1242 935 1268 sit
956 1249 987 1268 ex

194 1285 264 1312 nulla
279 1290 342 1312 nota
357 1287 463 1320 assequi
480 1294 630 1320 possumus.

228 1332 461 1359 Commentariuni
488 1331 537 1366 (T.
563 1333 599 1366 5)
622 1331 799 1366 homiliasque
822 1332 848 1358 in
869 1331 989 1358 Psaluios

192 1378 344 1406 Antiochia:
364 1379 487 1405 emisisse
507 1378 725 1413 Chrysostomum
749 1383 850 1406 certum
865 1378 986 1405 videtur:

190 1431 257 1458 opus
280 1424 421 1459 egregium
447 1428 475 1451 ct
498 1424 567 1451 inter
591 1424 807 1458 prmstaiilis~iiua
830 1423 887 1458 t‘jns
908 1431 988 1458 (ιριτᾶι

191 1470 418 1504 computandum.
434 1475 462 1496 ut
476 1470 560 1497 cuivis
574 1470 670 1504 legenti
685 1470 770 1505 palam
784 1470 845 1497 crit.
861 1469 989 1504 Opiuatui-

189 1515 396 1549 Tillemontiiis,
425 1515 474 1542 hos
495 1516 520 1542 in
545 1515 663 1543 Psalmos
688 1523 826 1543 sermones
849 1515 989 1550 scripsisse

188 1560 432 1596 Chrysostonium,
459 1568 507 1588 nec
530 1561 732 1588 coiieiouautein
758 1561 783 1587 in
808 1565 877 1588 ccctu
899 1561 988 1595 populi

187 1606 344 1640 protulisse.
363 1606 391 1633 Id
407 1613 484 1638 vero,
499 1609 528 1633 ut
540 1610 582 1633 est
597 1606 621 1632 in
638 1605 738 1640 judicio
753 1605 864 1633 ferendo
876 1610 968 1633 cautus
979 1625 986 1637 ,

186 1652 368 1680 subdubitans
383 1657 485 1679 tantum
507 1652 637 1679 enuntiat.
652 1651 714 1678 Mihi
734 1658 797 1678 vero
811 1659 887 1678 secus
903 1651 986 1677 visnin

183 1702 234 1724 est.
251 1698 280 1725 In
295 1698 342 1726 his
358 1697 430 1724 enim
445 1697 612 1725 sermonibus
627 1697 723 1732 passim
739 1696 862 1734 populum
877 1697 989 1731 alloqui-

184 1749 236 1776 tur,
252 1745 377 1780 taliaque
391 1745 527 1777 enuntiat,
548 1751 607 1779 qua:
618 1743 784 1770 cuncionanti
800 1747 901 1770 tantum
914 1751 988 1770 enni-

182 1795 275 1823 petere
291 1790 418 1824 p05siiit,
445 1794 473 1816 ut
492 1789 582 1816 videas
602 1789 628 1816 in
651 1789 808 1816 Prasfatione
822 1788 854 1815 ad
875 1787 986 1815 Tumum

180 1837 322 1871 quintum.
339 1836 382 1864 Ad
396 1844 500 1864 merum
516 1835 682 1870 disciplinam
697 1835 722 1862 lii
737 1834 922 1862 commentarii
937 1834 986 1862 ad-

179 1883 292 1909 modum
308 1882 460 1917 opportuni
482 1886 564 1908 sunt:
580 1881 681 1908 nullum
707 1880 809 1907 etliices
825 1886 986 1915 prmceptum

177 1928 221 1956 bie
243 1937 303 1956 non
334 1927 470 1955 offendas.
487 1927 634 1954 Occasione
648 1930 752 1961 sumpta
775 1934 806 1953 ex
820 1925 986 1953 I'saliuorum

176 1974 356 2009 argumentis
368 1995 376 2006 ,
390 1981 469 2000 omne
480 1973 605 2000 virtutum
620 1979 703 2007 genus
716 1972 759 1998 liic
773 1971 984 2004 commendatur,

175 2021 236 2048 vitia
247 2021 351 2048 omnia
365 2021 532 2054 exagitantur
544 2027 550 2045 :
564 2018 693 2053 exemplis
704 2017 894 2052 frequentibus,
907 2017 985 2044 modo

178 2066 338 2101 tiigiendum
365 2071 521 2100 peccatum,
540 2064 619 2092 modo
634 2063 844 2098 amplectendam
861 2064 984 2090 virtutem

174 2120 233 2139 esse
246 2113 404 2139 suadetur.

207 2158 376 2185 Antiochia:
393 2157 489 2184 dictam
505 2155 678 2191 probabiliter
703 2160 825 2190 putamus
848 2153 984 2181 homiliam

171 2204 211 2231 cui
228 2205 330 2231 titulus
349 2202 401 2238 (T.
417 2203 442 2230 5.
456 2211 476 2228 ι’.
491 2201 559 2234 519)
572 2211 578 2228 :
598 2201 708 2228 Mamilia
729 2200 812 2226 [iubila
826 2200 852 2226 in
867 2207 984 2234 magnam

171 2249 397 2281 flebtlomadum,
414 2249 438 2275 in
451 2256 499 2282 qua
511 2247 613 2274 docetur
624 2255 667 2273 cur
677 2255 706 2273 ea
716 2255 807 2281 magna
821 2245 984 2272 "ebdomada

169 2296 332 2330 appelletur,
356 2299 386 2321 et
405 2293 429 2320 in
446 2293 528 2324 illud,
544 2292 633 2320 Lauda
648 2293 734 2319 anima
749 2299 807 2318 mea
824 2291 963 2318 Dominum
975 2312 982 2324 ,

168 2349 197 2366 ac
210 2342 242 2367 de
255 2341 375 2368 custode
393 2333 500 2366 carceris
514 2339 539 2365 in
550 2338 628 2364 Actis.

203 2385 478 2422 liilerpretationem
492 2385 517 2411 in
533 2384 625 2411 Isaiam
637 2383 679 2419 (T.
690 2383 715 2410 6.
726 2382 941 2418 iuitio),cmptam
957 2387 984 2410 et

167 2440 251 2468 usque
272 2433 310 2459 ad
327 2429 481 2459 dimidium
502 2430 596 2464 capitis
608 2429 694 2456 octavi
712 2428 852 2455 deductam
867 2428 984 2455 creditur

780 131 870 160 NUNC
891 130 1020 158 PRIMUM
1041 130 1234 159 ADORNATA.

1780 139 1830 166 I58

1042 187 1129 214 deliret
1144 195 1240 214 summa
1257 195 1318 223 pace
1330 192 1387 215 tunc
1402 189 1547 224 frueretur).
1562 191 1616 225 ejus
1630 197 1705 219 statui
1720 199 1831 229 tempore

1040 232 1213 268 Cbrysostomi
1226 234 1404 268 congruentia,
1427 235 1535 262 maxime
1555 244 1612 263 vero
1622 257 1629 270 ,
1653 239 1676 265 si
1691 245 1787 271 spectes
1800 249 1830 268 ea

1040 286 1096 313 qua!
1111 280 1268 307 annun1577
1287 286 1475 314 prwcesserunt.
1491 281 1562 308 llliid
1580 290 1637 310 vero
1649 284 1731 318 operis
1751 286 1789 312 vel
1804 286 1829 314 in

1039 323 1191 357 solitudine,
1207 324 1245 351 vel
1263 333 1319 351 cum
1337 325 1458 352 diaconus
1479 331 1558 360 esset,
1583 329 1689 362 fortasse
1709 330 1831 358 emiserit.

1042 367 1112 395 Nam
1126 377 1157 396 ea:
1167 377 1215 403 quo
1228 374 1337 404 tempore
1352 370 1478 406 presbyter
1492 372 1550 406 fuit,
1565 381 1614 400 non
1630 374 1726 401 videtur
1737 381 1776 402 sat
1786 376 1830 402 otii

1040 418 1064 440 et
1082 414 1158 448 spatii
1177 414 1307 449 habuisse,
1329 421 1356 442 ut
1375 420 1444 443 tanto
1462 417 1559 444 edenda
1572 420 1642 454 operi
1658 428 1760 447 manum
1781 424 1830 448 ad-

1041 468 1082 486 ma
1086 465 1159 487 reret.

1077 506 1306 540 Eli-gaiitissiinam
1330 507 1464 536 homiliam
1488 509 1536 544 (T.
1556 511 1582 538 6.
1600 520 1624 539 ε.
1637 511 1688 539 247
1706 513 1715 548 )
1741 513 1831 541 habuit

1042 551 1191 578 Antiochia:
1214 553 1239 579 in
1268 561 1360 587 magna
1385 555 1495 582 ecclesia
1518 563 1578 583 eum
1601 564 1682 592 pauca
1707 559 1831 594 praefatus

1042 601 1111 623 esset
1125 597 1265 631 cpiscopus
1287 597 1436 631 Flavianus,
1456 599 1482 626 in
1503 600 1565 627 illud
1588 601 1731 638 Evangelii,
1748 602 1831 629 Filius

1042 649 1073 668 es:
1095 641 1176 677 seipse
1203 643 1266 669 nillil
1293 644 1370 678 facit,
1390 645 1437 672 nisi
1459 646 1525 680 quod
1550 647 1638 673 viderit
1663 647 1765 676 Patrem
1789 650 1830 682 [u-

1042 687 1156 716 cientem.
1172 688 1255 724 llujus
1283 694 1370 717 autem
1395 692 1546 724 concionis,
1562 699 1609 720 seu
1634 693 1721 728 potius
1745 694 1832 722 disce-

1043 734 1168 768 ptationis
1193 734 1274 770 (nam
1299 740 1351 762 tota
1378 736 1404 763 in
1428 745 1524 771 genere
1545 738 1667 772 polenn'ca
1693 741 1831 776 versatur)

1042 779 1148 806 occasio
1177 780 1224 806 fuit
1252 781 1443 808 Aiiommoruui
1469 783 1589 817 quaedam
1619 784 1742 819 objectio.
1765 785 1831 813 Cum

1041 824 1112 851 enim
1142 824 1347 860 Chrysostomus
1373 827 1399 853 in
1427 827 1587 861 praecedenti
1618 830 1749 857 concione
1782 830 1833 858 huc

1042 868 1114 896 dicto
1135 869 1288 905 evangelica
1309 871 1335 897 in
1360 871 1477 898 inedium
1501 873 1632 906 adducto,
1658 873 1737 901 Pater
1763 883 1832 902 meus

1041 922 1119 950 usque
1139 917 1214 942 modo
1231 923 1359 951 operatur,
1378 923 1401 945 et
1421 927 1466 953 ego
1481 927 1580 954 operor,
1599 921 1760 949 ostendisset
1774 922 1832 950 Filii

1041 968 1102 987 cum
1117 961 1196 989 Patre
1208 963 1396 997 aequalitatem,
1408 972 1487 998 quam
1500 965 1590 997 etiam,
1607 965 1701 1001 inquit,
1717 967 1834 995 declarat

1042 1007 1202 1042 evangelista
1218 1008 1260 1036 liis
1271 1009 1367 1042 verbis,
1383 1009 1519 1044 Propterea
1531 1011 1610 1046 magis
1623 1014 1833 1047 persequebantur

1042 1060 1109 1085 eum,
1123 1061 1175 1080 non
1187 1053 1269 1080 solum
1282 1055 1341 1089 quia
1353 1055 1462 1083 solvebat
1474 1056 1604 1083 sabbatum
1613 1078 1620 1089 ,
1635 1058 1679 1084 sed
1692 1063 1714 1084 et
1731 1057 1832 1087 Putrem

1041 1106 1116 1125 suum
1135 1099 1230 1126 dicebat
1245 1098 1327 1126 Deum
1337 1120 1344 1132 ,
1364 1101 1486 1133 wqualem
1499 1111 1525 1128 se
1537 1102 1634 1136 faciens
1647 1103 1700 1131 Deo
1709 1112 1718 1136 ;
1733 1105 1766 1132 ita
1782 1112 1829 1132 ser-

1042 1151 1147 1171 monem
1161 1145 1265 1171 clausit.
1290 1145 1412 1173 [heretici
1431 1151 1519 1173 autem
1542 1149 1664 1176 Anoniazi
1680 1148 1743 1176 huic
1757 1158 1829 1184 argu-

1042 1194 1133 1216 nieiito
1145 1197 1177 1216 ex
1192 1189 1295 1218 Joanne
1308 1191 1468 1226 evangelista
1482 1192 1632 1227 desumpto,
1648 1193 1727 1220 alium
1749 1202 1828 1229 oppo-

1041 1243 1120 1262 suere
1141 1235 1249 1263 Joannis
1271 1237 1374 1270 locum,
1398 1245 1494 1272 nempe
1516 1238 1579 1265 illud
1599 1238 1710 1266 Joannis
1733 1240 1830 1273 5,19:

1043 1280 1118 1308 A'iliil
1130 1287 1209 1315 potest
1222 1282 1305 1317 facere
1326 1282 1410 1310 Filius
1420 1304 1427 1316 ,
1443 1285 1491 1311 nisi
1513 1285 1599 1311 uiderit
1614 1285 1718 1312 Patrem
1739 1287 1831 1321 [aciein

1041 1331 1100 1352 tem.
1114 1327 1233 1363 Cumque
1248 1329 1306 1355 talis
1316 1334 1388 1357 esset
1400 1329 1515 1364 objectio
1527 1338 1586 1365 qua:
1600 1336 1689 1364 posset
1700 1331 1834 1359 auditores

1042 1374 1149 1401 turbare
1164 1379 1242 1409 atque
1256 1375 1416 1410 percellere,
1438 1384 1505 1410 opus
1517 1381 1575 1403 erat
1595 1376 1676 1404 hasce
1689 1379 1834 1406 Anomtro-

1041 1426 1099 1446 rum
1115 1421 1231 1454 argutias
1250 1420 1396 1448 confutare.
1415 1421 1592 1454 Quamobrem
1614 1422 1758 1450 Flavianus
1775 1424 1834 1459 epi-

1041 1472 1137 1499 scopus
1149 1473 1230 1499 pauca
1244 1466 1382 1500 praefatus,
1406 1474 1466 1493 cum
1479 1467 1560 1494 sciret
1571 1468 1696 1502 populum
1709 1469 1833 1496 audiendi

1041 1518 1073 1537 ca
1093 1510 1125 1538 de
1141 1518 1170 1538 re
1185 1510 1367 1547 Chrynostonii
1382 1512 1507 1547 cupidum
1530 1520 1589 1540 esse
1601 1534 1609 1546 ,
1629 1514 1683 1541 cito
1705 1516 1784 1541 tinem
1798 1515 1832 1541 di-

1040 1555 1116 1582 cendi
1132 1554 1203 1588 fecit,
1217 1561 1243 1583 et
1258 1555 1448 1591 Chrysostomo
1460 1556 1602 1584 hmreticos
1615 1559 1768 1586 confutandi
1783 1567 1832 1586 cu-

1041 1609 1096 1628 ram
1110 1601 1299 1630 άειιιιιιιιιίινὶιί
1314 1607 1427 1630 noverat
1445 1604 1516 1631 enim
1531 1605 1664 1632 neminem
1686 1613 1764 1641 posse
1779 1611 1832 1634 tam

1041 1647 1145 1675 fortiter
1157 1648 1284 1683 lucil'ugas
1299 1649 1358 1675 illos
1371 1649 1528 1684 profligare,
1546 1658 1626 1685 quam
1639 1651 1756 1680 Joannes
1771 1653 1813 1680 liic
1824 1673 1831 1685 ,

1039 1694 1115 1728 cujus
1127 1693 1317 1729 eloquentiam,
1328 1702 1439 1722 acumen
1452 1696 1558 1731 ingenii,
1572 1701 1652 1732 atque
1663 1697 1830 1732 dialecticam,

1039 1740 1142 1774 experti
1165 1747 1238 1775 siepe
1259 1740 1373 1768 fuerant.
1397 1741 1606 1777 Clirysostouius
1627 1751 1706 1776 veio,
1729 1748 1757 1771 ut
1775 1749 1832 1771 crat

1040 1786 1203 1819 moderatus,
1216 1786 1291 1814 initio
1305 1787 1426 1822 queritur
1437 1788 1486 1815 sibi
1500 1788 1616 1816 delatum
1633 1797 1728 1816 munus
1743 1797 1802 1817 esse
1815 1798 1830 1817 τι

1039 1831 1148 1859 doctore
1163 1839 1226 1863 suo.
1246 1832 1290 1867 qui
1309 1840 1370 1860 vere
1389 1832 1448 1860 f0iis
1466 1833 1594 1860 doctrina:
1611 1839 1697 1867 esset,
1713 1839 1740 1862 et
1759 1835 1831 1863 hanc

1039 1877 1200 1911 provinciam
1217 1878 1299 1912 piobe
1317 1878 1454 1913 suscipere
1469 1884 1576 1913 posset:
1594 1879 1690 1907 deinde
1709 1888 1773 1908 vero
1788 1890 1830 1908 ar-

1037 1928 1192 1958 gumeututn
1205 1924 1417 1951 adversariorum
1432 1930 1484 1951 tam
1503 1927 1585 1960 probe
1597 1926 1722 1960 depellit,
1738 1932 1766 1954 iit
1783 1937 1830 1955 ne-

1038 1969 1107 1995 scias
1119 1974 1205 1996 utrum
1219 1970 1301 2004 magis
1312 1970 1427 2004 mireris,
1438 1971 1628 2006 eloquentiam,
1640 1980 1673 1999 an
1685 1972 1829 2000 dialecticae

1038 2016 1101 2043 vim.
1125 2016 1187 2043 llaec
1202 2024 1265 2043 vero
1279 2017 1373 2044 concio
1395 2017 1485 2044 inultis
1504 2017 1582 2044 annis
1603 2023 1662 2051 post.
1685 2021 1829 2046 conciones

1038 2061 1096 2088 illas
1116 2061 1182 2088 alias
1201 2067 1293 2089 contra
1313 2062 1459 2090 Auomteos
1478 2064 1574 2090 emissa
1591 2064 1706 2097 videtur,
1721 2073 1781 2092 cum
1797 2074 1829 2093 ett

1038 2107 1145 2134 assiduo
1154 2107 1328 2134 conciouandi
1339 2107 1427 2135 ofﬁcio
1439 2116 1561 2143 maguum
1570 2109 1618 2136 sibi
1628 2110 1776 2137 Antiochia:
1786 2119 1829 2138 tm-

1039 2161 1098 2180 men
1115 2154 1261 2187 peperisset
1274 2153 1489 2189 Clirysostonius.
1504 2154 1567 2182 Hoc
1585 2155 1692 2183 liomilia
1708 2161 1736 2183 ut
1747 2161 1774 2184 et
1788 2165 1827 2185 sci

1038 2201 1149 2233 quentes
1165 2206 1250 2233 nuper
1263 2207 1294 2226 ex
1311 2199 1427 2226 tenebris
1442 2204 1525 2226 eruta:
1539 2199 1653 2227 fuerunt.

1074 2243 1185 2275 Eodem,
1195 2249 1223 2270 ut
1234 2244 1359 2279 putatur(
1373 2243 1403 2270 Τ.
1420 2245 1445 2271 6.
1465 2254 1489 2272 c.
1509 2246 1561 2274 257
1575 2244 1595 2281 ),
1607 2247 1712 2273 circiter
1724 2251 1823 2281 tenipo-

1037 2297 1066 2316 re
1079 2288 1217 2316 Iloniiliam
1231 2289 1263 2316 de
1273 2289 1466 2316 Melchisedeco
1475 2289 1573 2316 habuit.
1585 2291 1631 2317 list
1641 2296 1740 2324 autem,
1755 2292 1822 2326 quod

1038 2334 1209 2369 spcctatejus
1228 2339 1329 2369 partem
1353 2342 1406 2360 non
1426 2334 1572 2368 minimam,
1599 2335 1760 2369 pra'ccdcnti
1773 2344 1823 2364 non

1037 2376 1182 2406 dissimilis.
1195 2379 1267 2406 Licet
1279 2380 1350 2406 enim
1359 2379 1391 2406 de
1406 2379 1612 2413 Melcliisedeco,
1625 2385 1653 2406 ut
1667 2380 1719 2407 fert
1730 2381 1826 2408 inscri-

1038 2425 1103 2460 ptio,
1117 2429 1218 2459 agatur,
1234 2432 1286 2451 non
1298 2425 1405 2451 minima
1420 2429 1505 2452 tamen
1530 2433 1590 2460 pars
1613 2426 1750 2454 coucionis
1762 2434 1826 2454 cou—

1038 2475 1078 2497 tra
1091 2471 1236 2497 Aiionimos
1246 2475 1297 2497 est.
1311 2470 1409 2497 Deinde
1423 2478 1485 2497 vero
1496 2475 1587 2498 contra
1601 2471 1827 2500 Melcliisedeeitas

165 2477 390 2514 Chrysostornus
405 2475 584 2503 adornavisse
597 2473 754 2507 Amiochiai,
768 2478 910 2508 antequam
924 2481 983 2508 pre-

160 2525 252 2559 sbyter
266 2528 346 2551 esset
362 2531 372 2549 :
390 2528 490 2556 neque
503 2521 573 2548 enim
588 2521 613 2547 in
625 2520 767 2547 conciones
780 2519 919 2546 distributa
931 2523 982 2552 est,

159 2575 189 2597 ’.ιι
210 2570 342 2597 Humili-ae
362 2568 396 2595 in
413 2566 543 2594 Genesim
559 2571 585 2594 et
598 2566 624 2594 in
641 2566 769 2593 Psalmos.
789 2565 864 2592 Circa
879 2569 983 2599 tempus

165 2620 191 2642 et
211 2616 306 2643 iiscum
318 2636 327 2649 ,
350 2614 446 2649 queis
468 2612 515 2640 hoc
534 2620 600 2648 opus
619 2612 824 2646 Clirysostonins
843 2618 983 2645 aggressus

165 2667 226 2695 est,
251 2667 425 2694 ceteraque
451 2658 482 2685 ad
504 2659 614 2694 idipsum
636 2658 799 2693 spectantia,
820 2657 981 2684 Tillemontii

166 2708 332 2736 sententiam
347 2706 481 2734 libenter
493 2705 673 2740 amplectimur
688 2703 800 2740 (Tillcm.
810 2712 839 2738 ρ.
851 2703 909 2738 90).
927 2703 983 2730 Hoc

167 2763 240 2788 opus,
253 2755 348 2789 inquit
363 2752 430 2783 ille,
448 2748 614 2785 Chrysostomi
627 2758 679 2777 esse
692 2757 763 2776 nemo
777 2758 826 2776 non
837 2749 959 2776 existimet
973 2757 982 2776 .'

168 2800 241 2834 idque
253 2799 402 2834 elegantia:
418 2796 558 2830 speciniina
572 2804 622 2830 pra:
639 2805 665 2822 se
675 2797 722 2831 [ert
741 2803 789 2822 non
804 2795 928 2830 uulgaria.
945 2794 983 2822 De

170 2846 274 2879 imperio
291 2845 425 2873 (toruum;
443 2839 560 2875 quadam
577 2841 614 2868 hic
630 2841 751 2868 habentur
767 2850 793 2874 ρ.
807 2840 841 2868 εἳί
855 2841 932 2876 (quod
945 2841 981 2867 ri-

1037 2516 1197 2551 disputatur,
1211 2516 1265 2550 qui.
1279 2515 1403 2543 dicebant
1425 2515 1646 2544 Meleliiscdecuni
1665 2525 1726 2546 esse
1747 2518 1825 2546 Chri-

1037 2567 1078 2589 sti)
1091 2561 1154 2589 Filio
1161 2562 1350 2596 majorcmzalii
1362 2561 1681 2598 putabantesseSpirituin
1695 2568 1828 2598 sanctum,

1037 2614 1066 2635 ut
1086 2608 1164 2634 ducet
1179 2608 1257 2634 etiam
1273 2607 1434 2642 Epiphanius
1457 2607 1551 2635 Ineresi
1565 2608 1613 2645 46‘
1633 2610 1668 2636 al.
1746 2609 1782 2636 Ex
1795 2609 1828 2637 iis

1036 2663 1095 2690 qua:
1115 2658 1206 2681 contra
1232 2655 1376 2681 Aiiouimos
1394 2655 1527 2688 dicuntur,
1549 2656 1700 2690 conjectura
1721 2656 1825 2684 ducitur

1037 2701 1151 2727 habitam
1162 2700 1230 2726 illam
1246 2698 1327 2726 fuisse
1339 2700 1495 2726 Antiochia).

1073 2746 1183 2773 Ilomilia
1196 2746 1221 2772 iii
1232 2746 1295 2772 illud
1310 2746 1422 2780 apostoli
1439 2745 1482 2781 (T.
1497 2747 1522 2773 6.
1540 2754 1562 2772 ε.
1586 2746 1662 2781 9H),
1676 2746 1731 2773 Hoc
1744 2752 1826 2774 anteiit

1036 2792 1132 2824 scitote,
1146 2792 1212 2827 quod
1224 2792 1250 2818 in
1261 2792 1400 2818 novissimis
1428 2793 1513 2818 diibus
1526 2797 1597 2818 erum
1609 2798 1719 2827 tempora
1729 2801 1826 2828 gravia,

1037 2847 1052 2866 ει
1067 2846 1108 2866 me
1121 2839 1145 2866 in
1163 2838 1287 2866 Vaticana
1303 2837 1462 2865 Bibliotheca
1485 2837 1625 2874 exscripta.
1642 2838 1669 2865 In
1688 2847 1718 2867 ea
1734 2848 1824 2868 onirel
