2034 3109
187 179 234 207 lGl

185 236 275 266 radiis,
291 234 336 262 sed
349 234 395 261 sub
408 241 510 265 aurora,
523 231 567 259 sub
583 232 629 258 Itoc
643 236 708 258 lecto
731 230 819 257 umbro
832 230 936 266 fruimur
955 233 985 255 τι·

187 282 294 310 moiler
305 281 414 316 agimus,
429 287 506 314 neque
520 278 642 314 patienter
655 276 772 304 audimus
784 275 923 311 quidpiam.
936 274 979 301 ard

189 329 284 356 desidia
306 325 551 362 torpenmrillasce
572 331 634 351 vero
653 323 796 351 conciones
811 321 981 350 illucescente

172 380 174 383 ‘
186 382 294 407 aurora,
309 381 369 400 cum
383 371 549 404 brevissima,
566 373 660 405 pra‘ter
671 376 784 400 morem,
794 367 886 394 morali
899 366 980 393 disci-

187 421 271 457 plina,
286 418 485 454 pronuntiabat,
502 424 535 444 ne
550 416 660 443 aliarum
674 415 845 446 coaciOuum,
856 420 922 448 quas
933 419 981 447 per

187 475 286 494 annttm
301 465 423 494 habebat.
439 469 466 491 et
475 471 534 499 qua:
559 461 703 489 moralibus
727 459 866 496 przrceptis
881 457 980 486 redun-

188 513 298 545 dabant,
311 518 420 539 cursum
444 508 636 544 interpellaret.
652 507 705 534 llas
727 513 791 534 vero
806 505 832 532 in
858 505 980 538 Evange-

187 559 252 586 linnt
265 557 375 585 Joannis
393 555 530 584 breviores
552 553 694 581 conciones
709 551 740 579 iis
758 555 860 578 tantum
883 549 982 577 dixisse

188 604 302 635 videtur,
316 602 360 637 qui
372 609 432 629 cum
445 599 578 628 hmreticis
587 601 784 626 concertarent.

227 650 445 686 Elegantissimas
466 647 546 675 etiam
572 646 599 673 in
622 643 769 680 Epistolam
793 642 825 670 ad
845 642 982 669 Romanos

189 698 333 726 conciones
343 695 494 724 Antiochia:
507 693 599 721 habuit
612 692 622 727 (
635 690 666 718 T.
681 690 708 718 9.
722 698 745 716 ι.
759 689 841 725 583),
858 693 887 716 ut
902 687 982 722 liqui-

189 745 225 773 do
238 748 385 772 constatex
401 742 444 774 iis,
458 748 517 776 qua:
532 740 557 766 in
573 737 732 766 Prmfatione
741 736 863 763 diximus.
878 734 924 762 llis
936 742 983 761 au-

191 796 243 818 tem
265 788 415 816 accuratius
439 784 630 814 concinnandis
656 789 764 818 operatn
794 781 867 808 dedit
890 780 984 807 doctor

189 840 291 867 noster,
307 834 366 869 quia
382 833 408 860 in
419 833 468 858 hac
478 829 589 866 epistola
599 829 696 857 Paulus
703 827 983 856 obscurahumanum-

188 889 241 916 que
255 879 420 907 ratiocinium
436 875 620 911 exsuperantia
630 874 710 902 multa
723 873 909 903 admiscuerat,
924 878 984 906 qua)

189 927 329 962 ingenioso
343 932 376 952 ae
388 929 498 952 strenuo
512 923 657 957 interprete
670 927 737 955 opus
761 919 869 946 habent.
894 917 985 952 Expli-

187 972 281 999 catnlis
294 970 398 998 arcanis
415 969 467 998 illis
481 967 626 1003 mysteriis,
637 974 696 1002 qua:
710 965 809 1001 passim
831 965 856 991 in
867 963 916 992 hac
926 963 984 999 cpi-

187 1021 258 1045 stola
273 1019 428 1049 occurrunt,
444 1019 542 1042 tantam
553 1013 670 1041 Joannes
685 1016 776 1040 noster
786 1010 905 1038 adhibuit
918 1018 984 1045 opc-

187 1071 258 1096 ram,
274 1067 303 1090 ut
315 1062 359 1088 vix
374 1068 464 1096 paretn
480 1061 506 1087 in
529 1059 635 1094 scriptis
645 1057 702 1093 ejus
711 1057 904 1093 deprehendas.
917 1056 984 1083 Cer-

185 1114 216 1136 le
226 1110 310 1136 multa
320 1109 346 1136 in
362 1108 404 1135 illa
415 1107 547 1135 habentttr
559 1106 629 1134 circa
643 1105 752 1140 gratiam
769 1109 795 1132 et
811 1102 986 1138 pra‘chIina-

185 1157 303 1189 tionem,
318 1163 378 1190 qua:
393 1153 614 1190 peritissimorum
626 1151 729 1187 ingenia
744 1155 897 1181 exerceant,
913 1157 986 1184 qua:-

186 1209 246 1237 que
261 1209 312 1228 non
325 1202 382 1228 sine
396 1200 504 1228 errandi
531 1199 649 1234 periculo
673 1197 780 1225 tractari
798 1200 918 1232 possunt,
935 1196 987 1224 nisi

187 1255 287 1282 magna
299 1247 383 1274 cautio
394 1246 563 1274 adhibeatur.
585 1245 658 1272 Ilanc
671 1244 829 1272 concionum
840 1243 866 1270 in
882 1243 987 1278 Episto.

185 1294 242 1321 lant
259 1293 292 1320 ad
309 1293 444 1320 Romanos
454 1292 638 1319 collectionem
666 1290 753 1325 magni
785 1289 847 1317 facit
872 1289 987 1317 Isidorus

185 1341 337 1372 I‘elnsiota,
351 1340 450 1375 aliique
463 1339 533 1366 docti
548 1338 596 1365 viri
621 1337 742 1365 eamdem
767 1336 903 1372 proferunt
924 1343 987 1362 sen-

184 1388 313 1415 tentiam.
329 1387 430 1414 Omnes
441 1386 557 1421 denique
572 1385 613 1412 hic
625 1384 753 1419 grandem
769 1383 866 1418 ingenii
882 1381 989 1410 subtili-

184 1438 282 1465 tatem,
295 1431 390 1460 orandi
401 1432 455 1459 vim
466 1435 494 1459 et
512 1430 669 1465 elegantiam
691 1437 744 1464 pra:
758 1428 894 1460 scierunt,
909 1431 989 1462 atque

184 1481 307 1508 nativam
320 1480 379 1514 ejus
396 1477 586 1514 eloquentiam,
613 1477 764 1513 stylumque
785 1475 890 1503 exteris
905 1474 989 1510 Chry-

181 1528 302 1555 sostomi
317 1526 445 1562 operibus
457 1525 496 1553 sic
508 1524 627 1558 afﬁnem,
644 1527 672 1551 ut
682 1530 736 1551 non
753 1522 787 1550 sit
798 1530 877 1550 ovum
888 1529 940 1549 ovo
952 1521 989 1548 si-

180 1574 291 1601 militis.

217 1620 298 1647 Inter
313 1617 533 1654 praestantissima
548 1615 731 1652 Chrysostomi
746 1623 826 1650 opera
843 1621 990 1641 accenscn-

179 1670 226 1693 tur
241 1665 373 1693 llomilia:
385 1665 412 1691 in
427 1663 574 1698 Epistolatn
596 1668 736 1697 utramqtte
750 1660 822 1688 Pauli
838 1659 871 1687 ad
894 1658 991 1686 Corin-

177 1713 256 1740 thios
272 1713 283 1747 (
299 1711 332 1739 Τ.
348 1710 382 1738 l0
395 1710 417 1746 ),
430 1718 462 1737 ac
474 1717 533 1737 cutn
550 1709 642 1744 primis
665 1707 795 1742 elegantia
810 1709 837 1732 et
864 1705 992 1740 gravitate

173 1763 352 1786 ennccrtare
366 1760 477 1791 possunt
492 1763 499 1787 ;
513 1754 626 1781 maxime
634 1752 827 1780 verollomiliae
842 1752 867 1777 in
880 1751 991 1785 primam

174 1804 354 1839 Epistulam,
368 1809 435 1837 quas
458 1801 581 1828 Homiliis
596 1799 629 1827 ad
643 1798 787 1827 secundam
811 1798 886 1825 multi
901 1801 993 1832 putant

170 1859 238 1879 esse
253 1848 469 1880 anteferendus,
486 1848 509 1875 si
524 1851 648 1882 troposet
666 1845 864 1873 accurationem
886 1848 992 1878 specta-

170 1897 263 1924 veris.
282 1895 318 1923 In
333 1894 470 1930 prioribus
487 1901 603 1928 namque
617 1892 759 1927 diligenter
777 1890 866 1918 omnia
879 1890 993 1917 fusiore-

165 1951 226 1980 qne
243 1943 331 1979 stylo
353 1941 532 1977 persequitur,
546 1939 698 1974 salibusque
724 1937 877 1972 frequenter
899 1936 993 1968 utitur,

164 1999 199 2018 ac
213 1989 383 2018 tnitmtiora
394 1994 507 2022 quisque
521 1985 627 2013 discutit
640 1992 647 2016 ς
663 1991 791 2019 nusquam
805 1987 878 2010 certe
890 1981 994 2017 majore

163 2037 264 2064 studio
277 2034 448 2063 elaboratas
468 2031 612 2059 conciones
635 2027 840 2064 deprehendas;
860 2035 911 2062 qua
926 2027 952 2054 in
964 2034 993 2055 re

163 2083 294 2112 fortasse
307 2081 430 2118 quidam
447 2079 567 2106 hodierni
578 2078 693 2105 lectores
706 2076 856 2104 redundare
871 2075 954 2106 illum.
966 2079 995 2102 et

161 2131 238 2157 ultra
254 2134 365 2157 motas
390 2132 589 2160 nonnumquam
613 2123 735 2159 progredi
756 2122 881 2150 dixerint.
891 2122 990 2150 Verum

159 2176 220 2211 ille,
233 2176 320 2212 quod
341 2174 512 2209 prarcipuum
535 2176 578 2200 est
597 2170 709 2198 oratoris
724 2178 829 2201 munus,
843 2169 993 2196 auditorum

159 2223 318 2258 ingenium
339 2225 376 2247 ct
393 2223 498 2254 captum
514 2223 565 2245 tam
576 2217 690 2245 solerter
705 2216 898 2251 exploraverat,
917 2219 945 2241 ut
956 2214 995 2241 si-

157 2269 184 2296 bi
196 2276 309 2297 eorum
323 2266 447 2294 anitnos
454 2264 616 2296 coaeiliaret,
625 2267 727 2299 gratam
738 2261 875 2290 concionis
886 2261 995 2288 admur-

157 2315 374 2342 nturationetn
395 2310 555 2345 plaususque
571 2310 733 2344 frequentes,
750 2313 778 2336 ut
792 2308 818 2335 in
843 2307 994 2334 orationum

155 2362 287 2388 decursu
304 2357 430 2386 videas.
444 2356 483 2383 Ad
495 2355 551 2383 hinc
565 2363 628 2382 vero
650 2355 676 2382 in
701 2354 820 2381 llomiliis
835 2353 867 2380 ad
883 2353 995 2387 printatn

155 2407 327 2443 Epistolatu
347 2402 476 2440 plurima
490 2406 652 2433 occurrunt;
668 2409 761 2436 pugnae
776 2408 871 2434 nempe
887 2403 914 2426 et
929 2399 995 2426 veli-

153 2455 284 2481 lationes
317 2452 496 2485 frequentes
518 2452 611 2476 contra
638 2446 812 2483 philosophos
840 2450 947 2472 exteros
969 2449 996 2472 ct

151 2500 298 2528 falsorum
311 2498 451 2526 deorum
464 2495 590 2527 cultores,
619 2498 647 2522 et
659 2498 751 2521 contra
778 2492 917 2521 hmreticos
931 2499 996 2518 nou-

149 2548 247 2575 nullos
261 2554 270 2580 ;
287 2553 328 2574 ac
349 2542 513 2577 singularia
533 2541 653 2576 quaedam
667 2540 700 2568 ad
714 2541 783 2567 istus
794 2539 844 2567 azvi
858 2546 958 2565 morem
970 2542 997 2565 et

148 2602 232 2620 nsum
253 2587 470 2628 pertinentia,
483 2587 586 2622 aliaque
604 2587 638 2615 de
650 2587 746 2622 quibus
765 2586 792 2613 in
824 2584 925 2613 Monito
935 2592 996 2612 car-

145 2640 214 2674 ptim
232 2639 354 2674 agitur,
385 2639 502 2667 nempe
523 2634 590 2660 circa
606 2632 777 2668 philosophos
790 2637 909 2664 exteros,
925 2630 995 2658 circa

146 2686 322 2716 ιιςιετειῑεος,
356 2677 544 2709 Μειιὴιιίεοε
553 2684 579 2706 et
603 2678 797 2710 Marcionistas,
811 2682 904 2705 contra
916 2676 995 2704 Chri-

148 2733 316 2760 stianorum
334 2722 588 2757 Antiocbcnorum
601 2731 700 2752 mores.

187 2778 340 2805 llomilias
374 2774 410 2801 in
444 2770 591 2799 secundam
613 2772 646 2800 ad
672 2772 824 2800 Corinthios
850 2773 995 2806 Epistulam

151 2827 196 2860 (Τ,
210 2827 260 2854 ιο,
273 2835 302 2852 τ,
322 2821 408 2852 582)
429 2824 498 2844 non
515 2819 568 2850 pari
587 2820 713 2851 elegantia
728 2824 807 2854 atque
822 2819 941 2853 priores.
962 2822 996 2846 (te

149 2873 255 2909 quibus
271 2872 334 2907 iam
355 2870 475 2895 actum
491 2867 540 2894 est,
550 2864 656 2897 scriptas
669 2865 749 2892 fuisse
761 2865 867 2900 quidam
882 2873 993 2900 opinan-

153 2927 206 2949 ιυιι,
223 2918 372 2948 Bretiurc
387 2911 511 2946 utique
519 2909 581 2943 stylo
591 2910 629 2938 il'tt‘
641 2912 798 2946 posteriores
811 2913 994 2948 explanantur.

770 173 859 201 NUNC
879 171 1012 200 PRIMUM
1032 172 1227 200 ADOllNATA.

1774 171 1826 199 l6!

1037 230 1064 256 ΕΙ
1081 230 1139 264 quia
1154 230 1359 266 Citrysostomns
1374 231 1399 256 In
1415 229 1499 262 priore
1512 230 1540 263 l-‘q
1552 229 1628 256 istola
1642 228 1752 256 Paulum
1763 237 1827 264 apo-

1033 277 1129 302 stolum
1152 281 1291 311 sequutus,
1317 276 1361 311 qui
1379 275 1546 306 Christktnos
1571 275 1639 303 illos.
1662 273 1688 302 in
1712 274 1827 302 ecclesia

1034 322 1162 349 tumultus
1176 326 1203 349 et
1215 321 1323 349 dissidia
1340 326 1476 349 moventes
1487 341 1495 352 ,
1509 320 1692 348 vehementius
1711 320 1827 348 insecta-

1034 369 1122 401 batur,
1138 376 1198 396 cnm
1222 369 1366 396 acrimonia
1390 368 1489 403 majore
1509 373 1588 395 etiam
1611 367 1668 402 ipse
1690 367 1826 402 loquitur;

1035 414 1061 442 in
1076 413 1192 442 secunda
1208 419 1295 441 autem
1317 422 1377 441 cttnt
1401 414 1522 448 apostolo
1545 413 1661 448 pacatius
1683 413 1755 449 agit,
1778 419 1828 441 nec

1034 460 1118 495 tropis
1133 465 1185 487 tam
1200 460 1382 495 frequentibus
1395 460 1476 486 utitur
1490 469 1496 487 :
1512 466 1562 487 nec
1574 467 1664 494 parem
1678 463 1750 487 certe
1762 465 1827 494 opo-

1034 513 1091 534 ram
1106 506 1131 533 in
1146 506 1275 533 ambabus
1288 505 1441 533 adllibuisse
1453 505 1565 532 videtur.

1073 555 1103 583 Ut
1120 555 1145 582 in
1160 554 1292 590 prioribus
1313 553 1446 586 homiliis,
1462 553 1487 580 in
1504 553 1577 580 hisce
1594 552 1673 580 etiam
1687 551 1827 579 Marcioni-

1034 605 1089 628 stas
1111 600 1237 636 exagitat,
1259 599 1303 635 qui
1327 599 1450 627 dicebant
1471 605 1559 625 rerum
1581 597 1704 632 opificem
1727 596 1826 632 justum

1035 656 1112 682 esse,
1127 647 1174 675 sed
1198 655 1250 674 nou
1271 646 1390 678 b0num;
1412 645 1572 673 Manichzcos
1587 644 1649 671 item
1671 644 1826 674 insectatur,

1035 693 1079 729 qui
1095 701 1142 721 ore
1156 693 1237 728 intpio
1258 692 1330 726 hunc
1352 699 1442 719 rerutn
1465 690 1587 725 opificem
1609 688 1744 716 diabolutn
1769 695 1830 716 esse

1036 738 1253 774 pronuntiabant.
1266 737 1413 765 llasreticos
1426 736 1486 763 illos
1497 735 1598 771 aliquot
1613 736 1639 762 in
1652 734 1718 762 locis
1732 733 1828 768 carpit,

1036 791 1140 812 necnon
1165 788 1192 812 et
1206 783 1274 811 alios
1296 782 1341 818 qui
1361 781 1487 810 dicebant
1510 780 1638 810 mundum
1662 781 1748 814 ipsum
1769 786 1831 806 esse

1036 830 1127 863 deum,
1151 830 1195 865 qui
1220 836 1296 857 error
1319 828 1399 856 etiam
1412 835 1471 856 mvo
1490 832 1581 855 nostro
1604 832 1748 855 renovatus
1770 826 1829 854 fuit.

1036 876 1095 904 Alia
1117 882 1224 911 qquue
1247 874 1390 902 observatu
1413 873 1493 909 digna
1519 873 1545 900 in
1571 873 1612 900 his
1637 872 1832 907 posterioribus

1037 922 1154 950 homiliis
1177 925 1332 949 occurrunt.
1355 919 1479 947 Affirmat
1496 919 1525 947 S.
1541 918 1637 946 doctor
1649 918 1830 946 Alexandrum

1036 977 1051 996 a
1064 968 1163 997 Senatu
1176 967 1298 996 Romano
1311 967 1417 994 tertium
1429 965 1562 993 decimum
1575 965 1654 993 deum
1666 964 1830 993 declaratum

1038 1015 1129 1048 fuisse,
1145 1014 1171 1042 id
1185 1014 1256 1050 quod
1272 1014 1392 1049 nuspiam
1413 1013 1522 1040 utemini
1542 1020 1585 1039 me
1604 1012 1703 1048 legere.
1723 1011 1832 1039 Tertius

1037 1066 1126 1089 autem
1139 1060 1259 1089 decimus
1271 1059 1338 1088 deus
1352 1059 1438 1087 dictus
1453 1059 1500 1086 fuit
1511 1079 1518 1091 ,
1537 1058 1600 1094 quia
1612 1057 1751 1086 duodecim
1766 1057 1833 1085 deos

1038 1108 1124 1137 Graeci
1139 1108 1256 1143 itemque
1271 1106 1383 1134 Romani
1397 1105 1582 1138 admittebant,
1598 1104 1639 1133 his
1653 1103 1758 1132 duobus
1771 1111 1832 1131 ver-

1038 1155 1111 1183 sibus
1125 1153 1333 1190 comprehensos
1349 1161 1357 1181 :

1101 1257 1170 1283 Juno,
1183 1256 1264 1284 vesta,
1276 1254 1390 1282 Minerva.
1400 1255 1482 1282 ceres,
1497 1251 1577 1281 Diana,
1591 1254 1686 1282 Venus,
1699 1254 1773 1280 mars,

1101 1297 1242 1327 Mercurius,
1264 1295 1343 1326 Jovis,
1367 1298 1504 1326 Neptunus,
1525 1293 1657 1324 Vulcanus,
1679 1290 1771 1324 Apollo.

1076 1382 1303 1409 Commentarium
1325 1381 1387 1408 item
1403 1380 1429 1407 in
1444 1379 1590 1415 Epistulam
1605 1378 1638 1405 ad
1653 1377 1762 1406 Galatas
1775 1379 1832 1404 An-

1043 1427 1148 1455 tiochia.-
1161 1427 1245 1454 edidit
1258 1425 1306 1463 (T.
1321 1425 1363 1454 lO.
1382 1432 1404 1452 ι’.
1419 1425 1506 1460 609),
1522 1428 1553 1452 ut
1574 1424 1601 1452 in
1620 1423 1719 1451 Monito
1735 1422 1833 1450 ibidem

1041 1473 1213 1510 probavimus
1228 1482 1236 1501 :
1250 1473 1293 1501 cui
1308 1472 1463 1500 adornando
1475 1480 1528 1500 non
1542 1471 1647 1498 solitam
1662 1478 1770 1505 operam
1785 1477 1836 1505 po-

1041 1521 1094 1548 suit
1105 1520 1322 1556 Clnysostomus.
1340 1519 1367 1546 lu
1387 1519 1446 1546 aliis
1465 1519 1562 1554 quippe
1577 1518 1603 1545 in
1617 1517 1720 1545 Novum
1739 1516 1836 1544 Testa-

1042 1571 1162 1594 mentum
1189 1565 1422 1601 explanationibus
1449 1565 1538 1592 omnia
1567 1563 1593 1592 itt
1621 1563 1764 1591 conciones
1789 1570 1836 1591 seu

1043 1613 1167 1641 homilias
1179 1611 1263 1639 divisa
1277 1616 1305 1639 et
1317 1611 1456 1639 distributa
1472 1614 1550 1640 sunt;
1566 1610 1599 1637 ita
1615 1614 1643 1637 ut
1656 1609 1751 1637 concio
1763 1616 1833 1644 qua—

1043 1659 1109 1686 libet
1119 1658 1205 1686 ethica
1218 1657 1404 1684 adhortatione
1416 1655 1570 1688 claudatur,
1585 1660 1611 1682 et
1635 1654 1745 1682 moralia
1761 1655 1837 1682 istmc

1044 1705 1190 1742 posteriora
1206 1709 1340 1740 pracepta
1361 1711 1483 1738 magnam
1504 1707 1533 1730 ιιι
1555 1702 1697 1737 pluriumtn
1720 1701 1837 1729 homilias

1044 1757 1144 1787 partem
1168 1750 1391 1785 complectantur.
1411 1748 1440 1777 lu
1462 1748 1514 1776 hoc
1533 1753 1622 1776 autem
1637 1747 1839 1776 Commentario

1043 1798 1131 1826 omnia
1147 1805 1224 1826 secus
1238 1797 1366 1824 adornata
1388 1800 1450 1823 sunt
1464 1804 1471 1823 :
1488 1803 1548 1822 nam
1569 1794 1737 1822 continenter
1749 1793 1837 1830 Chry-

1044 1849 1179 1872 sostomus
1199 1843 1232 1870 ad
1247 1843 1328 1870 ﬁnem
1343 1849 1427 1878 usque
1447 1840 1567 1877 epistola}
1579 1847 1672 1868 versus
1683 1847 1777 1867 omnes
1788 1847 1839 1868 ex-

1045 1890 1144 1926 planat.
1153 1888 1259 1916 Moralia
1275 1894 1485 1923 nonnumquam.
1496 1885 1582 1914 sicubi
1594 1885 1701 1913 occasio
1715 1884 1837 1918 oll‘crtur,

1045 1936 1191 1968 admiscet;
1216 1934 1264 1963 sed
1285 1942 1337 1962 non
1357 1938 1387 1962 ut
1412 1941 1461 1969 pro
1481 1940 1557 1960 more
1579 1932 1660 1960 solito
1680 1931 1838 1960 concionem

1045 1982 1161 2011 claudat.
1178 1981 1308 2016 Populum
1323 1984 1413 2008 autem
1435 1987 1488 2007 non
1509 1986 1571 2006 raro
1589 1978 1742 2014 alloquitur.
1764 1977 1839 2011 Qua-

1045 2034 1156 2064 propter
1176 2027 1336 2056 crediderim
1352 2025 1410 2054 ha‘c
1428 2025 1501 2052 illum
1516 2025 1552 2053 ita
1572 2023 1783 2056 concinnavisse,
1797 2023 1841 2051 vel

1047 2080 1077 2103 ut
1097 2074 1220 2111 praesenti
1237 2073 1334 2109 populo
1354 2072 1394 2100 sic
1413 2072 1515 2107 legeret
1534 2075 1580 2098 attt
1600 2070 1741 2104 recitaret,
1757 2069 1799 2097 vel
1812 2074 1843 2097 ut

1047 2122 1134 2149 diviso
1146 2120 1238 2148 multis
1248 2120 1273 2146 itt
1289 2119 1407 2155 partibus
1416 2117 1614 2145 Commentario
1623 2115 1734 2151 singulis
1748 2120 1841 2150 postea

1047 2168 1167 2204 partibus
1181 2167 1297 2194 ethicum
1311 2165 1442 2202 epilogum
1457 2164 1593 2199 adjiceret,
1609 2168 1639 2191 ut
1652 2170 1701 2198 pro
1713 2167 1842 2190 consueto

1048 2222 1124 2242 more
1143 2214 1169 2242 in
1186 2213 1309 2240 homilias
1329 2211 1498 2239 distributum
1519 2217 1586 2245 opus
1609 2208 1708 2244 populo
1722 2215 1840 2243 pronun-

1048 2260 1136 2288 tiaret.
1160 2259 1228 2287 Utro
1246 2263 1336 2285 autem
1358 2256 1438 2284 modo
1452 2255 1545 2292 egerit,
1569 2254 1675 2282 nonnisi
1698 2253 1842 2281 divinando

1047 2306 1154 2342 assequi
1168 2312 1318 2341 possumus.

1084 2352 1111 2380 In
1127 2352 1178 2379 hoc
1192 2357 1264 2379 certe
1277 2349 1474 2378 Commentario
1486 2347 1693 2384 Chrysostomns
1708 2346 1785 2380 longe
1798 2353 1840 2373 ac.-

1048 2400 1166 2427 curatius
1180 2398 1307 2434 apostolis
1319 2397 1389 2425 dicta
1404 2396 1525 2431 explorat
1539 2399 1567 2422 et
1580 2394 1706 2429 explicat,
1721 2400 1799 2428 qttattt
1814 2393 1840 2420 in

1050 2447 1139 2474 multis
1152 2446 1212 2473 aliis
1226 2444 1343 2472 homiliis
1362 2449 1390 2471 et
1403 2441 1610 2471 commentariis.
1627 2441 1772 2468 Auomreos
1787 2446 1840 2465 non

1049 2493 1132 2521 semel
1146 2492 1253 2528 egregie
1272 2489 1384 2521 refellit,
1401 2496 1503 2516 necnon
1520 2486 1702 2514 Marcionistas
1715 2489 1742 2512 et
1755 2483 1840 2512 Maniv

1049 2541 1138 2568 cha-os
1159 2548 1166 2566 :
1188 2542 1280 2567 contra
1304 2537 1484 2564 Antiochenos
1506 2534 1604 2562 multos
1627 2533 1775 2565 declamat,
1797 2532 1843 2566 qui

1050 2586 1175 2614 .lndaicos
1189 2585 1256 2612 ritus
1270 2583 1450 2611 sectabamur.
1467 2581 1541 2609 Alios
1558 2581 1638 2608 etiam
1653 2579 1766 2613 exagitat
1779 2597 1787 2611 ,
1799 2578 1844 2612 qui

1050 2634 1099 2661 sibi
1113 2633 1200 2660 virilia
1213 2631 1394 2666 amputabant,
1407 2637 1486 2664 (ptem
1499 2635 1602 2656 morem
1616 2627 1728 2654 innuero
1740 2624 1845 2652 videtur

1050 2689 1067 2709 α
1081 2679 1233 2708 Matticltmis
1248 2679 1380 2705 invectum
1396 2677 1489 2704 fuisse.

1087 2731 1159 2754 Inlcr
1172 2725 1311 2753 selectiora
1326 2723 1443 2752 doctoris
1459 2721 1540 2749 nostri
1557 2719 1599 2756 (τ’.
1614 2720 1658 2752 Η,
1671 2716 1754 2752 initio)
1765 2715 1846 2743 Com.

1051 2772 1179 2801 menlaria
1187 2771 1289 2799 censeri
1298 2770 1397 2798 debent
1405 2769 1524 2796 llomilim
1533 2768 1558 2794 in
1569 2765 1712 2801 Epistulam
1719 2764 1751 2790 ad
1762 2762 1847 2798 Epho-

1052 2820 1116 2853 sius,
1134 2824 1188 2846 tum
1202 2819 1262 2854 quia
1278 2818 1303 2844 iu
1320 2817 1360 2844 bis
1375 2824 1418 2843 res
1433 2815 1540 2841 uberius
1553 2811 1678 2847 expendit
1690 2831 1696 2843 ,
1714 2813 1768 2837 tttm
1784 2809 1845 2844 quia

1053 2865 1135 2892 tnulta
1154 2869 1181 2892 ct
1195 2862 1337 2898 singularia
1355 2861 1451 2896 passim
1467 2859 1584 2890 indicat,
1603 2864 1661 2891 qua:
1682 2856 1783 2890 possint
1801 2858 1846 2880 aut

1052 2911 1084 2940 ad
1099 2911 1203 2939 beatam
1218 2914 1261 2937 aut
1280 2908 1312 2936 ad
1333 2908 1456 2935 tui-eram
1472 2905 1550 2932 vitam
1572 2911 1623 2930 non
1645 2909 1736 2937 parum
1751 2899 1846 2927 afferre
