2034 3109
213 195 264 225 1611

212 250 348 279 metuenti.
368 248 513 277 Antiochia:
528 251 614 275 autem
630 246 731 274 habitas
753 245 832 273 fuisse
854 245 879 272 in
895 243 993 272 Prtel'a—

212 297 285 323 tione
301 286 438 329 probatum
452 298 504 321 est.

247 341 356 368 Orditur
369 344 455 366 autem
470 338 503 365 ab
517 337 621 372 Epheso
632 337 705 370 urbe,
720 344 798 371 quam
814 339 842 363 ut
855 336 924 363 Asia:
939 342 995 362 me-

212 386 326 420 tmpolin
341 384 465 412 celebrat.
481 383 705 410 Antioclienorum
719 389 813 416 pravos
826 388 913 408 mores
926 380 997 407 insc-

211 437 299 458 ctatur
309 452 315 464 ,
332 438 377 457 eos
389 437 453 456 vero
466 429 580 456 maxime
591 449 599 461 ,
614 429 658 463 qui
671 428 703 454 ab
716 427 828 454 ethnicis
842 431 869 453 et
887 425 997 452 idolola-

211 477 259 503 tris
275 480 475 511 ptomanarant,
491 481 520 502 ut
536 479 668 501 sortesoet
687 473 891 504 incantationes,
915 471 995 498 latum

211 522 290 548 etiam
316 527 342 548 et
366 519 624 555 mctcmpsychosin:
648 517 823 552 dicebantque
846 517 883 545 illi
908 517 995 544 omnia

210 564 284 592 nulla
293 567 347 601 geri
358 564 537 599 providentia;
548 563 592 590 alii
605 571 668 590 vero
681 563 759 591 deum
770 570 831 591 esse
840 569 936 596 corpus
947 562 996 588 im-

210 619 280 646 pune
287 611 449 638 asserebant.
458 610 495 636 De
505 609 637 636 ominibus
645 613 732 635 autem
739 613 766 635 et
774 607 906 642 pnesagiis
914 606 995 633 multa

211 656 311 691 profert
318 656 425 682 omnino
435 655 585 689 singularia.
597 654 674 681 llom.
685 653 787 680 decima
795 652 858 680 dicit
867 653 996 686 ἀγάλματα

211 707 256 728 seu
268 700 364 735 ﬁguras
376 700 418 727 vel
432 700 559 734 imagines
573 699 599 725 in
607 699 717 725 ecclesia
732 705 802 730 esse,
821 705 907 732 neque
921 697 995 732 plura

212 746 300 779 adjicit
322 744 349 771 in
368 752 410 776 re.
427 751 505 778 quam
524 743 607 778 magis
629 750 774 776 expensam
794 742 874 769 fuisse
886 741 994 768 vellem.

211 791 355 818 lla-retices
378 790 474 824 passim
499 790 629 825 exagitat,
654 788 830 818 Marcionem,
853 787 994 820 Manetcm,

212 836 391 867 Valentinum.
406 836 533 863 Catharos
546 843 592 863 seu
607 835 765 862 Novatianos
774 855 781 867 ,
794 833 884 861 Arium
898 833 924 860 in
936 841 995 860 om-

210 882 287 909 nibus
304 889 371 916 pene
383 881 554 908 concionibus
564 901 570 912 ,
587 880 704 914 aliosque
716 880 795 907 etiam
810 879 957 907 hazreticos.

247 928 375 955 llomilias
387 934 492 962 quoque
506 927 531 953 in
551 926 682 961 Epistolas
695 925 760 952 duas
774 924 823 961 (T.
837 924 912 952 “.13.
926 926 995 960 499)

210 973 243 1000 ad
257 972 424 1000 Timotheum
448 976 568 1007 putamus
589 979 654 1004 nos,
671 971 739 997 haud
763 970 863 998 levibus
883 971 995 1005 permoti

211 1018 358 1046 rationibus
368 1038 375 1050 ,
390 1017 536 1044 Antiochia:
551 1016 670 1049 habitas,
695 1020 724 1042 ut
737 1015 826 1043 videas
844 1015 870 1042 in
886 1015 994 1043 Monito.

210 1064 238 1091 In
255 1064 296 1090 his
309 1071 373 1090 vero
384 1062 570 1095 concionibus,
591 1062 653 1091 licet
668 1062 767 1096 aliquot
787 1061 813 1088 in
827 1061 892 1088 locis
911 1061 996 1096 negli-

209 1112 314 1145 gentilis
336 1117 415 1145 agere
435 1114 463 1137 et
484 1115 681 1143 nonnumquam
697 1108 756 1135 vilia
778 1114 828 1135 nec
848 1112 996 1134 memoratu

209 1158 286 1192 iligna
301 1162 412 1184 tractare
425 1156 556 1188 videatur,
572 1156 668 1190 passim
684 1160 772 1182 tamen
786 1162 879 1181 avaros
889 1175 896 1187 ,
911 1158 937 1181 ct
950 1161 996 1181 eos

209 1204 253 1237 qui
274 1202 407 1229 facultatis
428 1202 553 1237 augendae
566 1201 654 1229 studio
671 1207 827 1229 ceterorum
847 1201 915 1228 boaa
929 1200 995 1227 diri-

210 1255 273 1282 pere
299 1248 469 1282 satagebant,
484 1248 589 1282 egregie
608 1247 691 1281 carpit
709 1252 737 1274 et.
757 1247 915 1278 insectatur,
931 1253 995 1272 nus-

209 1301 287 1328 quam
308 1293 388 1320 [iuem
403 1293 465 1320 facit
478 1292 620 1327 impetendi
636 1301 643 1319 z
658 1299 743 1326 neque
757 1292 837 1319 alium
850 1291 907 1326 ejus
921 1299 996 1319 com-

208 1338 366 1365 mentarium
380 1338 488 1371 videas,
510 1339 552 1365 ubi
574 1338 635 1365 huic
654 1337 801 1365 amovendo
816 1337 886 1364 malo
905 1345 994 1372 parem

207 1384 507 1419 insumpseritoperam.
529 1383 604 1412 Unde
619 1384 716 1411 inferas
731 1388 830 1418 pestem
850 1383 921 1410 illam
938 1391 996 1410 ma-

206 1429 313 1458 navisse
332 1430 358 1456 in
380 1430 438 1458 dies
462 1430 559 1463 latius;
584 1429 733 1464 multosque
752 1434 815 1456 tunc
834 1429 933 1462 fuisse,
951 1429 995 1464 qui

205 1475 318 1503 aliorum
333 1475 472 1510 dispendio
493 1483 549 1502 rem
565 1483 640 1502 suam
655 1482 752 1509 augere
774 1475 930 1508 studerent,
945 1483 996 1501 no-

207 1529 307 1557 vosque
321 1522 495 1549 insurrexisse
505 1521 633 1556 quotidie,
646 1521 689 1556 qui
700 1521 750 1548 hac
759 1520 903 1557 cupiditate
914 1521 993 1556 capti,

206 1569 233 1596 in
247 1568 359 1594 aliorum
374 1574 439 1601 opes
453 1567 609 1594 involarent.

242 1613 358 1648 Eratque
380 1613 451 1641 aliud
474 1612 557 1640 morbi
580 1619 680 1648 genus,
701 1612 784 1647 magis
805 1611 993 1648 periculosum,

205 1660 276 1695 quod
290 1665 351 1687 tunc
368 1660 445 1686 latius
463 1659 643 1694 grassabatur.
663 1659 886 1693 Praistigiatorum
899 1665 995 1692 nempe

205 1712 350 1739 eorumque
359 1705 403 1739 qui
417 1705 471 1731 fato
481 1709 508 1732 et
518 1705 609 1739 genesi
621 1711 668 1732 seu
681 1704 893 1738 genethlialogia:
905 1704 993 1731 omnia

205 1749 370 1780 tribuebant.
392 1749 636 1784 przestigiarumque
656 1756 754 1783 genera
774 1750 862 1778 omnia
884 1748 993 1776 inducu-

207 1796 281 1827 haut,
293 1802 403 1830 quarum
416 1795 523 1822 nomina
533 1794 572 1821 sic
585 1794 629 1821 ille
642 1799 762 1821 recenset
775 1794 800 1820 111
815 1793 866 1822 line
880 1794 993 1821 homiliae

207 1841 317 1868 «1001111111
341 1849 350 1868 :
370 1840 430 1867 Alia
452 1840 523 1867 mitto
546 1839 638 1875 grandi
661 1839 730 1866 luctu
754 1840 847 1874 digna,
869 1840 991 1874 auguria,

206 1889 324 1915 vaticinia
334 1909 342 1921 ,
358 1888 540 1915 obseruatione:
550 1908 557 1919 ,
575 1886 685 1922 genesim
696 1907 703 1918 ,
718 1886 846 1922 symbolo,
862 1886 991 1921 ligamina,

206 1934 380 1967 divinationes,
395 1933 575 1960 incantationes
586 1953 592 1963 ,
612 1933 734 1967 magicam
748 1937 837 1959 artem.
855 1933 916 1959 ll:ec
933 1939 992 1959 0m-

207 1980 248 2006 nia
264 1980 315 2006 isto
330 1984 449 2014 tempore
462 1981 496 2006 ita
510 1979 712 2010 exercebantur,
730 1983 758 2005 nt
773 1986 902 2013 nusquam
918 1986 990 2013 repe-

206 2027 259 2052 rias
281 2026 354 2053 illum
368 2031 420 2053 tam
441 2025 592 2059 frequenter
614 2025 734 2052 morbum
756 2023 906 2059 hujttsmodi
923 2024 990 2051 iuse-

206 2077 333 2100 Clﬂlllem.

241 2118 326 2145 Aliam
346 2125 452 2152 quoque
469 2125 525 2145 rem
543 2117 709 2152 aggreditur,
723 2125 782 2152 quae
798 2123 859 2144 tunc
871 2117 993 2152 serpebat

208 2164 234 2190 111
249 2163 369 2191 ecclesia:
381 2163 516 2195 damnum,
532 2162 601 2198 quod
618 2171 712 2198 nempe
725 2163 839 2197 virgines
854 2163 906 2190 Deo
921 2163 992 2190 dica-

205 2214 242 2237 tae
256 2210 367 2237 vestium
381 2208 466 2238 cultui
483 2208 562 2236 nimis
576 2208 730 2240 studerent,
752 2214 779 2236 et
796 2216 830 2235 ex
844 2209 948 2236 incessu
966 2213 993 2236 et

207 2260 300 2282 ornatu
311 2254 375 2282 viris
384 2254 490 2289 placere
504 2259 641 2289 cuperent.
655 2255 723 2287 Quid
737 2254 797 2282 inde
807 2254 896 2281 damni
907 2263 992 2282 cmer-

207 2307 297 2328 surum
321 2305 411 2333 esset,
434 2308 494 2327 cum
518 2300 574 2334 ipse
598 2300 716 2335 pluribus
737 2301 913 2335 persequitur,
937 2305 991 2327 tum

207 2347 288 2374 etiam
303 2347 390 2382 quivis
401 2346 489 2374 statim
504 2345 703 2381 deprehendere
718 2346 810 2380 possit.

244 2393 371 2421 llomilias
392 2393 481 2420 etiam‘
499 2392 524 2419 in
547 2392 692 2426 Epistulam
717 2391 749 2418 ad
772 2391 860 2418 Titum
884 2391 932 2426 (T.
948 2391 990 2418 ll.

209 2446 232 2464 c.
246 2436 317 2472 (151)
332 2436 478 2464 Antiochiae
498 2436 583 2464 dictas
602 2436 681 2464 fuisse
697 2436 824 2471 probatur
843 2444 876 2463 ex
889 2437 920 2463 iis
933 2444 992 2471 111110

206 2483 412 2517 L‘hrysostomus
425 2482 462 2508 ait
478 2481 586 2516 hom.5,
598 2490 671 2508 num.
683 2482 701 2508 2
716 2491 722 2508 :
738 2482 806 2514 Quid
820 2482 885 2508 enim
897 2482 929 2509 de
941 2482 992 2509 illis

206 2527 301 2554 dira-is
311 2546 318 2559 ,
333 2526 435 2562 inquit,
453 2527 495 2562 qui
508 2535 566 2554 cum
578 2526 676 2555 Judtet's
685 2527 805 2562 jrjnnant
815 2548 822 2559 ,
835 2528 878 2562 qui
889 2532 992 2555 sabbata

205 2571 330 2599 servant?
348 2571 379 2598 da
399 2572 430 2599 iis
449 2572 491 2607 qui
513 2571 546 2599 ad
566 2578 709 2600 consecrata
723 2573 768 2599 illa
787 2573 843 2600 loca
865 2579 992 2610 pergunt;

203 2618 229 2645 in
255 2616 396 2652 Daphnen,
419 2617 530 2652 inquam,
554 2622 629 2652 atque
649 2618 676 2644 in
698 2617 842 2651 speluncam
866 2618 993 2646 Matrona;

203 2665 317 2696 dictant,
336 2662 363 2690 in
383 2663 466 2691 locant
485 2663 557 2690 illum
579 2663 674 2691 Cilicia:
693 2663 797 2692 Saturni
816 2665 992 2700 appellatum?

203 2709 330 2742 quomodo
344 2709 383 2737 illi
403 2710 459 2737 Iani
471 2715 527 2736 sunt
537 2709 550 2736 .7
569 2708 631 2737 Ideo
646 2710 825 2738 t'ehetncntiore
839 2714 914 2748 plaga
929 2719 992 2748 Opus

207 2754 307 2781 habent.
332 2754 395 2783 11100
416 2755 473 2782 loca
496 2754 618 2790 Daphnes
637 2760 663 2783 et
677 2757 803 2791 spelunca
817 2757 943 2785 Matronae
964 2758 991 2785 in

207 2800 355 2827 Antiochiae
369 2801 502 2828 suburbiis
516 2806 601 2828 erant.
617 2801 705 2837 Pergit
724 2808 815 2837 postea
829 2802 991 2838 Chrysosto-

207 2852 284 2877 mus,
305 2849 331 2872 et
345 2845 471 2874 adversus
491 2853 556 2878 eos,
570 2846 615 2882 qui
635 2846 759 2875 Judaicos
779 2848 845 2876 ritus
861 2848 886 2875 in
908 2848 992 2883 pretio

207 2889 336 2924 baberent
350 2890 381 2917 ad
397 2891 476 2919 linem
489 2899 574 2927 usque
588 2893 721 2924 concioujs
735 2892 868 2922 cdiSSerit.

772 190 800 217 S.
822 188 958 218 JOANNIS
977 186 1212 233 ClllSYSOSTOMl
1235 186 1322 222 VITA,

1784 189 1834 220 lG-i

1084 243 1112 270 111
1126 243 1198 270 hisce
1210 242 1326 269 homiliis
1337 241 1394 277 plus
1406 243 1484 270 stadii
1499 246 1524 270 et
1538 242 1681 279 diligentia:
1694 243 1834 279 observes,

1048 297 1127 324 quam
1142 289 1168 316 in
1184 289 1273 317 multis
1292 289 1369 322 aliis,
1391 288 1479 315 omnia
1501 289 1544 317 ille
1559 288 1642 317 fusius
1656 291 1834 325 prosequitur.

1049 334 1126 362 luitio
1147 334 1231 361 tertiae
1253 333 1368 361 homilia:
1388 333 1422 361 de
1442 333 1609 361 Cretensium
1625 335 1695 362 vitiis
1717 335 1836 370 pluribus

1048 381 1117 415 agit,
1140 385 1164 408 et
1188 380 1213 407 in
1229 381 1330 415 quinta,
1352 383 1381 407 ut
1402 380 1428 407 in
1449 385 1546 414 quanta
1566 380 1666 408 scelera
1681 380 1835 409 0110001001

1048 425 1214 453 celeberrimi
1236 426 1299 452 olim
1320 425 1489 460 proruperint
1503 429 1708 458 commonstret,
1730 425 1834 453 illorum

1049 470 1175 498 historias
1188 471 1274 498 tacitis
1285 470 1436 498 nominibus
1449 470 1565 497 breviter
1576 470 1704 505 decerpit.
1718 470 1745 498 lu
1760 476 1834 499 sexta

1048 517 1156 543 homilia
1173 516 1207 543 de
1221 516 1324 544 duobus
1338 516 1510 549 Christianis,
1530 516 1574 551 qui
1588 523 1636 551 pro
1648 516 1754 544 Christo
1767 524 1824 544 mar

1048 562 1146 597 tyrium
1162 561 1284 595 subiere,
1308 561 1395 589 tacitis
1415 561 1494 589 etia‘m
1517 561 1668 590 nominibus
1688 562 1740 597 agit
1757 569 1838 598 :qu:e

1048 608 1156 635 historia
1171 608 1262 636 nescio
1275 615 1309 635 an
1323 608 1426 642 uspiam
1440 607 1503 634 alibi
1519 607 1677 642 reperiatur.

1085 652 1220 680 Nectarius
1234 652 1322 688 Episc.
1333 652 1363 680 (ἰ.
1376 651 1408 679 Ρ.
1420 653 1536 679 moritur.
1551 667 1587 672 —
1600 652 1713 680 Tantum
1733 651 1837 681 dicendi

1048 699 1191 731 artilicem,
1212 699 1257 733 qui
1273 706 1325 726 non
1347 699 1434 725 minus
1450 698 1546 733 pietate
1566 702 1644 733 atque
1657 698 1719 725 vitte
1737 699 1838 726 sancti-

1049 744 1137 771 monia
1150 764 1158 777 ,
1181 751 1261 779 quam
1286 743 1407 771 facundia
1420 764 1427 777 ,
1451 743 1578 778 populum
1599 744 1793 771 Autiochenum
1811 748 1838 772 et

1047 790 1182 817 auditores
1199 797 1293 817 omnes
1314 789 1364 816 sibi
1386 789 1561 823 devinxerat,
1583 790 1674 817 nuntia
1698 789 1767 817 lama
1788 798 1838 825 per

1048 835 1183 863 Orientem
1205 840 1288 862 totum
1310 835 1476 862 notissimum
1499 834 1611 862 fecerat.
1631 835 1734 862 Accidit
1749 840 1836 863 autem

1048 885 1077 907 ut
1089 881 1236 914 Nectarius,
1251 881 1294 916 qui
1309 888 1378 908 anno
1392 880 1441 908 ’581
1455 880 1586 915 Gregorio
1599 880 1764 908 Nazianzeno
1776 888 1837 908 suc-

1047 931 1174 959 cesserat,
1191 926 1385 961 cpiscopusque
1397 925 1705 960 Constantinopolitauus
1718 926 1837 954 adiectus

1047 971 1143 1002 inierat,
1165 979 1234 998 anno
1255 971 1317 1004 397,
1341 971 1384 998 die
1402 972 1434 998 l7
1456 971 1631 1005 Septembris,
1653 971 1705 998 vita
1720 971 1837 1005 functus.

1048 1017 1138 1044 sedem
1154 1024 1291 1044 vacantem
1314 1017 1477 1052 relinqueret
1500 1016 1625 1052 (Pallad.
1640 1026 1665 1052 ρ.
1678 1018 1743 1054 42).
1764 1018 1838 1046 Tunc

1049 1063 1142 1097 multi,
1156 1063 1200 1098 qui
1221 1067 1301 1090 tanta:
1322 1063 1482 1102 occupanda:
1501 1062 1573 1090 sedis
1585 1063 1729 1097 cupiditate
1742 1063 1837 1099 ﬂagra-

1050 1110 1128 1142 bant,
1154 1109 1218 1136 nihil
1234 1117 1286 1136 non
1305 1113 1416 1144 egerunt
1431 1114 1458 1136 ut
1473 1113 1591 1144 optatum
1614 1115 1837 1145 assequerentur;

1049 1155 1092 1182 alii
1109 1155 1305 1189 magistratibus
1320 1154 1458 1182 adulantes
1469 1175 1475 1187 ,
1491 1155 1535 1182 alii
1548 1155 1626 1182 donis
1641 1163 1672 1183 ac
1686 1157 1839 1184 muneribus

1048 1200 1184 1232 adhibitis,
1196 1200 1240 1227 alii
1255 1201 1342 1235 populi
1355 1201 1465 1233 gratiam
1476 1205 1612 1234 captantes
1626 1205 1704 1235 atque
1716 1201 1741 1229 iu
1753 1209 1838 1237 genua

1048 1246 1265 1282 procumbentes,
1278 1246 1423 1281 presbyteri,
1440 1246 1526 1280 inquit
1538 1246 1680 1278 Palladius,
1694 1255 1743 1273 non
1755 1255 1840 1274 sacer-

1048 1292 1117 1319 dotio
1131 1297 1238 1324 tantum,
1254 1292 1298 1318 sed
1310 1292 1384 1318 etiam
1397 1291 1444 1318 viri
1456 1291 1556 1318 nomine
1570 1291 1676 1326 indigni.
1692 1292 1725 1318 At
1739 1291 1839 1320 Ortho-

1047 1338 1176 1365 doxurum
1190 1345 1252 1373 pars
1265 1337 1395 1365 sincerior
1405 1337 1594 1372 Imperatorem
1605 1338 1703 1365 obnixe
1715 1339 1837 1373 rogabat,

1049 1383 1093 1411 tali
1115 1383 1223 1418 dignum
1238 1384 1337 1418 gradu,
1353 1387 1380 1410 ct
1401 1383 1426 1410 iu
1449 1383 1529 1410 rebus
1549 1383 1645 1410 divinis
1659 1385 1771 1419 peritum
1788 1385 1838 1412 sibi

1048 1429 1188 1463 prtesulem
1213 1429 1396 1456 constitueret.
1429 1428 1573 1463 Eutropius
1598 1437 1661 1456 vero
1687 1430 1839 1463 eunuchus,

1049 1475 1208 1509 l’rarpositus
1223 1475 1291 1501 sacri
1305 1473 1436 1506 cubiculi,
1452 1475 1497 1508 qui
1513 1481 1644 1501 summam
1660 1482 1749 1502 rerum
1764 1479 1841 1502 tene-

1048 1519 1102 1552 bat,
1117 1519 1246 1547 Joannem
1263 1524 1381 1546 nostrum
1394 1519 1589 1546 AntiOrheuum
1602 1519 1768 1547 sacerdotem
1785 1528 1838 1548 ca:-

1049 1566 1112 1592 tcris
1136 1565 1262 1592 autel‘crri
1278 1565 1442 1599 peroptabat.
1465 1565 1530 1591 Cum
1551 1565 1622 1592 enim
1638 1565 1710 1592 illum
1732 1566 1836 1600 imperii

1047 1611 1151 1646 negotia
1174 1611 1199 1637 in
1228 1611 1379 1638 interiorem
1401 1610 1518 1638 Orientis
1542 1615 1642 1644 partem
1667 1616 1835 1645 evocassent,

1046 1655 1175 1683 Joannem
1195 1655 1341 1682 Antiochia:
1363 1655 1475 1689 viderat,
1496 1663 1527 1683 ea
1549 1656 1656 1689 virtute,
1678 1657 1709 1683 iis
1728 1656 1835 1685 dotibus

1046 1703 1201 1738 praeditum,
1219 1710 1277 1736 qua:
1291 1706 1363 1729 tanto
1377 1701 1540 1736 capessendo
1553 1702 1655 1729 muneri
1671 1709 1762 1737 parem
1775 1703 1836 1730 red-

1045 1749 1149 1776 derent.
1649 1779 1654 1783 _

1080 1794 1210 1828 Quoniam
1228 1801 1292 1820 vero
1313 1792 1457 1820 timendum
1478 1793 1588 1820 omnino
1609 1797 1680 1827 erat,
1696 1801 1730 1821 ne
1742 1794 1836 1822 Antio-

1044 1840 1145 1867 Chentls
1158 1839 1280 1873 populus,
1295 1838 1339 1873 qui
1355 1838 1448 1865 Joanui
1463 1845 1524 1865 vere
1538 1838 1729 1874 Cbrysostomo
1741 1839 1834 1866 admo-

1045 1886 1107 1913 dum
1123 1885 1244 1912 addictus
1263 1889 1338 1918 erat,
1354 1885 1425 1912 illum
1439 1885 1488 1912 sibi
1503 1885 1589 1920 abripi
1604 1892 1674 1919 a‘gre
1690 1890 1834 1919 pateretur,

1044 1940 1112 1960 neve
1134 1932 1160 1958 in
1183 1931 1301 1958 discessu
1320 1931 1378 1965 ejus
1401 1931 1529 1958 tumultus
1553 1931 1749 1963 concitaretur;
1773 1939 1834 1959 cum

1044 1979 1124 2005 etiam
1141 1986 1192 2004 non
1211 1978 1298 2004 minus
1313 1978 1483 2004 metuendum
1501 1982 1586 2007 esset.
1603 1985 1636 2004 ne
1648 1977 1764 2005 Joannes
1778 1979 1834 2013 ipse

1045 2028 1118 2051 tanto
1131 2030 1160 2050 se
1173 2023 1256 2057 gradu
1277 2023 1411 2057 indignum
1432 2029 1528 2058 putans
1538 2044 1544 2055 ,
1559 2023 1771 2058 subterfugeret;
1794 2024 1834 2051 his

1045 2071 1209 2106 prospiciens
1222 2071 1363 2106 Eutropius
1386 2070 1542 2106 Imperatori
1567 2077 1658 2099 auctor
1678 2072 1742 2104 luit,
1759 2077 1787 2100 ut
1801 2073 1834 2100 ad

1045 2118 1173 2144 Comitem
1186 2117 1303 2144 Orientis
1320 2117 1463 2150 scriberet,
1480 2110 1606 2152 illumque
1617 2118 1725 2152 jnberet
1740 2120 1833 2146 Antio-

1044 2162 1131 2190 chiam
1146 2163 1274 2197 prolicisci
1286 2182 1293 2195 ,
1308 2167 1336 2189 nt
1350 2167 1407 2190 arte
1419 2163 1532 2197 quadam
1546 2163 1675 2190 Joannem
1690 2164 1748 2191 sine
1762 2168 1834 2192 stre-

1045 2209 1100 2243 pitu
1113 2213 1252 2241 evocaret,
1275 2209 1414 2244 ipsumque
1425 2208 1680 2244 Constantinopolim
1705 2211 1832 2238 mitteret.

1043 2254 1140 2281 Comes
1154 2255 1261 2287 statim,
1276 2255 1392 2289 acceptis
1408 2254 1507 2288 literis,
1526 2255 1656 2282 Joannem
1671 2256 1792 2283 hortatur
1805 2261 1834 2284 ut

1044 2304 1118 2327 extra
1142 2300 1274 2327 civitatem
1296 2300 1329 2328 ad
1353 2300 1479 2336 martyria
1502 2308 1532 2328 se
1552 2302 1683 2329 conferat.
1711 2303 1751 2330 Eo
1772 2311 1834 2330 cum

1044 2346 1160 2372 venisset
1174 2346 1237 2373 nihil
1250 2346 1374 2374 dubitans
1386 2346 1512 2380 Joannes,
1524 2347 1601 2374 militi
1611 2348 1715 2375 cuidam
1728 2349 1761 2375 ad
1774 2356 1832 2376 eam

1045 2399 1100 2418 rem
1115 2392 1196 2419 misso
1211 2392 1333 2424 traditur,
1348 2397 1375 2419 ct
1384 2393 1474 2420 rhedae
1487 2394 1600 2428 publica:
1615 2394 1754 2429 impositus
1764 2394 1834 2422 Con-

1044 2437 1243 2472 stantiuopoliin
1257 2437 1407 2465 adducitur.

1080 2484 1128 2511 1110
1141 2488 1250 2512 venerat
1269 2484 1301 2511 ad
1323 2484 1451 2512 Joannem
1472 2485 1649 2513 ordinandum
1669 2486 1834 2521 Theophilus

1045 2529 1239 2557 Alexandrinus
1252 2530 1348 2564 111-105111
1360 2551 1367 2562 ,
1382 2531 1462 2557 1101110
1477 2531 1551 2558 val‘er
1563 2536 1590 2558 et
1601 2532 1726 2564 callidus,
1741 2533 1784 2566 qui
1798 2540 1830 2558 ex

1044 2581 1152 2611 aspectu
1165 2575 1223 2603 solo
1235 2576 1371 2603 hominum
1387 2577 1496 2604 consilia
1510 2582 1538 2604 et
1553 2578 1649 2612 ingenii
1660 2578 1736 2605 dotes
1752 2587 1833 2605 11111·οη

1044 2626 1096 2648 rat.
1112 2621 1135 2648 ls
1151 2626 1288 2656 perspecta
1303 2621 1412 2649 Joannis
1426 2623 1549 2657 loquendi
1563 2623 1693 2656 libertate,
1707 2629 1825 2650 constan-

1045 2668 1098 2700 tia,
1115 2667 1222 2698 virtute,
1246 2667 1331 2702 ipsum
1347 2668 1414 2694 votis
1437 2668 1491 2695 suis
1514 2676 1565 2695 non
1590 2669 1832 2703 obtemperaturum

1045 2720 1104 2740 esse
1125 2713 1306 2748 prospiciens;
1323 2714 1467 2748 imperandi
1488 2715 1558 2742 enim
1580 2715 1703 2750 cupidine
1725 2715 1831 2742 teni-ba-

1046 2763 1105 2790 tur;
1128 2758 1185 2793 ejus
1206 2759 1366 2786 ordiuatioui
1385 2759 1541 2788 obsistebat.
1562 2760 1598 2788 Ut
1610 2769 1674 2787 vero
1688 2761 1737 2787 sibi
1754 2760 1829 2787 otiae-

1045 2807 1170 2838 quentcm
1185 2803 1210 2831 in
1226 2802 1517 2840 Constantinopolitaua
1537 2805 1601 2833 sede
1612 2806 1765 2841 episcopum
1785 2805 1829 2831 lia-

1044 2849 1120 2876 bcrct
1139 2849 1224 2884 (Socr.
1239 2851 1257 2877 1.
1269 2851 1295 2877 6.
1309 2850 1398 2885 (1.2),
1413 2850 1543 2879 lsidorum
1559 2852 1684 2878 Ecclesia:
1701 2859 1757 2878 sua:
1772 2858 1828 2885 pre.

1049 2894 1182 2930 shymrum
1194 2917 1199 2928 ,
1216 2904 1292 2930 quem
1305 2895 1347 2922 ille
1357 2895 1469 2923 Nectarii
1480 2903 1662 2924 successorem
1674 2895 1830 2928 destinabat,
