2034 3109
183 155 221 183 165
735 150 826 180 NUNC
843 151 975 180 PRlMUM
995 150 1190 180 ADORNATA.

184 209 405 244 Constantini-[mliti
426 207 515 241 misit,
537 207 693 235 muneribus
713 207 868 242 ltnpcratori
883 207 948 235 olfe-

184 256 256 284 rcndis
267 255 386 290 binisque
400 254 483 281 literis
504 254 672 281 instructum.
690 253 786 280 Verum
800 253 894 281 Lector
906 254 950 288 qui

184 304 252 338 ipsum
276 301 472 334 comitabatur,
495 301 585 328 literas
607 300 675 327 clam
703 300 851 335 surripuit,
876 300 951 335 queis

186 353 251 376 totum
261 347 398 382 Theophili
411 346 573 382 propositum
587 345 782 373 declarabatur.
797 345 835 373 Ea
849 353 878 372 re
892 353 952 380 per-

187 394 271 421 territus
285 393 418 424 Isidorus,
435 391 507 418 illico
527 391 629 425 aufugit
648 390 845 418 Alexandriam.
862 390 951 417 Theo-

187 439 254 474 philus
265 443 351 465 autem
366 445 426 465 cum
438 436 685 472 Constantinopolin
699 437 825 469 vertisset,
837 443 852 463 a
862 436 954 463 multis

187 484 355 517 mutabatur,
378 483 423 518 qui
450 482 556 510 libellos
580 483 653 510 varia
679 482 789 510 crimina
813 482 954 509 efferentes

187 529 310 564 rpiscopis,
331 528 375 563 qui
400 532 462 555 tunc
483 528 606 560 aderant,
627 527 785 555 ollerebant.
812 528 955 562 Eutropius

184 579 286 608 acceptos
310 573 415 601 libellos
437 573 586 608 Thcophilo
610 573 747 604 ostendit,
772 572 871 607 eligere
892 580 954 600 eum

181 621 262 656 jubens
282 625 368 648 ulrnm
393 619 495 652 mallet,
519 619 686 647 Joannemne
709 619 845 651 ordinare,
866 626 900 646 an
923 618 957 646 de

184 666 319 694 criminibus
337 665 387 693 sibi
401 665 513 700 objectis
525 665 652 701 judicium
666 665 765 694 subire.

199 730 202 734 λ
213 711 249 738 lo.
262 711 388 746 Chrysost.
400 709 542 746 Episcopus
555 711 585 738 C.
598 709 632 737 P.
643 710 783 738 ordinatur.
794 725 830 730 ——
838 709 886 737 llis
897 717 958 744 per-

184 757 321 785 terrefactus
334 757 498 791 Theophilus
509 756 640 784 Joannem
653 756 786 784 ordinavit
798 761 893 791 quarto
905 755 959 783 Ka-

144 803 149 806 ’
184 803 262 831 tetulas
272 802 304 830 de
318 802 406 829 Martii
421 809 491 829 anno
505 802 567 830 598.

214 849 338 877 Contiones
348 849 413 884 ejus.
422 863 458 868 —
468 848 548 876 Verbi
560 847 644 876 divini
655 847 827 875 concionator
835 847 959 875 assiduus

181 895 388 930 Chrysostomus,
402 895 482 929 paulo
495 898 554 929 post
565 902 644 930 quam
658 894 797 922 ordinatus
811 893 895 921 fuerat
909 894 959 920 ho-

181 941 269 968 miliam
288 940 394 972 habuit,
418 948 477 975 qua:
496 940 550 974 jam
571 947 623 967 non
644 944 781 975 comparet
798 944 825 966 et
839 940 960 967 fortassis

180 986 266 1020 injuria
288 990 436 1020 temporum
459 985 569 1012 interiit.
588 984 641 1012 Sed
660 985 718 1020 ejus
736 990 918 1020 argumentum
934 986 959 1012 in

178 1032 264 1061 altera.
277 1039 354 1065 quant
367 1030 599 1065 Constantinopoli
610 1029 686 1059 dixit.
699 1030 776 1065 paulo
788 1035 847 1065 post
857 1030 959 1057 initium

177 1077 260 1106 retulit
275 1076 316 1111 (T.
332 1076 390 1104 Lc.
406 1074 485 1112 797).
499 1075 532 1103 1η
546 1076 628 1110 prima
643 1077 719 1109 enim,
733 1077 827 1111 inquit,
840 1076 872 1104 de
884 1077 961 1103 armis

176 1122 276 1149 Doridis
289 1126 312 1147 et
329 1120 443 1148 Coliatlti
463 1121 533 1155 apud
547 1129 590 1148 vos
606 1121 861 1156 philosophabamur,
876 1126 961 1148 osten-

174 1169 259 1195 dentes
269 1188 277 1199 ,
291 1167 355 1193 hunc
368 1167 470 1202 quidem
484 1167 618 1202 omnigena
633 1167 750 1203 gravique
763 1171 898 1194 armatura
912 1175 962 1193 un-

174 1215 251 1249 dique
263 1215 393 1246 munitum,
411 1213 482 1240 illum
498 1218 581 1240 autem
596 1213 674 1239 armis
688 1211 784 1240 nudum
793 1233 800 1245 ,
813 1213 864 1247 ﬁae
877 1213 962 1239 muni-

173 1260 318 1290 tissimum;
341 1259 407 1285 [tunc
422 1259 577 1286 extrinsecus
592 1258 720 1293 fulgidum
731 1258 833 1285 thorace
846 1263 868 1285 et
881 1264 962 1286 scuto.

171 1306 246 1332 illum
260 1305 327 1331 intus
341 1305 432 1338 spiritu
450 1309 474 1330 et
495 1304 577 1339 gratia
591 1304 733 1330 radiantem
744 1324 752 1337 ,
767 1308 840 1338 atque
853 1304 918 1330 Itane
933 1304 964 1330 ob

170 1358 274 1377 causam
297 1357 314 1374 a
333 1357 411 1383 puero
434 1349 570 1376 certamine
591 1349 682 1376 victum
701 1349 836 1384 juvenem,
859 1357 876 1375 tt
897 1349 964 1376 nudo

169 1401 318 1431 superatum
333 1400 460 1421 armatum
471 1416 478 1428 ,
493 1404 509 1421 a
523 1400 623 1430 pastore
639 1399 794 1430 prostratum
813 1395 933 1428 militent,
947 1403 964 1422 a

171 1441 307 1475 pastorali:
320 1440 416 1475 lapidis
430 1445 521 1467 natura
536 1439 619 1468 bellici
632 1441 691 1466 teris
703 1444 820 1466 naturam
832 1441 965 1467 contritam

169 1493 192 1515 et
211 1488 407 1523 labefactatam.
427 1486 493 1520 Quia
509 1494 574 1513 vero
588 1486 831 1521 Constantinopoli.
855 1487 966 1521 perinde

166 1539 245 1569 atque
265 1532 421 1560 Antiochiae
440 1532 515 1559 multi
540 1537 601 1559 tunc
616 1536 694 1560 erant
706 1532 844 1563 Anomoai,
859 1540 889 1559 se
906 1532 966 1559 illos

165 1586 359 1615 aggressurum
384 1585 445 1605 esse
467 1577 601 1612 pollicitus
623 1582 663 1604 est
684 1578 710 1604 in
732 1578 816 1612 prima
831 1577 891 1608 illa,
907 1585 966 1615 qua:

165 1625 265 1653 interiit
275 1646 283 1657 ,
300 1623 450 1655 concione,
465 1630 516 1649 non
531 1622 676 1650 ratiociniis
687 1643 695 1655 ,
709 1622 755 1649 sed
770 1630 802 1649 ex
815 1621 950 1656 Scriptura

165 1679 222 1699 rum
236 1670 405 1698 auctoritate
417 1690 423 1702 ,
439 1677 499 1704 qua:
513 1669 563 1696 tela
584 1669 730 1696 ratiociniis
748 1669 826 1704 longe
841 1669 966 1696 validiora

163 1721 234 1743 συηι.

197 1760 297 1788 Paucis
314 1766 383 1786 vero
406 1763 498 1794 postea
513 1758 606 1786 diebus
616 1780 624 1792 ,
646 1763 674 1786 ut
687 1759 818 1793 polliertns
831 1763 888 1786 erat
898 1780 905 1792 ,
920 1759 968 1785 ho-

164 1807 262 1833 miliatn
279 1810 382 1833 contra
395 1806 541 1832 Anommos
561 1805 653 1832 habuit
668 1803 714 1841 (T.
728 1806 754 1832 i.
774 1813 797 1831 ι.
808 1804 859 1831 795
869 1805 878 1840 )
889 1826 896 1837 ,
910 1813 969 1840 quin

160 1853 340 1879 continenter
357 1855 385 1877 et
402 1850 474 1877 nulla
489 1851 643 1884 interposita
654 1870 661 1881 ,
676 1851 790 1877 secunda
807 1851 864 1878 fuit.
881 1850 908 1878 lu
925 1851 968 1877 illa

161 1899 246 1932 primo
269 1897 354 1927 dicit,
379 1903 426 1927 se,
447 1895 502 1930 jam
525 1895 609 1922 semel
631 1895 827 1927 conciouatum,
851 1903 969 1922 amorem

157 1951 218 1978 erga
233 1941 563 1975 Constantinopolitauos
577 1939 743 1967 Christianos
759 1946 859 1968 tantum
874 1949 969 1968 conce-

158 1988 239 2022 pisse,
255 1992 402 2022 quantutn
416 1985 437 2012 si
449 1993 508 2012 cum
524 1986 574 2012 illis
587 1986 620 2012 ab
635 1986 709 2012 initio
722 1986 815 2013 fuisset
827 1986 970 2020 educatus;

156 2035 235 2069 idque
248 2034 396 2070 quoniam
413 2033 439 2058 in
455 2033 507 2060 illis
527 2032 676 2060 adverterat
695 2033 800 2067 igneum
815 2033 910 2066 zelum,
925 2040 970 2059 ca-

154 2081 261 2108 ritatem
279 2081 402 2114 absque
424 2079 594 2105 simulatione
605 2100 612 2111 ,
629 2079 840 2106 benevolentiam
860 2079 886 2105 in
903 2087 972 2113 pra:-

153 2132 278 2160 ccptores
292 2147 302 2159 ,
330 2124 515 2152 concordiam
541 2124 609 2151 inter
630 2131 658 2150 se
681 2133 686 2150 :
713 2124 775 2157 Qua:
795 2132 855 2151 sane
877 2125 971 2156 omnia,

150 2172 236 2205 pergit
256 2171 306 2198 ille
317 2191 326 2203 ,
351 2169 427 2197 satis
447 2174 526 2195 essent
539 2175 565 2195 ut
585 2169 624 2196 vel
638 2169 766 2204 lapideum
779 2169 891 2195 animum
905 2169 973 2195 vobis

150 2215 352 2243 conciliarent?
385 2213 495 2241 Deinde
513 2214 821 2248 Constantinopolimnos
844 2222 903 2240 cum
920 2214 974 2240 An-

148 2254 283 2289 tio'chenis
307 2267 492 2294 comparans
515 2260 548 2286 ita
566 2261 733 2295 pr0sequitur
749 2269 755 2287 :
771 2260 910 2295 Propterea
923 2269 974 2287 non

147 2309 228 2336 minus
245 2317 294 2336 vos
309 2314 470 2339 amamus,
485 2314 559 2340 quam
572 2306 710 2333 Ecclesium
724 2307 795 2333 illam
810 2307 835 2333 in
847 2315 896 2341 qua
910 2307 973 2340 nati,

141 2355 244 2381 educati
265 2360 291 2381 et
318 2351 440 2380 eruditi
459 2360 553 2378 sumus.
579 2351 661 2379 Soror
681 2352 746 2379 enim
767 2353 836 2379 illius
856 2353 909 2378 litae
928 2357 972 2384 est,

140 2407 231 2434 totque
254 2400 473 2436 cognationem
496 2398 565 2425 illam
586 2406 660 2433 opere
675 2398 832 2425 declarustis.
856 2398 975 2431 Quamvis

1744 151 1793 181 i66

1003 207 1089 240 ditur,
1113 208 1207 242 prohat
1221 206 1354 234 Christum
1372 207 1468 235 Filium
1483 207 1530 235 tui
1551 208 1632 236 lteum
1647 216 1725 238 csse.
1741 208 1793 236 Pa-

1005 254 1053 280 tris
1074 253 1272 286 consiliarium,
1289 253 1358 280 Patri
1381 253 1529 288 ;cqualetn;
1551 254 1664 280 affirmat
1687 262 1793 287 quoque

1005 302 1098 325 contra
1121 297 1280 326 lilaniehmos
1300 298 1383 325 Vetus
1408 298 1606 326 Testamentum
1635 308 1694 326 (‘lllll
1722 299 1796 327 Novo

1006 352 1174 378 consonare,
1198 344 1349 379 cluuditque
1375 344 1475 371 docens
1501 350 1614 379 quantus
1640 345 1740 372 fructus
1763 354 1795 374 cx

1007 391 1126 418 collectis
1151 391 1300 426 proveniat.
1327 391 1382 418 Duo
1404 391 1574 427 Manuscriptt
1599 392 1675 418 titulo
1698 392 1798 419 addunt

1009 436 1077 464 hanc
1099 437 1254 464 concionem
1282 436 1396 480 habitan
1424 436 1504 464 fuisse
1530 437 1555 463 in
1582 445 1649 463 nova
1674 437 1796 465 ecclesia.

1010 482 1107 509 Verum
1122 490 1176 508 rem
1190 487 1290 509 certam
1307 490 1358 509 non
1378 489 1437 510 esse
1453 482 1478 508 in
1494 482 1591 509 Mouito
1605 483 1745 517 probatur.

1044 528 1138 555 Paucis
1158 528 1207 555 sub
1228 528 1284 555 haec
1303 528 1396 555 diebus
1411 529 1566 555 concionem
1583 528 1692 555 alterunt
1708 533 1799 556 contra

1008 573 1154 601 Auommos
1176 573 1266 600 habuit
1284 572 1333 607 (T.
1349 573 1374 600 Ι.
1388 581 1411 600 c.
1424 571 1505 606 801),
1528 573 1603 608 cujus
1626 574 1716 600 titulus
1737 579 1777 599 est
1792 582 1799 600 :

1011 619 1042 646 In
1057 619 1246 654 Paralyticum,
1259 619 1303 653 qui
1321 626 1401 645 annos
1421 618 1524 653 triginta
1544 623 1599 645 octo
1613 618 1762 645 decubucrttt
1775 619 1800 644 in

1009 666 1157 699 inﬁrmitate
1173 673 1241 698 sua;
1259 669 1286 692 et
1307 665 1333 692 in
1354 665 1434 697 illud,
1453 665 1530 692 Pater
1549 673 1617 691 meus
1633 673 1709 699 usque
1727 665 1802 691 modo

1010 717 1137 746 operatur,
1148 718 1172 738 et
1185 720 1231 747 ego
1241 720 1330 747 operor
1341 719 1351 738 :
1362 712 1405 739 ubi
1417 712 1505 738 statim
1518 711 1572 738 Deo
1587 711 1720 739 boned:cit
1733 711 1802 746 quod

1011 762 1158 784 conventus
1171 757 1288 791 quotidie
1303 761 1457 790 accrescat,
1476 762 1501 783 et
1516 757 1634 784 divinum
1650 764 1740 783 semen
1756 764 1803 782 co-

1013 804 1086 838 piose
1100 803 1238 838 germinet.
1257 803 1398 838 Postquam
1413 808 1499 829 autem
1512 802 1545 830 de
1562 802 1705 837 paralytico
1721 803 1804 829 uutlla

1012 849 1126 879 dixerat.
1144 853 1236 875 contra
1253 850 1398 876 Anomoeos
1418 848 1516 882 stylum
1532 849 1678 880 convertit,
1695 847 1804 882 probat-

1012 903 1065 930 que
1081 895 1173 922 Filittm
1187 900 1214 922 et
1227 903 1288 921 vere
1303 895 1384 921 Deum
1399 899 1426 922 et
1438 891 1507 920 Patri
1522 894 1649 928 mqualem
1664 901 1734 920 esse.

1048 941 1163 968 Joannes
1177 941 1202 967 in
1219 945 1292 967 tanto
1305 940 1441 974 dignitatis
1460 945 1570 967 evectus
1589 939 1722 969 culmine.
1740 946 1806 973 prm-

1013 988 1116 1021 cipuam
1135 995 1225 1013 curam
1247 986 1349 1018 habuit,
1373 991 1401 1013 ιιι
1417 986 1467 1013 sibi
1487 985 1621 1012 commissi
1635 985 1722 1019 gregis
1736 985 1807 1011 vitiis

1015 1033 1182 1065 mederetur,
1215 1037 1334 1059 errantes
1360 1031 1393 1058 ad
1424 1037 1523 1058 rcctam
1553 1032 1620 1058 viam
1649 1030 1805 1062 reduceret,

1016 1079 1138 1112 pietatem
1163 1081 1295 1103 scctaules
1321 1076 1429 1104 foveret.
1458 1076 1551 1103 Rerum
1578 1083 1665 1102 curam
1691 1075 1807 1109 aggredi,

1017 1129 1072 1154 tur.
1099 1123 1182 1157 inquit
1208 1122 1340 1149 Palladius
1372 1122 1419 1157 (p.
1444 1121 1521 1155 45),
1558 1128 1602 1155 per
1631 1119 1808 1146 rationabilem

1015 1169 1127 1204 ﬁstulam
1150 1177 1206 1195 oves
1228 1168 1334 1202 probare
1354 1175 1467 1194 exorsus.
1492 1167 1563 1194 Raro
1582 1171 1665 1192 autem
1687 1165 1808 1192 adhibent

1016 1215 1090 1241 etiam
1105 1204 1400 1249 pcduntincrepationis,
1419 1220 1608 1246 sermonemque
1620 1211 1706 1245 dirigit
1721 1211 1809 1237 mirer-

1016 1267 1059 1286 sus
1081 1260 1222 1286 ementitum
1243 1260 1351 1293 fratrum
1372 1265 1536 1292 sororumque
1555 1257 1710 1288 convictum,
1724 1264 1810 1283 rat-cra

1017 1310 1100 1331 autent
1120 1310 1218 1339 turpem
1236 1304 1439 1339 intprobumque,
1455 1303 1486 1330 de
1500 1302 1711 1333 subintroductis,
1728 1306 1754 1328 ut
1768 1310 1811 1328 vo—

1017 1356 1085 1385 rant,
1107 1360 1193 1386 agens,
1215 1351 1395 1382 ostendensque
1414 1350 1439 1376 si
1459 1349 1584 1375 uiolarunt
1606 1349 1709 1374 daretur
1730 1348 1809 1382 optio,

1018 1398 1131 1424 meliores
1144 1397 1197 1422 istis
1217 1397 1317 1422 lenones
1332 1403 1393 1422 esse.
1416 1394 1462 1421 Illi
1480 1402 1586 1426 uanique
1601 1393 1691 1428 procul
1702 1402 1718 1418 ll
1732 1392 1811 1418 medi-

1018 1444 1054 1470 t'it
1066 1443 1205 1469 habitantes
1218 1442 1287 1472 apud
1301 1450 1327 1468 se
1346 1441 1459 1467 morbum
1473 1441 1576 1472 habent,
1594 1440 1637 1466 sed
1652 1439 1788 1466 volentibus
1801 1447 1810 1465 :

1018 1489 1046 1515 hi
1060 1494 1142 1515 autent
1155 1489 1180 1514 in
1193 1487 1282 1514 salutis
1302 1487 1399 1518 officina
1412 1486 1563 1518 habitantes,
1585 1486 1659 1512 etiam
1673 1493 1748 1510 sanos
1762 1485 1810 1510 int-

1019 1535 1114 1569 pellunt
1128 1534 1163 1560 ad
1180 1534 1303 1560 morbum.
1327 1532 1392 1559 Inde
1406 1538 1465 1567 pars
1478 1530 1544 1558 Cleri
1564 1531 1668 1557 minime
1680 1530 1809 1565 religiosa,

1018 1588 1074 1614 quia
1088 1579 1173 1606 morbo
1187 1579 1231 1605 illo
1245 1579 1386 1610 tenebatur,
1401 1582 1524 1604 commota
1538 1582 1585 1603 est.
1598 1577 1661 1610 Qua!
1676 1580 1704 1602 ut
1716 1576 1811 1603 clarius

1019 1626 1210 1661 percipiantur,
1223 1625 1312 1659 paucis
1324 1623 1480 1657 explicanda,
1492 1627 1563 1649 sunt.
1577 1623 1658 1649 Erant
1672 1627 1732 1649 tunc
1741 1622 1812 1648 Cou-

1020 1671 1188 1705 stantiuopoli
1204 1671 1298 1705 puella:
1307 1669 1475 1701 Christiana;
1487 1676 1546 1704 qua‘
1556 1668 1732 1703 virginitatem
1749 1675 1811 1702 pro-

1021 1718 1162 1744 fitebantur
1178 1726 1184 1743 :
1202 1718 1249 1744 has
1270 1716 1377 1743 domum
1394 1715 1554 1742 iuduccbaut
1568 1714 1614 1740 \‘iri
1627 1735 1633 1745 ,
1649 1714 1737 1748 Specie
1752 1713 1812 1748 qui-

1020 1764 1081 1791 dem
1104 1768 1133 1790 ut
1155 1771 1203 1790 ceu
1229 1763 1323 1789 fratres
1345 1769 1404 1787 cum
1427 1760 1564 1787 sororibus
1584 1764 1656 1786 caste
1679 1760 1811 1789 viverent,

1022 1810 1067 1836 sed
1084 1817 1115 1835 ex
1131 1809 1177 1835 tali
1199 1808 1335 1835 consortio
1357 1812 1383 1833 et
1399 1806 1526 1832 societate
1545 1811 1642 1838 quamn
1658 1809 1813 1837 parcrcntur

1022 1855 1090 1882 mala
1103 1854 1173 1880 haud
1185 1854 1291 1880 difﬁcile
1304 1856 1345 1879 est
1357 1851 1489 1886 augurari.
1506 1850 1544 1877 Ad
1558 1850 1615 1876 haec
1626 1857 1688 1876 vero
1699 1849 1813 1883 virgines

1023 1902 1073 1928 illa:
1087 1901 1169 1929 cultui
1182 1900 1304 1934 corporis
1321 1904 1348 1926 et
1364 1899 1477 1926 vestium
1496 1897 1637 1923 admodum
1661 1895 1810 1927 studebam,

1022 1955 1081 1982 qua:
1105 1947 1180 1981 signo
1204 1950 1280 1972 erant
1301 1944 1388 1971 omnia
1410 1943 1478 1970 hanc
1499 1942 1615 1968 virorum
1637 1946 1664 1967 et
1682 1941 1811 1975 virginum

1023 1993 1176 2020 societatem
1200 1996 1301 2026 pestem
1322 1997 1381 2016 esse
1401 1989 1544 2015 exitialem.
1567 1987 1701 2013 Adversus
1721 1985 1798 2018 hujus

1024 2038 1094 2065 tumli
1115 2037 1270 2064 societatem
1293 2035 1422 2062 acerrime
1444 2033 1577 2061 invehitur
1595 2032 1812 2067 Chrysostouius,

1025 2085 1064 2110 \el
1079 2084 1138 2110 hinc
1152 2082 1308 2109 abolendam
1321 2081 1399 2108 talem
1410 2079 1628 2107 consuetudinem
1639 2085 1699 2105 esse
1712 2077 1812 2109 dicens,

1024 2126 1094 2161 qttod
1111 2125 1200 2153 multis
1214 2123 1372 2151 oilentliculo
1386 2127 1466 2150 esset.
1482 2121 1520 2148 Ex
1537 2121 1671 2147 cousnrtio
1685 2120 1814 2153 v.rginum

1025 2173 1097 2199 nasci
1126 2170 1277 2198 necessario
1304 2167 1547 2203 concupiscentiam
1574 2165 1698 2192 afﬁrmat.
1729 2164 1815 2191 Aliu-u

1027 2217 1117 2252 paucis
1131 2215 1293 2250 interpositis
1306 2214 1401 2241 diebus
1414 2213 1506 2240 eadem
1521 2212 1554 2238 de
1569 2219 1598 2237 re
1614 2210 1705 2236 habuit
1719 2209 1817 2236 oratio-

1027 2270 1087 2289 nem
1105 2260 1153 2296 (T.
1169 2261 1194 2287 l.
1213 2268 1236 2286 ο.
1250 2260 1320 2294 515)
1332 2280 1338 2292 ,
1353 2266 1431 2293 quam
1448 2265 1494 2292 per
1509 2256 1730 2284 exclamationem
1747 2254 1815 2279 ordi-

1028 2313 1080 2340 tur,
1096 2307 1223 2334 adversus
1234 2306 1351 2340 virgines
1372 2305 1429 2332 illas
1438 2324 1445 2336 ,
1457 2311 1516 2338 quae
1529 2301 1686 2336 virginitatis
1700 2300 1816 2334 speciem

1027 2362 1082 2388 pra:
1095 2361 1124 2380 se
1138 2354 1253 2381 ferentes
1263 2373 1270 2386 ,
1286 2352 1358 2379 viros
1371 2351 1415 2386 qui
1432 2357 1522 2376 secum
1537 2348 1609 2375 domi
1624 2350 1761 2373 manerent
1780 2345 1818 2371 in-

1027 2400 1168 2427 ducebant.
1185 2399 1281 2432 Aitque
1291 2397 1419 2432 virginem
1434 2403 1485 2422 non
1499 2394 1594 2420 decere
1608 2392 1707 2420 cultum
1722 2398 1818 2425 σοι-ρος

138 2450 221 2472 autem
243 2446 297 2472 illa
324 2450 470 2479 tempore
489 2443 518 2469 sit
535 2443 673 2478 antiquior,
688 2443 742 2470 luet:
762 2449 844 2470 tamen
859 2443 908 2476 [ide
922 2444 975 2478 [cr-

137 2491 234 2518 ratliar
257 2497 301 2519 eu
313 2500 327 2525 ;
353 2495 383 2517 et
411 2489 482 2516 illic
501 2490 581 2524 major
593 2496 728 2517 conventus
742 2495 795 2524 est,
816 2495 839 2517 et
854 2490 976 2517 celebria;

132 2535 283 2569 theatrum,
311 2536 368 2564 sed
391 2535 449 2562 hic
469 2536 551 2569 major
566 2536 686 2571 patientia
705 2536 857 2571 majorisque
872 2536 977 2571 fortitu-

126 2580 194 2608 dinis
216 2583 377 2609 indicium.
402 2579 498 2607 Nam
510 2581 576 2608 video
592 2582 631 2608 llic
646 2582 754 2617 undique
768 2582 841 2617 lupos
855 2581 976 2608 obambu-

124 2625 188 2654 lare.
214 2628 291 2663 Lupi
321 2634 440 2656 autem
476 2625 518 2652 illi
539 2633 613 2654 erant
631 2629 754 2656 Anomoai
776 2634 803 2655 et
825 2628 977 2656 vetustioris

120 2672 236 2706 originis
252 2674 414 2704 haeretici,
438 2675 479 2699 ut
501 2670 683 2706 Marcionistm,
695 2674 832 2701 Manichazi
844 2678 872 2701 et
883 2674 979 2701 Valen-

119 2716 231 2748 tiniani.
251 2720 373 2754 quibus
400 2723 588 2746 annutnerat
605 2719 685 2746 etiam
698 2719 849 2747 Judmorum
871 2724 976 2748 emtas:

114 2769 205 2798 neque
215 2766 348 2794 dubium
364 2771 418 2794 est
438 2763 499 2792 his
514 2763 592 2792 etiam
604 2765 781 2794 accensendos
792 2774 851 2794 esse
863 2767 976 2802 gentiles

111 2812 138 2834 et
151 2810 341 2845 idololalras,
361 2811 423 2847 qui
443 2817 521 2838 non
540 2816 614 2842 parvo
627 2819 737 2839 numero
747 2811 975 2847 Constantinopoli

110 2853 199 2884 adhuc
222 2863 328 2886 erant.
351 2858 483 2886 Postea
506 2860 578 2882 vero
598 2857 738 2886 Anomoeos
759 2857 863 2886 fortiter
883 2865 975 2894 aggre-

1028 2447 1065 2472 ris
1078 2449 1233 2478 vestemque
1250 2443 1409 2478 pretiosam,
1426 2440 1582 2474 nuptiaSque
1602 2437 1752 2471 huiusmodi
1767 2436 1820 2463 νίς-ν

1028 2491 1130 2526 giuitati
1151 2489 1337 2517 autel'erendas
1357 2495 1438 2514 esse:
1460 2486 1577 2519 talesque
1592 2484 1725 2519 virgines,
1746 2483 1820 2513 dicit,

1029 2537 1131 2565 etiamsi
1145 2543 1196 2564 non
1211 2535 1280 2562 male
1291 2537 1410 2570 agerent,
1424 2533 1473 2560 hoc
1488 2532 1545 2566 ipso
1559 2538 1668 2565 peccare
1680 2530 1749 2564 quod
1764 2529 1822 2557 aliis

1029 2582 1189 2612 offendiculo
1208 2585 1308 2609 essent.
1330 2579 1407 2606 Vera:
1421 2577 1530 2612 virginis
1553 2583 1641 2603 mores
1662 2579 1752 2610 pesten
1773 2575 1823 2601 (l0...

1030 2630 1132 2661 scribit,
1148 2628 1310 2661 domumque
1323 2625 1478 2653 concionem
1493 2622 1602 2650 claudit.

1067 2675 1134 2703 lline
1148 2673 1255 2701 Clerum
1277 2679 1354 2699 suum
1374 2670 1483 2698 adortus
1502 2673 1543 2698 cst
1564 2669 1573 2703 (
1588 2666 1690 2694 Pallad.
1705 2675 1729 2700 ρ.
1744 2665 1776 2692 Ilii
1788 2665 1801 2698 )
1813 2673 1825 2691 :-

1031 2729 1092 2749 nam
1113 2720 1231 2755 plerique
1254 2718 1349 2746 eodem
1368 2717 1463 2744 morbo
1484 2714 1650 2742 tenebantur.
1672 2712 1737 2745 Quia
1759 2719 1826 2737 vero

1031 2767 1164 2795 ferventer
1179 2771 1228 2800 pro
1241 2771 1315 2792 more
1327 2770 1377 2790 suo
1390 2762 1451 2790 vitia
1466 2759 1642 2788 insectabatur
1651 2779 1658 2791 ,
1672 2757 1698 2784 in
1711 2756 1823 2784 clerico.

1032 2819 1090 2840 rum
1106 2810 1281 2846 complurium
1298 2808 1470 2838 offensionem
1487 2806 1619 2839 incurrit,
1636 2809 1666 2834 ut
1679 2807 1768 2838 postea
1782 2803 1822 2828 vi-

1035 2861 1165 2889 debimus.
1179 2860 1207 2888 ln
1219 2857 1365 2890 avaritiam,
1377 2863 1455 2890 quant
1465 2859 1541 2882 vocat
1553 2850 1684 2880 Palladius
1694 2849 1822 2878 malorum
