2034 3109
240 147 286 174 161

237 204 355 231 omnium
377 201 552 236 metropoliu,
578 207 649 234 sa‘pe
670 198 781 227 vidimus
805 201 1024 235 Chrysostomum

238 249 386 276 Antiochia:
401 247 612 279 concionanlcm,
633 249 660 272 et
676 245 736 280 quia
756 245 855 273 malum
878 242 1028 278 hujusmodi

238 303 291 322 non
304 295 391 321 minus
406 292 527 327 serpebat
540 290 768 324 Constantinopoli
780 298 858 325 quam
869 287 1027 320 Antiochiae,

238 338 467 375 frequentissime,
492 336 554 363 dum
575 336 717 370 episcopus
743 340 816 368 erat,
837 334 863 361 in
887 340 981 360 avaros
1003 337 1031 360 et

238 393 347 420 rapaces
361 384 532 412 invehebatur
548 392 554 409 ε
572 383 598 410 in
611 382 762 409 adulatores
776 381 899 408 similiter
913 384 940 406 et
951 386 1030 414 para-

238 433 313 465 sitos,
325 431 368 465 qui
381 430 490 457 divitum
503 435 609 456 mensas
623 427 802 459 sectabantur,
818 431 897 461 atquc
909 426 947 453 sic
960 425 1030 452 mul—

240 483 325 505 torum
340 477 365 504 in
381 484 410 505 se
425 476 514 504 odium
528 475 680 503 concitavit.

275 522 366 550 Tanta;
380 521 530 555 severitatis
551 525 684 548 oratorem
705 518 884 546 necessarium
905 521 964 545 erat
983 524 1031 545 sua

240 569 320 596 etiam
329 572 450 595 accurate
459 567 589 600 dispicere
597 565 714 601 (Pallad.
723 574 750 600 ρ.
757 564 814 599 46),
823 563 932 599 nequod
942 562 1033 590 inaliis

241 614 450 650 reprehensione
464 613 571 648 (lignum
587 611 763 647 prmdieabat,
784 611 833 638 sibi
854 611 933 637 etiam
952 608 1033 643 objici

243 664 341 696 posset.
353 660 400 687 llic
408 659 460 686 duo
471 663 545 686 erant
553 657 736 689 examinanda,
747 656 871 684 Ecclesiae
881 661 907 682 et
915 654 1033 690 episcopi

243 705 353 733 reditus.
364 704 453 732 l’rimo
466 708 555 730 autem
566 702 691 729 Ecclesia:
702 701 833 730 ceconomi
845 700 948 728 tabulas
958 707 1034 726 scru-

244 756 325 783 tatur,
340 751 525 786 impensasque
540 748 644 776 inutiles
657 747 778 783 abrogari
789 747 865 782 jubet
879 756 886 774 :
900 746 962 773 hinc
976 745 1034 780 epi-

243 797 316 831 scopi
330 799 451 829 stuuptus
466 794 574 826 excutit,
592 793 699 820 nimiam
715 791 892 828 profusionem
909 790 1033 823 ostendit,

242 842 370 877 jubctque
389 839 494 867 inutiles
515 839 574 866 illas
587 846 718 873 expensas
737 837 769 864 ad
784 836 933 864 nosucomia
951 840 1036 863 trans-

245 888 318 916 ferri.
344 887 507 914 Necessitatc
530 890 617 912 autem
644 885 669 912 id
695 886 860 919 postulante,
883 882 1034 910 nOSoeomia

247 935 359 970 plurima
373 933 537 964 construxit,
551 932 646 967 quibus
667 931 836 967 presbyteros
856 930 923 958 duos
940 930 1037 965 pietate

247 981 389 1007 instructos
404 978 545 1014 pra-posuit
555 999 562 1010 ,
582 977 699 1005 mediCos
711 977 773 1004 item
786 982 813 1004 et
826 984 924 1012 coquos
935 997 941 1008 ,
955 976 1036 1003 alios-

247 1035 298 1063 que
321 1026 354 1054 ad
377 1026 521 1053 ministeria
543 1024 706 1056 destinatos,
731 1030 781 1051 nec
805 1022 976 1057 cenjugatos,
993 1022 1038 1057 qui

247 1073 418 1100 advenientes
431 1070 548 1105 hospites
560 1074 587 1097 et
597 1077 682 1104 a-gros
693 1073 817 1096 curarent
828 1075 859 1095 ac
872 1068 1002 1095 foverent.

282 1119 337 1147 Sub
353 1118 410 1146 hare
429 1122 517 1144 autem
539 1115 572 1142 ad
588 1114 680 1142 viduas
693 1122 839 1142 conversus
859 1118 900 1140 est
920 1112 1037 1149 (Pallad.

248 1174 274 1200 ν.
288 1165 348 1199 ιιῖ),
362 1172 420 1198 qme
437 1168 497 1190 tunc
518 1162 543 1188 in
561 1160 679 1188 Ecclesia
695 1160 809 1195 aliquem
824 1159 933 1195 gradum
953 1164 981 1186 et
993 1166 1038 1186 or-

248 1211 337 1238 dinem
359 1210 528 1242 obtinebant,
550 1214 579 1236 tit
593 1216 682 1236 carum
702 1213 728 1236 et
749 1208 827 1234 vitam
847 1212 874 1234 et
892 1212 965 1242 gesta
981 1215 1040 1241 per-

250 1256 384 1290 quireret,
402 1260 429 1282 et
446 1255 467 1281 si
485 1263 551 1289 quas
566 1254 696 1281 iutcniret
712 1253 799 1280 carnis
812 1253 912 1280 deliciis
924 1252 1039 1286 deditas,

252 1301 376 1329 monebat
396 1305 424 1328 ut
442 1300 609 1336 jejunarent,
628 1300 792 1327 abstinerent
805 1307 819 1325 a
836 1298 953 1330 balneis,
969 1299 1041 1325 etab

251 1347 388 1382 exquisitis
404 1346 536 1377 vestibus,
553 1350 597 1372 aut
611 1347 730 1381 protinus
744 1344 777 1372 ad
791 1344 921 1372 scdundas
936 1344 1041 1378 nuptias

251 1393 438 1425 conv-darent,
460 1399 494 1419 nc
515 1392 560 1418 lex
585 1391 686 1419 Domini
706 1391 858 1418 violaretur.
883 1388 1043 1418 ilortabatur

250 1438 329 1465 etiam
352 1438 480 1472 populos,
502 1442 529 1464 ut
544 1437 570 1464 in
591 1436 726 1464 nocturnis
742 1436 865 1471 precibus
882 1435 981 1464 assidui
998 1443 1042 1463 es-

251 1489 327 1516 sent;
349 1492 445 1511 uxores
457 1488 564 1515 autem,
581 1487 609 1510 ut
628 1482 699 1510 domi
715 1486 868 1515 manerent,
883 1486 911 1509 et
929 1481 1042 1509 interdiu

252 1539 343 1565 preces
357 1530 498 1558 funderent
515 1530 595 1564 ipsa‘,
609 1529 668 1564 quia
684 1528 786 1556 diurnis
802 1528 874 1555 horis
885 1527 945 1560 viri,
960 1535 1042 1563 nego-

252 1578 295 1605 tiis
307 1582 334 1605 et
355 1577 392 1604 rei
409 1576 529 1604 familiari
549 1583 657 1611 operam
672 1575 782 1608 dantes,
796 1574 921 1610 precibus
941 1574 1044 1601 incuru-

254 1623 316 1650 bere
334 1630 386 1649 non
399 1622 531 1649 valebant.

287 1669 351 1702 Que
366 1669 399 1694 de
413 1667 548 1695 micturnis
565 1667 686 1701 precibus
705 1666 751 1694 ille
769 1670 900 1694 statuerat
914 1666 1044 1694 Constan-

253 1715 440 1749 tinOpolitanos
454 1714 565 1741 clericos
579 1713 728 1746 mordebat,
742 1714 788 1748 qui
809 1713 986 1748 negligentius
1001 1720 1044 1740 res

252 1761 356 1788 divinas
379 1765 540 1792 tractantes,
565 1764 618 1786 tota
639 1764 716 1787 nocte
736 1766 831 1787 smnno
853 1759 935 1787 dediti
957 1763 1043 1787 erant.

254 1807 309 1834 Imo
323 1814 395 1839 vero,
419 1807 479 1839 quia
494 1805 595 1840 jamdiu
610 1805 750 1833 clericatus
768 1804 854 1832 ofﬁcia
876 1806 956 1832 missa
973 1804 1045 1833 fece-

255 1858 323 1885 rant,
337 1852 394 1879 lucc
410 1852 498 1879 omnia
510 1851 579 1886 apud
594 1851 654 1878 illos
668 1856 775 1886 propter
786 1855 945 1878 vetustatem
963 1850 1045 1879 obso-

255 1899 381 1926 lcvcranl.
406 1898 505 1925 Divites
526 1902 614 1924 autem
638 1897 770 1928 maxime,
786 1896 822 1924 nti
843 1896 944 1923 solt-bat
964 1896 1044 1924 etiam

254 1944 419 1978 Antiochiat,
444 1944 470 1971 in
497 1942 668 1970 concionibns
696 1944 850 1977 frequenter
874 1942 907 1969 ad
929 1941 1045 1970 ofticium

256 1989 411 2022 revocabat,
429 1989 528 2016 docens
542 1996 575 2015 ne
589 1988 703 2015 sublime
716 1992 857 2022 saperent,
871 1993 899 2015 et
915 1987 1044 2015 bonorum

256 2040 357 2070 partem
369 2035 460 2069 egenis
474 2034 649 2069 impertirent.
662 2033 723 2061 Πωε
735 2034 768 2061 ab
779 2034 854 2061 initio
866 2034 964 2061 monita
975 2041 1047 2068 sa-pe

255 2081 352 2115 smpins
365 2080 444 2106 dabat
466 2079 519 2107 ille.
542 2079 579 2106 Ea
595 2087 668 2112 vero,
688 2087 747 2113 quze
766 2079 857 2114 primis
878 2079 1047 2114 episcopatus

255 2126 294 2152 sui
310 2125 445 2152 mensibus
456 2125 482 2151 in
493 2124 664 2152 conCionibns
676 2124 752 2157 dixit,
766 2124 903 2159 speciatim
915 2128 942 2151 et
954 2124 1047 2152 ordine

256 2171 386 2198 recensita
410 2178 461 2197 non
486 2175 652 2204 comparent,
675 2170 716 2197 vel
739 2171 765 2197 in
785 2170 843 2204 ejus
863 2171 985 2205 scriptis,
1005 2171 1046 2198 vel

255 2216 324 2251 apud
342 2217 486 2252 scriptores
498 2216 695 2244 ecclesiasticos
707 2216 748 2245 sui
761 2216 821 2244 εει-ἱ.
838 2216 926 2252 Ipsum
941 2225 1047 2252 semper

255 2262 362 2289 assidue
373 2262 558 2290 concionatum
573 2269 632 2289 esse
652 2261 761 2289 scimus.
782 2261 837 2289 lmo
852 2262 948 2289 multas
964 2262 1046 2290 habe-

257 2316 317 2336 mus
331 2308 453 2335 homilias
471 2307 642 2343 episcopatus
655 2308 696 2334 sui
718 2313 838 2343 tempore
859 2307 979 2342 habitas;
999 2308 1047 2336 sed

256 2361 367 2388 quarum
390 2352 504 2380 inaxizua
528 2360 589 2388 pars
613 2352 713 2380 nullam
737 2352 779 2380 vel
801 2353 901 2380 mensis
921 2353 964 2381 vel
986 2353 1048 2381 anni

257 2403 347 2426 notam
363 2407 416 2434 przc
431 2407 460 2426 se
476 2399 535 2426 fert.

293 2445 376 2472 Nam
396 2446 526 2472 conciones
544 2453 576 2472 ea:
596 2445 778 2480 Manusm'pti:
799 2451 886 2473 eruite.
900 2461 937 2467 ——
948 2445 1048 2475 Verum

257 2499 301 2519 res
322 2491 422 2525 pridem
437 2496 511 2518 erant
534 2491 613 2527 longe
632 2492 723 2527 pejore
743 2492 906 2520 conditione.
927 2492 1047 2528 Magnam

258 2539 335 2566 nobis
348 2538 374 2564 in
387 2537 568 2573 Chrysostomi
589 2538 708 2573 episcopi
723 2538 832 2566 historia
853 2539 939 2567 lucem
960 2539 1049 2568 attulit

258 2593 326 2612 nova
346 2585 388 2612 illa
408 2589 435 2612 et
453 2585 539 2620 ampla
560 2584 726 2612 homiliarum
742 2586 877 2618 accessio,
900 2594 960 2622 quae
979 2585 1048 2614 haud

258 2632 293 2660 ita
312 2630 412 2666 pridem
427 2630 468 2657 vel
480 2638 511 2657 ex
526 2635 616 2658 monte
627 2631 711 2663 Atho,
723 2636 750 2658 ut
767 2631 874 2666 quidam
884 2651 892 2664 ,
908 2631 949 2659 vel
961 2640 993 2659 ex
1006 2632 1050 2659 in-

261 2679 315 2706 sula
330 2677 456 2708 l’athmo.
473 2683 497 2704 ut
513 2677 556 2704 alii
573 2677 679 2708 volunt,
694 2677 722 2705 in
737 2676 930 2706 Bibliothecarn
945 2678 1050 2706 Vatica-

259 2733 319 2752 nam
337 2724 433 2754 allatae.
449 2730 463 2750 a
476 2723 612 2750 sodalibus
627 2723 736 2756 nostris,
749 2723 794 2758 qui
808 2729 863 2751 tum
878 2723 970 2752 Romae
981 2725 1050 2752 Cou-

257 2771 421 2806 gregationis
445 2770 530 2797 sancti
558 2770 642 2797 Mauri
669 2770 782 2804 negotiis
810 2770 1006 2806 advigilabant,
1033 2777 1049 2797 a

257 2816 352 2844 timeo
364 2816 520 2844 amanuensi
536 2815 686 2850 descriptze,
702 2816 865 2844 transmissa.-
878 2811 943 2844 mihi
958 2816 1047 2850 fuere;

257 2861 383 2889 nimirum
402 2869 417 2889 a
439 2862 469 2889 D.
491 2862 570 2890 l‘etro
593 2862 698 2896 lllaloet,
719 2863 765 2898 qui
789 2868 844 2891 tum
866 2863 1049 2894 Procuratoris

769 134 788 160 S
814 130 952 160 JOANNIS
973 129 1209 161 CllllYSOSTOlJl
1233 135 1319 165 \‘lL‘t.

1819 139 1871 168 168

1080 198 1213 232 generalis
1236 196 1325 224 officio
1348 195 1506 232 fungebatur
1524 201 1551 224 et
1573 204 1644 224 nunc
1662 197 1688 224 in
1711 198 1872 225 monasterio

1081 243 1165 270 sancti
1180 242 1305 270 Germani
1325 250 1339 269 a
1361 242 1450 269 Pratis
1470 242 1547 269 Prior
1564 247 1620 274 est,
1636 247 1663 269 et
1677 250 1691 269 a
1713 243 1743 270 D.
1755 242 1872 278 Josepho

1082 287 1157 314 Avril
1168 287 1225 322 ejus
1236 288 1319 320 socio,
1330 287 1383 322 jam
1396 287 1420 314 in
1432 280 1594 315 monasterio
1604 288 1760 316 Corbeieusi
1770 288 1871 320 Priorc,

1082 332 1127 368 qui
1142 333 1220 360 ambo
1234 340 1350 368 semper,
1363 332 1427 361 dum
1437 333 1530 361 Romae
1542 338 1648 367 essent,
1661 334 1794 361 assiduam
1808 334 1872 362 mihi

1083 380 1231 415 pnestitere
1245 388 1365 416 operam.

1118 425 1248 461 Quodque
1265 433 1374 461 prorsus
1392 434 1490 454 novum
1511 427 1698 462 insolitumque
1713 432 1754 454 est
1771 427 1814 461 (Τ.
1831 428 1871 455 l2.

1086 479 1110 499 c.
1126 470 1223 498 £6943!
1238 471 1301 508 δᾳ),
1315 476 1395 507 atque
1408 472 1527 499 utilitatis
1541 473 1652 500 multum
1667 472 1759 505 affert,
1772 473 1812 500 has
1827 473 1862 500 ito

1084 516 1165 544 milia:
1178 516 1317 551 descripta:
1331 518 1404 545 fuere
1417 525 1432 544 a
1446 517 1560 553 quodam
1573 518 1618 552 qui
1630 517 1658 545 S.
1670 517 1787 546 doctoris
1801 519 1874 546 lateri

1084 561 1196 590 ha-sisse
1209 562 1330 597 videtur,
1352 563 1450 598 quique
1473 563 1499 590 in
1524 563 1693 601 homil'rarunt
1716 564 1798 591 titulis
1819 565 1873 591 loca

1085 609 1168 636 refert
1189 609 1232 637 ubi
1253 610 1395 637 conciones
1418 609 1514 637 habita!
1536 614 1614 641 sunt,
1635 614 1662 638 et
1676 618 1747 645 sa‘pe
1769 618 1874 638 cau~anr

1085 662 1134 682 cur
1146 656 1319 682 coneionatus
1331 655 1365 682 sit
1379 655 1494 687 indicat,
1511 662 1542 683 ac
1561 663 1614 683 non
1636 663 1717 690 pauca
1739 656 1875 691 prmclara,

1085 700 1119 727 ad
1135 700 1272 728 historiam
1287 701 1358 728 illius
1376 701 1438 728 anni
1458 701 1618 736 pertinentia
1630 723 1637 734 ,
1650 701 1790 729 admiscet.
1811 701 1877 728 (Σεν-

1088 746 1271 785 tissimumque
1288 752 1328 774 est
1351 746 1410 774 illas
1422 746 1654 782 Constantinopoli
1674 747 1778 774 habitas
1798 746 1879 774 fuisse

1086 791 1164 818 annis
1183 784 1236 820 593
1251 797 1277 820 et
1296 791 1359 820 599.
1379 793 1420 820 Au
1437 800 1499 820 vero
1521 793 1690 820 continenter
1710 797 1736 820 ct
1759 792 1804 820 illo
1826 800 1879 827 quo

1087 839 1166 867 dicta:
1179 839 1252 867 fuere
1265 839 1359 867 ordine
1371 839 1414 867 hic
1429 839 1587 872 referantur,
1599 839 1632 867 de
1647 839 1737 866 multis
1751 839 1878 874 liquidum

1088 889 1140 916 est,
1153 884 1187 912 de
1201 885 1325 912 omnibus
1337 884 1471 912 affirmare
1483 893 1536 912 non
1551 886 1634 912 ausim
1648 893 1655 917 ;
1671 885 1724 912 imo
1737 885 1881 913 verisimile

1089 935 1130 958 est
1143 930 1220 964 alias,
1234 938 1294 965 qua:
1304 929 1360 965 jam
1374 939 1426 958 non
1441 935 1555 964 exstant,
1573 931 1725 966 interjectas
1738 930 1829 958 fuisse.

1126 976 1212 1003 Prima
1232 983 1296 1004 vero
1318 975 1387 1004 dicta
1407 976 1456 1003 fuit
1476 984 1536 1004 cum
1558 976 1676 1004 nondum
1697 977 1802 1011 triginta
1823 976 1881 1003 dies

1089 1022 1267 1055 efﬂuxisscnl,
1289 1022 1323 1050 ab
1344 1022 1443 1057 ingenti
1468 1022 1513 1050 illo
1533 1028 1610 1050 terra:
1627 1027 1709 1055 tnotu,
1731 1024 1776 1058 qui
1799 1027 1880 1050 totam

1092 1069 1183 1096 urbem
1197 1068 1437 1104 Constantinopolin
1445 1070 1778 1104 coneusserat(a).Certum
1792 1075 1880 1098 autem

1091 1124 1151 1144 esse
1164 1116 1269 1144 videtur
1283 1120 1362 1143 terra:
1383 1120 1483 1144 motum
1506 1116 1579 1144 illum
1602 1124 1636 1144 ex
1657 1125 1769 1144 numero
1789 1125 1881 1145 eorum

1092 1161 1192 1195 fuisse,
1220 1169 1289 1198 qttos
1314 1162 1473 1190 Claudianus
1501 1162 1729 1198 Constantinopoli
1753 1163 1883 1191 accidisse

1092 1213 1225 1236 memorat
1245 1213 1307 1236 ante
1325 1207 1498 1236 Consulatum
1521 1209 1639 1244 Eutropii
1651 1230 1659 1241 ,
1678 1217 1748 1237 anno
1761 1209 1884 1236 videlicet

1092 1255 1156 1282 59S.
1169 1254 1269 1282 Omnes
1283 1255 1380 1290 quippe
1396 1255 1517 1282 homilias
1539 1255 1602 1282 istas
1618 1255 1657 1282 vel
1673 1260 1735 1283 ante
1752 1255 1883 1283 Consula-

1094 1306 1148 1329 tum
1161 1302 1292 1336 Eutropii,
1304 1301 1349 1336 qui
1361 1302 1441 1336 cmpit
1454 1302 1529 1328 initio
1540 1302 1602 1328 anni
1616 1302 1678 1334 599,
1691 1302 1731 1329 vel
1745 1302 1803 1336 ipso
1814 1302 1884 1329 Con-

1093 1349 1162 1381 sule,
1185 1348 1231 1375 sed
1252 1352 1315 1375 ante
1336 1347 1423 1382 fugam
1446 1348 1599 1381 ca-demque
1619 1348 1693 1382 ejus,
1715 1355 1774 1382 quae
1793 1355 1886 1375 mense

1093 1394 1200 1422 circiter
1213 1394 1324 1428 Augusti
1341 1394 1402 1420 anui
1420 1393 1472 1421 599
1487 1393 1593 1427 accidit,
1611 1393 1714 1421 habitas
1730 1393 1812 1421 fuisse
1824 1401 1885 1421 cer-

1095 1446 1149 1467 tum
1163 1445 1213 1468 85L

1129 1485 1222 1513 Concio
1235 1491 1371 1520 postlerra:
1384 1485 1626 1513 motum—Prima
1644 1485 1810 1520 pronuntiata
1827 1484 1885 1517 fuit,

1095 1537 1123 1559 nt
1132 1531 1212 1559 modo
1222 1531 1385 1563 dicebamus,
1396 1531 1593 1567 postingentem
1606 1531 1677 1558 illum
1688 1537 1765 1558 terrm
1774 1536 1886 1563 motuin,

1095 1584 1155 1604 cum
1171 1576 1287 1604 nondum
1302 1577 1407 1612 triginta
1422 1577 1480 1604 dies
1493 1576 1657 1604 effluxisscnt
1672 1577 1706 1604 ab
1717 1577 1761 1604 illo
1772 1577 1888 1612 die,quo

1096 1621 1161 1649 urbs
1175 1625 1229 1648 tota
1242 1621 1414 1649 vehementer
1426 1629 1555 1649 concussa
1569 1630 1584 1649 a
1601 1627 1678 1649 terra:
1693 1627 1765 1649 motu
1781 1621 1887 1650 fuerat:

1096 1666 1255 1702 videturque
1274 1666 1362 1694 habita
1386 1666 1467 1694 fuisse
1482 1675 1552 1694 anno
1574 1672 1694 1695 vertente
1710 1667 1797 1695 598m
1815 1675 1888 1694 mar-

1097 1713 1166 1747 tyrio
1183 1713 1239 1740 sive
1260 1713 1372 1740 ecelesia
1399 1717 1545 1749 martyrum
1559 1734 1566 1744 ,
1592 1721 1651 1749 quae
1675 1718 1734 1741 erat
1754 1713 1781 1740 in
1796 1713 1886 1740 Veteri

1096 1758 1187 1792 Petra,
1203 1763 1231 1786 ut
1246 1759 1329 1786 fertur
1341 1758 1368 1785 in
1385 1759 1471 1786 titulo.
1493 1759 1577 1794 Hujus
1598 1759 1720 1795 martyrii
1743 1764 1770 1786 et
1786 1759 1890 1787 Veteris

1097 1804 1182 1832 Petra;
1211 1804 1310 1831 nullam
1333 1803 1420 1831 adhuc
1441 1805 1603 1832 mentionem
1627 1804 1714 1832 inveni
1736 1804 1805 1839 apud
1823 1805 1891 1832 scri—

1096 1855 1187 1885 ptores
1201 1858 1290 1878 rerum
1302 1850 1652 1885 Constantinopolitanarum
1672 1858 1678 1876 :
1693 1857 1780 1885 neque
1793 1850 1890 1877 mirtuu

1097 1897 1161 1924 illud
1176 1901 1236 1929 est;
1257 1897 1339 1924 multa
1354 1896 1425 1924 enim
1439 1897 1490 1923 alia
1513 1897 1715 1931 prmtermisissc
1737 1897 1797 1923 illos
1818 1904 1891 1924 enm-

1099 1943 1166 1977 peri.
1181 1941 1209 1969 In
1221 1942 1335 1970 exordio
1349 1947 1437 1969 autem
1454 1942 1586 1969 invehitur
1602 1942 1629 1969 in
1648 1942 1707 1969 illos
1721 1942 1765 1977 qui
1779 1942 1813 1968 ob
1830 1942 1887 1977 plu-

1099 1989 1168 2015 viam
1184 1992 1211 2015 et
1230 1988 1314 2015 lutum
1338 1988 1364 2016 in
1379 1988 1519 2016 ecclesiam
1543 1997 1598 2015 non
1621 1995 1816 2021 convenerant,
1829 1989 1890 2023 quia

1099 2041 1196 2069 nempe
1209 2033 1242 2062 de
1256 2041 1285 2061 re
1299 2034 1370 2069 gravi
1393 2039 1419 2062 et
1433 2034 1465 2060 ad
1480 2034 1578 2061 multos
1592 2034 1741 2061 absentium
1752 2039 1891 2069 spectante

1098 2079 1229 2114 agendum
1252 2079 1301 2107 sibi
1326 2085 1393 2107 erat.
1416 2079 1483 2107 Cum
1509 2080 1579 2107 enim
1603 2085 1664 2107 ante
1678 2079 1786 2114 triginta
1807 2080 1893 2106 ferme

1098 2125 1156 2153 dies
1174 2125 1239 2153 urbs
1252 2131 1306 2153 tota
1321 2126 1422 2161 ingenti
1447 2130 1526 2153 terra:
1549 2132 1621 2153 motu
1635 2131 1799 2161 quateretur,
1815 2125 1893 2154 multi

1099 2170 1242 2199 formidine
1257 2171 1382 2206 correpti,
1396 2172 1520 2199 domibus
1533 2192 1539 2203 ,
1552 2172 1623 2206 agris
1636 2192 1643 2204 ,
1657 2172 1796 2207 mancipiis
1806 2193 1813 2204 ,
1827 2180 1894 2199 auro

1099 2222 1126 2244 et
1149 2221 1260 2252 argento
1284 2217 1404 2251 relictis,
1430 2217 1519 2252 procul
1539 2223 1566 2245 et
1596 2217 1621 2244 in
1648 2217 1727 2244 aliam
1753 2218 1891 2252 regionem

1099 2262 1267 2298 aufugerunt.
1287 2262 1362 2291 Tunc
1375 2271 1438 2290 vero
1454 2263 1562 2298 plurimi
1575 2271 1607 2290 ex
1629 2263 1661 2290 iis
1675 2263 1719 2298 qui
1734 2263 1805 2290 domi
1818 2271 1894 2290 man-

1100 2314 1192 2338 serant
1210 2309 1237 2337 in
1262 2308 1434 2345 fugitivorum
1456 2309 1524 2337 bona
1541 2309 1690 2337 involarant
1703 2330 1710 2341 ,
1726 2317 1793 2345 quos
1815 2317 1894 2337 acer—

1100 2357 1184 2390 rime,
1200 2361 1227 2385 et
1238 2356 1299 2392 jure
1312 2356 1419 2393 quidem
1429 2378 1436 2390 ,
1461 2357 1607 2384 insectatur
1621 2356 1831 2392 Chrysostomns
1843 2376 1851 2389 ,
1868 2361 1895 2384 et

1101 2402 1127 2429 in
1143 2406 1243 2429 tantam
1258 2407 1311 2429 tam
1331 2402 1472 2430 absurdam
1488 2403 1574 2430 aliena
1597 2401 1738 2430 invadendi
1759 2402 1894 2437 cupidita-

1102 2453 1167 2481 tem,
1188 2448 1316 2484 quidquid
1330 2448 1484 2476 exulcerato
1498 2448 1588 2475 animo
1600 2455 1661 2475 sese
1675 2447 1770 2475 obtulit
1782 2455 1816 2474 ex
1830 2452 1895 2475 tem-

1103 2503 1169 2530 pnre
1193 2495 1219 2523 in
1237 2503 1347 2531 rapaces
1369 2494 1490 2522 homines
1505 2494 1623 2530 profudit
1641 2502 1650 2528 ;
1671 2494 1790 2522 abscisso
1803 2498 1894 2521 autem

1102 2540 1175 2574 folio,
1190 2540 1310 2576 quadam
1334 2547 1368 2568 ex
1383 2539 1460 2575 hujus
1471 2540 1608 2568 concionis
1623 2540 1711 2567 medio
1723 2539 1892 2567 exciderunt.

1102 2586 1205 2615 Claudit
1219 2590 1307 2614 autem
1324 2585 1458 2613 homiliam
1473 2585 1565 2613 dicens
1578 2607 1585 2619 ,
1601 2590 1846 2620 quantmneumque
1860 2585 1896 2612 sit

1103 2636 1250 2668 peccatum,
1266 2632 1288 2660 si
1304 2632 1461 2667 pmnitcutia
1484 2632 1548 2659 moti
1562 2632 1590 2665 ii,
1605 2631 1649 2666 qui
1663 2631 1723 2659 talia
1740 2631 1798 2658 ausi
1813 2638 1876 2658 sunt
1887 2651 1896 2665 ,

1102 2677 1135 2705 ad
1150 2677 1277 2706 Ecclesiae
1291 2677 1431 2713 praefectos
1443 2676 1580 2710 accedant,
1591 2677 1706 2712 benigne
1715 2675 1896 2704 admittendos

1103 2728 1129 2751 et
1145 2723 1251 2750 veniam
1262 2727 1419 2758 accepturos
1432 2729 1502 2750 esse.

1138 2767 1273 2797 Celebritas
1286 2778 1378 2806 magna
1391 2769 1418 2796 in
1432 2769 1595 2797 trmtslutiouc
1609 2768 1895 2805 Reliquiarunn—JJIR

1102 2819 1136 2848 ad
1153 2819 1332 2848 celebritatem
1345 2829 1496 2854 evocantur,
1508 2823 1626 2851 (nutriunt
1642 2823 1752 2849 fortasse
1763 2830 1822 2856 qum
1836 2829 1893 2848 iun-

1104 2874 1183 2902 quam
1208 2866 1436 2901 Constantinopoli
1459 2866 1531 2895 fuere
1552 2869 1693 2895 maximam
1709 2889 1716 2899 .
1733 2875 1814 2902 qttam
1839 2873 1893 2895 tum

295 2910 402 2948 (pluton
414 2914 469 2948 post
481 2915 554 2936 terra:
564 2914 666 2942 motum,
677 2911 719 2936 sed
731 2914 787 2942 post
802 2911 926 2944 dcjectum
945 2913 1090 2945 Eutropium
1108 2915 1288 2946 prouuutixtam
1303 2915 1377 2941 fuisse
1392 2917 1453 2941 hanc
1470 2917 1593 2942 homiiiam
1604 2916 1668 2941 bene
1682 2923 1716 2948 pr
1728 2916 1768 2941 bat
1781 2917 1890 2946 Stiltiug.

260 2951 284 2971 ῐι.
298 2943 412 2974 ϋυϋ-ϋυδ,
425 2943 490 2968 litui.
