  <div class='ocr_page' id='page_1' title='image "/cluster/home/n/w/nwhite01/storage/ocr_20150623/47-48/njp.32101077772612/184.png"; bbox 0 0 2034 3109; ppageno 0'>
   <div class='ocr_carea' id='block_1_1' title="bbox 170 148 217 178">
    <p class='ocr_par' dir='ltr' id='par_1_1' title="bbox 170 148 217 178">
     <span class='ocr_line' id='line_1_1' title="bbox 170 148 217 178; baseline 0.021 -1"><span class='ocrx_word' id='word_1_1' title='bbox 170 148 217 178; x_wconf 77' lang='grc'><strong>169</strong></span> 
     </span>
    </p>
   </div>
   <div class='ocr_carea' id='block_1_2' title="bbox 169 205 959 244">
    <p class='ocr_par' dir='ltr' id='par_1_2' title="bbox 169 205 959 244">
     <span class='ocr_line' id='line_1_2' title="bbox 169 205 959 244; baseline 0.005 -11"><span class='ocrx_word' id='word_1_2' title='bbox 169 206 257 233; x_wconf 81' lang='lat' dir='ltr'><strong>titulus</strong></span> <span class='ocrx_word' id='word_1_3' title='bbox 273 205 410 234; x_wconf 69' lang='lat' dir='ltr'><strong>concionis</strong></span> <span class='ocrx_word' id='word_1_4' title='bbox 423 228 431 240; x_wconf 89' lang='lat'><strong>,</strong></span> <span class='ocrx_word' id='word_1_5' title='bbox 447 211 502 234; x_wconf 90' lang='lat' dir='ltr'><strong>tum</strong></span> <span class='ocrx_word' id='word_1_6' title='bbox 523 207 617 235; x_wconf 82' lang='lat' dir='ltr'><strong>concio</strong></span> <span class='ocrx_word' id='word_1_7' title='bbox 638 207 695 244; x_wconf 88' lang='lat' dir='ltr'><strong>ipsa</strong></span> <span class='ocrx_word' id='word_1_8' title='bbox 717 208 794 237; x_wconf 87' lang='lat' dir='ltr'><strong>nobis</strong></span> <span class='ocrx_word' id='word_1_9' title='bbox 808 209 959 238; x_wconf 79' lang='lat' dir='ltr'><strong>minutatim</strong></span> 
     </span>
    </p>
   </div>
   <div class='ocr_carea' id='block_1_3' title="bbox 168 253 960 291">
    <p class='ocr_par' dir='ltr' id='par_1_3' title="bbox 168 253 960 291">
     <span class='ocr_line' id='line_1_3' title="bbox 168 253 960 291; baseline 0.006 -12"><span class='ocrx_word' id='word_1_10' title='bbox 168 253 328 280; x_wconf 81' lang='lat' dir='ltr'><strong>deserllnmt.</strong></span> <span class='ocrx_word' id='word_1_11' title='bbox 352 253 413 281; x_wconf 66' lang='lat' dir='ltr'><strong>llmc</strong></span> <span class='ocrx_word' id='word_1_12' title='bbox 426 261 504 289; x_wconf 89' lang='lat' dir='ltr'><strong>porro</strong></span> <span class='ocrx_word' id='word_1_13' title='bbox 519 255 609 290; x_wconf 65' lang='lat' dir='ltr'><strong>paul-is</strong></span> <span class='ocrx_word' id='word_1_14' title='bbox 621 260 682 291; x_wconf 85' lang='lat' dir='ltr'><strong>post</strong></span> <span class='ocrx_word' id='word_1_15' title='bbox 693 255 809 283; x_wconf 92' lang='lat' dir='ltr'><strong>habitam</strong></span> <span class='ocrx_word' id='word_1_16' title='bbox 824 255 960 284; x_wconf 85' lang='lat' dir='ltr'><strong>homiliam</strong></span> 
     </span>
    </p>
   </div>
   <div class='ocr_carea' id='block_1_4' title="bbox 168 298 960 333">
    <p class='ocr_par' dir='ltr' id='par_1_4' title="bbox 168 298 960 333">
     <span class='ocr_line' id='line_1_4' title="bbox 168 298 960 333; baseline 0.005 -7"><span class='ocrx_word' id='word_1_17' title='bbox 168 298 361 333; x_wconf 62' lang='lat' dir='ltr'><strong>pratcedentem</strong></span> <span class='ocrx_word' id='word_1_18' title='bbox 388 299 482 328; x_wconf 84' lang='lat' dir='ltr'><strong>diebus</strong></span> <span class='ocrx_word' id='word_1_19' title='bbox 507 304 566 327; x_wconf 87' lang='lat' dir='ltr'><strong>acta</strong></span> <span class='ocrx_word' id='word_1_20' title='bbox 593 306 665 329; x_wconf 90' lang='lat' dir='ltr'><strong>sunt.</strong></span> <span class='ocrx_word' id='word_1_21' title='bbox 686 301 815 329; x_wconf 87' lang='lat' dir='ltr'><strong>Nimirum</strong></span> <span class='ocrx_word' id='word_1_22' title='bbox 840 302 960 330; x_wconf 84' lang='lat' dir='ltr'><strong>Eudoxia</strong></span> 
     </span>
    </p>
   </div>
   <div class='ocr_carea' id='block_1_5' title="bbox 167 344 958 382">
    <p class='ocr_par' dir='ltr' id='par_1_5' title="bbox 167 344 958 382">
     <span class='ocr_line' id='line_1_5' title="bbox 167 344 958 382; baseline 0.005 -11"><span class='ocrx_word' id='word_1_23' title='bbox 167 344 335 378; x_wconf 81' lang='lat' dir='ltr'><strong>lmperatrix,</strong></span> <span class='ocrx_word' id='word_1_24' title='bbox 352 344 396 380; x_wconf 90' lang='lat' dir='ltr'><strong>pio</strong></span> <span class='ocrx_word' id='word_1_25' title='bbox 413 350 531 380; x_wconf 84' lang='lat' dir='ltr'><strong>permota</strong></span> <span class='ocrx_word' id='word_1_26' title='bbox 545 346 633 374; x_wconf 91' lang='lat' dir='ltr'><strong>studio</strong></span> <span class='ocrx_word' id='word_1_27' title='bbox 644 368 651 378; x_wconf 87' lang='lat'><strong>,</strong></span> <span class='ocrx_word' id='word_1_28' title='bbox 666 346 792 382; x_wconf 88' lang='lat' dir='ltr'><strong>reliquias</strong></span> <span class='ocrx_word' id='word_1_29' title='bbox 805 352 958 375; x_wconf 86' lang='lat' dir='ltr'><strong>sanctorum</strong></span> 
     </span>
    </p>
   </div>
   <div class='ocr_carea' id='block_1_6' title="bbox 167 391 960 430">
    <p class='ocr_par' dir='ltr' id='par_1_6' title="bbox 167 391 960 430">
     <span class='ocr_line' id='line_1_6' title="bbox 167 391 960 430; baseline 0.008 -13"><span class='ocrx_word' id='word_1_30' title='bbox 167 396 312 427; x_wconf 91' lang='lat' dir='ltr'><strong>martyrmn</strong></span> <span class='ocrx_word' id='word_1_31' title='bbox 328 391 468 427; x_wconf 89' lang='lat' dir='ltr'><strong>quasdam,</strong></span> <span class='ocrx_word' id='word_1_32' title='bbox 486 401 598 427; x_wconf 91' lang='lat' dir='ltr'><strong>quorum</strong></span> <span class='ocrx_word' id='word_1_33' title='bbox 615 401 677 421; x_wconf 80' lang='lat' dir='ltr'><strong>vero</strong></span> <span class='ocrx_word' id='word_1_34' title='bbox 702 398 847 430; x_wconf 83' lang='lat' dir='ltr'><strong>martyrum</strong></span> <span class='ocrx_word' id='word_1_35' title='bbox 870 399 960 424; x_wconf 68' lang='lat' dir='ltr'><strong>essent</strong></span> 
     </span>
    </p>
   </div>
   <div class='ocr_carea' id='block_1_7' title="bbox 166 437 957 475">
    <p class='ocr_par' dir='ltr' id='par_1_7' title="bbox 166 437 957 475">
     <span class='ocr_line' id='line_1_7' title="bbox 166 437 957 475; baseline 0.005 -11"><span class='ocrx_word' id='word_1_36' title='bbox 166 445 214 464; x_wconf 90' lang='lat' dir='ltr'><strong>non</strong></span> <span class='ocrx_word' id='word_1_37' title='bbox 241 437 387 470; x_wconf 88' lang='lat' dir='ltr'><strong>indicatur,</strong></span> <span class='ocrx_word' id='word_1_38' title='bbox 406 439 550 467; x_wconf 79' lang='lat' dir='ltr'><strong>transferre</strong></span> <span class='ocrx_word' id='word_1_39' title='bbox 575 439 656 466; x_wconf 85' lang='lat' dir='ltr'><strong>voluit</strong></span> <span class='ocrx_word' id='word_1_40' title='bbox 679 447 693 466; x_wconf 93' lang='lat' dir='ltr'><strong>a</strong></span> <span class='ocrx_word' id='word_1_41' title='bbox 710 440 803 475; x_wconf 76' lang='lat' dir='ltr'><strong>Magna</strong></span> <span class='ocrx_word' id='word_1_42' title='bbox 825 441 936 468; x_wconf 90' lang='lat' dir='ltr'><strong>ecclesia</strong></span> <span class='ocrx_word' id='word_1_43' title='bbox 950 461 957 473; x_wconf 83' lang='lat'><strong>,</strong></span> 
     </span>
    </p>
   </div>
   <div class='ocr_carea' id='block_1_8' title="bbox 165 484 958 522">
    <p class='ocr_par' dir='ltr' id='par_1_8' title="bbox 165 484 958 522">
     <span class='ocr_line' id='line_1_8' title="bbox 165 484 958 522; baseline 0.006 -12"><span class='ocrx_word' id='word_1_44' title='bbox 165 492 221 519; x_wconf 74' lang='lat' dir='ltr'><strong>qua:</strong></span> <span class='ocrx_word' id='word_1_45' title='bbox 239 484 474 519; x_wconf 79' lang='lat' dir='ltr'><strong>Constantinopoli</strong></span> <span class='ocrx_word' id='word_1_46' title='bbox 487 490 554 518; x_wconf 88' lang='lat' dir='ltr'><strong>erat,</strong></span> <span class='ocrx_word' id='word_1_47' title='bbox 571 486 604 513; x_wconf 91' lang='lat' dir='ltr'><strong>ad</strong></span> <span class='ocrx_word' id='word_1_48' title='bbox 627 487 784 522; x_wconf 86' lang='lat' dir='ltr'><strong>martyrium</strong></span> <span class='ocrx_word' id='word_1_49' title='bbox 799 487 855 514; x_wconf 82' lang='lat' dir='ltr'><strong>sive</strong></span> <span class='ocrx_word' id='word_1_50' title='bbox 870 487 958 515; x_wconf 85' lang='lat' dir='ltr'><strong>eccle-</strong></span> 
     </span>
    </p>
   </div>
   <div class='ocr_carea' id='block_1_9' title="bbox 165 529 957 567">
    <p class='ocr_par' dir='ltr' id='par_1_9' title="bbox 165 529 957 567">
     <span class='ocr_line' id='line_1_9' title="bbox 165 529 957 567; baseline 0.006 -12"><span class='ocrx_word' id='word_1_51' title='bbox 165 530 229 556; x_wconf 80' lang='lat' dir='ltr'><strong>siam</strong></span> <span class='ocrx_word' id='word_1_52' title='bbox 247 529 276 557; x_wconf 90' lang='lat' dir='ltr'><strong>S.</strong></span> <span class='ocrx_word' id='word_1_53' title='bbox 290 530 412 563; x_wconf 64' lang='lat' dir='ltr'><strong>Thomxe,</strong></span> <span class='ocrx_word' id='word_1_54' title='bbox 433 538 492 566; x_wconf 80' lang='lat' dir='ltr'><strong>qua:</strong></span> <span class='ocrx_word' id='word_1_55' title='bbox 507 538 600 558; x_wconf 88' lang='lat' dir='ltr'><strong>novem</strong></span> <span class='ocrx_word' id='word_1_56' title='bbox 615 531 708 567; x_wconf 81' lang='lat' dir='ltr'><strong>signis,</strong></span> <span class='ocrx_word' id='word_1_57' title='bbox 724 539 771 559; x_wconf 82' lang='lat' dir='ltr'><strong>seu</strong></span> <span class='ocrx_word' id='word_1_58' title='bbox 791 533 957 567; x_wconf 85' lang='lat' dir='ltr'><strong>milliaribus,</strong></span> 
     </span>
    </p>
   </div>
   <div class='ocr_carea' id='block_1_10' title="bbox 164 575 959 609">
    <p class='ocr_par' dir='ltr' id='par_1_10' title="bbox 164 575 959 609">
     <span class='ocr_line' id='line_1_10' title="bbox 164 575 959 609; baseline 0.005 -7"><span class='ocrx_word' id='word_1_59' title='bbox 164 575 195 603; x_wconf 85' lang='lat' dir='ltr'><strong>ab</strong></span> <span class='ocrx_word' id='word_1_60' title='bbox 210 576 276 604; x_wconf 83' lang='lat' dir='ltr'><strong>urbe</strong></span> <span class='ocrx_word' id='word_1_61' title='bbox 287 575 411 609; x_wconf 85' lang='lat' dir='ltr'><strong>distabat,</strong></span> <span class='ocrx_word' id='word_1_62' title='bbox 425 582 452 603; x_wconf 91' lang='lat' dir='ltr'><strong>et</strong></span> <span class='ocrx_word' id='word_1_63' title='bbox 467 576 500 603; x_wconf 91' lang='lat' dir='ltr'><strong>ad</strong></span> <span class='ocrx_word' id='word_1_64' title='bbox 515 584 588 604; x_wconf 87' lang='lat' dir='ltr'><strong>oram</strong></span> <span class='ocrx_word' id='word_1_65' title='bbox 608 577 690 605; x_wconf 90' lang='lat' dir='ltr'><strong>maris</strong></span> <span class='ocrx_word' id='word_1_66' title='bbox 703 577 753 605; x_wconf 85' lang='lat' dir='ltr'><strong>sita</strong></span> <span class='ocrx_word' id='word_1_67' title='bbox 763 582 831 606; x_wconf 87' lang='lat' dir='ltr'><strong>erat.</strong></span> <span class='ocrx_word' id='word_1_68' title='bbox 841 577 896 605; x_wconf 90' lang='lat' dir='ltr'><strong>Cur</strong></span> <span class='ocrx_word' id='word_1_69' title='bbox 909 586 959 606; x_wconf 92' lang='lat' dir='ltr'><strong>au-</strong></span> 
     </span>
    </p>
   </div>
   <div class='ocr_carea' id='block_1_11' title="bbox 166 622 958 657">
    <p class='ocr_par' dir='ltr' id='par_1_11' title="bbox 166 622 958 657">
     <span class='ocr_line' id='line_1_11' title="bbox 166 622 958 657; baseline 0.004 -8"><span class='ocrx_word' id='word_1_70' title='bbox 166 627 215 649; x_wconf 86' lang='lat' dir='ltr'><strong>tem</strong></span> <span class='ocrx_word' id='word_1_71' title='bbox 232 627 311 650; x_wconf 90' lang='lat' dir='ltr'><strong>noctu</strong></span> <span class='ocrx_word' id='word_1_72' title='bbox 325 622 406 651; x_wconf 88' lang='lat' dir='ltr'><strong>talem</strong></span> <span class='ocrx_word' id='word_1_73' title='bbox 422 623 479 650; x_wconf 82' lang='lat' dir='ltr'><strong>ﬁeri</strong></span> <span class='ocrx_word' id='word_1_74' title='bbox 494 623 693 651; x_wconf 80' lang='lat' dir='ltr'><strong>translationem</strong></span> <span class='ocrx_word' id='word_1_75' title='bbox 715 623 846 657; x_wconf 77' lang='lat' dir='ltr'><strong>voluerit,</strong></span> <span class='ocrx_word' id='word_1_76' title='bbox 862 624 958 652; x_wconf 77' lang='lat' dir='ltr'><strong>frustra</strong></span> 
     </span>
    </p>
   </div>
   <div class='ocr_carea' id='block_1_12' title="bbox 164 669 958 706">
    <p class='ocr_par' dir='ltr' id='par_1_12' title="bbox 164 669 958 706">
     <span class='ocr_line' id='line_1_12' title="bbox 164 669 958 706; baseline 0.005 -11"><span class='ocrx_word' id='word_1_77' title='bbox 164 676 289 703; x_wconf 61' lang='lat' dir='ltr'><strong>quaeras:</strong></span> <span class='ocrx_word' id='word_1_78' title='bbox 309 673 368 696; x_wconf 93' lang='lat' dir='ltr'><strong>utut</strong></span> <span class='ocrx_word' id='word_1_79' title='bbox 388 676 432 697; x_wconf 87' lang='lat' dir='ltr'><strong>res</strong></span> <span class='ocrx_word' id='word_1_80' title='bbox 445 673 496 703; x_wconf 88' lang='lat' dir='ltr'><strong>est,</strong></span> <span class='ocrx_word' id='word_1_81' title='bbox 523 670 562 697; x_wconf 87' lang='lat' dir='ltr'><strong>sic</strong></span> <span class='ocrx_word' id='word_1_82' title='bbox 583 669 627 697; x_wconf 87' lang='lat' dir='ltr'><strong>illa</strong></span> <span class='ocrx_word' id='word_1_83' title='bbox 652 670 782 699; x_wconf 82' lang='lat' dir='ltr'><strong>solemnis</strong></span> <span class='ocrx_word' id='word_1_84' title='bbox 806 671 958 706; x_wconf 78' lang='lat' dir='ltr'><strong>exportatio</strong></span> 
     </span>
    </p>
   </div>
   <div class='ocr_carea' id='block_1_13' title="bbox 164 714 300 742">
    <p class='ocr_par' dir='ltr' id='par_1_13' title="bbox 164 714 300 742">
     <span class='ocr_line' id='line_1_13' title="bbox 164 714 300 742; baseline 0 -1"><span class='ocrx_word' id='word_1_85' title='bbox 164 715 228 742; x_wconf 86' lang='lat' dir='ltr'><strong>laeta</strong></span> <span class='ocrx_word' id='word_1_86' title='bbox 241 714 300 742; x_wconf 92' lang='lat' dir='ltr'><strong>fuit.</strong></span> 
     </span>
    </p>
   </div>
   <div class='ocr_carea' id='block_1_14' title="bbox 197 761 959 798">
    <p class='ocr_par' dir='ltr' id='par_1_14' title="bbox 197 761 959 798">
     <span class='ocr_line' id='line_1_14' title="bbox 197 761 959 798; baseline 0.003 -10"><span class='ocrx_word' id='word_1_87' title='bbox 197 761 283 789; x_wconf 86' lang='lat' dir='ltr'><strong>Media</strong></span> <span class='ocrx_word' id='word_1_88' title='bbox 305 765 384 789; x_wconf 90' lang='lat' dir='ltr'><strong>nocte</strong></span> <span class='ocrx_word' id='word_1_89' title='bbox 397 761 525 796; x_wconf 62' lang='lat' dir='ltr'><strong>Reliquis!</strong></span> <span class='ocrx_word' id='word_1_90' title='bbox 536 761 587 789; x_wconf 73' lang='lat' dir='ltr'><strong>illm</strong></span> <span class='ocrx_word' id='word_1_91' title='bbox 600 766 757 798; x_wconf 80' lang='lat' dir='ltr'><strong>martyrum,</strong></span> <span class='ocrx_word' id='word_1_92' title='bbox 769 763 794 790; x_wconf 92' lang='lat' dir='ltr'><strong>in</strong></span> <span class='ocrx_word' id='word_1_93' title='bbox 809 763 885 791; x_wconf 87' lang='lat' dir='ltr'><strong>theca</strong></span> <span class='ocrx_word' id='word_1_94' title='bbox 900 762 959 790; x_wconf 90' lang='lat' dir='ltr'><strong>velo</strong></span> 
     </span>
    </p>
   </div>
   <div class='ocr_carea' id='block_1_15' title="bbox 161 807 958 843">
    <p class='ocr_par' dir='ltr' id='par_1_15' title="bbox 161 807 958 843">
     <span class='ocr_line' id='line_1_15' title="bbox 161 807 958 843; baseline 0.004 -10"><span class='ocrx_word' id='word_1_95' title='bbox 161 811 253 842; x_wconf 86' lang='lat' dir='ltr'><strong>operta</strong></span> <span class='ocrx_word' id='word_1_96' title='bbox 269 808 376 842; x_wconf 59' lang='lat' dir='ltr'><strong>positae,</strong></span> <span class='ocrx_word' id='word_1_97' title='bbox 392 815 425 835; x_wconf 86' lang='lat' dir='ltr'><strong>ex</strong></span> <span class='ocrx_word' id='word_1_98' title='bbox 438 807 529 842; x_wconf 81' lang='lat' dir='ltr'><strong>Magna</strong></span> <span class='ocrx_word' id='word_1_99' title='bbox 545 808 657 835; x_wconf 85' lang='lat' dir='ltr'><strong>ecclesia</strong></span> <span class='ocrx_word' id='word_1_100' title='bbox 668 829 676 841; x_wconf 93' lang='lat'><strong>,</strong></span> <span class='ocrx_word' id='word_1_101' title='bbox 692 816 752 843; x_wconf 71' lang='lat' dir='ltr'><strong>qum</strong></span> <span class='ocrx_word' id='word_1_102' title='bbox 772 809 797 836; x_wconf 92' lang='lat' dir='ltr'><strong>in</strong></span> <span class='ocrx_word' id='word_1_103' title='bbox 811 809 876 836; x_wconf 83' lang='lat' dir='ltr'><strong>urbe</strong></span> <span class='ocrx_word' id='word_1_104' title='bbox 888 808 958 836; x_wconf 87' lang='lat' dir='ltr'><strong>Con-</strong></span> 
     </span>
    </p>
   </div>
   <div class='ocr_carea' id='block_1_16' title="bbox 161 854 956 890">
    <p class='ocr_par' dir='ltr' id='par_1_16' title="bbox 161 854 956 890">
     <span class='ocr_line' id='line_1_16' title="bbox 161 854 956 890; baseline 0.003 -10"><span class='ocrx_word' id='word_1_105' title='bbox 161 854 333 889; x_wconf 88' lang='lat' dir='ltr'><strong>stantinopoli</strong></span> <span class='ocrx_word' id='word_1_106' title='bbox 345 859 412 887; x_wconf 88' lang='lat' dir='ltr'><strong>erat,</strong></span> <span class='ocrx_word' id='word_1_107' title='bbox 423 859 606 888; x_wconf 80' lang='lat' dir='ltr'><strong>exportantur,</strong></span> <span class='ocrx_word' id='word_1_108' title='bbox 614 855 758 882; x_wconf 88' lang='lat' dir='ltr'><strong>comitante</strong></span> <span class='ocrx_word' id='word_1_109' title='bbox 772 855 871 890; x_wconf 81' lang='lat' dir='ltr'><strong>ingenti</strong></span> <span class='ocrx_word' id='word_1_110' title='bbox 886 855 956 882; x_wconf 89' lang='lat' dir='ltr'><strong>mul-</strong></span> 
     </span>
    </p>
   </div>
   <div class='ocr_carea' id='block_1_17' title="bbox 161 899 956 936">
    <p class='ocr_par' dir='ltr' id='par_1_17' title="bbox 161 899 956 936">
     <span class='ocr_line' id='line_1_17' title="bbox 161 899 956 936; baseline 0.003 -10"><span class='ocrx_word' id='word_1_111' title='bbox 161 899 271 927; x_wconf 88' lang='lat' dir='ltr'><strong>titudine</strong></span> <span class='ocrx_word' id='word_1_112' title='bbox 284 921 292 932; x_wconf 92' lang='lat'><strong>,</strong></span> <span class='ocrx_word' id='word_1_113' title='bbox 310 907 390 934; x_wconf 87' lang='lat' dir='ltr'><strong>quam</strong></span> <span class='ocrx_word' id='word_1_114' title='bbox 407 899 442 926; x_wconf 89' lang='lat' dir='ltr'><strong>ita</strong></span> <span class='ocrx_word' id='word_1_115' title='bbox 456 900 581 927; x_wconf 84' lang='lat' dir='ltr'><strong>describit</strong></span> <span class='ocrx_word' id='word_1_116' title='bbox 595 902 651 935; x_wconf 89' lang='lat' dir='ltr'><strong>ipse</strong></span> <span class='ocrx_word' id='word_1_117' title='bbox 665 900 873 936; x_wconf 87' lang='lat' dir='ltr'><strong>Chrysostomus</strong></span> <span class='ocrx_word' id='word_1_118' title='bbox 885 922 892 933; x_wconf 94' lang='lat'><strong>,</strong></span> <span class='ocrx_word' id='word_1_119' title='bbox 912 902 956 936; x_wconf 90' lang='lat' dir='ltr'><strong>qui</strong></span> 
     </span>
    </p>
   </div>
   <div class='ocr_carea' id='block_1_18' title="bbox 158 945 958 980">
    <p class='ocr_par' dir='ltr' id='par_1_18' title="bbox 158 945 958 980">
     <span class='ocr_line' id='line_1_18' title="bbox 158 945 958 980; baseline 0.003 -8"><span class='ocrx_word' id='word_1_120' title='bbox 158 953 217 973; x_wconf 87' lang='lat' dir='ltr'><strong>cum</strong></span> <span class='ocrx_word' id='word_1_121' title='bbox 239 945 363 973; x_wconf 85' lang='lat' dir='ltr'><strong>Eudoxia</strong></span> <span class='ocrx_word' id='word_1_122' title='bbox 384 945 554 980; x_wconf 86' lang='lat' dir='ltr'><strong>lmperatrice</strong></span> <span class='ocrx_word' id='word_1_123' title='bbox 577 950 657 973; x_wconf 78' lang='lat' dir='ltr'><strong>tanta:</strong></span> <span class='ocrx_word' id='word_1_124' title='bbox 680 946 846 974; x_wconf 82' lang='lat' dir='ltr'><strong>celebritatis</strong></span> <span class='ocrx_word' id='word_1_125' title='bbox 865 952 958 974; x_wconf 85' lang='lat' dir='ltr'><strong>auctor</strong></span> 
     </span>
    </p>
   </div>
   <div class='ocr_carea' id='block_1_19' title="bbox 157 991 957 1028">
    <p class='ocr_par' dir='ltr' id='par_1_19' title="bbox 157 991 957 1028">
     <span class='ocr_line' id='line_1_19' title="bbox 157 991 957 1028; baseline 0 -10"><span class='ocrx_word' id='word_1_126' title='bbox 157 996 224 1018; x_wconf 88' lang='lat' dir='ltr'><strong>erat.</strong></span> <span class='ocrx_word' id='word_1_127' title='bbox 242 991 294 1019; x_wconf 81' lang='lat' dir='ltr'><strong>llic</strong></span> <span class='ocrx_word' id='word_1_128' title='bbox 317 991 402 1018; x_wconf 78' lang='lat' dir='ltr'><strong>videre</strong></span> <span class='ocrx_word' id='word_1_129' title='bbox 424 995 477 1018; x_wconf 86' lang='lat' dir='ltr'><strong>erat</strong></span> <span class='ocrx_word' id='word_1_130' title='bbox 505 992 685 1018; x_wconf 85' lang='lat' dir='ltr'><strong>monachorum</strong></span> <span class='ocrx_word' id='word_1_131' title='bbox 712 997 807 1023; x_wconf 78' lang='lat' dir='ltr'><strong>ccetus,</strong></span> <span class='ocrx_word' id='word_1_132' title='bbox 832 993 957 1028; x_wconf 76' lang='lat' dir='ltr'><strong>virginum</strong></span> 
     </span>
    </p>
   </div>
   <div class='ocr_carea' id='block_1_20' title="bbox 155 1037 956 1070">
    <p class='ocr_par' dir='ltr' id='par_1_20' title="bbox 155 1037 956 1070">
     <span class='ocr_line' id='line_1_20' title="bbox 155 1037 956 1070; baseline 0 -6"><span class='ocrx_word' id='word_1_133' title='bbox 155 1037 256 1069; x_wconf 80' lang='lat' dir='ltr'><strong>choros,</strong></span> <span class='ocrx_word' id='word_1_134' title='bbox 268 1037 433 1064; x_wconf 71' lang='lat' dir='ltr'><strong>sacerdotum</strong></span> <span class='ocrx_word' id='word_1_135' title='bbox 447 1037 558 1070; x_wconf 81' lang='lat' dir='ltr'><strong>Ordines,</strong></span> <span class='ocrx_word' id='word_1_136' title='bbox 574 1037 736 1064; x_wconf 69' lang='lat' dir='ltr'><strong>sweularium</strong></span> <span class='ocrx_word' id='word_1_137' title='bbox 758 1038 868 1064; x_wconf 73' lang='lat' dir='ltr'><strong>virorum</strong></span> <span class='ocrx_word' id='word_1_138' title='bbox 890 1038 956 1065; x_wconf 84' lang='lat' dir='ltr'><strong>mul-</strong></span> 
     </span>
    </p>
   </div>
   <div class='ocr_carea' id='block_1_21' title="bbox 156 1083 955 1119">
    <p class='ocr_par' dir='ltr' id='par_1_21' title="bbox 156 1083 955 1119">
     <span class='ocr_line' id='line_1_21' title="bbox 156 1083 955 1119; baseline 0 -9"><span class='ocrx_word' id='word_1_139' title='bbox 156 1083 289 1110; x_wconf 84' lang='lat' dir='ltr'><strong>titudinem</strong></span> <span class='ocrx_word' id='word_1_140' title='bbox 301 1104 310 1116; x_wconf 94' lang='lat'><strong>,</strong></span> <span class='ocrx_word' id='word_1_141' title='bbox 325 1091 464 1116; x_wconf 79' lang='lat' dir='ltr'><strong>servorum,</strong></span> <span class='ocrx_word' id='word_1_142' title='bbox 479 1083 623 1116; x_wconf 85' lang='lat' dir='ltr'><strong>liberorum,</strong></span> <span class='ocrx_word' id='word_1_143' title='bbox 633 1084 723 1110; x_wconf 82' lang='lat' dir='ltr'><strong>civium</strong></span> <span class='ocrx_word' id='word_1_144' title='bbox 734 1104 742 1116; x_wconf 84' lang='grc'><em>,</em></span> <span class='ocrx_word' id='word_1_145' title='bbox 755 1084 955 1119; x_wconf 83' lang='lat' dir='ltr'><strong>peregrinorum,</strong></span> 
     </span>
    </p>
   </div>
   <div class='ocr_carea' id='block_1_22' title="bbox 153 1129 957 1164">
    <p class='ocr_par' dir='ltr' id='par_1_22' title="bbox 153 1129 957 1164">
     <span class='ocr_line' id='line_1_22' title="bbox 153 1129 957 1164; baseline 0.002 -9"><span class='ocrx_word' id='word_1_146' title='bbox 153 1129 299 1164; x_wconf 76' lang='lat' dir='ltr'><strong>principum</strong></span> <span class='ocrx_word' id='word_1_147' title='bbox 317 1133 341 1156; x_wconf 84' lang='lat' dir='ltr'><strong>et</strong></span> <span class='ocrx_word' id='word_1_148' title='bbox 364 1129 543 1163; x_wconf 85' lang='lat' dir='ltr'><strong>subditorum,</strong></span> <span class='ocrx_word' id='word_1_149' title='bbox 556 1137 613 1156; x_wconf 87' lang='lat' dir='ltr'><strong>cum</strong></span> <span class='ocrx_word' id='word_1_150' title='bbox 626 1130 719 1164; x_wconf 83' lang='lat' dir='ltr'><strong>gaudio</strong></span> <span class='ocrx_word' id='word_1_151' title='bbox 729 1130 755 1156; x_wconf 89' lang='lat' dir='ltr'><strong>in</strong></span> <span class='ocrx_word' id='word_1_152' title='bbox 780 1130 825 1156; x_wconf 89' lang='lat' dir='ltr'><strong>tali</strong></span> <span class='ocrx_word' id='word_1_153' title='bbox 837 1130 957 1157; x_wconf 80' lang='lat' dir='ltr'><strong>comitatu</strong></span> 
     </span>
    </p>
   </div>
   <div class='ocr_carea' id='block_1_23' title="bbox 153 1174 956 1210">
    <p class='ocr_par' dir='ltr' id='par_1_23' title="bbox 153 1174 956 1210">
     <span class='ocr_line' id='line_1_23' title="bbox 153 1174 956 1210; baseline 0.004 -10"><span class='ocrx_word' id='word_1_154' title='bbox 153 1175 360 1210; x_wconf 73' lang='lat' dir='ltr'><strong>properantium.</strong></span> <span class='ocrx_word' id='word_1_155' title='bbox 369 1174 490 1202; x_wconf 80' lang='lat' dir='ltr'><strong>Mulieres</strong></span> <span class='ocrx_word' id='word_1_156' title='bbox 502 1175 528 1202; x_wconf 84' lang='lat' dir='ltr'><strong>in</strong></span> <span class='ocrx_word' id='word_1_157' title='bbox 539 1175 657 1202; x_wconf 80' lang='lat' dir='ltr'><strong>thalamis</strong></span> <span class='ocrx_word' id='word_1_158' title='bbox 669 1176 763 1203; x_wconf 73' lang='lat' dir='ltr'><strong>versari</strong></span> <span class='ocrx_word' id='word_1_159' title='bbox 774 1176 855 1203; x_wconf 78' lang='lat' dir='ltr'><strong>solita:</strong></span> <span class='ocrx_word' id='word_1_160' title='bbox 865 1181 887 1203; x_wconf 89' lang='lat' dir='ltr'><strong>et</strong></span> <span class='ocrx_word' id='word_1_161' title='bbox 898 1185 956 1203; x_wconf 82' lang='lat' dir='ltr'><strong>cera</strong></span> 
     </span>
    </p>
   </div>
   <div class='ocr_carea' id='block_1_24' title="bbox 152 1221 956 1252">
    <p class='ocr_par' dir='ltr' id='par_1_24' title="bbox 152 1221 956 1252">
     <span class='ocr_line' id='line_1_24' title="bbox 152 1221 956 1252; baseline 0.002 -5"><span class='ocrx_word' id='word_1_162' title='bbox 152 1221 306 1252; x_wconf 84' lang='lat' dir='ltr'><strong>molliores,</strong></span> <span class='ocrx_word' id='word_1_163' title='bbox 320 1221 411 1248; x_wconf 85' lang='lat' dir='ltr'><strong>relictis</strong></span> <span class='ocrx_word' id='word_1_164' title='bbox 436 1221 534 1249; x_wconf 63' lang='lat' dir='ltr'><strong>uadibus</strong></span> <span class='ocrx_word' id='word_1_165' title='bbox 558 1230 615 1249; x_wconf 81' lang='lat' dir='ltr'><strong>cum</strong></span> <span class='ocrx_word' id='word_1_166' title='bbox 644 1222 824 1250; x_wconf 87' lang='lat' dir='ltr'><strong>robustissimis</strong></span> <span class='ocrx_word' id='word_1_167' title='bbox 846 1223 956 1250; x_wconf 79' lang='lat' dir='ltr'><strong>virorum</strong></span> 
     </span>
    </p>
   </div>
   <div class='ocr_carea' id='block_1_25' title="bbox 136 1263 957 1305">
    <p class='ocr_par' dir='ltr' id='par_1_25' title="bbox 136 1263 957 1305">
     <span class='ocr_line' id='line_1_25' title="bbox 136 1263 957 1305; baseline 0.005 -12"><span class='ocrx_word' id='word_1_168' title='bbox 136 1263 290 1294; x_wconf 38' lang='lat' dir='ltr'><strong>.alacritate</strong></span> <span class='ocrx_word' id='word_1_169' title='bbox 302 1267 442 1301; x_wconf 86' lang='lat' dir='ltr'><strong>certabant,</strong></span> <span class='ocrx_word' id='word_1_170' title='bbox 459 1276 516 1294; x_wconf 83' lang='lat' dir='ltr'><strong>cum</strong></span> <span class='ocrx_word' id='word_1_171' title='bbox 541 1273 638 1295; x_wconf 88' lang='lat' dir='ltr'><strong>tantum</strong></span> <span class='ocrx_word' id='word_1_172' title='bbox 657 1268 754 1296; x_wconf 87' lang='lat' dir='ltr'><strong>itineris</strong></span> <span class='ocrx_word' id='word_1_173' title='bbox 765 1274 838 1296; x_wconf 85' lang='lat' dir='ltr'><strong>noctu</strong></span> <span class='ocrx_word' id='word_1_174' title='bbox 851 1271 957 1305; x_wconf 80' lang='lat' dir='ltr'><strong>per/icc-</strong></span> 
     </span>
    </p>
   </div>
   <div class='ocr_carea' id='block_1_26' title="bbox 151 1314 955 1352">
    <p class='ocr_par' dir='ltr' id='par_1_26' title="bbox 151 1314 955 1352">
     <span class='ocr_line' id='line_1_26' title="bbox 151 1314 955 1352; baseline 0.005 -13"><span class='ocrx_word' id='word_1_175' title='bbox 151 1317 208 1340; x_wconf 85' lang='lat' dir='ltr'><strong>rent</strong></span> <span class='ocrx_word' id='word_1_176' title='bbox 222 1321 233 1340; x_wconf 91' lang='lat'><strong>.&#39;</strong></span> <span class='ocrx_word' id='word_1_177' title='bbox 243 1322 296 1340; x_wconf 84' lang='lat' dir='ltr'><strong>non</strong></span> <span class='ocrx_word' id='word_1_178' title='bbox 305 1314 410 1348; x_wconf 83' lang='lat' dir='ltr'><strong>juvenes</strong></span> <span class='ocrx_word' id='word_1_179' title='bbox 425 1314 517 1346; x_wconf 87' lang='lat' dir='ltr'><strong>modo,</strong></span> <span class='ocrx_word' id='word_1_180' title='bbox 532 1315 576 1342; x_wconf 80' lang='lat' dir='ltr'><strong>sed</strong></span> <span class='ocrx_word' id='word_1_181' title='bbox 591 1316 667 1342; x_wconf 85' lang='lat' dir='ltr'><strong>etiam</strong></span> <span class='ocrx_word' id='word_1_182' title='bbox 686 1324 750 1342; x_wconf 80' lang='lat' dir='ltr'><strong>anus</strong></span> <span class='ocrx_word' id='word_1_183' title='bbox 764 1324 793 1343; x_wconf 87' lang='lat' dir='ltr'><strong>eo</strong></span> <span class='ocrx_word' id='word_1_184' title='bbox 802 1317 935 1352; x_wconf 81' lang='lat' dir='ltr'><strong>pergebant</strong></span> <span class='ocrx_word' id='word_1_185' title='bbox 947 1336 955 1349; x_wconf 87' lang='lat'><strong>,</strong></span> 
     </span>
    </p>
   </div>
   <div class='ocr_carea' id='block_1_27' title="bbox 152 1360 956 1397">
    <p class='ocr_par' dir='ltr' id='par_1_27' title="bbox 152 1360 956 1397">
     <span class='ocr_line' id='line_1_27' title="bbox 152 1360 956 1397; baseline 0.005 -12"><span class='ocrx_word' id='word_1_186' title='bbox 152 1367 235 1394; x_wconf 78' lang='lat' dir='ltr'><strong>neque</strong></span> <span class='ocrx_word' id='word_1_187' title='bbox 249 1364 349 1386; x_wconf 69' lang='lat' dir='ltr'><strong>natura</strong></span> <span class='ocrx_word' id='word_1_188' title='bbox 363 1360 516 1394; x_wconf 78' lang='lat' dir='ltr'><strong>inﬁrmitas,</strong></span> <span class='ocrx_word' id='word_1_189' title='bbox 531 1369 610 1396; x_wconf 86' lang='lat' dir='ltr'><strong>neque</strong></span> <span class='ocrx_word' id='word_1_190' title='bbox 621 1361 772 1389; x_wconf 84' lang='lat' dir='ltr'><strong>celebritatis</strong></span> <span class='ocrx_word' id='word_1_191' title='bbox 786 1371 889 1397; x_wconf 83' lang='lat' dir='ltr'><strong>pompa,</strong></span> <span class='ocrx_word' id='word_1_192' title='bbox 912 1371 956 1390; x_wconf 85' lang='lat' dir='ltr'><strong>ne-</strong></span> 
     </span>
    </p>
   </div>
   <div class='ocr_carea' id='block_1_28' title="bbox 151 1406 956 1444">
    <p class='ocr_par' dir='ltr' id='par_1_28' title="bbox 151 1406 956 1444">
     <span class='ocr_line' id='line_1_28' title="bbox 151 1406 956 1444; baseline 0.006 -13"><span class='ocrx_word' id='word_1_193' title='bbox 151 1413 201 1439; x_wconf 81' lang='lat' dir='ltr'><strong>que</strong></span> <span class='ocrx_word' id='word_1_194' title='bbox 213 1406 302 1432; x_wconf 77' lang='lat' dir='ltr'><strong>solitce</strong></span> <span class='ocrx_word' id='word_1_195' title='bbox 315 1406 373 1432; x_wconf 70' lang='lat' dir='ltr'><strong>vita:</strong></span> <span class='ocrx_word' id='word_1_196' title='bbox 393 1406 512 1433; x_wconf 81' lang='lat' dir='ltr'><strong>mollities</strong></span> <span class='ocrx_word' id='word_1_197' title='bbox 527 1407 704 1442; x_wconf 86' lang='lat' dir='ltr'><strong>impedimento</strong></span> <span class='ocrx_word' id='word_1_198' title='bbox 728 1410 807 1443; x_wconf 82' lang='lat' dir='ltr'><strong>fuere.</strong></span> <span class='ocrx_word' id='word_1_199' title='bbox 824 1408 956 1444; x_wconf 81' lang='lat' dir='ltr'><strong>Principes</strong></span> 
     </span>
    </p>
   </div>
   <div class='ocr_carea' id='block_1_29' title="bbox 149 1451 951 1487">
    <p class='ocr_par' dir='ltr' id='par_1_29' title="bbox 149 1451 951 1487">
     <span class='ocr_line' id='line_1_29' title="bbox 149 1451 951 1487; baseline 0.005 -10"><span class='ocrx_word' id='word_1_200' title='bbox 149 1459 241 1478; x_wconf 83' lang='lat' dir='ltr'><strong>rursus</strong></span> <span class='ocrx_word' id='word_1_201' title='bbox 260 1456 287 1478; x_wconf 89' lang='lat' dir='ltr'><strong>et</strong></span> <span class='ocrx_word' id='word_1_202' title='bbox 311 1451 475 1486; x_wconf 78' lang='lat' dir='ltr'><strong>magistratus</strong></span> <span class='ocrx_word' id='word_1_203' title='bbox 488 1473 497 1486; x_wconf 83' lang='lat'><strong>,</strong></span> <span class='ocrx_word' id='word_1_204' title='bbox 519 1452 612 1480; x_wconf 68' lang='lat' dir='ltr'><strong>relictis</strong></span> <span class='ocrx_word' id='word_1_205' title='bbox 636 1453 768 1487; x_wconf 82' lang='lat' dir='ltr'><strong>curribus,</strong></span> <span class='ocrx_word' id='word_1_206' title='bbox 784 1453 913 1482; x_wconf 81' lang='lat' dir='ltr'><strong>lictoribus</strong></span> <span class='ocrx_word' id='word_1_207' title='bbox 928 1459 951 1482; x_wconf 83' lang='lat' dir='ltr'><strong>et</strong></span> 
     </span>
    </p>
   </div>
   <div class='ocr_carea' id='block_1_30' title="bbox 147 1497 648 1532">
    <p class='ocr_par' dir='ltr' id='par_1_30' title="bbox 147 1497 648 1532">
     <span class='ocr_line' id='line_1_30' title="bbox 147 1497 648 1532; baseline 0.004 -8"><span class='ocrx_word' id='word_1_208' title='bbox 147 1498 319 1530; x_wconf 64' lang='lat' dir='ltr'><strong>satellitibus,</strong></span> <span class='ocrx_word' id='word_1_209' title='bbox 337 1497 401 1532; x_wconf 82' lang='lat' dir='ltr'><strong>plebi</strong></span> <span class='ocrx_word' id='word_1_210' title='bbox 412 1507 467 1525; x_wconf 77' lang='lat' dir='ltr'><strong>sese</strong></span> <span class='ocrx_word' id='word_1_211' title='bbox 481 1498 648 1526; x_wconf 82' lang='lat' dir='ltr'><strong>admiscuere.</strong></span> 
     </span>
    </p>
   </div>
   <div class='ocr_carea' id='block_1_31' title="bbox 182 1543 956 1580">
    <p class='ocr_par' dir='ltr' id='par_1_31' title="bbox 182 1543 956 1580">
     <span class='ocr_line' id='line_1_31' title="bbox 182 1543 956 1580; baseline 0.003 -9"><span class='ocrx_word' id='word_1_212' title='bbox 182 1543 293 1579; x_wconf 75' lang='lat' dir='ltr'><strong>Ecquid</strong></span> <span class='ocrx_word' id='word_1_213' title='bbox 317 1543 437 1570; x_wconf 81' lang='lat' dir='ltr'><strong>mulieres</strong></span> <span class='ocrx_word' id='word_1_214' title='bbox 461 1544 636 1579; x_wconf 71' lang='lat' dir='ltr'><strong>principesque</strong></span> <span class='ocrx_word' id='word_1_215' title='bbox 659 1546 956 1580; x_wconf 82' lang='lat' dir='ltr'><strong>memorentus,quando</strong></span> 
     </span>
    </p>
   </div>
   <div class='ocr_carea' id='block_1_32' title="bbox 144 1589 957 1628">
    <p class='ocr_par' dir='ltr' id='par_1_32' title="bbox 144 1589 957 1628">
     <span class='ocr_line' id='line_1_32' title="bbox 144 1589 957 1628; baseline 0.004 -12"><span class='ocrx_word' id='word_1_216' title='bbox 144 1591 202 1623; x_wconf 72' lang='lat' dir='ltr'><strong>ipsa</strong></span> <span class='ocrx_word' id='word_1_217' title='bbox 217 1590 353 1617; x_wconf 72' lang='lat' dir='ltr'><strong>Eudoxio</strong></span> <span class='ocrx_word' id='word_1_218' title='bbox 363 1589 380 1616; x_wconf 89' lang='grc' dir='ltr'><em>Ι</em></span> <span class='ocrx_word' id='word_1_219' title='bbox 383 1591 534 1625; x_wconf 80' lang='lat' dir='ltr'><strong>mperatria:,</strong></span> <span class='ocrx_word' id='word_1_220' title='bbox 543 1599 598 1625; x_wconf 77' lang='lat' dir='ltr'><strong>qua:</strong></span> <span class='ocrx_word' id='word_1_221' title='bbox 609 1591 725 1618; x_wconf 80' lang='lat' dir='ltr'><strong>diadema</strong></span> <span class='ocrx_word' id='word_1_222' title='bbox 735 1592 844 1627; x_wconf 81' lang='lat' dir='ltr'><strong>gestabat</strong></span> <span class='ocrx_word' id='word_1_223' title='bbox 857 1597 881 1619; x_wconf 84' lang='lat' dir='ltr'><strong>et</strong></span> <span class='ocrx_word' id='word_1_224' title='bbox 895 1601 957 1628; x_wconf 87' lang='lat' dir='ltr'><strong>pur-</strong></span> 
     </span>
    </p>
   </div>
   <div class='ocr_carea' id='block_1_33' title="bbox 141 1636 956 1675">
    <p class='ocr_par' dir='ltr' id='par_1_33' title="bbox 141 1636 956 1675">
     <span class='ocr_line' id='line_1_33' title="bbox 141 1636 956 1675; baseline 0.002 -11"><span class='ocrx_word' id='word_1_225' title='bbox 141 1646 208 1672; x_wconf 84' lang='lat' dir='ltr'><strong>pura</strong></span> <span class='ocrx_word' id='word_1_226' title='bbox 226 1636 400 1669; x_wconf 81' lang='lat' dir='ltr'><strong>induebatur,</strong></span> <span class='ocrx_word' id='word_1_227' title='bbox 412 1644 457 1671; x_wconf 84' lang='lat' dir='ltr'><strong>per</strong></span> <span class='ocrx_word' id='word_1_228' title='bbox 477 1641 555 1663; x_wconf 86' lang='lat' dir='ltr'><strong>totam</strong></span> <span class='ocrx_word' id='word_1_229' title='bbox 570 1637 636 1664; x_wconf 75' lang='lat' dir='ltr'><strong>uiam</strong></span> <span class='ocrx_word' id='word_1_230' title='bbox 657 1646 688 1664; x_wconf 83' lang='lat' dir='ltr'><strong>ne</strong></span> <span class='ocrx_word' id='word_1_231' title='bbox 706 1639 833 1665; x_wconf 84' lang='lat' dir='ltr'><strong>tantillum</strong></span> <span class='ocrx_word' id='word_1_232' title='bbox 856 1639 956 1675; x_wconf 75' lang='lat' dir='ltr'><strong>quidem</strong></span> 
     </span>
    </p>
   </div>
   <div class='ocr_carea' id='block_1_34' title="bbox 141 1683 956 1720">
    <p class='ocr_par' dir='ltr' id='par_1_34' title="bbox 141 1683 956 1720">
     <span class='ocr_line' id='line_1_34' title="bbox 141 1683 956 1720; baseline 0.001 -9"><span class='ocrx_word' id='word_1_233' title='bbox 141 1683 283 1718; x_wconf 77' lang='lat' dir='ltr'><strong>areliquis</strong></span> <span class='ocrx_word' id='word_1_234' title='bbox 309 1683 428 1718; x_wconf 82' lang='lat' dir='ltr'><strong>separari</strong></span> <span class='ocrx_word' id='word_1_235' title='bbox 450 1683 551 1715; x_wconf 78' lang='lat' dir='ltr'><strong>voluit;</strong></span> <span class='ocrx_word' id='word_1_236' title='bbox 574 1683 619 1710; x_wconf 86' lang='lat' dir='ltr'><strong>sed</strong></span> <span class='ocrx_word' id='word_1_237' title='bbox 632 1683 734 1711; x_wconf 72' lang='lat' dir='ltr'><strong>ancilla:</strong></span> <span class='ocrx_word' id='word_1_238' title='bbox 755 1685 835 1712; x_wconf 75' lang='lat' dir='ltr'><strong>instar</strong></span> <span class='ocrx_word' id='word_1_239' title='bbox 848 1706 855 1717; x_wconf 78' lang='lat'><strong>,</strong></span> <span class='ocrx_word' id='word_1_240' title='bbox 873 1686 956 1720; x_wconf 86' lang='lat' dir='ltr'><strong>inquit</strong></span> 
     </span>
    </p>
   </div>
   <div class='ocr_carea' id='block_1_35' title="bbox 138 1728 956 1765">
    <p class='ocr_par' dir='ltr' id='par_1_35' title="bbox 138 1728 956 1765">
     <span class='ocr_line' id='line_1_35' title="bbox 138 1728 956 1765; baseline 0.004 -10"><span class='ocrx_word' id='word_1_241' title='bbox 138 1729 365 1765; x_wconf 76' lang='lat' dir='ltr'><strong>Chrysostnmus</strong></span> <span class='ocrx_word' id='word_1_242' title='bbox 381 1750 390 1763; x_wconf 89' lang='lat'><strong>,</strong></span> <span class='ocrx_word' id='word_1_243' title='bbox 413 1733 516 1756; x_wconf 82' lang='lat' dir='ltr'><strong>sanctos</strong></span> <span class='ocrx_word' id='word_1_244' title='bbox 535 1728 699 1763; x_wconf 81' lang='lat' dir='ltr'><strong>sequebatur,</strong></span> <span class='ocrx_word' id='word_1_245' title='bbox 716 1731 813 1758; x_wconf 83' lang='lat' dir='ltr'><strong>thecam</strong></span> <span class='ocrx_word' id='word_1_246' title='bbox 834 1736 858 1759; x_wconf 81' lang='lat' dir='ltr'><strong>et</strong></span> <span class='ocrx_word' id='word_1_247' title='bbox 874 1732 956 1759; x_wconf 80' lang='lat' dir='ltr'><strong>velum</strong></span> 
     </span>
    </p>
   </div>
   <div class='ocr_carea' id='block_1_36' title="bbox 136 1774 956 1811">
    <p class='ocr_par' dir='ltr' id='par_1_36' title="bbox 136 1774 956 1811">
     <span class='ocr_line' id='line_1_36' title="bbox 136 1774 956 1811; baseline 0.005 -10"><span class='ocrx_word' id='word_1_248' title='bbox 136 1775 346 1810; x_wconf 71' lang='lat' dir='ltr'><strong>superpositum</strong></span> <span class='ocrx_word' id='word_1_249' title='bbox 359 1779 476 1809; x_wconf 80' lang='lat' dir='ltr'><strong>tangens,</strong></span> <span class='ocrx_word' id='word_1_250' title='bbox 485 1774 673 1810; x_wconf 83' lang='lat' dir='ltr'><strong>humanumque</strong></span> <span class='ocrx_word' id='word_1_251' title='bbox 685 1778 779 1811; x_wconf 74' lang='lat' dir='ltr'><strong>fastum</strong></span> <span class='ocrx_word' id='word_1_252' title='bbox 790 1785 888 1804; x_wconf 80' lang='lat' dir='ltr'><strong>omnem</strong></span> <span class='ocrx_word' id='word_1_253' title='bbox 899 1778 956 1805; x_wconf 86' lang='lat' dir='ltr'><strong>cal-</strong></span> 
     </span>
    </p>
   </div>
   <div class='ocr_carea' id='block_1_37' title="bbox 136 1821 957 1859">
    <p class='ocr_par' dir='ltr' id='par_1_37' title="bbox 136 1821 957 1859">
     <span class='ocr_line' id='line_1_37' title="bbox 136 1821 957 1859; baseline 0.006 -12"><span class='ocrx_word' id='word_1_254' title='bbox 136 1830 208 1855; x_wconf 75' lang='lat' dir='ltr'><strong>caus,</strong></span> <span class='ocrx_word' id='word_1_255' title='bbox 223 1827 312 1857; x_wconf 79' lang='lat' dir='ltr'><strong>atque</strong></span> <span class='ocrx_word' id='word_1_256' title='bbox 327 1821 358 1848; x_wconf 87' lang='lat' dir='ltr'><strong>in</strong></span> <span class='ocrx_word' id='word_1_257' title='bbox 375 1821 439 1847; x_wconf 87' lang='lat' dir='ltr'><strong>tanti</strong></span> <span class='ocrx_word' id='word_1_258' title='bbox 457 1821 548 1849; x_wconf 89' lang='lat' dir='ltr'><strong>theatri</strong></span> <span class='ocrx_word' id='word_1_259' title='bbox 569 1823 653 1850; x_wconf 87' lang='lat' dir='ltr'><strong>medio</strong></span> <span class='ocrx_word' id='word_1_260' title='bbox 663 1843 672 1856; x_wconf 93' lang='lat'><strong>,</strong></span> <span class='ocrx_word' id='word_1_261' title='bbox 687 1831 703 1849; x_wconf 88' lang='lat' dir='ltr'><strong>a</strong></span> <span class='ocrx_word' id='word_1_262' title='bbox 717 1824 812 1859; x_wconf 82' lang='lat' dir='ltr'><strong>popqu</strong></span> <span class='ocrx_word' id='word_1_263' title='bbox 827 1824 957 1852; x_wconf 74' lang='lat' dir='ltr'><strong>videbatur</strong></span> 
     </span>
    </p>
   </div>
   <div class='ocr_carea' id='block_1_38' title="bbox 132 1867 955 1905">
    <p class='ocr_par' dir='ltr' id='par_1_38' title="bbox 132 1867 955 1905">
     <span class='ocr_line' id='line_1_38' title="bbox 132 1867 955 1905; baseline 0.005 -12"><span class='ocrx_word' id='word_1_264' title='bbox 132 1867 189 1900; x_wconf 80' lang='lat' dir='ltr'><strong>illa,</strong></span> <span class='ocrx_word' id='word_1_265' title='bbox 204 1876 294 1902; x_wconf 78' lang='lat' dir='ltr'><strong>quam</strong></span> <span class='ocrx_word' id='word_1_266' title='bbox 314 1874 351 1893; x_wconf 84' lang='lat' dir='ltr'><strong>ne</strong></span> <span class='ocrx_word' id='word_1_267' title='bbox 370 1867 493 1893; x_wconf 84' lang='lat' dir='ltr'><strong>eunuchis</strong></span> <span class='ocrx_word' id='word_1_268' title='bbox 514 1868 615 1902; x_wconf 82' lang='lat' dir='ltr'><strong>quidem</strong></span> <span class='ocrx_word' id='word_1_269' title='bbox 627 1868 753 1902; x_wconf 87' lang='lat' dir='ltr'><strong>omnibus,</strong></span> <span class='ocrx_word' id='word_1_270' title='bbox 769 1869 812 1904; x_wconf 86' lang='lat' dir='ltr'><strong>qui</strong></span> <span class='ocrx_word' id='word_1_271' title='bbox 825 1870 851 1896; x_wconf 84' lang='lat' dir='ltr'><strong>in</strong></span> <span class='ocrx_word' id='word_1_272' title='bbox 867 1869 955 1905; x_wconf 85' lang='lat' dir='ltr'><strong>Impe-</strong></span> 
     </span>
    </p>
   </div>
   <div class='ocr_carea' id='block_1_39' title="bbox 131 1911 956 1951">
    <p class='ocr_par' dir='ltr' id='par_1_39' title="bbox 131 1911 956 1951">
     <span class='ocr_line' id='line_1_39' title="bbox 131 1911 956 1951; baseline 0.005 -13"><span class='ocrx_word' id='word_1_273' title='bbox 131 1914 233 1940; x_wconf 84' lang='lat' dir='ltr'><strong>raton&#39;a</strong></span> <span class='ocrx_word' id='word_1_274' title='bbox 248 1913 374 1940; x_wconf 70' lang='lat' dir='ltr'><strong>aluntur</strong></span> <span class='ocrx_word' id='word_1_275' title='bbox 401 1911 462 1938; x_wconf 86' lang='lat' dir='ltr'><strong>aula</strong></span> <span class='ocrx_word' id='word_1_276' title='bbox 475 1933 482 1944; x_wconf 87' lang='lat'><strong>,</strong></span> <span class='ocrx_word' id='word_1_277' title='bbox 496 1916 640 1947; x_wconf 78' lang='lat' dir='ltr'><strong>conspicere</strong></span> <span class='ocrx_word' id='word_1_278' title='bbox 658 1914 726 1941; x_wconf 83' lang='lat' dir='ltr'><strong>licet.</strong></span> <span class='ocrx_word' id='word_1_279' title='bbox 750 1914 803 1942; x_wconf 68' lang='lat' dir='ltr'><strong>Sed</strong></span> <span class='ocrx_word' id='word_1_280' title='bbox 817 1921 956 1951; x_wconf 79' lang='lat' dir='ltr'><strong>martyrum</strong></span> 
     </span>
    </p>
   </div>
   <div class='ocr_carea' id='block_1_40' title="bbox 129 1957 956 1998">
    <p class='ocr_par' dir='ltr' id='par_1_40' title="bbox 129 1957 956 1998">
     <span class='ocr_line' id='line_1_40' title="bbox 129 1957 956 1998; baseline 0.005 -13"><span class='ocrx_word' id='word_1_281' title='bbox 129 1967 204 1986; x_wconf 74' lang='lat' dir='ltr'><strong>umor</strong></span> <span class='ocrx_word' id='word_1_282' title='bbox 220 1964 248 1987; x_wconf 80' lang='lat' dir='ltr'><strong>et</strong></span> <span class='ocrx_word' id='word_1_283' title='bbox 264 1957 399 1986; x_wconf 82' lang='lat' dir='ltr'><strong>caritatis</strong></span> <span class='ocrx_word' id='word_1_284' title='bbox 411 1958 517 1992; x_wconf 79' lang='lat' dir='ltr'><strong>ﬂamma</strong></span> <span class='ocrx_word' id='word_1_285' title='bbox 529 1959 578 1994; x_wconf 80' lang='lat' dir='ltr'><strong>ipsi</strong></span> <span class='ocrx_word' id='word_1_286' title='bbox 589 1965 617 1986; x_wconf 84' lang='lat' dir='ltr'><strong>ut</strong></span> <span class='ocrx_word' id='word_1_287' title='bbox 627 1960 710 1987; x_wconf 76' lang='lat' dir='ltr'><strong>larvas</strong></span> <span class='ocrx_word' id='word_1_288' title='bbox 726 1960 785 1988; x_wconf 87' lang='lat' dir='ltr'><strong>illas</strong></span> <span class='ocrx_word' id='word_1_289' title='bbox 795 1969 879 1988; x_wconf 84' lang='lat' dir='ltr'><strong>omnes</strong></span> <span class='ocrx_word' id='word_1_290' title='bbox 892 1963 956 1998; x_wconf 84' lang='lat' dir='ltr'><strong>abji-</strong></span> 
     </span>
    </p>
   </div>
   <div class='ocr_carea' id='block_1_41' title="bbox 127 2003 952 2038">
    <p class='ocr_par' dir='ltr' id='par_1_41' title="bbox 127 2003 952 2038">
     <span class='ocr_line' id='line_1_41' title="bbox 127 2003 952 2038; baseline 0.005 -7"><span class='ocrx_word' id='word_1_291' title='bbox 127 2010 197 2033; x_wconf 79' lang='lat' dir='ltr'><strong>ceret</strong></span> <span class='ocrx_word' id='word_1_292' title='bbox 227 2006 343 2032; x_wconf 78' lang='lat' dir='ltr'><strong>suasit.</strong></span> <span class='ocrx_word' id='word_1_293' title='bbox 378 2003 466 2038; x_wconf 84' lang='lat' dir='ltr'><strong>Prope</strong></span> <span class='ocrx_word' id='word_1_294' title='bbox 496 2004 644 2032; x_wconf 90' lang='lat' dir='ltr'><strong>Eudoxiam</strong></span> <span class='ocrx_word' id='word_1_295' title='bbox 668 2006 808 2034; x_wconf 87' lang='lat' dir='ltr'><strong>incedebat</strong></span> <span class='ocrx_word' id='word_1_296' title='bbox 836 2007 952 2036; x_wconf 82' lang='lat' dir='ltr'><strong>Joannes</strong></span> 
     </span>
    </p>
   </div>
   <div class='ocr_carea' id='block_1_42' title="bbox 123 2050 955 2088">
    <p class='ocr_par' dir='ltr' id='par_1_42' title="bbox 123 2050 955 2088">
     <span class='ocr_line' id='line_1_42' title="bbox 123 2050 955 2088; baseline 0.005 -11"><span class='ocrx_word' id='word_1_297' title='bbox 123 2052 366 2088; x_wconf 76' lang='lat' dir='ltr'><strong>Chrysostomus</strong></span> <span class='ocrx_word' id='word_1_298' title='bbox 382 2050 492 2084; x_wconf 72' lang='lat' dir='ltr'><strong>przcsul.</strong></span> <span class='ocrx_word' id='word_1_299' title='bbox 516 2050 560 2078; x_wconf 88' lang='lat' dir='ltr'><strong>Sic</strong></span> <span class='ocrx_word' id='word_1_300' title='bbox 587 2056 675 2079; x_wconf 88' lang='lat' dir='ltr'><strong>tantus</strong></span> <span class='ocrx_word' id='word_1_301' title='bbox 698 2052 743 2079; x_wconf 88' lang='lat' dir='ltr'><strong>ille</strong></span> <span class='ocrx_word' id='word_1_302' title='bbox 764 2059 860 2085; x_wconf 77' lang='lat' dir='ltr'><strong>coetus,</strong></span> <span class='ocrx_word' id='word_1_303' title='bbox 881 2054 955 2081; x_wconf 83' lang='lat' dir='ltr'><strong>theca</strong></span> 
     </span>
    </p>
   </div>
   <div class='ocr_carea' id='block_1_43' title="bbox 120 2097 955 2141">
    <p class='ocr_par' dir='ltr' id='par_1_43' title="bbox 120 2097 955 2141">
     <span class='ocr_line' id='line_1_43' title="bbox 120 2097 955 2141; baseline 0.002 -15"><span class='ocrx_word' id='word_1_304' title='bbox 120 2097 169 2126; x_wconf 80' lang='lat' dir='ltr'><strong>SS.</strong></span> <span class='ocrx_word' id='word_1_305' title='bbox 185 2104 367 2134; x_wconf 83' lang='lat' dir='ltr'><strong>martyrum</strong></span> <span class='ocrx_word' id='word_1_306' title='bbox 399 2100 537 2130; x_wconf 72' lang='lat' dir='ltr'><strong>praeeunte</strong></span> <span class='ocrx_word' id='word_1_307' title='bbox 550 2117 558 2129; x_wconf 84' lang='lat'><strong>,</strong></span> <span class='ocrx_word' id='word_1_308' title='bbox 573 2104 620 2132; x_wconf 90' lang='lat' dir='ltr'><strong>per</strong></span> <span class='ocrx_word' id='word_1_309' title='bbox 640 2098 755 2125; x_wconf 85' lang='lat' dir='ltr'><strong>medium</strong></span> <span class='ocrx_word' id='word_1_310' title='bbox 780 2099 900 2141; x_wconf 71' lang='lat' dir='ltr'><strong>transivit</strong></span> <span class='ocrx_word' id='word_1_311' title='bbox 915 2099 955 2128; x_wconf 81' lang='lat' dir='ltr'><strong>fo-</strong></span> 
     </span>
    </p>
   </div>
   <div class='ocr_carea' id='block_1_44' title="bbox 119 2142 956 2180">
    <p class='ocr_par' dir='ltr' id='par_1_44' title="bbox 119 2142 956 2180">
     <span class='ocr_line' id='line_1_44' title="bbox 119 2142 956 2180; baseline 0.007 -12"><span class='ocrx_word' id='word_1_312' title='bbox 119 2152 192 2178; x_wconf 65' lang='lat' dir='ltr'><strong>rum,</strong></span> <span class='ocrx_word' id='word_1_313' title='bbox 206 2150 236 2173; x_wconf 77' lang='grc' dir='ltr'>ει</span> <span class='ocrx_word' id='word_1_314' title='bbox 253 2153 292 2172; x_wconf 73' lang='grc' dir='ltr'><strong>εχ</strong></span> <span class='ocrx_word' id='word_1_315' title='bbox 311 2142 418 2180; x_wconf 86' lang='lat' dir='ltr'><strong>portis</strong></span> <span class='ocrx_word' id='word_1_316' title='bbox 435 2143 507 2169; x_wconf 87' lang='lat' dir='ltr'><strong>urbis</strong></span> <span class='ocrx_word' id='word_1_317' title='bbox 521 2151 644 2178; x_wconf 77' lang='lat' dir='ltr'><strong>egressus</strong></span> <span class='ocrx_word' id='word_1_318' title='bbox 658 2145 690 2171; x_wconf 89' lang='lat' dir='ltr'><strong>ad</strong></span> <span class='ocrx_word' id='word_1_319' title='bbox 706 2145 844 2180; x_wconf 84' lang='lat' dir='ltr'><strong>Drypiant,</strong></span> <span class='ocrx_word' id='word_1_320' title='bbox 857 2146 895 2174; x_wconf 88' lang='lat' dir='ltr'><strong>sic</strong></span> <span class='ocrx_word' id='word_1_321' title='bbox 913 2147 956 2173; x_wconf 85' lang='lat' dir='ltr'><strong>di-</strong></span> 
     </span>
    </p>
   </div>
   <div class='ocr_carea' id='block_1_45' title="bbox 116 2188 955 2226">
    <p class='ocr_par' dir='ltr' id='par_1_45' title="bbox 116 2188 955 2226">
     <span class='ocr_line' id='line_1_45' title="bbox 116 2188 955 2226; baseline 0.005 -10"><span class='ocrx_word' id='word_1_322' title='bbox 116 2196 189 2219; x_wconf 83' lang='lat' dir='ltr'><strong>ctum</strong></span> <span class='ocrx_word' id='word_1_323' title='bbox 204 2193 325 2224; x_wconf 78' lang='lat' dir='ltr'><strong>locum,</strong></span> <span class='ocrx_word' id='word_1_324' title='bbox 340 2190 406 2218; x_wconf 86' lang='lat' dir='ltr'><strong>iter</strong></span> <span class='ocrx_word' id='word_1_325' title='bbox 415 2188 537 2222; x_wconf 81' lang='lat' dir='ltr'><strong>instituit,</strong></span> <span class='ocrx_word' id='word_1_326' title='bbox 551 2189 576 2216; x_wconf 94' lang='lat' dir='ltr'><strong>in</strong></span> <span class='ocrx_word' id='word_1_327' title='bbox 587 2191 742 2226; x_wconf 85' lang='lat' dir='ltr'><strong>martyrium</strong></span> <span class='ocrx_word' id='word_1_328' title='bbox 755 2199 803 2219; x_wconf 89' lang='lat' dir='ltr'><strong>seu</strong></span> <span class='ocrx_word' id='word_1_329' title='bbox 817 2191 955 2220; x_wconf 81' lang='lat' dir='ltr'><strong>ecclesiam</strong></span> 
     </span>
    </p>
   </div>
   <div class='ocr_carea' id='block_1_46' title="bbox 115 2236 957 2272">
    <p class='ocr_par' dir='ltr' id='par_1_46' title="bbox 115 2236 957 2272">
     <span class='ocr_line' id='line_1_46' title="bbox 115 2236 957 2272; baseline 0.01 -12"><span class='ocrx_word' id='word_1_330' title='bbox 115 2240 201 2267; x_wconf 56' lang='lat' dir='ltr'><strong>sancti</strong></span> <span class='ocrx_word' id='word_1_331' title='bbox 213 2240 368 2271; x_wconf 67' lang='grc' dir='ltr'><strong>Τιιοωεε,</strong></span> <span class='ocrx_word' id='word_1_332' title='bbox 391 2243 490 2263; x_wconf 82' lang='lat' dir='ltr'><strong>novem</strong></span> <span class='ocrx_word' id='word_1_333' title='bbox 501 2236 592 2271; x_wconf 83' lang='lat' dir='ltr'><strong>signis,</strong></span> <span class='ocrx_word' id='word_1_334' title='bbox 604 2237 660 2265; x_wconf 75' lang='lat' dir='ltr'><strong>sive</strong></span> <span class='ocrx_word' id='word_1_335' title='bbox 673 2237 842 2272; x_wconf 77' lang='lat' dir='ltr'><strong>milliaribtts,</strong></span> <span class='ocrx_word' id='word_1_336' title='bbox 850 2239 883 2267; x_wconf 89' lang='lat' dir='ltr'><strong>ab</strong></span> <span class='ocrx_word' id='word_1_337' title='bbox 891 2239 957 2268; x_wconf 89' lang='lat' dir='ltr'><strong>urbe</strong></span> 
     </span>
    </p>
   </div>
   <div class='ocr_carea' id='block_1_47' title="bbox 113 2284 280 2313">
    <p class='ocr_par' dir='ltr' id='par_1_47' title="bbox 113 2284 280 2313">
     <span class='ocr_line' id='line_1_47' title="bbox 113 2284 280 2313; baseline 0 -2"><span class='ocrx_word' id='word_1_338' title='bbox 113 2284 280 2313; x_wconf 72' lang='lat' dir='ltr'><strong>disnntem.</strong></span> 
     </span>
    </p>
   </div>
   <div class='ocr_carea' id='block_1_48' title="bbox 147 2328 955 2366">
    <p class='ocr_par' dir='ltr' id='par_1_48' title="bbox 147 2328 955 2366">
     <span class='ocr_line' id='line_1_48' title="bbox 147 2328 955 2366; baseline -0.002 -6"><span class='ocrx_word' id='word_1_339' title='bbox 147 2332 213 2360; x_wconf 81' lang='lat' dir='ltr'><strong>Pari</strong></span> <span class='ocrx_word' id='word_1_340' title='bbox 241 2337 359 2360; x_wconf 80' lang='lat' dir='ltr'><strong>autem</strong></span> <span class='ocrx_word' id='word_1_341' title='bbox 396 2328 538 2357; x_wconf 81' lang='lat' dir='ltr'><strong>alacritate</strong></span> <span class='ocrx_word' id='word_1_342' title='bbox 556 2329 590 2356; x_wconf 91' lang='lat' dir='ltr'><strong>ad</strong></span> <span class='ocrx_word' id='word_1_343' title='bbox 605 2337 679 2357; x_wconf 90' lang='lat' dir='ltr'><strong>oram</strong></span> <span class='ocrx_word' id='word_1_344' title='bbox 700 2330 781 2358; x_wconf 89' lang='lat' dir='ltr'><strong>maris</strong></span> <span class='ocrx_word' id='word_1_345' title='bbox 796 2336 955 2366; x_wconf 73' lang='lat' dir='ltr'><strong>pergentes;</strong></span> 
     </span>
    </p>
   </div>
   <div class='ocr_carea' id='block_1_49' title="bbox 108 2374 956 2413">
    <p class='ocr_par' dir='ltr' id='par_1_49' title="bbox 108 2374 956 2413">
     <span class='ocr_line' id='line_1_49' title="bbox 108 2374 956 2413; baseline 0.002 -11"><span class='ocrx_word' id='word_1_346' title='bbox 108 2377 210 2413; x_wconf 72' lang='lat' dir='ltr'><strong>Drypiu</strong></span> <span class='ocrx_word' id='word_1_347' title='bbox 227 2378 318 2406; x_wconf 78' lang='lat' dir='ltr'><strong>enim</strong></span> <span class='ocrx_word' id='word_1_348' title='bbox 337 2375 383 2402; x_wconf 83' lang='lat' dir='ltr'><strong>ad</strong></span> <span class='ocrx_word' id='word_1_349' title='bbox 407 2374 485 2401; x_wconf 84' lang='lat' dir='ltr'><strong>littus</strong></span> <span class='ocrx_word' id='word_1_350' title='bbox 495 2379 570 2407; x_wconf 88' lang='lat' dir='ltr'><strong>erat;</strong></span> <span class='ocrx_word' id='word_1_351' title='bbox 585 2374 686 2402; x_wconf 80' lang='lat' dir='ltr'><strong>facibus</strong></span> <span class='ocrx_word' id='word_1_352' title='bbox 697 2379 724 2402; x_wconf 85' lang='lat' dir='ltr'><strong>et</strong></span> <span class='ocrx_word' id='word_1_353' title='bbox 736 2375 900 2410; x_wconf 86' lang='lat' dir='ltr'><strong>lampadibus</strong></span> <span class='ocrx_word' id='word_1_354' title='bbox 915 2377 956 2404; x_wconf 85' lang='lat' dir='ltr'><strong>llt-</strong></span> 
     </span>
    </p>
   </div>
   <div class='ocr_carea' id='block_1_50' title="bbox 103 2421 955 2456">
    <p class='ocr_par' dir='ltr' id='par_1_50' title="bbox 103 2421 955 2456">
     <span class='ocr_line' id='line_1_50' title="bbox 103 2421 955 2456; baseline 0 -6"><span class='ocrx_word' id='word_1_355' title='bbox 103 2425 201 2452; x_wconf 83' lang='lat' dir='ltr'><strong>structi</strong></span> <span class='ocrx_word' id='word_1_356' title='bbox 218 2431 350 2455; x_wconf 83' lang='lat' dir='ltr'><strong>omnes,</strong></span> <span class='ocrx_word' id='word_1_357' title='bbox 371 2422 474 2456; x_wconf 83' lang='lat' dir='ltr'><strong>ipsum</strong></span> <span class='ocrx_word' id='word_1_358' title='bbox 488 2428 561 2448; x_wconf 89' lang='lat' dir='ltr'><strong>mare</strong></span> <span class='ocrx_word' id='word_1_359' title='bbox 577 2421 721 2456; x_wconf 87' lang='lat' dir='ltr'><strong>splendore</strong></span> <span class='ocrx_word' id='word_1_360' title='bbox 733 2422 882 2456; x_wconf 88' lang='lat' dir='ltr'><strong>replebant.</strong></span> <span class='ocrx_word' id='word_1_361' title='bbox 898 2421 955 2450; x_wconf 79' lang='lat' dir='ltr'><strong>Ne-</strong></span> 
     </span>
    </p>
   </div>
   <div class='ocr_carea' id='block_1_51' title="bbox 101 2466 957 2503">
    <p class='ocr_par' dir='ltr' id='par_1_51' title="bbox 101 2466 957 2503">
     <span class='ocr_line' id='line_1_51' title="bbox 101 2466 957 2503; baseline 0.001 -9"><span class='ocrx_word' id='word_1_362' title='bbox 101 2479 149 2503; x_wconf 74' lang='grc' dir='ltr'>ιῃιε</span> <span class='ocrx_word' id='word_1_363' title='bbox 169 2470 360 2499; x_wconf 61' lang='grc' dir='ltr'><strong>αρεπαυενπ</strong></span> <span class='ocrx_word' id='word_1_364' title='bbox 377 2489 389 2501; x_wconf 80' lang='lat'><strong>,</strong></span> <span class='ocrx_word' id='word_1_365' title='bbox 412 2466 503 2501; x_wconf 83' lang='lat' dir='ltr'><strong>inquit</strong></span> <span class='ocrx_word' id='word_1_366' title='bbox 524 2466 750 2502; x_wconf 75' lang='lat' dir='ltr'><strong>Chrysostomus,</strong></span> <span class='ocrx_word' id='word_1_367' title='bbox 771 2468 814 2502; x_wconf 85' lang='lat' dir='ltr'><strong>qui</strong></span> <span class='ocrx_word' id='word_1_368' title='bbox 827 2469 874 2495; x_wconf 87' lang='lat' dir='ltr'><strong>hoc</strong></span> <span class='ocrx_word' id='word_1_369' title='bbox 887 2477 957 2496; x_wconf 87' lang='lat' dir='ltr'><strong>mare</strong></span> 
     </span>
    </p>
   </div>
   <div class='ocr_carea' id='block_1_52' title="bbox 97 2513 956 2553">
    <p class='ocr_par' dir='ltr' id='par_1_52' title="bbox 97 2513 956 2553">
     <span class='ocr_line' id='line_1_52' title="bbox 97 2513 956 2553; baseline -0.005 -8"><span class='ocrx_word' id='word_1_370' title='bbox 97 2518 209 2551; x_wconf 65' lang='lat' dir='ltr'><strong>facium</strong></span> <span class='ocrx_word' id='word_1_371' title='bbox 225 2518 309 2553; x_wconf 78' lang='lat' dir='ltr'><strong>ignis</strong></span> <span class='ocrx_word' id='word_1_372' title='bbox 322 2513 498 2544; x_wconf 73' lang='lat' dir='ltr'><strong>vocaverit;</strong></span> <span class='ocrx_word' id='word_1_373' title='bbox 511 2513 546 2539; x_wconf 88' lang='lat' dir='ltr'><strong>ita</strong></span> <span class='ocrx_word' id='word_1_374' title='bbox 557 2521 646 2548; x_wconf 80' lang='lat' dir='ltr'><strong>nempe</strong></span> <span class='ocrx_word' id='word_1_375' title='bbox 656 2513 797 2547; x_wconf 79' lang='lat' dir='ltr'><strong>lampades,</strong></span> <span class='ocrx_word' id='word_1_376' title='bbox 813 2522 869 2549; x_wconf 70' lang='lat' dir='ltr'><strong>ante</strong></span> <span class='ocrx_word' id='word_1_377' title='bbox 881 2519 956 2542; x_wconf 80' lang='lat' dir='ltr'><strong>noctu</strong></span> 
     </span>
    </p>
   </div>
   <div class='ocr_carea' id='block_1_53' title="bbox 94 2558 956 2599">
    <p class='ocr_par' dir='ltr' id='par_1_53' title="bbox 94 2558 956 2599">
     <span class='ocr_line' id='line_1_53' title="bbox 94 2558 956 2599; baseline 0.003 -15"><span class='ocrx_word' id='word_1_378' title='bbox 94 2563 252 2599; x_wconf 63' lang='grc' dir='ltr'><strong>[ταμιεηιρε</strong></span> <span class='ocrx_word' id='word_1_379' title='bbox 280 2571 322 2590; x_wconf 71' lang='grc' dir='ltr'><strong>σε</strong></span> <span class='ocrx_word' id='word_1_380' title='bbox 340 2558 501 2588; x_wconf 69' lang='lat' dir='ltr'><strong>continua</strong></span> <span class='ocrx_word' id='word_1_381' title='bbox 524 2559 558 2584; x_wconf 88' lang='lat' dir='ltr'><strong>ad</strong></span> <span class='ocrx_word' id='word_1_382' title='bbox 572 2567 650 2593; x_wconf 83' lang='lat' dir='ltr'><strong>usque</strong></span> <span class='ocrx_word' id='word_1_383' title='bbox 665 2560 814 2594; x_wconf 83' lang='lat' dir='ltr'><strong>martyrium</strong></span> <span class='ocrx_word' id='word_1_384' title='bbox 828 2560 874 2586; x_wconf 86' lang='lat' dir='ltr'><strong>hoc</strong></span> <span class='ocrx_word' id='word_1_385' title='bbox 889 2561 956 2595; x_wconf 81' lang='lat' dir='ltr'><strong>fere-</strong></span> 
     </span>
    </p>
   </div>
   <div class='ocr_carea' id='block_1_54' title="bbox 92 2605 956 2646">
    <p class='ocr_par' dir='ltr' id='par_1_54' title="bbox 92 2605 956 2646">
     <span class='ocr_line' id='line_1_54' title="bbox 92 2605 956 2646; baseline -0.006 -8"><span class='ocrx_word' id='word_1_386' title='bbox 92 2611 200 2644; x_wconf 68' lang='lat' dir='ltr'><strong>bantur,</strong></span> <span class='ocrx_word' id='word_1_387' title='bbox 209 2611 299 2646; x_wconf 77' lang='lat' dir='ltr'><strong>ﬂuvii</strong></span> <span class='ocrx_word' id='word_1_388' title='bbox 311 2607 407 2645; x_wconf 76' lang='lat' dir='ltr'><strong>ignei</strong></span> <span class='ocrx_word' id='word_1_389' title='bbox 422 2605 566 2638; x_wconf 78' lang='lat' dir='ltr'><strong>imaginem</strong></span> <span class='ocrx_word' id='word_1_390' title='bbox 580 2605 718 2632; x_wconf 78' lang='lat' dir='ltr'><strong>videntibus</strong></span> <span class='ocrx_word' id='word_1_391' title='bbox 731 2605 888 2632; x_wconf 68' lang='lat' dir='ltr'><strong>exhibebant.</strong></span> <span class='ocrx_word' id='word_1_392' title='bbox 903 2606 956 2633; x_wconf 85' lang='lat' dir='ltr'><strong>Eu-</strong></span> 
     </span>
    </p>
   </div>
   <div class='ocr_carea' id='block_1_55' title="bbox 90 2650 956 2685">
    <p class='ocr_par' dir='ltr' id='par_1_55' title="bbox 90 2650 956 2685">
     <span class='ocr_line' id='line_1_55' title="bbox 90 2650 956 2685; baseline 0.006 -11"><span class='ocrx_word' id='word_1_393' title='bbox 90 2656 173 2685; x_wconf 48' lang='lat' dir='ltr'><strong>doxi;</strong></span> <span class='ocrx_word' id='word_1_394' title='bbox 190 2665 268 2685; x_wconf 53' lang='lat' dir='ltr'><strong>vero</strong></span> <span class='ocrx_word' id='word_1_395' title='bbox 283 2662 365 2684; x_wconf 75' lang='lat' dir='ltr'><strong>cum</strong></span> <span class='ocrx_word' id='word_1_396' title='bbox 387 2652 512 2678; x_wconf 83' lang='lat' dir='ltr'><strong>honore</strong></span> <span class='ocrx_word' id='word_1_397' title='bbox 526 2658 623 2684; x_wconf 79' lang='lat' dir='ltr'><strong>magno</strong></span> <span class='ocrx_word' id='word_1_398' title='bbox 638 2670 646 2682; x_wconf 96' lang='lat'><strong>,</strong></span> <span class='ocrx_word' id='word_1_399' title='bbox 661 2650 748 2677; x_wconf 86' lang='lat' dir='ltr'><strong>studio</strong></span> <span class='ocrx_word' id='word_1_400' title='bbox 766 2655 846 2685; x_wconf 81' lang='lat' dir='ltr'><strong>atque</strong></span> <span class='ocrx_word' id='word_1_401' title='bbox 858 2652 956 2685; x_wconf 86' lang='lat' dir='ltr'><strong>pietate</strong></span> 
     </span>
    </p>
   </div>
   <div class='ocr_carea' id='block_1_56' title="bbox 88 2695 956 2739">
    <p class='ocr_par' dir='ltr' id='par_1_56' title="bbox 88 2695 956 2739">
     <span class='ocr_line' id='line_1_56' title="bbox 88 2695 956 2739; baseline -0.005 -10"><span class='ocrx_word' id='word_1_402' title='bbox 88 2709 231 2739; x_wconf 80' lang='lat' dir='ltr'><strong>martyres</strong></span> <span class='ocrx_word' id='word_1_403' title='bbox 249 2700 420 2730; x_wconf 73' lang='lat' dir='ltr'><strong>comitata</strong></span> <span class='ocrx_word' id='word_1_404' title='bbox 441 2699 503 2727; x_wconf 73' lang='grc' dir='ltr'><strong>εει.</strong></span> <span class='ocrx_word' id='word_1_405' title='bbox 520 2695 588 2729; x_wconf 87' lang='lat' dir='ltr'><strong>plebi</strong></span> <span class='ocrx_word' id='word_1_406' title='bbox 604 2696 766 2729; x_wconf 79' lang='lat' dir='ltr'><strong>intermixta,</strong></span> <span class='ocrx_word' id='word_1_407' title='bbox 779 2705 838 2724; x_wconf 91' lang='lat' dir='ltr'><strong>cum</strong></span> <span class='ocrx_word' id='word_1_408' title='bbox 852 2698 956 2725; x_wconf 82' lang='lat' dir='ltr'><strong>s-telli-</strong></span> 
     </span>
    </p>
   </div>
   <div class='ocr_carea' id='block_1_57' title="bbox 86 2742 955 2778">
    <p class='ocr_par' dir='ltr' id='par_1_57' title="bbox 86 2742 955 2778">
     <span class='ocr_line' id='line_1_57' title="bbox 86 2742 955 2778; baseline -0.003 -4"><span class='ocrx_word' id='word_1_409' title='bbox 86 2749 153 2777; x_wconf 78' lang='lat' dir='ltr'><strong>tim&quot;</strong></span> <span class='ocrx_word' id='word_1_410' title='bbox 170 2758 268 2778; x_wconf 71' lang='grc' dir='ltr'>ωηιιιε</span> <span class='ocrx_word' id='word_1_411' title='bbox 284 2744 502 2775; x_wconf 73' lang='lat' dir='ltr'><strong>amovisset.</strong></span> <span class='ocrx_word' id='word_1_412' title='bbox 513 2746 538 2768; x_wconf 89' lang='lat' dir='ltr'><strong>et</strong></span> <span class='ocrx_word' id='word_1_413' title='bbox 559 2742 628 2770; x_wconf 84' lang='lat' dir='ltr'><strong>ferre</strong></span> <span class='ocrx_word' id='word_1_414' title='bbox 642 2750 749 2770; x_wconf 90' lang='lat' dir='ltr'><strong>omnem</strong></span> <span class='ocrx_word' id='word_1_415' title='bbox 763 2743 823 2770; x_wconf 80' lang='lat' dir='ltr'><strong>vita:</strong></span> <span class='ocrx_word' id='word_1_416' title='bbox 845 2748 872 2770; x_wconf 89' lang='lat' dir='ltr'><strong>et</strong></span> <span class='ocrx_word' id='word_1_417' title='bbox 890 2751 955 2771; x_wconf 89' lang='lat' dir='ltr'><strong>eon-</strong></span> 
     </span>
    </p>
   </div>
   <div class='ocr_carea' id='block_1_58' title="bbox 83 2786 954 2828">
    <p class='ocr_par' dir='ltr' id='par_1_58' title="bbox 83 2786 954 2828">
     <span class='ocr_line' id='line_1_58' title="bbox 83 2786 954 2828; baseline 0.006 -17"><span class='ocrx_word' id='word_1_418' title='bbox 83 2794 199 2824; x_wconf 65' lang='grc' dir='ltr'><strong>άίηηηίδ</strong></span> <span class='ocrx_word' id='word_1_419' title='bbox 217 2791 504 2828; x_wconf 61' lang='grc' dir='ltr'><strong>ίυπξηιιειίιςιιείη</strong></span> <span class='ocrx_word' id='word_1_420' title='bbox 515 2786 663 2821; x_wconf 82' lang='lat' dir='ltr'><strong>abjecissct.</strong></span> <span class='ocrx_word' id='word_1_421' title='bbox 690 2788 754 2822; x_wconf 88' lang='lat' dir='ltr'><strong>Ejus</strong></span> <span class='ocrx_word' id='word_1_422' title='bbox 773 2788 954 2817; x_wconf 76' lang='lat' dir='ltr'><strong>assiduitatem</strong></span> 
     </span>
    </p>
   </div>
   <div class='ocr_carea' id='block_1_59' title="bbox 82 2833 954 2868">
    <p class='ocr_par' dir='ltr' id='par_1_59' title="bbox 82 2833 954 2868">
     <span class='ocr_line' id='line_1_59' title="bbox 82 2833 954 2868; baseline 0.007 -11"><span class='ocrx_word' id='word_1_423' title='bbox 82 2841 267 2868; x_wconf 57' lang='grc' dir='ltr'><strong>ηιίηιηηιηι-</strong></span> <span class='ocrx_word' id='word_1_424' title='bbox 283 2844 319 2867; x_wconf 67' lang='grc' dir='ltr'>ει</span> <span class='ocrx_word' id='word_1_425' title='bbox 339 2834 521 2864; x_wconf 64' lang='grc' dir='ltr'><strong>ἀει-ῖιεεει</strong></span> <span class='ocrx_word' id='word_1_426' title='bbox 532 2839 669 2867; x_wconf 79' lang='lat' dir='ltr'><strong>pauperes,</strong></span> <span class='ocrx_word' id='word_1_427' title='bbox 681 2833 879 2863; x_wconf 82' lang='lat' dir='ltr'><strong>ridentesiltam</strong></span> <span class='ocrx_word' id='word_1_428' title='bbox 895 2836 954 2864; x_wconf 86' lang='lat' dir='ltr'><strong>sine</strong></span> 
     </span>
    </p>
   </div>
   <div class='ocr_carea' id='block_1_60' title="bbox 82 2878 951 2921">
    <p class='ocr_par' dir='ltr' id='par_1_60' title="bbox 82 2878 951 2921">
     <span class='ocr_line' id='line_1_60' title="bbox 82 2878 951 2921; baseline 0.007 -17"><span class='ocrx_word' id='word_1_429' title='bbox 82 2886 306 2918; x_wconf 56' lang='lat' dir='ltr'><strong>imcmissione</strong></span> <span class='ocrx_word' id='word_1_430' title='bbox 327 2890 391 2921; x_wconf 69' lang='grc' dir='ltr'><strong>νει·</strong></span> <span class='ocrx_word' id='word_1_431' title='bbox 416 2886 479 2909; x_wconf 77' lang='lat' dir='ltr'><strong>tau</strong></span> <span class='ocrx_word' id='word_1_432' title='bbox 488 2882 548 2904; x_wconf 90' lang='lat' dir='ltr'><strong>tum</strong></span> <span class='ocrx_word' id='word_1_433' title='bbox 560 2878 606 2906; x_wconf 68' lang='lat' dir='ltr'><strong>vim</strong></span> <span class='ocrx_word' id='word_1_434' title='bbox 619 2881 731 2915; x_wconf 87' lang='lat' dir='ltr'><strong>spatium</strong></span> <span class='ocrx_word' id='word_1_435' title='bbox 745 2881 851 2910; x_wconf 83' lang='lat' dir='ltr'><strong>ossibus</strong></span> <span class='ocrx_word' id='word_1_436' title='bbox 866 2882 951 2910; x_wconf 72' lang='lat' dir='ltr'><strong>inhae-</strong></span> 
     </span>
    </p>
   </div>
   <div class='ocr_carea' id='block_1_61' title="bbox 753 151 1213 184">
    <p class='ocr_par' dir='ltr' id='par_1_61' title="bbox 753 151 1213 184">
     <span class='ocr_line' id='line_1_61' title="bbox 753 151 1213 184; baseline 0.009 -4"><span class='ocrx_word' id='word_1_437' title='bbox 753 152 843 182; x_wconf 82' lang='lat' dir='ltr'><strong>NUNC</strong></span> <span class='ocrx_word' id='word_1_438' title='bbox 863 151 995 182; x_wconf 76' lang='lat' dir='ltr'><strong>PRIMUM</strong></span> <span class='ocrx_word' id='word_1_439' title='bbox 1013 152 1213 184; x_wconf 69' lang='lat' dir='ltr'><strong>ADORNATA.</strong></span> 
     </span>
    </p>
   </div>
   <div class='ocr_carea' id='block_1_62' title="bbox 1756 161 1807 189">
    <p class='ocr_par' dir='ltr' id='par_1_62' title="bbox 1756 161 1807 189">
     <span class='ocr_line' id='line_1_62' title="bbox 1756 161 1807 189; baseline 0 0"><span class='ocrx_word' id='word_1_440' title='bbox 1756 161 1807 189; x_wconf 74' lang='grc'><strong>170</strong></span> 
     </span>
    </p>
   </div>
   <div class='ocr_carea' id='block_1_63' title="bbox 1016 213 1805 252">
    <p class='ocr_par' dir='ltr' id='par_1_63' title="bbox 1016 213 1805 252">
     <span class='ocr_line' id='line_1_63' title="bbox 1016 213 1805 252; baseline 0.011 -14"><span class='ocrx_word' id='word_1_441' title='bbox 1016 216 1118 239; x_wconf 88' lang='lat' dir='ltr'><strong>rentem</strong></span> <span class='ocrx_word' id='word_1_442' title='bbox 1130 232 1138 245; x_wconf 88' lang='lat'><strong>,</strong></span> <span class='ocrx_word' id='word_1_443' title='bbox 1152 219 1202 240; x_wconf 89' lang='lat' dir='ltr'><strong>nec</strong></span> <span class='ocrx_word' id='word_1_444' title='bbox 1217 219 1341 248; x_wconf 84' lang='lat' dir='ltr'><strong>umquam</strong></span> <span class='ocrx_word' id='word_1_445' title='bbox 1356 213 1489 242; x_wconf 86' lang='lat' dir='ltr'><strong>defessam</strong></span> <span class='ocrx_word' id='word_1_446' title='bbox 1505 215 1547 244; x_wconf 83' lang='lat' dir='ltr'><strong>vel</strong></span> <span class='ocrx_word' id='word_1_447' title='bbox 1569 216 1743 252; x_wconf 84' lang='lat' dir='ltr'><strong>resilientem,</strong></span> <span class='ocrx_word' id='word_1_448' title='bbox 1759 220 1805 247; x_wconf 82' lang='lat' dir='ltr'><strong>sed</strong></span> 
     </span>
    </p>
   </div>
   <div class='ocr_carea' id='block_1_64' title="bbox 1015 259 1384 294">
    <p class='ocr_par' dir='ltr' id='par_1_64' title="bbox 1015 259 1384 294">
     <span class='ocr_line' id='line_1_64' title="bbox 1015 259 1384 294; baseline 0.011 -10"><span class='ocrx_word' id='word_1_449' title='bbox 1015 264 1084 285; x_wconf 66' lang='lat' dir='ltr'><strong>arca:</strong></span> <span class='ocrx_word' id='word_1_450' title='bbox 1105 266 1212 294; x_wconf 90' lang='lat' dir='ltr'><strong>semper</strong></span> <span class='ocrx_word' id='word_1_451' title='bbox 1223 259 1384 288; x_wconf 82' lang='lat' dir='ltr'><strong>adstantem.</strong></span> 
     </span>
    </p>
   </div>
   <div class='ocr_carea' id='block_1_65' title="bbox 1050 303 1807 344">
    <p class='ocr_par' dir='ltr' id='par_1_65' title="bbox 1050 303 1807 344">
     <span class='ocr_line' id='line_1_65' title="bbox 1050 303 1807 344; baseline 0.012 -14"><span class='ocrx_word' id='word_1_452' title='bbox 1050 303 1141 339; x_wconf 79' lang='lat' dir='ltr'><strong>Populi</strong></span> <span class='ocrx_word' id='word_1_453' title='bbox 1156 312 1220 332; x_wconf 83' lang='lat' dir='ltr'><strong>vero</strong></span> <span class='ocrx_word' id='word_1_454' title='bbox 1242 313 1387 334; x_wconf 85' lang='lat' dir='ltr'><strong>concursus</strong></span> <span class='ocrx_word' id='word_1_455' title='bbox 1402 312 1490 335; x_wconf 89' lang='lat' dir='ltr'><strong>tantus</strong></span> <span class='ocrx_word' id='word_1_456' title='bbox 1506 308 1555 335; x_wconf 86' lang='lat' dir='ltr'><strong>fult</strong></span> <span class='ocrx_word' id='word_1_457' title='bbox 1576 317 1683 344; x_wconf 84' lang='lat' dir='ltr'><strong>semper</strong></span> <span class='ocrx_word' id='word_1_458' title='bbox 1694 311 1728 338; x_wconf 89' lang='lat' dir='ltr'><strong>ab</strong></span> <span class='ocrx_word' id='word_1_459' title='bbox 1742 312 1807 340; x_wconf 84' lang='lat' dir='ltr'><strong>urbe</strong></span> 
     </span>
    </p>
   </div>
   <div class='ocr_carea' id='block_1_66' title="bbox 1013 349 1806 387">
    <p class='ocr_par' dir='ltr' id='par_1_66' title="bbox 1013 349 1806 387">
     <span class='ocr_line' id='line_1_66' title="bbox 1013 349 1806 387; baseline 0.01 -11"><span class='ocrx_word' id='word_1_460' title='bbox 1013 349 1046 377; x_wconf 91' lang='lat' dir='ltr'><strong>ad</strong></span> <span class='ocrx_word' id='word_1_461' title='bbox 1070 351 1192 386; x_wconf 84' lang='lat' dir='ltr'><strong>Drypiam</strong></span> <span class='ocrx_word' id='word_1_462' title='bbox 1216 360 1301 387; x_wconf 88' lang='lat' dir='ltr'><strong>usque</strong></span> <span class='ocrx_word' id='word_1_463' title='bbox 1316 373 1323 386; x_wconf 89' lang='lat'><strong>,</strong></span> <span class='ocrx_word' id='word_1_464' title='bbox 1337 357 1367 380; x_wconf 87' lang='lat' dir='ltr'><strong>ut</strong></span> <span class='ocrx_word' id='word_1_465' title='bbox 1379 360 1439 380; x_wconf 92' lang='lat' dir='ltr'><strong>cum</strong></span> <span class='ocrx_word' id='word_1_466' title='bbox 1460 354 1575 381; x_wconf 87' lang='lat' dir='ltr'><strong>fluminis</strong></span> <span class='ocrx_word' id='word_1_467' title='bbox 1600 355 1677 383; x_wconf 89' lang='lat' dir='ltr'><strong>undis</strong></span> <span class='ocrx_word' id='word_1_468' title='bbox 1699 357 1806 384; x_wconf 78' lang='lat' dir='ltr'><strong>assidue</strong></span> 
     </span>
    </p>
   </div>
   <div class='ocr_carea' id='block_1_67' title="bbox 1013 396 1805 435">
    <p class='ocr_par' dir='ltr' id='par_1_67' title="bbox 1013 396 1805 435">
     <span class='ocr_line' id='line_1_67' title="bbox 1013 396 1805 435; baseline 0.01 -13"><span class='ocrx_word' id='word_1_469' title='bbox 1013 396 1181 423; x_wconf 86' lang='lat' dir='ltr'><strong>manantibus</strong></span> <span class='ocrx_word' id='word_1_470' title='bbox 1197 398 1282 432; x_wconf 91' lang='lat' dir='ltr'><strong>ipsum</strong></span> <span class='ocrx_word' id='word_1_471' title='bbox 1293 403 1432 433; x_wconf 87' lang='lat' dir='ltr'><strong>comparet</strong></span> <span class='ocrx_word' id='word_1_472' title='bbox 1447 398 1663 435; x_wconf 88' lang='lat' dir='ltr'><strong>Chrysostomus.</strong></span> <span class='ocrx_word' id='word_1_473' title='bbox 1683 401 1739 429; x_wconf 89' lang='lat' dir='ltr'><strong>Etsi</strong></span> <span class='ocrx_word' id='word_1_474' title='bbox 1755 410 1805 429; x_wconf 90' lang='lat' dir='ltr'><strong>au-</strong></span> 
     </span>
    </p>
   </div>
   <div class='ocr_carea' id='block_1_68' title="bbox 1013 443 1804 482">
    <p class='ocr_par' dir='ltr' id='par_1_68' title="bbox 1013 443 1804 482">
     <span class='ocr_line' id='line_1_68' title="bbox 1013 443 1804 482; baseline 0.009 -13"><span class='ocrx_word' id='word_1_475' title='bbox 1013 447 1066 470; x_wconf 86' lang='lat' dir='ltr'><strong>tem</strong></span> <span class='ocrx_word' id='word_1_476' title='bbox 1083 443 1170 470; x_wconf 82' lang='lat' dir='ltr'><strong>media</strong></span> <span class='ocrx_word' id='word_1_477' title='bbox 1186 449 1264 471; x_wconf 89' lang='lat' dir='ltr'><strong>nocte</strong></span> <span class='ocrx_word' id='word_1_478' title='bbox 1286 444 1415 479; x_wconf 75' lang='lat' dir='ltr'><strong>Reliquize</strong></span> <span class='ocrx_word' id='word_1_479' title='bbox 1429 453 1489 472; x_wconf 92' lang='lat' dir='ltr'><strong>cum</strong></span> <span class='ocrx_word' id='word_1_480' title='bbox 1512 451 1582 474; x_wconf 58' lang='lat' dir='ltr'><strong>coetu</strong></span> <span class='ocrx_word' id='word_1_481' title='bbox 1606 451 1662 474; x_wconf 88' lang='lat' dir='ltr'><strong>toto</strong></span> <span class='ocrx_word' id='word_1_482' title='bbox 1678 448 1804 482; x_wconf 71' lang='lat' dir='ltr'><strong>proiecta:</strong></span> 
     </span>
    </p>
   </div>
   <div class='ocr_carea' id='block_1_69' title="bbox 1013 487 1803 528">
    <p class='ocr_par' dir='ltr' id='par_1_69' title="bbox 1013 487 1803 528">
     <span class='ocr_line' id='line_1_69' title="bbox 1013 487 1803 528; baseline 0.006 -13"><span class='ocrx_word' id='word_1_483' title='bbox 1013 487 1134 521; x_wconf 82' lang='lat' dir='ltr'><strong>fuerant,</strong></span> <span class='ocrx_word' id='word_1_484' title='bbox 1150 489 1257 516; x_wconf 88' lang='lat' dir='ltr'><strong>nonnisi</strong></span> <span class='ocrx_word' id='word_1_485' title='bbox 1284 487 1458 517; x_wconf 85' lang='lat' dir='ltr'><strong>illucescente</strong></span> <span class='ocrx_word' id='word_1_486' title='bbox 1483 490 1527 518; x_wconf 91' lang='lat' dir='ltr'><strong>die</strong></span> <span class='ocrx_word' id='word_1_487' title='bbox 1549 492 1582 518; x_wconf 90' lang='lat' dir='ltr'><strong>ad</strong></span> <span class='ocrx_word' id='word_1_488' title='bbox 1599 492 1722 528; x_wconf 84' lang='lat' dir='ltr'><strong>Drypiam</strong></span> <span class='ocrx_word' id='word_1_489' title='bbox 1746 501 1803 528; x_wconf 84' lang='lat' dir='ltr'><strong>per-</strong></span> 
     </span>
    </p>
   </div>
   <div class='ocr_carea' id='block_1_70' title="bbox 1014 535 1804 574">
    <p class='ocr_par' dir='ltr' id='par_1_70' title="bbox 1014 535 1804 574">
     <span class='ocr_line' id='line_1_70' title="bbox 1014 535 1804 574; baseline 0.008 -14"><span class='ocrx_word' id='word_1_490' title='bbox 1014 539 1121 561; x_wconf 72' lang='lat' dir='ltr'><strong>rentum</strong></span> <span class='ocrx_word' id='word_1_491' title='bbox 1136 538 1197 567; x_wconf 88' lang='lat' dir='ltr'><strong>est;</strong></span> <span class='ocrx_word' id='word_1_492' title='bbox 1213 539 1267 562; x_wconf 87' lang='lat' dir='ltr'><strong>tum</strong></span> <span class='ocrx_word' id='word_1_493' title='bbox 1282 535 1342 569; x_wconf 86' lang='lat' dir='ltr'><strong>quia</strong></span> <span class='ocrx_word' id='word_1_494' title='bbox 1356 535 1460 563; x_wconf 82' lang='lat' dir='ltr'><strong>nonnisi</strong></span> <span class='ocrx_word' id='word_1_495' title='bbox 1482 536 1629 565; x_wconf 77' lang='lat' dir='ltr'><strong>lentissimo</strong></span> <span class='ocrx_word' id='word_1_496' title='bbox 1643 538 1724 573; x_wconf 74' lang='lat' dir='ltr'><strong>gradu</strong></span> <span class='ocrx_word' id='word_1_497' title='bbox 1741 547 1804 574; x_wconf 86' lang='lat' dir='ltr'><strong>pcr-</strong></span> 
     </span>
    </p>
   </div>
   <div class='ocr_carea' id='block_1_71' title="bbox 1012 580 1803 618">
    <p class='ocr_par' dir='ltr' id='par_1_71' title="bbox 1012 580 1803 618">
     <span class='ocr_line' id='line_1_71' title="bbox 1012 580 1803 618; baseline 0.006 -12"><span class='ocrx_word' id='word_1_498' title='bbox 1012 587 1075 614; x_wconf 69' lang='lat' dir='ltr'><strong>gere</strong></span> <span class='ocrx_word' id='word_1_499' title='bbox 1089 585 1211 614; x_wconf 70' lang='lat' dir='ltr'><strong>poti-rant</strong></span> <span class='ocrx_word' id='word_1_500' title='bbox 1224 580 1268 615; x_wconf 88' lang='lat' dir='ltr'><strong>qui</strong></span> <span class='ocrx_word' id='word_1_501' title='bbox 1284 581 1387 608; x_wconf 81' lang='lat' dir='ltr'><strong>thecam</strong></span> <span class='ocrx_word' id='word_1_502' title='bbox 1399 585 1426 609; x_wconf 89' lang='lat' dir='ltr'><strong>et</strong></span> <span class='ocrx_word' id='word_1_503' title='bbox 1446 581 1580 617; x_wconf 81' lang='lat' dir='ltr'><strong>Reliquias</strong></span> <span class='ocrx_word' id='word_1_504' title='bbox 1589 584 1736 618; x_wconf 75' lang='lat' dir='ltr'><strong>gestabant,</strong></span> <span class='ocrx_word' id='word_1_505' title='bbox 1749 590 1803 613; x_wconf 89' lang='lat' dir='ltr'><strong>tum</strong></span> 
     </span>
    </p>
   </div>
   <div class='ocr_carea' id='block_1_72' title="bbox 1013 625 1805 665">
    <p class='ocr_par' dir='ltr' id='par_1_72' title="bbox 1013 625 1805 665">
     <span class='ocr_line' id='line_1_72' title="bbox 1013 625 1805 665; baseline 0.008 -15"><span class='ocrx_word' id='word_1_506' title='bbox 1013 625 1074 660; x_wconf 88' lang='lat' dir='ltr'><strong>quia</strong></span> <span class='ocrx_word' id='word_1_507' title='bbox 1088 625 1232 653; x_wconf 88' lang='lat' dir='ltr'><strong>identidem</strong></span> <span class='ocrx_word' id='word_1_508' title='bbox 1246 626 1357 661; x_wconf 81' lang='lat' dir='ltr'><strong>gradum</strong></span> <span class='ocrx_word' id='word_1_509' title='bbox 1372 627 1467 654; x_wconf 85' lang='lat' dir='ltr'><strong>sistere</strong></span> <span class='ocrx_word' id='word_1_510' title='bbox 1481 633 1606 656; x_wconf 91' lang='lat' dir='ltr'><strong>oneratos</strong></span> <span class='ocrx_word' id='word_1_511' title='bbox 1620 637 1653 657; x_wconf 85' lang='lat' dir='ltr'><strong>ac</strong></span> <span class='ocrx_word' id='word_1_512' title='bbox 1665 630 1805 665; x_wconf 78' lang='lat' dir='ltr'><strong>quiescere</strong></span> 
     </span>
    </p>
   </div>
   <div class='ocr_carea' id='block_1_73' title="bbox 1012 676 1161 705">
    <p class='ocr_par' dir='ltr' id='par_1_73' title="bbox 1012 676 1161 705">
     <span class='ocr_line' id='line_1_73' title="bbox 1012 676 1161 705; baseline 0.013 -8"><span class='ocrx_word' id='word_1_513' title='bbox 1012 678 1080 705; x_wconf 83' lang='lat' dir='ltr'><strong>opus</strong></span> <span class='ocrx_word' id='word_1_514' title='bbox 1092 676 1161 698; x_wconf 81' lang='lat' dir='ltr'><strong>erat.</strong></span> 
     </span>
    </p>
   </div>
   <div class='ocr_carea' id='block_1_74' title="bbox 1048 715 1801 758">
    <p class='ocr_par' dir='ltr' id='par_1_74' title="bbox 1048 715 1801 758">
     <span class='ocr_line' id='line_1_74' title="bbox 1048 715 1801 758; baseline 0.012 -15"><span class='ocrx_word' id='word_1_515' title='bbox 1048 715 1112 744; x_wconf 83' lang='lat' dir='ltr'><strong>Post</strong></span> <span class='ocrx_word' id='word_1_516' title='bbox 1123 717 1264 745; x_wconf 76' lang='lat' dir='ltr'><strong>adventum</strong></span> <span class='ocrx_word' id='word_1_517' title='bbox 1276 725 1307 746; x_wconf 84' lang='lat' dir='ltr'><strong>ac</strong></span> <span class='ocrx_word' id='word_1_518' title='bbox 1318 719 1512 754; x_wconf 87' lang='lat' dir='ltr'><strong>depositioucm</strong></span> <span class='ocrx_word' id='word_1_519' title='bbox 1527 721 1706 758; x_wconf 83' lang='lat' dir='ltr'><strong>Reliquiarnm</strong></span> <span class='ocrx_word' id='word_1_520' title='bbox 1722 724 1748 751; x_wconf 91' lang='lat' dir='ltr'><strong>in</strong></span> <span class='ocrx_word' id='word_1_521' title='bbox 1760 732 1801 752; x_wconf 71' lang='grc' dir='ltr'><strong>ες·</strong></span> 
     </span>
    </p>
   </div>
   <div class='ocr_carea' id='block_1_75' title="bbox 1012 760 1798 804">
    <p class='ocr_par' dir='ltr' id='par_1_75' title="bbox 1012 760 1798 804">
     <span class='ocr_line' id='line_1_75' title="bbox 1012 760 1798 804; baseline 0.009 -16"><span class='ocrx_word' id='word_1_522' title='bbox 1012 760 1093 789; x_wconf 84' lang='lat' dir='ltr'><strong>clesia</strong></span> <span class='ocrx_word' id='word_1_523' title='bbox 1104 760 1313 791; x_wconf 75' lang='lat' dir='ltr'><strong>SanctiThomze</strong></span> <span class='ocrx_word' id='word_1_524' title='bbox 1327 765 1352 792; x_wconf 94' lang='lat' dir='ltr'><strong>in</strong></span> <span class='ocrx_word' id='word_1_525' title='bbox 1366 765 1475 802; x_wconf 84' lang='lat' dir='ltr'><strong>Drypia,</strong></span> <span class='ocrx_word' id='word_1_526' title='bbox 1490 768 1646 796; x_wconf 82' lang='lat' dir='ltr'><strong>concionem</strong></span> <span class='ocrx_word' id='word_1_527' title='bbox 1661 773 1798 804; x_wconf 84' lang='lat' dir='ltr'><strong>extempo-</strong></span> 
     </span>
    </p>
   </div>
   <div class='ocr_carea' id='block_1_76' title="bbox 1012 807 1803 849">
    <p class='ocr_par' dir='ltr' id='par_1_76' title="bbox 1012 807 1803 849">
     <span class='ocr_line' id='line_1_76' title="bbox 1012 807 1803 849; baseline 0.013 -16"><span class='ocrx_word' id='word_1_528' title='bbox 1012 807 1094 835; x_wconf 91' lang='lat' dir='ltr'><strong>ralem</strong></span> <span class='ocrx_word' id='word_1_529' title='bbox 1109 807 1201 836; x_wconf 88' lang='lat' dir='ltr'><strong>hahuit</strong></span> <span class='ocrx_word' id='word_1_530' title='bbox 1212 809 1419 846; x_wconf 82' lang='lat' dir='ltr'><strong>Chrysostomus</strong></span> <span class='ocrx_word' id='word_1_531' title='bbox 1432 813 1527 848; x_wconf 83' lang='lat' dir='ltr'><strong>gaudio</strong></span> <span class='ocrx_word' id='word_1_532' title='bbox 1541 814 1662 849; x_wconf 86' lang='lat' dir='ltr'><strong>perfusus</strong></span> <span class='ocrx_word' id='word_1_533' title='bbox 1671 821 1697 842; x_wconf 88' lang='lat' dir='ltr'><strong>et</strong></span> <span class='ocrx_word' id='word_1_534' title='bbox 1707 824 1738 843; x_wconf 77' lang='lat' dir='ltr'><strong>ex</strong></span> <span class='ocrx_word' id='word_1_535' title='bbox 1754 817 1803 843; x_wconf 88' lang='lat' dir='ltr'><strong>Im-</strong></span> 
     </span>
    </p>
   </div>
   <div class='ocr_carea' id='block_1_77' title="bbox 1009 853 1805 894">
    <p class='ocr_par' dir='ltr' id='par_1_77' title="bbox 1009 853 1805 894">
     <span class='ocr_line' id='line_1_77' title="bbox 1009 853 1805 894; baseline 0.015 -15"><span class='ocrx_word' id='word_1_536' title='bbox 1009 853 1126 888; x_wconf 84' lang='lat' dir='ltr'><strong>jnsmodi</strong></span> <span class='ocrx_word' id='word_1_537' title='bbox 1139 857 1292 890; x_wconf 85' lang='lat' dir='ltr'><strong>spectaculo</strong></span> <span class='ocrx_word' id='word_1_538' title='bbox 1307 859 1443 886; x_wconf 87' lang='lat' dir='ltr'><strong>attonitus.</strong></span> <span class='ocrx_word' id='word_1_539' title='bbox 1464 860 1593 894; x_wconf 89' lang='lat' dir='ltr'><strong>Quoniam</strong></span> <span class='ocrx_word' id='word_1_540' title='bbox 1610 869 1673 889; x_wconf 86' lang='lat' dir='ltr'><strong>vero</strong></span> <span class='ocrx_word' id='word_1_541' title='bbox 1686 862 1729 890; x_wconf 86' lang='lat' dir='ltr'><strong>hic</strong></span> <span class='ocrx_word' id='word_1_542' title='bbox 1742 871 1805 891; x_wconf 82' lang='lat' dir='ltr'><strong>eon-</strong></span> 
     </span>
    </p>
   </div>
   <div class='ocr_carea' id='block_1_78' title="bbox 1011 899 1803 943">
    <p class='ocr_par' dir='ltr' id='par_1_78' title="bbox 1011 899 1803 943">
     <span class='ocr_line' id='line_1_78' title="bbox 1011 899 1803 943; baseline 0.013 -17"><span class='ocrx_word' id='word_1_543' title='bbox 1011 899 1134 927; x_wconf 89' lang='lat' dir='ltr'><strong>cionandi</strong></span> <span class='ocrx_word' id='word_1_544' title='bbox 1158 902 1252 929; x_wconf 89' lang='lat' dir='ltr'><strong>tnodus</strong></span> <span class='ocrx_word' id='word_1_545' title='bbox 1280 902 1358 938; x_wconf 78' lang='lat' dir='ltr'><strong>longe</strong></span> <span class='ocrx_word' id='word_1_546' title='bbox 1370 904 1505 940; x_wconf 87' lang='lat' dir='ltr'><strong>discrepat</strong></span> <span class='ocrx_word' id='word_1_547' title='bbox 1525 913 1540 932; x_wconf 89' lang='lat' dir='ltr'><strong>a</strong></span> <span class='ocrx_word' id='word_1_548' title='bbox 1560 908 1803 943; x_wconf 83' lang='lat' dir='ltr'><strong>eeterisomnihus,</strong></span> 
     </span>
    </p>
   </div>
   <div class='ocr_carea' id='block_1_79' title="bbox 1009 945 1803 988">
    <p class='ocr_par' dir='ltr' id='par_1_79' title="bbox 1009 945 1803 988">
     <span class='ocr_line' id='line_1_79' title="bbox 1009 945 1803 988; baseline 0.015 -18"><span class='ocrx_word' id='word_1_549' title='bbox 1009 952 1077 980; x_wconf 88' lang='lat' dir='ltr'><strong>quos</strong></span> <span class='ocrx_word' id='word_1_550' title='bbox 1088 945 1216 974; x_wconf 82' lang='lat' dir='ltr'><strong>hactenus</strong></span> <span class='ocrx_word' id='word_1_551' title='bbox 1232 948 1356 981; x_wconf 85' lang='lat' dir='ltr'><strong>vidimus.</strong></span> <span class='ocrx_word' id='word_1_552' title='bbox 1372 949 1450 985; x_wconf 88' lang='lat' dir='ltr'><strong>hujus</strong></span> <span class='ocrx_word' id='word_1_553' title='bbox 1459 951 1597 979; x_wconf 79' lang='lat' dir='ltr'><strong>exordium</strong></span> <span class='ocrx_word' id='word_1_554' title='bbox 1615 952 1658 980; x_wconf 86' lang='lat' dir='ltr'><strong>hic</strong></span> <span class='ocrx_word' id='word_1_555' title='bbox 1669 962 1803 988; x_wconf 69' lang='lat' dir='ltr'><strong>apponi-re</strong></span> 
     </span>
    </p>
   </div>
   <div class='ocr_carea' id='block_1_80' title="bbox 1012 991 1802 1032">
    <p class='ocr_par' dir='ltr' id='par_1_80' title="bbox 1012 991 1802 1032">
     <span class='ocr_line' id='line_1_80' title="bbox 1012 991 1802 1032; baseline 0.013 -15"><span class='ocrx_word' id='word_1_556' title='bbox 1012 991 1098 1018; x_wconf 73' lang='lat' dir='ltr'><strong>\‘isum</strong></span> <span class='ocrx_word' id='word_1_557' title='bbox 1113 997 1155 1019; x_wconf 79' lang='lat' dir='ltr'><strong>est</strong></span> <span class='ocrx_word' id='word_1_558' title='bbox 1169 1000 1176 1019; x_wconf 91' lang='lat'><strong>:</strong></span> <span class='ocrx_word' id='word_1_559' title='bbox 1194 992 1263 1025; x_wconf 83' lang='lat' dir='ltr'><strong>Quid</strong></span> <span class='ocrx_word' id='word_1_560' title='bbox 1277 994 1360 1021; x_wconf 87' lang='lat' dir='ltr'><strong>dicam</strong></span> <span class='ocrx_word' id='word_1_561' title='bbox 1375 1000 1397 1022; x_wconf 83' lang='lat' dir='ltr'><strong>et</strong></span> <span class='ocrx_word' id='word_1_562' title='bbox 1410 997 1471 1032; x_wconf 85' lang='lat' dir='ltr'><strong>quid</strong></span> <span class='ocrx_word' id='word_1_563' title='bbox 1483 997 1573 1029; x_wconf 84' lang='lat' dir='ltr'><strong>loquar</strong></span> <span class='ocrx_word' id='word_1_564' title='bbox 1587 998 1601 1025; x_wconf 83' lang='lat'><strong>.&#39;</strong></span> <span class='ocrx_word' id='word_1_565' title='bbox 1613 1000 1709 1027; x_wconf 72' lang='lat' dir='ltr'><strong>exsul/0</strong></span> <span class='ocrx_word' id='word_1_566' title='bbox 1723 1006 1746 1027; x_wconf 90' lang='lat' dir='ltr'><strong>et</strong></span> <span class='ocrx_word' id='word_1_567' title='bbox 1762 1002 1802 1027; x_wconf 87' lang='lat' dir='ltr'><strong>in-</strong></span> 
     </span>
    </p>
   </div>
   <div class='ocr_carea' id='block_1_81' title="bbox 1010 1038 1803 1079">
    <p class='ocr_par' dir='ltr' id='par_1_81' title="bbox 1010 1038 1803 1079">
     <span class='ocr_line' id='line_1_81' title="bbox 1010 1038 1803 1079; baseline 0.013 -15"><span class='ocrx_word' id='word_1_568' title='bbox 1010 1038 1092 1072; x_wconf 82' lang='lat' dir='ltr'><strong>sanio,</strong></span> <span class='ocrx_word' id='word_1_569' title='bbox 1108 1039 1155 1065; x_wconf 83' lang='lat' dir='ltr'><strong>sed</strong></span> <span class='ocrx_word' id='word_1_570' title='bbox 1169 1039 1278 1074; x_wconf 84' lang='lat' dir='ltr'><strong>insania,</strong></span> <span class='ocrx_word' id='word_1_571' title='bbox 1301 1049 1359 1077; x_wconf 75' lang='lat' dir='ltr'><strong>qua:</strong></span> <span class='ocrx_word' id='word_1_572' title='bbox 1372 1042 1427 1077; x_wconf 82' lang='lat' dir='ltr'><strong>ipsa</strong></span> <span class='ocrx_word' id='word_1_573' title='bbox 1440 1044 1564 1079; x_wconf 78' lang='lat' dir='ltr'><strong>sapientia</strong></span> <span class='ocrx_word' id='word_1_574' title='bbox 1578 1045 1667 1072; x_wconf 89' lang='lat' dir='ltr'><strong>ntelior</strong></span> <span class='ocrx_word' id='word_1_575' title='bbox 1679 1051 1725 1074; x_wconf 82' lang='lat' dir='ltr'><strong>est.</strong></span> <span class='ocrx_word' id='word_1_576' title='bbox 1751 1046 1803 1074; x_wconf 79' lang='lat' dir='ltr'><strong>Vo-</strong></span> 
     </span>
    </p>
   </div>
   <div class='ocr_carea' id='block_1_82' title="bbox 1011 1083 1803 1124">
    <p class='ocr_par' dir='ltr' id='par_1_82' title="bbox 1011 1083 1803 1124">
     <span class='ocr_line' id='line_1_82' title="bbox 1011 1083 1803 1124; baseline 0.014 -15"><span class='ocrx_word' id='word_1_577' title='bbox 1011 1083 1066 1110; x_wconf 84' lang='lat' dir='ltr'><strong>luns</strong></span> <span class='ocrx_word' id='word_1_578' title='bbox 1078 1088 1101 1111; x_wconf 89' lang='lat' dir='ltr'><strong>et</strong></span> <span class='ocrx_word' id='word_1_579' title='bbox 1113 1085 1217 1113; x_wconf 80' lang='lat' dir='ltr'><strong>choreas</strong></span> <span class='ocrx_word' id='word_1_580' title='bbox 1228 1095 1305 1122; x_wconf 82' lang='lat' dir='ltr'><strong>agens</strong></span> <span class='ocrx_word' id='word_1_581' title='bbox 1317 1088 1431 1116; x_wconf 83' lang='lat' dir='ltr'><strong>sublimis</strong></span> <span class='ocrx_word' id='word_1_582' title='bbox 1441 1090 1510 1124; x_wconf 80' lang='lat' dir='ltr'><strong>feror</strong></span> <span class='ocrx_word' id='word_1_583' title='bbox 1522 1098 1532 1117; x_wconf 83' lang='lat'><strong><em>:</em></strong></span> <span class='ocrx_word' id='word_1_584' title='bbox 1545 1090 1627 1118; x_wconf 86' lang='lat' dir='ltr'><strong>ebrius</strong></span> <span class='ocrx_word' id='word_1_585' title='bbox 1638 1092 1738 1119; x_wconf 84' lang='lat' dir='ltr'><strong>tandrm</strong></span> <span class='ocrx_word' id='word_1_586' title='bbox 1747 1102 1803 1120; x_wconf 81' lang='lat' dir='ltr'><strong>sum</strong></span> 
     </span>
    </p>
   </div>
   <div class='ocr_carea' id='block_1_83' title="bbox 1010 1128 1800 1172">
    <p class='ocr_par' dir='ltr' id='par_1_83' title="bbox 1010 1128 1800 1172">
     <span class='ocr_line' id='line_1_83' title="bbox 1010 1128 1800 1172; baseline 0.011 -17"><span class='ocrx_word' id='word_1_587' title='bbox 1010 1137 1041 1155; x_wconf 75' lang='lat' dir='ltr'><strong>ea:</strong></span> <span class='ocrx_word' id='word_1_588' title='bbox 1052 1128 1100 1156; x_wconf 84' lang='lat' dir='ltr'><strong>hac</strong></span> <span class='ocrx_word' id='word_1_589' title='bbox 1114 1129 1242 1165; x_wconf 80' lang='lat' dir='ltr'><strong>voluptate</strong></span> <span class='ocrx_word' id='word_1_590' title='bbox 1259 1132 1399 1167; x_wconf 88' lang='lat' dir='ltr'><strong>spirituali.</strong></span> <span class='ocrx_word' id='word_1_591' title='bbox 1413 1133 1482 1167; x_wconf 83' lang='lat' dir='ltr'><strong>Quid</strong></span> <span class='ocrx_word' id='word_1_592' title='bbox 1496 1135 1578 1161; x_wconf 82' lang='lat' dir='ltr'><strong>dicant</strong></span> <span class='ocrx_word' id='word_1_593' title='bbox 1593 1141 1616 1162; x_wconf 86' lang='lat' dir='ltr'><strong>et</strong></span> <span class='ocrx_word' id='word_1_594' title='bbox 1628 1138 1687 1168; x_wconf 86' lang='lat' dir='ltr'><strong>quid</strong></span> <span class='ocrx_word' id='word_1_595' title='bbox 1698 1137 1800 1172; x_wconf 75' lang='lat' dir='ltr'><strong>(aqum-7</strong></span> 
     </span>
    </p>
   </div>
   <div class='ocr_carea' id='block_1_84' title="bbox 1009 1178 1801 1212">
    <p class='ocr_par' dir='ltr' id='par_1_84' title="bbox 1009 1178 1801 1212">
     <span class='ocr_line' id='line_1_84' title="bbox 1009 1178 1801 1212; baseline 0.014 -12"><span class='ocrx_word' id='word_1_596' title='bbox 1009 1180 1182 1211; x_wconf 83' lang='lat' dir='ltr'><strong>martyrumne</strong></span> <span class='ocrx_word' id='word_1_597' title='bbox 1194 1178 1330 1205; x_wconf 82' lang='lat' dir='ltr'><strong>virtutem?</strong></span> <span class='ocrx_word' id='word_1_598' title='bbox 1342 1188 1375 1206; x_wconf 85' lang='lat' dir='ltr'><strong>an</strong></span> <span class='ocrx_word' id='word_1_599' title='bbox 1390 1181 1505 1208; x_wconf 83' lang='lat' dir='ltr'><strong>caritatis</strong></span> <span class='ocrx_word' id='word_1_600' title='bbox 1515 1182 1687 1211; x_wconf 71' lang='lat' dir='ltr'><strong>alacritatem?</strong></span> <span class='ocrx_word' id='word_1_601' title='bbox 1699 1193 1731 1211; x_wconf 87' lang='lat' dir='ltr'><strong>an</strong></span> <span class='ocrx_word' id='word_1_602' title='bbox 1747 1185 1801 1212; x_wconf 76' lang='grc' dir='ltr'>1ιιι‹</span> 
     </span>
    </p>
   </div>
   <div class='ocr_carea' id='block_1_85' title="bbox 1010 1222 1802 1261">
    <p class='ocr_par' dir='ltr' id='par_1_85' title="bbox 1010 1222 1802 1261">
     <span class='ocr_line' id='line_1_85' title="bbox 1010 1222 1802 1261; baseline 0.015 -15"><span class='ocrx_word' id='word_1_603' title='bbox 1010 1222 1139 1255; x_wconf 80' lang='lat' dir='ltr'><strong>peratricis</strong></span> <span class='ocrx_word' id='word_1_604' title='bbox 1151 1223 1247 1250; x_wconf 78' lang='lat' dir='ltr'><strong>selum?</strong></span> <span class='ocrx_word' id='word_1_605' title='bbox 1260 1232 1294 1250; x_wconf 87' lang='lat' dir='ltr'><strong>an</strong></span> <span class='ocrx_word' id='word_1_606' title='bbox 1310 1223 1461 1261; x_wconf 78' lang='lat' dir='ltr'><strong>Principum</strong></span> <span class='ocrx_word' id='word_1_607' title='bbox 1474 1235 1624 1255; x_wconf 83' lang='lat' dir='ltr'><strong>concursant</strong></span> <span class='ocrx_word' id='word_1_608' title='bbox 1635 1229 1647 1256; x_wconf 63' lang='grc' dir='ltr'><em>ἲ</em></span> <span class='ocrx_word' id='word_1_609' title='bbox 1659 1238 1692 1257; x_wconf 90' lang='lat' dir='ltr'><strong>an</strong></span> <span class='ocrx_word' id='word_1_610' title='bbox 1708 1231 1802 1258; x_wconf 79' lang='lat' dir='ltr'><strong>diaboli</strong></span> 
     </span>
    </p>
   </div>
   <div class='ocr_carea' id='block_1_86' title="bbox 1009 1268 1804 1307">
    <p class='ocr_par' dir='ltr' id='par_1_86' title="bbox 1009 1268 1804 1307">
     <span class='ocr_line' id='line_1_86' title="bbox 1009 1268 1804 1307; baseline 0.014 -13"><span class='ocrx_word' id='word_1_611' title='bbox 1009 1268 1157 1296; x_wconf 70' lang='lat' dir='ltr'><strong>insaniam?</strong></span> <span class='ocrx_word' id='word_1_612' title='bbox 1169 1278 1202 1297; x_wconf 89' lang='lat' dir='ltr'><strong>an</strong></span> <span class='ocrx_word' id='word_1_613' title='bbox 1217 1270 1360 1298; x_wconf 76' lang='lat' dir='ltr'><strong>dwmonum</strong></span> <span class='ocrx_word' id='word_1_614' title='bbox 1376 1272 1495 1307; x_wconf 85' lang='lat' dir='ltr'><strong>cladem,</strong></span> <span class='ocrx_word' id='word_1_615' title='bbox 1513 1274 1633 1302; x_wconf 67' lang='lat' dir='ltr'><strong>Ecclesiae</strong></span> <span class='ocrx_word' id='word_1_616' title='bbox 1650 1277 1804 1305; x_wconf 87' lang='lat' dir='ltr'><strong>nobilitatem</strong></span> 
     </span>
    </p>
   </div>
   <div class='ocr_carea' id='block_1_87' title="bbox 1010 1314 1802 1357">
    <p class='ocr_par' dir='ltr' id='par_1_87' title="bbox 1010 1314 1802 1357">
     <span class='ocr_line' id='line_1_87' title="bbox 1010 1314 1802 1357; baseline 0.013 -17"><span class='ocrx_word' id='word_1_617' title='bbox 1010 1314 1094 1341; x_wconf 76' lang='lat' dir='ltr'><strong>cruris</strong></span> <span class='ocrx_word' id='word_1_618' title='bbox 1108 1315 1223 1343; x_wconf 79' lang='lat' dir='ltr'><strong>virtutem</strong></span> <span class='ocrx_word' id='word_1_619' title='bbox 1236 1337 1244 1349; x_wconf 92' lang='lat'><strong>,</strong></span> <span class='ocrx_word' id='word_1_620' title='bbox 1273 1317 1395 1352; x_wconf 68' lang='lat' dir='ltr'><strong>Craciﬁzri</strong></span> <span class='ocrx_word' id='word_1_621' title='bbox 1418 1320 1542 1347; x_wconf 86' lang='lat' dir='ltr'><strong>miracula</strong></span> <span class='ocrx_word' id='word_1_622' title='bbox 1557 1342 1563 1353; x_wconf 93' lang='lat'><strong>,</strong></span> <span class='ocrx_word' id='word_1_623' title='bbox 1585 1321 1670 1349; x_wconf 80' lang='lat' dir='ltr'><strong>Patris</strong></span> <span class='ocrx_word' id='word_1_624' title='bbox 1684 1323 1802 1357; x_wconf 81' lang='lat' dir='ltr'><strong>gloriam,</strong></span> 
     </span>
    </p>
   </div>
   <div class='ocr_carea' id='block_1_88' title="bbox 1010 1359 1805 1401">
    <p class='ocr_par' dir='ltr' id='par_1_88' title="bbox 1010 1359 1805 1401">
     <span class='ocr_line' id='line_1_88' title="bbox 1010 1359 1805 1401; baseline 0.013 -16"><span class='ocrx_word' id='word_1_625' title='bbox 1010 1359 1124 1394; x_wconf 82' lang='lat' dir='ltr'><strong>Spiritus</strong></span> <span class='ocrx_word' id='word_1_626' title='bbox 1145 1362 1275 1397; x_wconf 85' lang='lat' dir='ltr'><strong>gratiam,</strong></span> <span class='ocrx_word' id='word_1_627' title='bbox 1293 1363 1382 1398; x_wconf 84' lang='lat' dir='ltr'><strong>populi</strong></span> <span class='ocrx_word' id='word_1_628' title='bbox 1405 1364 1481 1392; x_wconf 82' lang='lat' dir='ltr'><strong>totius</strong></span> <span class='ocrx_word' id='word_1_629' title='bbox 1503 1366 1673 1401; x_wconf 82' lang='lat' dir='ltr'><strong>voluptatem,</strong></span> <span class='ocrx_word' id='word_1_630' title='bbox 1697 1369 1805 1396; x_wconf 83' lang='lat' dir='ltr'><strong>civitatis</strong></span> 
     </span>
    </p>
   </div>
   <div class='ocr_carea' id='block_1_89' title="bbox 1009 1407 1805 1447">
    <p class='ocr_par' dir='ltr' id='par_1_89' title="bbox 1009 1407 1805 1447">
     <span class='ocr_line' id='line_1_89' title="bbox 1009 1407 1805 1447; baseline 0.013 -15"><span class='ocrx_word' id='word_1_631' title='bbox 1009 1407 1208 1434; x_wconf 65' lang='lat' dir='ltr'><strong>exsultationes?</strong></span> <span class='ocrx_word' id='word_1_632' title='bbox 1219 1413 1271 1435; x_wconf 88' lang='lat' dir='ltr'><strong>etc.</strong></span> <span class='ocrx_word' id='word_1_633' title='bbox 1293 1408 1383 1444; x_wconf 77' lang='lat' dir='ltr'><strong>Pergit</strong></span> <span class='ocrx_word' id='word_1_634' title='bbox 1397 1414 1497 1440; x_wconf 84' lang='lat' dir='ltr'><strong>autem,</strong></span> <span class='ocrx_word' id='word_1_635' title='bbox 1513 1410 1546 1438; x_wconf 89' lang='lat' dir='ltr'><strong>de</strong></span> <span class='ocrx_word' id='word_1_636' title='bbox 1562 1411 1740 1447; x_wconf 79' lang='lat' dir='ltr'><strong>Reliquiarum</strong></span> <span class='ocrx_word' id='word_1_637' title='bbox 1755 1422 1805 1442; x_wconf 79' lang='lat' dir='ltr'><strong>ett-</strong></span> 
     </span>
    </p>
   </div>
   <div class='ocr_carea' id='block_1_90' title="bbox 1011 1452 1802 1492">
    <p class='ocr_par' dir='ltr' id='par_1_90' title="bbox 1011 1452 1802 1492">
     <span class='ocr_line' id='line_1_90' title="bbox 1011 1452 1802 1492; baseline 0.013 -15"><span class='ocrx_word' id='word_1_638' title='bbox 1011 1452 1160 1485; x_wconf 84' lang='lat' dir='ltr'><strong>portatiune</strong></span> <span class='ocrx_word' id='word_1_639' title='bbox 1183 1453 1266 1481; x_wconf 87' lang='lat' dir='ltr'><strong>nmlla</strong></span> <span class='ocrx_word' id='word_1_640' title='bbox 1292 1462 1423 1488; x_wconf 85' lang='lat' dir='ltr'><strong>narrans,</strong></span> <span class='ocrx_word' id='word_1_641' title='bbox 1438 1455 1584 1483; x_wconf 79' lang='lat' dir='ltr'><strong>Eudoxiam</strong></span> <span class='ocrx_word' id='word_1_642' title='bbox 1605 1457 1802 1492; x_wconf 89' lang='lat' dir='ltr'><strong>lmperatriecm</strong></span> 
     </span>
    </p>
   </div>
   <div class='ocr_carea' id='block_1_91' title="bbox 1010 1497 1803 1536">
    <p class='ocr_par' dir='ltr' id='par_1_91' title="bbox 1010 1497 1803 1536">
     <span class='ocr_line' id='line_1_91' title="bbox 1010 1497 1803 1536; baseline 0.013 -13"><span class='ocrx_word' id='word_1_643' title='bbox 1010 1497 1132 1525; x_wconf 87' lang='lat' dir='ltr'><strong>laudibus</strong></span> <span class='ocrx_word' id='word_1_644' title='bbox 1149 1498 1182 1525; x_wconf 92' lang='lat' dir='ltr'><strong>ad</strong></span> <span class='ocrx_word' id='word_1_645' title='bbox 1208 1499 1301 1527; x_wconf 65' lang='lat' dir='ltr'><strong>crelum</strong></span> <span class='ocrx_word' id='word_1_646' title='bbox 1325 1501 1441 1534; x_wconf 86' lang='lat' dir='ltr'><strong>tollens,</strong></span> <span class='ocrx_word' id='word_1_647' title='bbox 1466 1510 1544 1536; x_wconf 89' lang='lat' dir='ltr'><strong>quam</strong></span> <span class='ocrx_word' id='word_1_648' title='bbox 1566 1504 1646 1530; x_wconf 87' lang='lat' dir='ltr'><strong>etiam</strong></span> <span class='ocrx_word' id='word_1_649' title='bbox 1670 1504 1803 1533; x_wconf 82' lang='lat' dir='ltr'><strong>interdum</strong></span> 
     </span>
    </p>
   </div>
   <div class='ocr_carea' id='block_1_92' title="bbox 1010 1546 1801 1586">
    <p class='ocr_par' dir='ltr' id='par_1_92' title="bbox 1010 1546 1801 1586">
     <span class='ocr_line' id='line_1_92' title="bbox 1010 1546 1801 1586; baseline 0.009 -14"><span class='ocrx_word' id='word_1_650' title='bbox 1010 1550 1169 1580; x_wconf 71' lang='lat' dir='ltr'><strong>praesentem</strong></span> <span class='ocrx_word' id='word_1_651' title='bbox 1199 1546 1354 1582; x_wconf 86' lang='lat' dir='ltr'><strong>alloquitur.</strong></span> <span class='ocrx_word' id='word_1_652' title='bbox 1380 1546 1486 1575; x_wconf 88' lang='lat' dir='ltr'><strong>Claudit</strong></span> <span class='ocrx_word' id='word_1_653' title='bbox 1519 1548 1627 1577; x_wconf 86' lang='lat' dir='ltr'><strong>demum</strong></span> <span class='ocrx_word' id='word_1_654' title='bbox 1662 1556 1801 1586; x_wconf 89' lang='lat' dir='ltr'><strong>postquam</strong></span> 
     </span>
    </p>
   </div>
   <div class='ocr_carea' id='block_1_93' title="bbox 1009 1589 1802 1628">
    <p class='ocr_par' dir='ltr' id='par_1_93' title="bbox 1009 1589 1802 1628">
     <span class='ocr_line' id='line_1_93' title="bbox 1009 1589 1802 1628; baseline 0.009 -12"><span class='ocrx_word' id='word_1_655' title='bbox 1009 1589 1129 1624; x_wconf 74' lang='lat' dir='ltr'><strong>dixerat,</strong></span> <span class='ocrx_word' id='word_1_656' title='bbox 1144 1589 1333 1625; x_wconf 83' lang='lat' dir='ltr'><strong>Imperatorem</strong></span> <span class='ocrx_word' id='word_1_657' title='bbox 1360 1592 1510 1628; x_wconf 88' lang='lat' dir='ltr'><strong>insequenti</strong></span> <span class='ocrx_word' id='word_1_658' title='bbox 1534 1594 1578 1621; x_wconf 89' lang='lat' dir='ltr'><strong>die</strong></span> <span class='ocrx_word' id='word_1_659' title='bbox 1601 1602 1661 1622; x_wconf 92' lang='lat' dir='ltr'><strong>cum</strong></span> <span class='ocrx_word' id='word_1_660' title='bbox 1683 1597 1802 1623; x_wconf 74' lang='lat' dir='ltr'><strong>exercitu</strong></span> 
     </span>
    </p>
   </div>
   <div class='ocr_carea' id='block_1_94' title="bbox 1008 1636 1803 1677">
    <p class='ocr_par' dir='ltr' id='par_1_94' title="bbox 1008 1636 1803 1677">
     <span class='ocr_line' id='line_1_94' title="bbox 1008 1636 1803 1677; baseline 0.009 -15"><span class='ocrx_word' id='word_1_661' title='bbox 1008 1643 1058 1663; x_wconf 88' lang='lat' dir='ltr'><strong>suo</strong></span> <span class='ocrx_word' id='word_1_662' title='bbox 1068 1657 1075 1668; x_wconf 95' lang='lat'><strong>,</strong></span> <span class='ocrx_word' id='word_1_663' title='bbox 1090 1637 1129 1663; x_wconf 88' lang='lat' dir='ltr'><strong>sic</strong></span> <span class='ocrx_word' id='word_1_664' title='bbox 1145 1636 1199 1670; x_wconf 89' lang='lat' dir='ltr'><strong>ille,</strong></span> <span class='ocrx_word' id='word_1_665' title='bbox 1215 1641 1356 1664; x_wconf 87' lang='lat' dir='ltr'><strong>venturum</strong></span> <span class='ocrx_word' id='word_1_666' title='bbox 1379 1645 1450 1671; x_wconf 89' lang='lat' dir='ltr'><strong>esse,</strong></span> <span class='ocrx_word' id='word_1_667' title='bbox 1466 1643 1493 1665; x_wconf 92' lang='lat' dir='ltr'><strong>ut</strong></span> <span class='ocrx_word' id='word_1_668' title='bbox 1506 1647 1597 1674; x_wconf 88' lang='lat' dir='ltr'><strong>parem</strong></span> <span class='ocrx_word' id='word_1_669' title='bbox 1611 1640 1739 1677; x_wconf 81' lang='lat' dir='ltr'><strong>Reliquiis</strong></span> <span class='ocrx_word' id='word_1_670' title='bbox 1754 1641 1803 1669; x_wconf 89' lang='lat' dir='ltr'><strong>ho-</strong></span> 
     </span>
    </p>
   </div>
   <div class='ocr_carea' id='block_1_95' title="bbox 1009 1686 1264 1716">
    <p class='ocr_par' dir='ltr' id='par_1_95' title="bbox 1009 1686 1264 1716">
     <span class='ocr_line' id='line_1_95' title="bbox 1009 1686 1264 1716; baseline 0.008 -9"><span class='ocrx_word' id='word_1_671' title='bbox 1009 1689 1101 1708; x_wconf 86' lang='lat' dir='ltr'><strong>norent</strong></span> <span class='ocrx_word' id='word_1_672' title='bbox 1112 1686 1264 1716; x_wconf 73' lang='lat' dir='ltr'><strong>prmstaret.</strong></span> 
     </span>
    </p>
   </div>
   <div class='ocr_carea' id='block_1_96' title="bbox 1045 1726 1804 1765">
    <p class='ocr_par' dir='ltr' id='par_1_96' title="bbox 1045 1726 1804 1765">
     <span class='ocr_line' id='line_1_96' title="bbox 1045 1726 1804 1765; baseline 0.011 -11"><span class='ocrx_word' id='word_1_673' title='bbox 1045 1726 1112 1754; x_wconf 87' lang='lat' dir='ltr'><strong>Infra</strong></span> <span class='ocrx_word' id='word_1_674' title='bbox 1126 1727 1272 1756; x_wconf 87' lang='lat' dir='ltr'><strong>videbimus</strong></span> <span class='ocrx_word' id='word_1_675' title='bbox 1287 1728 1366 1763; x_wconf 85' lang='lat' dir='ltr'><strong>hujus</strong></span> <span class='ocrx_word' id='word_1_676' title='bbox 1378 1730 1567 1765; x_wconf 76' lang='lat' dir='ltr'><strong>extemporalis</strong></span> <span class='ocrx_word' id='word_1_677' title='bbox 1577 1733 1712 1760; x_wconf 89' lang='lat' dir='ltr'><strong>concionis</strong></span> <span class='ocrx_word' id='word_1_678' title='bbox 1726 1741 1804 1762; x_wconf 84' lang='lat' dir='ltr'><strong>exor-</strong></span> 
     </span>
    </p>
   </div>
   <div class='ocr_carea' id='block_1_97' title="bbox 1009 1772 1803 1810">
    <p class='ocr_par' dir='ltr' id='par_1_97' title="bbox 1009 1772 1803 1810">
     <span class='ocr_line' id='line_1_97' title="bbox 1009 1772 1803 1810; baseline 0.013 -11"><span class='ocrx_word' id='word_1_679' title='bbox 1009 1772 1093 1806; x_wconf 87' lang='lat' dir='ltr'><strong>dium,</strong></span> <span class='ocrx_word' id='word_1_680' title='bbox 1113 1773 1182 1807; x_wconf 85' lang='lat' dir='ltr'><strong>Quid</strong></span> <span class='ocrx_word' id='word_1_681' title='bbox 1197 1774 1280 1801; x_wconf 85' lang='lat' dir='ltr'><strong>dicant</strong></span> <span class='ocrx_word' id='word_1_682' title='bbox 1293 1775 1306 1801; x_wconf 83' lang='lat'><strong><em>?</em></strong></span> <span class='ocrx_word' id='word_1_683' title='bbox 1319 1775 1419 1802; x_wconf 65' lang='lat' dir='ltr'><strong>exculto</strong></span> <span class='ocrx_word' id='word_1_684' title='bbox 1429 1781 1453 1804; x_wconf 88' lang='lat' dir='ltr'><strong>et</strong></span> <span class='ocrx_word' id='word_1_685' title='bbox 1465 1777 1565 1804; x_wconf 73' lang='lat' dir='ltr'><strong>insanio</strong></span> <span class='ocrx_word' id='word_1_686' title='bbox 1575 1799 1583 1810; x_wconf 91' lang='lat'><strong>,</strong></span> <span class='ocrx_word' id='word_1_687' title='bbox 1599 1779 1667 1807; x_wconf 88' lang='lat' dir='ltr'><strong>inter</strong></span> <span class='ocrx_word' id='word_1_688' title='bbox 1677 1781 1803 1809; x_wconf 82' lang='lat' dir='ltr'><strong>crimina—</strong></span> 
     </span>
    </p>
   </div>
   <div class='ocr_carea' id='block_1_98' title="bbox 1011 1819 1800 1861">
    <p class='ocr_par' dir='ltr' id='par_1_98' title="bbox 1011 1819 1800 1861">
     <span class='ocr_line' id='line_1_98' title="bbox 1011 1819 1800 1861; baseline 0.013 -16"><span class='ocrx_word' id='word_1_689' title='bbox 1011 1820 1095 1847; x_wconf 81' lang='lat' dir='ltr'><strong>tiones</strong></span> <span class='ocrx_word' id='word_1_690' title='bbox 1108 1820 1133 1846; x_wconf 90' lang='lat' dir='ltr'><strong>in</strong></span> <span class='ocrx_word' id='word_1_691' title='bbox 1147 1819 1255 1854; x_wconf 81' lang='lat' dir='ltr'><strong>Synodo</strong></span> <span class='ocrx_word' id='word_1_692' title='bbox 1265 1820 1299 1848; x_wconf 87' lang='lat' dir='ltr'><strong>ad</strong></span> <span class='ocrx_word' id='word_1_693' title='bbox 1316 1821 1448 1855; x_wconf 83' lang='lat' dir='ltr'><strong>Quercum</strong></span> <span class='ocrx_word' id='word_1_694' title='bbox 1471 1828 1563 1851; x_wconf 85' lang='lat' dir='ltr'><strong>contra</strong></span> <span class='ocrx_word' id='word_1_695' title='bbox 1579 1824 1800 1861; x_wconf 85' lang='lat' dir='ltr'><strong>Chrysostomum</strong></span> 
     </span>
    </p>
   </div>
   <div class='ocr_carea' id='block_1_99' title="bbox 1009 1865 1801 1902">
    <p class='ocr_par' dir='ltr' id='par_1_99' title="bbox 1009 1865 1801 1902">
     <span class='ocr_line' id='line_1_99' title="bbox 1009 1865 1801 1902; baseline 0.013 -11"><span class='ocrx_word' id='word_1_696' title='bbox 1009 1865 1122 1898; x_wconf 83' lang='lat' dir='ltr'><strong>oblatas,</strong></span> <span class='ocrx_word' id='word_1_697' title='bbox 1134 1870 1236 1894; x_wconf 77' lang='lat' dir='ltr'><strong>sextam</strong></span> <span class='ocrx_word' id='word_1_698' title='bbox 1251 1868 1402 1902; x_wconf 87' lang='lat' dir='ltr'><strong>numerari,</strong></span> <span class='ocrx_word' id='word_1_699' title='bbox 1415 1868 1440 1896; x_wconf 93' lang='lat' dir='ltr'><strong>in</strong></span> <span class='ocrx_word' id='word_1_700' title='bbox 1456 1869 1574 1898; x_wconf 87' lang='lat' dir='ltr'><strong>secundo</strong></span> <span class='ocrx_word' id='word_1_701' title='bbox 1584 1871 1801 1901; x_wconf 78' lang='lat' dir='ltr'><strong>criininatiounm</strong></span> 
     </span>
    </p>
   </div>
   <div class='ocr_carea' id='block_1_100' title="bbox 1010 1910 1147 1938">
    <p class='ocr_par' dir='ltr' id='par_1_100' title="bbox 1010 1910 1147 1938">
     <span class='ocr_line' id='line_1_100' title="bbox 1010 1910 1147 1938; baseline 0.007 -1"><span class='ocrx_word' id='word_1_702' title='bbox 1010 1910 1147 1938; x_wconf 88' lang='lat' dir='ltr'><strong>laterculo.</strong></span> 
     </span>
    </p>
   </div>
   <div class='ocr_carea' id='block_1_101' title="bbox 1046 1956 1801 1996">
    <p class='ocr_par' dir='ltr' id='par_1_101' title="bbox 1046 1956 1801 1996">
     <span class='ocr_line' id='line_1_101' title="bbox 1046 1956 1801 1996; baseline 0.011 -13"><span class='ocrx_word' id='word_1_703' title='bbox 1046 1956 1110 1984; x_wconf 68' lang='lat' dir='ltr'><strong>llaze</strong></span> <span class='ocrx_word' id='word_1_704' title='bbox 1124 1957 1178 1992; x_wconf 86' lang='lat' dir='ltr'><strong>jam</strong></span> <span class='ocrx_word' id='word_1_705' title='bbox 1199 1963 1320 1986; x_wconf 82' lang='lat' dir='ltr'><strong>vertente</strong></span> <span class='ocrx_word' id='word_1_706' title='bbox 1341 1966 1410 1986; x_wconf 91' lang='lat' dir='ltr'><strong>anno</strong></span> <span class='ocrx_word' id='word_1_707' title='bbox 1426 1960 1478 1987; x_wconf 79' lang='lat'><strong>598</strong></span> <span class='ocrx_word' id='word_1_708' title='bbox 1492 1965 1567 1996; x_wconf 71' lang='lat' dir='ltr'><strong>gesta</strong></span> <span class='ocrx_word' id='word_1_709' title='bbox 1583 1966 1610 1989; x_wconf 92' lang='lat' dir='ltr'><strong>et</strong></span> <span class='ocrx_word' id='word_1_710' title='bbox 1625 1962 1694 1990; x_wconf 86' lang='lat' dir='ltr'><strong>dicta</strong></span> <span class='ocrx_word' id='word_1_711' title='bbox 1719 1964 1801 1992; x_wconf 79' lang='lat' dir='ltr'><strong>fuisse</strong></span> 
     </span>
    </p>
   </div>
   <div class='ocr_carea' id='block_1_102' title="bbox 1009 2003 1798 2044">
    <p class='ocr_par' dir='ltr' id='par_1_102' title="bbox 1009 2003 1798 2044">
     <span class='ocr_line' id='line_1_102' title="bbox 1009 2003 1798 2044; baseline 0.01 -15"><span class='ocrx_word' id='word_1_712' title='bbox 1009 2007 1112 2030; x_wconf 86' lang='lat' dir='ltr'><strong>eertum</strong></span> <span class='ocrx_word' id='word_1_713' title='bbox 1127 2003 1239 2036; x_wconf 87' lang='lat' dir='ltr'><strong>videtur,</strong></span> <span class='ocrx_word' id='word_1_714' title='bbox 1250 2008 1277 2031; x_wconf 89' lang='lat' dir='ltr'><strong>et</strong></span> <span class='ocrx_word' id='word_1_715' title='bbox 1289 2004 1394 2040; x_wconf 78' lang='lat' dir='ltr'><strong>quidem</strong></span> <span class='ocrx_word' id='word_1_716' title='bbox 1411 2013 1502 2033; x_wconf 88' lang='lat' dir='ltr'><strong>mense</strong></span> <span class='ocrx_word' id='word_1_717' title='bbox 1513 2006 1620 2034; x_wconf 88' lang='lat' dir='ltr'><strong>circiter</strong></span> <span class='ocrx_word' id='word_1_718' title='bbox 1635 2007 1798 2044; x_wconf 81' lang='lat' dir='ltr'><strong>Septembri,</strong></span> 
     </span>
    </p>
   </div>
   <div class='ocr_carea' id='block_1_103' title="bbox 1010 2048 1800 2092">
    <p class='ocr_par' dir='ltr' id='par_1_103' title="bbox 1010 2048 1800 2092">
     <span class='ocr_line' id='line_1_103' title="bbox 1010 2048 1800 2092; baseline 0.013 -18"><span class='ocrx_word' id='word_1_719' title='bbox 1010 2055 1071 2076; x_wconf 90' lang='lat' dir='ltr'><strong>cum</strong></span> <span class='ocrx_word' id='word_1_720' title='bbox 1097 2048 1183 2076; x_wconf 88' lang='lat' dir='ltr'><strong>adlute</strong></span> <span class='ocrx_word' id='word_1_721' title='bbox 1202 2050 1341 2078; x_wconf 86' lang='lat' dir='ltr'><strong>commode</strong></span> <span class='ocrx_word' id='word_1_722' title='bbox 1368 2057 1477 2085; x_wconf 77' lang='lat' dir='ltr'><strong>possent</strong></span> <span class='ocrx_word' id='word_1_723' title='bbox 1500 2059 1647 2089; x_wconf 81' lang='lat' dir='ltr'><strong>martyrum</strong></span> <span class='ocrx_word' id='word_1_724' title='bbox 1674 2056 1800 2092; x_wconf 76' lang='lat' dir='ltr'><strong>lteliquia:</strong></span> 
     </span>
    </p>
   </div>
   <div class='ocr_carea' id='block_1_104' title="bbox 1010 2097 1709 2130">
    <p class='ocr_par' dir='ltr' id='par_1_104' title="bbox 1010 2097 1709 2130">
     <span class='ocr_line' id='line_1_104' title="bbox 1010 2097 1709 2130; baseline 0.01 -9"><span class='ocrx_word' id='word_1_725' title='bbox 1010 2103 1070 2121; x_wconf 85' lang='lat' dir='ltr'><strong>eum</strong></span> <span class='ocrx_word' id='word_1_726' title='bbox 1087 2098 1160 2122; x_wconf 89' lang='lat' dir='ltr'><strong>tanto</strong></span> <span class='ocrx_word' id='word_1_727' title='bbox 1174 2100 1301 2130; x_wconf 87' lang='lat' dir='ltr'><strong>apparatu</strong></span> <span class='ocrx_word' id='word_1_728' title='bbox 1317 2097 1409 2130; x_wconf 86' lang='lat' dir='ltr'><strong>procul</strong></span> <span class='ocrx_word' id='word_1_729' title='bbox 1424 2102 1451 2124; x_wconf 88' lang='lat' dir='ltr'><strong>et</strong></span> <span class='ocrx_word' id='word_1_730' title='bbox 1465 2104 1544 2126; x_wconf 89' lang='lat' dir='ltr'><strong>noctu</strong></span> <span class='ocrx_word' id='word_1_731' title='bbox 1561 2101 1709 2128; x_wconf 87' lang='lat' dir='ltr'><strong>transferri.</strong></span> 
     </span>
    </p>
   </div>
   <div class='ocr_carea' id='block_1_105' title="bbox 1045 2140 1799 2177">
    <p class='ocr_par' dir='ltr' id='par_1_105' title="bbox 1045 2140 1799 2177">
     <span class='ocr_line' id='line_1_105' title="bbox 1045 2140 1799 2177; baseline 0.012 -10"><span class='ocrx_word' id='word_1_732' title='bbox 1045 2140 1059 2167; x_wconf 84' lang='lat'><strong><em>1</em></strong></span> <span class='ocrx_word' id='word_1_733' title='bbox 1063 2147 1190 2177; x_wconf 75' lang='lat' dir='ltr'><strong>inperator</strong></span> <span class='ocrx_word' id='word_1_734' title='bbox 1204 2142 1229 2168; x_wconf 88' lang='lat' dir='ltr'><strong>in</strong></span> <span class='ocrx_word' id='word_1_735' title='bbox 1245 2143 1376 2170; x_wconf 82' lang='lat' dir='ltr'><strong>ecclesiam</strong></span> <span class='ocrx_word' id='word_1_736' title='bbox 1387 2142 1475 2170; x_wconf 85' lang='lat' dir='ltr'><strong>Sancti</strong></span> <span class='ocrx_word' id='word_1_737' title='bbox 1489 2144 1594 2172; x_wconf 68' lang='lat' dir='ltr'><strong>Thema:</strong></span> <span class='ocrx_word' id='word_1_738' title='bbox 1608 2155 1665 2173; x_wconf 86' lang='lat' dir='ltr'><strong>cum</strong></span> <span class='ocrx_word' id='word_1_739' title='bbox 1678 2149 1799 2176; x_wconf 76' lang='lat' dir='ltr'><strong>satellitio</strong></span> 
     </span>
    </p>
   </div>
   <div class='ocr_carea' id='block_1_106' title="bbox 1009 2187 1802 2229">
    <p class='ocr_par' dir='ltr' id='par_1_106' title="bbox 1009 2187 1802 2229">
     <span class='ocr_line' id='line_1_106' title="bbox 1009 2187 1802 2229; baseline 0.01 -15"><span class='ocrx_word' id='word_1_740' title='bbox 1009 2196 1055 2214; x_wconf 78' lang='lat' dir='ltr'><strong>suo</strong></span> <span class='ocrx_word' id='word_1_741' title='bbox 1067 2187 1339 2223; x_wconf 82' lang='lat' dir='ltr'><strong>venit.—lnseqnente</strong></span> <span class='ocrx_word' id='word_1_742' title='bbox 1350 2188 1392 2216; x_wconf 86' lang='lat' dir='ltr'><strong>die</strong></span> <span class='ocrx_word' id='word_1_743' title='bbox 1401 2189 1486 2225; x_wconf 81' lang='lat' dir='ltr'><strong>(Anno</strong></span> <span class='ocrx_word' id='word_1_744' title='bbox 1494 2190 1558 2225; x_wconf 82' lang='lat'><strong>598)</strong></span> <span class='ocrx_word' id='word_1_745' title='bbox 1571 2193 1642 2219; x_wconf 71' lang='lat' dir='ltr'><strong>venit</strong></span> <span class='ocrx_word' id='word_1_746' title='bbox 1655 2193 1802 2229; x_wconf 85' lang='lat' dir='ltr'><strong>imperator</strong></span> 
     </span>
    </p>
   </div>
   <div class='ocr_carea' id='block_1_107' title="bbox 1010 2233 1800 2274">
    <p class='ocr_par' dir='ltr' id='par_1_107' title="bbox 1010 2233 1800 2274">
     <span class='ocr_line' id='line_1_107' title="bbox 1010 2233 1800 2274; baseline 0.01 -14"><span class='ocrx_word' id='word_1_747' title='bbox 1010 2241 1070 2260; x_wconf 88' lang='lat' dir='ltr'><strong>cum</strong></span> <span class='ocrx_word' id='word_1_748' title='bbox 1094 2233 1221 2260; x_wconf 84' lang='lat' dir='ltr'><strong>satellitio</strong></span> <span class='ocrx_word' id='word_1_749' title='bbox 1234 2241 1282 2261; x_wconf 88' lang='lat' dir='ltr'><strong>suo</strong></span> <span class='ocrx_word' id='word_1_750' title='bbox 1294 2238 1321 2262; x_wconf 87' lang='lat' dir='ltr'><strong>et</strong></span> <span class='ocrx_word' id='word_1_751' title='bbox 1341 2242 1434 2269; x_wconf 75' lang='lat' dir='ltr'><strong>magna</strong></span> <span class='ocrx_word' id='word_1_752' title='bbox 1461 2235 1574 2263; x_wconf 89' lang='lat' dir='ltr'><strong>militum</strong></span> <span class='ocrx_word' id='word_1_753' title='bbox 1603 2245 1681 2265; x_wconf 92' lang='lat' dir='ltr'><strong>manu</strong></span> <span class='ocrx_word' id='word_1_754' title='bbox 1696 2260 1704 2272; x_wconf 83' lang='lat'><strong>,</strong></span> <span class='ocrx_word' id='word_1_755' title='bbox 1721 2249 1800 2274; x_wconf 90' lang='lat' dir='ltr'><strong>quam</strong></span> 
     </span>
    </p>
   </div>
   <div class='ocr_carea' id='block_1_108' title="bbox 1010 2278 1801 2318">
    <p class='ocr_par' dir='ltr' id='par_1_108' title="bbox 1010 2278 1801 2318">
     <span class='ocr_line' id='line_1_108' title="bbox 1010 2278 1801 2318; baseline 0.009 -12"><span class='ocrx_word' id='word_1_756' title='bbox 1010 2279 1156 2306; x_wconf 82' lang='lat' dir='ltr'><strong>exercitum</strong></span> <span class='ocrx_word' id='word_1_757' title='bbox 1173 2283 1250 2306; x_wconf 75' lang='lat' dir='ltr'><strong>Vocat</strong></span> <span class='ocrx_word' id='word_1_758' title='bbox 1266 2278 1474 2315; x_wconf 71' lang='lat' dir='ltr'><strong>Cltrysostomtls</strong></span> <span class='ocrx_word' id='word_1_759' title='bbox 1489 2289 1496 2307; x_wconf 88' lang='lat'><strong>:</strong></span> <span class='ocrx_word' id='word_1_760' title='bbox 1513 2281 1703 2318; x_wconf 60' lang='lat' dir='ltr'><strong>ingressusque</strong></span> <span class='ocrx_word' id='word_1_761' title='bbox 1715 2285 1739 2312; x_wconf 88' lang='lat' dir='ltr'><strong>iu</strong></span> <span class='ocrx_word' id='word_1_762' title='bbox 1757 2294 1801 2313; x_wconf 86' lang='lat' dir='ltr'><strong>ee-</strong></span> 
     </span>
    </p>
   </div>
   <div class='ocr_carea' id='block_1_109' title="bbox 1010 2324 1798 2362">
    <p class='ocr_par' dir='ltr' id='par_1_109' title="bbox 1010 2324 1798 2362">
     <span class='ocr_line' id='line_1_109' title="bbox 1010 2324 1798 2362; baseline 0.008 -10"><span class='ocrx_word' id='word_1_763' title='bbox 1010 2324 1118 2352; x_wconf 78' lang='lat' dir='ltr'><strong>clesiam</strong></span> <span class='ocrx_word' id='word_1_764' title='bbox 1144 2325 1172 2352; x_wconf 91' lang='lat' dir='ltr'><strong>S.</strong></span> <span class='ocrx_word' id='word_1_765' title='bbox 1187 2325 1297 2352; x_wconf 64' lang='lat' dir='ltr'><strong>Thomaz</strong></span> <span class='ocrx_word' id='word_1_766' title='bbox 1311 2326 1422 2360; x_wconf 86' lang='lat' dir='ltr'><strong>apostoli</strong></span> <span class='ocrx_word' id='word_1_767' title='bbox 1435 2347 1442 2358; x_wconf 83' lang='grc'><em>,</em></span> <span class='ocrx_word' id='word_1_768' title='bbox 1455 2328 1542 2362; x_wconf 81' lang='lat' dir='ltr'><strong>posito</strong></span> <span class='ocrx_word' id='word_1_769' title='bbox 1555 2327 1705 2358; x_wconf 86' lang='lat' dir='ltr'><strong>diademate</strong></span> <span class='ocrx_word' id='word_1_770' title='bbox 1726 2331 1798 2359; x_wconf 83' lang='lat' dir='ltr'><strong>dehi-</strong></span> 
     </span>
    </p>
   </div>
   <div class='ocr_carea' id='block_1_110' title="bbox 1011 2373 1800 2410">
    <p class='ocr_par' dir='ltr' id='par_1_110' title="bbox 1011 2373 1800 2410">
     <span class='ocr_line' id='line_1_110' title="bbox 1011 2373 1800 2410; baseline 0.008 -11"><span class='ocrx_word' id='word_1_771' title='bbox 1011 2377 1065 2399; x_wconf 88' lang='lat' dir='ltr'><strong>tttm</strong></span> <span class='ocrx_word' id='word_1_772' title='bbox 1078 2373 1176 2400; x_wconf 88' lang='lat' dir='ltr'><strong>cultmn</strong></span> <span class='ocrx_word' id='word_1_773' title='bbox 1186 2377 1213 2400; x_wconf 86' lang='lat' dir='ltr'><strong>et</strong></span> <span class='ocrx_word' id='word_1_774' title='bbox 1224 2373 1351 2400; x_wconf 90' lang='lat' dir='ltr'><strong>honoretn</strong></span> <span class='ocrx_word' id='word_1_775' title='bbox 1365 2377 1509 2408; x_wconf 87' lang='lat' dir='ltr'><strong>martyrum</strong></span> <span class='ocrx_word' id='word_1_776' title='bbox 1524 2374 1652 2409; x_wconf 81' lang='lat' dir='ltr'><strong>Reliquiis</strong></span> <span class='ocrx_word' id='word_1_777' title='bbox 1661 2377 1800 2410; x_wconf 75' lang='lat' dir='ltr'><strong>pnustitit:</strong></span> 
     </span>
    </p>
   </div>
   <div class='ocr_carea' id='block_1_111' title="bbox 1010 2418 1801 2457">
    <p class='ocr_par' dir='ltr' id='par_1_111' title="bbox 1010 2418 1801 2457">
     <span class='ocr_line' id='line_1_111' title="bbox 1010 2418 1801 2457; baseline 0.009 -13"><span class='ocrx_word' id='word_1_778' title='bbox 1010 2418 1183 2452; x_wconf 82' lang='lat' dir='ltr'><strong>similiterque</strong></span> <span class='ocrx_word' id='word_1_779' title='bbox 1209 2418 1339 2445; x_wconf 83' lang='lat' dir='ltr'><strong>satellites</strong></span> <span class='ocrx_word' id='word_1_780' title='bbox 1367 2419 1425 2454; x_wconf 84' lang='lat' dir='ltr'><strong>ejus</strong></span> <span class='ocrx_word' id='word_1_781' title='bbox 1449 2426 1480 2446; x_wconf 88' lang='lat' dir='ltr'><strong>ac</strong></span> <span class='ocrx_word' id='word_1_782' title='bbox 1511 2420 1609 2447; x_wconf 71' lang='lat' dir='ltr'><strong>milites</strong></span> <span class='ocrx_word' id='word_1_783' title='bbox 1634 2441 1641 2453; x_wconf 93' lang='lat'><strong>,</strong></span> <span class='ocrx_word' id='word_1_784' title='bbox 1672 2422 1801 2457; x_wconf 83' lang='lat' dir='ltr'><strong>depositis</strong></span> 
     </span>
    </p>
   </div>
   <div class='ocr_carea' id='block_1_112' title="bbox 1009 2464 1802 2503">
    <p class='ocr_par' dir='ltr' id='par_1_112' title="bbox 1009 2464 1802 2503">
     <span class='ocr_line' id='line_1_112' title="bbox 1009 2464 1802 2503; baseline 0.009 -12"><span class='ocrx_word' id='word_1_785' title='bbox 1009 2465 1111 2500; x_wconf 76' lang='lat' dir='ltr'><strong>clypeis</strong></span> <span class='ocrx_word' id='word_1_786' title='bbox 1132 2469 1158 2492; x_wconf 87' lang='lat' dir='ltr'><strong>et</strong></span> <span class='ocrx_word' id='word_1_787' title='bbox 1181 2464 1280 2492; x_wconf 86' lang='lat' dir='ltr'><strong>lanceis</strong></span> <span class='ocrx_word' id='word_1_788' title='bbox 1306 2465 1338 2492; x_wconf 89' lang='lat' dir='ltr'><strong>ad</strong></span> <span class='ocrx_word' id='word_1_789' title='bbox 1366 2470 1512 2501; x_wconf 85' lang='lat' dir='ltr'><strong>martyrum</strong></span> <span class='ocrx_word' id='word_1_790' title='bbox 1539 2467 1641 2495; x_wconf 86' lang='lat' dir='ltr'><strong>thecam</strong></span> <span class='ocrx_word' id='word_1_791' title='bbox 1669 2471 1802 2503; x_wconf 70' lang='lat' dir='ltr'><strong>premturi</strong></span> 
     </span>
    </p>
   </div>
   <div class='ocr_carea' id='block_1_113' title="bbox 1010 2511 1801 2547">
    <p class='ocr_par' dir='ltr' id='par_1_113' title="bbox 1010 2511 1801 2547">
     <span class='ocr_line' id='line_1_113' title="bbox 1010 2511 1801 2547; baseline 0.009 -10"><span class='ocrx_word' id='word_1_792' title='bbox 1010 2516 1190 2539; x_wconf 87' lang='lat' dir='ltr'><strong>accesserunt.</strong></span> <span class='ocrx_word' id='word_1_793' title='bbox 1217 2511 1367 2547; x_wconf 87' lang='lat' dir='ltr'><strong>Posteaque</strong></span> <span class='ocrx_word' id='word_1_794' title='bbox 1379 2512 1501 2540; x_wconf 85' lang='lat' dir='ltr'><strong>discessit</strong></span> <span class='ocrx_word' id='word_1_795' title='bbox 1522 2522 1582 2540; x_wconf 81' lang='lat' dir='ltr'><strong>cum</strong></span> <span class='ocrx_word' id='word_1_796' title='bbox 1604 2516 1730 2543; x_wconf 81' lang='lat' dir='ltr'><strong>camitatu</strong></span> <span class='ocrx_word' id='word_1_797' title='bbox 1752 2525 1801 2545; x_wconf 89' lang='lat' dir='ltr'><strong>suo</strong></span> 
     </span>
    </p>
   </div>
   <div class='ocr_carea' id='block_1_114' title="bbox 1010 2557 1800 2592">
    <p class='ocr_par' dir='ltr' id='par_1_114' title="bbox 1010 2557 1800 2592">
     <span class='ocr_line' id='line_1_114' title="bbox 1010 2557 1800 2592; baseline 0.006 -8"><span class='ocrx_word' id='word_1_798' title='bbox 1010 2557 1139 2584; x_wconf 81' lang='lat' dir='ltr'><strong>Arcadius</strong></span> <span class='ocrx_word' id='word_1_799' title='bbox 1155 2557 1308 2592; x_wconf 86' lang='lat' dir='ltr'><strong>Imperator,</strong></span> <span class='ocrx_word' id='word_1_800' title='bbox 1334 2565 1383 2585; x_wconf 84' lang='lat' dir='ltr'><strong>nec</strong></span> <span class='ocrx_word' id='word_1_801' title='bbox 1404 2558 1524 2586; x_wconf 82' lang='lat' dir='ltr'><strong>eoncioni</strong></span> <span class='ocrx_word' id='word_1_802' title='bbox 1541 2568 1600 2588; x_wconf 86' lang='lat' dir='ltr'><strong>mox</strong></span> <span class='ocrx_word' id='word_1_803' title='bbox 1619 2562 1746 2589; x_wconf 76' lang='lat' dir='ltr'><strong>haltenda:</strong></span> <span class='ocrx_word' id='word_1_804' title='bbox 1762 2563 1800 2590; x_wconf 52' lang='lat' dir='ltr'><strong>in.</strong></span> 
     </span>
    </p>
   </div>
   <div class='ocr_carea' id='block_1_115' title="bbox 1010 2603 1799 2638">
    <p class='ocr_par' dir='ltr' id='par_1_115' title="bbox 1010 2603 1799 2638">
     <span class='ocr_line' id='line_1_115' title="bbox 1010 2603 1799 2638; baseline 0.009 -9"><span class='ocrx_word' id='word_1_805' title='bbox 1010 2603 1099 2630; x_wconf 79' lang='lat' dir='ltr'><strong>tcrl&#39;nit</strong></span> <span class='ocrx_word' id='word_1_806' title='bbox 1118 2611 1124 2629; x_wconf 90' lang='lat'>:</span> <span class='ocrx_word' id='word_1_807' title='bbox 1141 2603 1347 2638; x_wconf 72' lang='lat' dir='ltr'><strong>Chrysostomus</strong></span> <span class='ocrx_word' id='word_1_808' title='bbox 1373 2611 1436 2631; x_wconf 86' lang='lat' dir='ltr'><strong>vero</strong></span> <span class='ocrx_word' id='word_1_809' title='bbox 1459 2604 1596 2633; x_wconf 86' lang='lat' dir='ltr'><strong>homiliam</strong></span> <span class='ocrx_word' id='word_1_810' title='bbox 1621 2615 1696 2634; x_wconf 84' lang='lat' dir='ltr'><strong>suam</strong></span> <span class='ocrx_word' id='word_1_811' title='bbox 1721 2608 1799 2636; x_wconf 73' lang='lat' dir='ltr'><strong>dixit.</strong></span> 
     </span>
    </p>
   </div>
   <div class='ocr_carea' id='block_1_116' title="bbox 1010 2649 1801 2686">
    <p class='ocr_par' dir='ltr' id='par_1_116' title="bbox 1010 2649 1801 2686">
     <span class='ocr_line' id='line_1_116' title="bbox 1010 2649 1801 2686; baseline 0.005 -10"><span class='ocrx_word' id='word_1_812' title='bbox 1010 2649 1152 2684; x_wconf 82' lang='lat' dir='ltr'><strong>Postquam</strong></span> <span class='ocrx_word' id='word_1_813' title='bbox 1174 2649 1280 2676; x_wconf 81' lang='lat' dir='ltr'><strong>Arcadii</strong></span> <span class='ocrx_word' id='word_1_814' title='bbox 1302 2654 1328 2676; x_wconf 85' lang='lat' dir='ltr'><strong>et</strong></span> <span class='ocrx_word' id='word_1_815' title='bbox 1342 2649 1459 2677; x_wconf 78' lang='lat' dir='ltr'><strong>satellitii</strong></span> <span class='ocrx_word' id='word_1_816' title='bbox 1473 2651 1532 2685; x_wconf 81' lang='lat' dir='ltr'><strong>ejus</strong></span> <span class='ocrx_word' id='word_1_817' title='bbox 1547 2652 1670 2686; x_wconf 83' lang='lat' dir='ltr'><strong>pietatem</strong></span> <span class='ocrx_word' id='word_1_818' title='bbox 1692 2659 1718 2680; x_wconf 90' lang='lat' dir='ltr'><strong>ct</strong></span> <span class='ocrx_word' id='word_1_819' title='bbox 1733 2663 1801 2681; x_wconf 68' lang='lat' dir='ltr'><strong>tnar~</strong></span> 
     </span>
    </p>
   </div>
   <div class='ocr_carea' id='block_1_117' title="bbox 1011 2696 1798 2733">
    <p class='ocr_par' dir='ltr' id='par_1_117' title="bbox 1011 2696 1798 2733">
     <span class='ocr_line' id='line_1_117' title="bbox 1011 2696 1798 2733; baseline 0.006 -11"><span class='ocrx_word' id='word_1_820' title='bbox 1011 2696 1113 2731; x_wconf 83' lang='lat' dir='ltr'><strong>lyrtbns</strong></span> <span class='ocrx_word' id='word_1_821' title='bbox 1127 2696 1272 2729; x_wconf 70' lang='lat' dir='ltr'><strong>prwstitum</strong></span> <span class='ocrx_word' id='word_1_822' title='bbox 1287 2696 1387 2722; x_wconf 90' lang='lat' dir='ltr'><strong>cultum</strong></span> <span class='ocrx_word' id='word_1_823' title='bbox 1404 2696 1599 2732; x_wconf 77' lang='lat' dir='ltr'><strong>descripserat,</strong></span> <span class='ocrx_word' id='word_1_824' title='bbox 1616 2707 1731 2733; x_wconf 69' lang='lat' dir='ltr'><strong>pnesens</strong></span> <span class='ocrx_word' id='word_1_825' title='bbox 1749 2708 1798 2727; x_wconf 68' lang='lat' dir='ltr'><strong>sm-</strong></span> 
     </span>
    </p>
   </div>
   <div class='ocr_carea' id='block_1_118' title="bbox 1008 2740 1800 2776">
    <p class='ocr_par' dir='ltr' id='par_1_118' title="bbox 1008 2740 1800 2776">
     <span class='ocr_line' id='line_1_118' title="bbox 1008 2740 1800 2776; baseline 0.005 -7"><span class='ocrx_word' id='word_1_826' title='bbox 1008 2742 1098 2769; x_wconf 88' lang='lat' dir='ltr'><strong>culum</strong></span> <span class='ocrx_word' id='word_1_827' title='bbox 1112 2749 1172 2768; x_wconf 89' lang='lat' dir='ltr'><strong>cum</strong></span> <span class='ocrx_word' id='word_1_828' title='bbox 1189 2740 1277 2768; x_wconf 84' lang='lat' dir='ltr'><strong>futuro</strong></span> <span class='ocrx_word' id='word_1_829' title='bbox 1295 2743 1477 2776; x_wconf 87' lang='lat' dir='ltr'><strong>comparavit,</strong></span> <span class='ocrx_word' id='word_1_830' title='bbox 1493 2743 1544 2770; x_wconf 87' lang='lat' dir='ltr'><strong>hoc</strong></span> <span class='ocrx_word' id='word_1_831' title='bbox 1557 2744 1636 2771; x_wconf 69' lang='lat' dir='ltr'><strong>breve</strong></span> <span class='ocrx_word' id='word_1_832' title='bbox 1650 2750 1676 2771; x_wconf 91' lang='lat' dir='ltr'><strong>et</strong></span> <span class='ocrx_word' id='word_1_833' title='bbox 1690 2745 1800 2774; x_wconf 81' lang='lat' dir='ltr'><strong>laborio-</strong></span> 
     </span>
    </p>
   </div>
   <div class='ocr_carea' id='block_1_119' title="bbox 1009 2787 1801 2828">
    <p class='ocr_par' dir='ltr' id='par_1_119' title="bbox 1009 2787 1801 2828">
     <span class='ocr_line' id='line_1_119' title="bbox 1009 2787 1801 2828; baseline 0.008 -14"><span class='ocrx_word' id='word_1_834' title='bbox 1009 2795 1068 2815; x_wconf 91' lang='lat' dir='ltr'><strong>sum</strong></span> <span class='ocrx_word' id='word_1_835' title='bbox 1089 2795 1149 2815; x_wconf 86' lang='lat' dir='ltr'><strong>esse</strong></span> <span class='ocrx_word' id='word_1_836' title='bbox 1171 2787 1283 2821; x_wconf 86' lang='lat' dir='ltr'><strong>dicens,</strong></span> <span class='ocrx_word' id='word_1_837' title='bbox 1297 2787 1362 2816; x_wconf 87' lang='lat' dir='ltr'><strong>illud</strong></span> <span class='ocrx_word' id='word_1_838' title='bbox 1388 2796 1469 2817; x_wconf 79' lang='lat' dir='ltr'><strong>suare</strong></span> <span class='ocrx_word' id='word_1_839' title='bbox 1492 2794 1519 2817; x_wconf 88' lang='lat' dir='ltr'><strong>et</strong></span> <span class='ocrx_word' id='word_1_840' title='bbox 1543 2790 1685 2824; x_wconf 89' lang='lat' dir='ltr'><strong>inliuilum,</strong></span> <span class='ocrx_word' id='word_1_841' title='bbox 1702 2792 1728 2818; x_wconf 90' lang='lat' dir='ltr'><strong>in</strong></span> <span class='ocrx_word' id='word_1_842' title='bbox 1748 2801 1801 2828; x_wconf 87' lang='lat' dir='ltr'><strong>quo</strong></span> 
     </span>
    </p>
   </div>
   <div class='ocr_carea' id='block_1_120' title="bbox 1010 2833 1795 2869">
    <p class='ocr_par' dir='ltr' id='par_1_120' title="bbox 1010 2833 1795 2869">
     <span class='ocr_line' id='line_1_120' title="bbox 1010 2833 1795 2869; baseline 0.006 -8"><span class='ocrx_word' id='word_1_843' title='bbox 1010 2833 1203 2862; x_wconf 83' lang='lat' dir='ltr'><strong>immortalibus</strong></span> <span class='ocrx_word' id='word_1_844' title='bbox 1218 2833 1336 2863; x_wconf 91' lang='lat' dir='ltr'><strong>fruemur</strong></span> <span class='ocrx_word' id='word_1_845' title='bbox 1348 2835 1464 2863; x_wconf 86' lang='lat' dir='ltr'><strong>coronis.</strong></span> <span class='ocrx_word' id='word_1_846' title='bbox 1473 2835 1595 2866; x_wconf 86' lang='lat' dir='ltr'><strong>llominis</strong></span> <span class='ocrx_word' id='word_1_847' title='bbox 1607 2838 1632 2864; x_wconf 89' lang='lat' dir='ltr'><strong>in</strong></span> <span class='ocrx_word' id='word_1_848' title='bbox 1642 2842 1710 2865; x_wconf 87' lang='lat' dir='ltr'><strong>statu</strong></span> <span class='ocrx_word' id='word_1_849' title='bbox 1726 2839 1795 2869; x_wconf 70' lang='lat' dir='ltr'><strong>imm.-</strong></span> 
     </span>
    </p>
   </div>
   <div class='ocr_carea' id='block_1_121' title="bbox 1010 2881 1801 2922">
    <p class='ocr_par' dir='ltr' id='par_1_121' title="bbox 1010 2881 1801 2922">
     <span class='ocr_line' id='line_1_121' title="bbox 1010 2881 1801 2922; baseline 0.003 -14"><span class='ocrx_word' id='word_1_850' title='bbox 1010 2881 1102 2908; x_wconf 75' lang='lat' dir='ltr'><strong>contia:</strong></span> <span class='ocrx_word' id='word_1_851' title='bbox 1121 2881 1274 2915; x_wconf 70' lang='lat' dir='ltr'><strong>dignitatem</strong></span> <span class='ocrx_word' id='word_1_852' title='bbox 1291 2889 1485 2918; x_wconf 67' lang='lat' dir='ltr'><strong>rt-pnrscatat:</strong></span> <span class='ocrx_word' id='word_1_853' title='bbox 1503 2883 1549 2911; x_wconf 85' lang='lat' dir='ltr'><strong>scd</strong></span> <span class='ocrx_word' id='word_1_854' title='bbox 1564 2884 1658 2919; x_wconf 80' lang='lat' dir='ltr'><strong>prohat</strong></span> <span class='ocrx_word' id='word_1_855' title='bbox 1672 2893 1720 2912; x_wconf 77' lang='lat' dir='ltr'><strong>nos</strong></span> <span class='ocrx_word' id='word_1_856' title='bbox 1741 2892 1801 2922; x_wconf 69' lang='lat' dir='ltr'><strong>post</strong></span> 
     </span>
    </p>
   </div>
  </div>
