2034 3109
277 141 323 169 ΠΙ

276 202 413 234 peccatum
430 197 523 225 Adami
537 197 569 224 ad
588 197 686 232 majora
701 201 810 224 vocatos
825 196 917 224 fuisse.
933 196 1063 224 licsurre-i

276 244 392 271 etiouem
401 243 514 270 futuram
526 244 551 270 in
561 243 641 270 veleri
651 243 707 278 lege
716 242 829 270 obscure
837 242 976 269 indicatam
984 241 1064 269 fuisse

272 289 355 322 dicit;
371 289 416 316 sed
429 289 482 324 jam
492 289 578 316 omnia
591 289 665 323 plana
680 293 706 316 et
720 289 858 323 perspicua
872 295 943 321 esse,
957 286 1063 315 multis-

271 342 323 370 que
348 334 443 361 additis
456 335 534 361 finem
548 333 721 361 coucionandi
736 333 807 361 fecit.

312 379 460 407 Verisimile
479 383 520 406 est
539 379 607 406 inter
626 379 674 406 has
696 379 819 406 homilias
842 377 982 406 duodecim
1003 384 1062 412 qua:

275 426 309 454 ab
330 433 401 454 anno
422 430 542 453 vertente
564 425 616 454 598
642 426 710 452 ultra
737 426 911 453 Pentecoslen
934 424 995 451 anni
1010 423 1061 451 599

272 471 369 499 habit-.e
385 472 490 500 fuertmt
499 493 508 505 ,
521 472 586 499 alias
599 479 648 499 nec
663 479 762 506 paucas
784 470 968 499 intercessisse
980 490 988 503 ,
1002 477 1062 504 qua:

271 519 312 546 vel
324 519 437 553 periere,
453 519 495 546 vel
516 519 585 545 inter
603 518 688 545 editas
704 517 796 552 posita:
818 517 879 544 anni
895 521 983 543 nolam
999 515 1060 543 nul-

270 563 322 592 lam
339 572 392 598 [πω
405 572 435 591 se
449 564 546 591 ferunt.
563 563 627 596 Qtue
645 563 764 597 sequitur
779 567 866 588 autem
890 561 916 588 in
931 560 1060 588 Vaticano

270 609 369 636 Codice
384 614 475 644 quarta
487 616 609 641 numero,
620 613 680 644 post
695 607 877 642 Septembrem
891 613 1020 638 mensem,
1032 611 1060 632 ut

271 660 404 689 putamus,
419 654 480 681 anni
494 654 545 681 598
559 654 646 681 habita
659 653 740 679 fuitin
754 652 852 687 templo
863 651 891 680 S.
902 652 1057 684 Anastasize,

271 705 298 727 ιιι
313 700 338 727 in
353 700 427 726 titulo
442 700 534 726 fertur.
550 699 587 726 lbi
604 704 742 733 postquam
756 698 789 725 de
806 698 939 732 paucitate
952 696 1058 724 audito-

271 754 330 773 rum
353 751 514 780 conquestus
531 744 625 776 fuerat,
640 744 674 771 de
694 744 818 779 patientia
840 743 898 771 Jobi
913 743 1018 777 longam
1032 746 1059 770 et

269 792 417 827 elegantem
433 791 525 818 habuit.
540 795 698 818 orationem.

302 837 439 866 Couciouea
450 836 674 864 alim.—llomilia
688 836 779 871 quinta
793 835 966 867 Valic:tna,ut
974 834 1058 862 fertur

268 883 294 910 in
315 883 400 916 titulo,
415 883 442 910 in
467 883 564 917 templo
579 884 684 911 Sancta:
706 882 795 909 lrenes
809 881 877 909 dicta
902 881 960 908 fuit.
984 881 1011 908 lu
1026 889 1055 908 ea

270 928 479 962 Chrysostomus
503 928 535 955 de
549 928 704 955 absetttibus
717 928 886 962 conqueritur
899 932 924 954 el
943 927 976 954 de
989 935 1057 961 prte-

266 975 388 1002 seulibus
403 973 550 1008 gratulatur
565 973 615 1000 :de
630 973 794 1000 Psalmorum
810 978 888 1000 cantu
904 972 974 1007 agit.
992 979 1056 1007 pro-

267 1019 365 1054 batque
379 1019 536 1047 tnuliebrctn
549 1026 642 1046 sexum
655 1017 871 1054 impedimentum
887 1026 938 1045 non
950 1025 1009 1045 esse
1022 1018 1055 1045 ad

265 1064 369 1092 virtutis
381 1064 547 1092 exercitium.

304 1109 385 1137 Sexta
398 1115 486 1136 attlem
503 1109 597 1136 concio
611 1109 700 1136 habita
714 1113 755 1136 est
784 1107 810 1134 in
823 1107 933 1135 ecclesia
943 1107 1054 1136 Sancto-

269 1163 328 1182 rutu
341 1155 530 1190 Apostolorum
545 1176 552 1187 ,
568 1155 593 1181 iu
605 1155 647 1182 die
667 1155 810 1181 Theodosii
827 1153 1011 1189 lntperawris,
1027 1157 1055 1180 ul

267 1200 365 1227 ibidem
379 1199 472 1227 fertur.
493 1200 635 1235 Postquam
648 1200 700 1226 duo
716 1200 760 1226 alii
775 1199 903 1234 episcopi,
919 1207 967 1234 pro
980 1206 1054 1225 more

269 1245 339 1272 illius
354 1244 420 1276 :cvi,
444 1244 594 1272 concionati
615 1244 738 1276 fuerant,
754 1243 962 1279 Cltrysostomus
985 1243 1054 1270 hanc

269 1295 361 1317 contra
382 1290 512 1316 Catltaros
525 1290 580 1316 sive
595 1289 678 1316 Puros
695 1289 829 1316 liomiliam
844 1288 910 1315 dixit
924 1298 930 1314 :
945 1288 1052 1315 Calltari

266 1341 356 1363 autem
370 1335 406 1362 illi
427 1335 564 1362 Novatiaui
584 1339 670 1362 erant.
684 1335 774 1361 Primo
795 1334 886 1361 ambos
913 1334 1052 1368 episcopos

264 1380 351 1408 laudat
366 1389 373 1413 ;
388 1388 501 1415 quorutn
521 1381 587 1407 alter
611 1380 721 1415 jnuior,
746 1380 850 1414 inquit,
875 1379 946 1406 senis
970 1379 1053 1413 gravi-

264 1433 346 1454 tatem
368 1435 375 1459 ;
392 1428 459 1454 alter
478 1435 558 1454 senex
573 1448 581 1459 ,
596 1427 710 1461 junioris
732 1427 813 1453 robur
835 1434 888 1461 prze
899 1433 927 1453 se
941 1425 1051 1453 ferebat.

265 1473 364 1500 Deinde
379 1472 558 1499 Theodosium
578 1473 701 1508 Magnum
728 1472 850 1499 laudibus
869 1471 958 1503 effert,
975 1472 1051 1506 cujus

262 1519 319 1546 dies
333 1525 394 1546 tttuc
409 1519 602 1550 celebrabatur,
616 1526 720 1553 nempe,
731 1523 760 1545 ut
771 1518 912 1545 verisimile
925 1521 1053 1548 esl,mor-

263 1566 297 1592 tis
311 1565 378 1600 ejus,
392 1566 436 1600 qui
462 1565 581 1592 Januarii
607 1564 712 1591 decimo
737 1564 851 1598 septimo
866 1563 909 1591 die.
930 1563 1049 1597 contigit.

264 1610 338 1637 L‘ude
346 1611 464 1645 arguitur
475 1611 543 1637 hanc
554 1610 688 1636 lmtniliam
699 1616 789 1636 mense
799 1608 923 1635 Januario
930 1609 990 1635 anni
1000 1608 1051 1635 599

261 1655 359 1681 dictam
384 1655 464 1682 tuisse
478 1675 484 1687 ,
498 1654 664 1681 Theodosius
686 1659 774 1681 autem
796 1661 865 1680 anno
876 1653 927 1680 595
939 1653 1050 1680 obicrat.

264 1700 338 1727 llnnc
351 1701 540 1735 Imperatorem
558 1700 677 1727 eelcbrat
696 1700 765 1726 illea
785 1700 883 1734 pietate
897 1703 922 1725 et
942 1698 1050 1725 avicto-

265 1746 310 1772 riis
323 1767 330 1777 ,
345 1752 410 1780 quas
423 1745 569 1780 opitulante
586 1745 639 1771 Deo
652 1745 742 1771 retttlil
757 1745 789 1771 de
805 1745 923 1780 tyrannis
938 1743 1050 1771 Maximo

262 1796 290 1818 el
315 1791 442 1826 Eugenio.
471 1791 542 1823 Quas
567 1790 611 1817 ille
636 1791 759 1817 victorias
782 1791 862 1816 tacito
880 1796 1048 1826 tyrannorum

263 1837 368 1864 tiotniue
384 1836 418 1862 ita
438 1836 528 1868 refert,
545 1841 573 1863 ut
588 1837 621 1863 ab
633 1836 691 1862 aliis
711 1836 885 1870 scriptoribus
899 1840 1047 1863 narrantur.

250 1881 376 1918 ,ιιυιιιίιῑςι
401 1888 465 1908 vero
479 1881 570 1908 istha'c
587 1881 612 1907 in
633 1881 723 1908 ntcdio
739 1888 832 1915 magna
850 1880 889 1907 sui
904 1885 977 1914 parte
990 1889 1049 1907 mn-

263 1928 308 1954 tita
323 1931 373 1957 est,
389 1927 423 1953 ita
439 1931 466 1953 ul
487 1926 680 1961 quamplurima
697 1933 790 1952 eorum
803 1945 809 1957 ,
823 1933 882 1960 qua:
894 1930 986 1952 contra
1001 1925 1050 1952 Ca-

264 1974 354 2000 tharos
365 1981 412 2000 seu
428 1973 590 2000 NovaliauOs
603 1971 768 2003 dicebantur,
784 1971 932 1998 exciderint
945 1978 976 1997 ac
988 1979 1049 2005 per-

264 2019 351 2046 ierint.
368 2018 504 2044 Novatiatti
521 2022 608 2044 autem
634 2022 696 2043 tunc
709 2015 938 2050 Constantinopoli
954 2023 1050 2050 magno

265 2071 375 2090 mtmcro
389 2068 474 2094 erant,
487 2063 642 2097 episcopum
657 2070 712 2089 sua}
732 2066 811 2089 seetse
828 2057 988 2097 peculiarem
1003 2062 1049 2088 ha-

265 2109 382 2140 hebant,
398 2116 429 2135 ac
451 2115 510 2135 Sese
541 2116 616 2142 puros
640 2107 825 2143 appellabant:
850 2115 900 2142 qua
922 2107 955 2134 (le
969 2114 1048 2134 causa

265 2155 326 2182 illos
341 2156 469 2181 acerrime
481 2155 634 2189 perstringit
647 2155 868 2190 (.‘hrysostomus',
883 2159 912 2182 ut
925 2154 951 2181 in
965 2154 1051 2182 homi-

265 2203 306 2230 tiae
322 2202 372 2228 line
387 2201 487 2228 videas.

302 2248 348 2275 llic
372 2256 434 2275 vero
458 2247 576 2283 qua-dam
599 2246 832 2274 animadvertenda
855 2251 932 2279 sunt,
955 2255 1050 2281 nempe

264 2294 397 2322 homiliam
413 2294 483 2320 illam
498 2294 644 2321 breviorem
656 2292 747 2323 fuisse,
760 2293 818 2326 quia
835 2297 893 2327 post
905 2293 971 2320 duas
985 2293 1051 2320 alias

263 2349 277 2367 ιι
291 2340 393 2367 duobus
404 2339 534 2374 episcopis
548 2339 640 2366 eodem
655 2338 696 2365 die
709 2338 770 2364 etin
786 2338 877 2365 eadem
890 2338 953 2366 sede
968 2338 1051 2365 dictas

264 2385 350 2413 habita
367 2386 414 2412 fuit
428 2394 433 2412 :
446 2384 562 2412 secundo
576 2389 634 2418 post
646 2383 856 2410 hanchnmiliam
871 2385 966 2410 multas
981 2383 1050 2411 haud

264 2431 343 2459 dubie
354 2432 418 2457 alias
432 2431 533 2457 habitas
548 2430 627 2457 fuisse
647 2438 660 2456 a
689 2437 779 2456 mense
797 2429 921 2456 Januario
944 2429 976 2456 ad
999 2430 1050 2457 Pa-

262 2476 326 2502 scha
342 2476 403 2502 arui
415 2475 538 2508 599,th0
548 2475 590 2502 die
601 2475 668 2501 dicta
683 2475 730 2501 fuit
742 2475 834 2501 Concio
849 2483 961 2509 sequens
975 2483 980 2501 :
992 2484 1050 2510 qua:

266 2521 382 2551 bomilite
396 2521 436 2546 vel
453 2521 596 2554 perierunt,
611 2521 653 2546 vel
667 2522 688 2546 si
700 2520 787 2547 adhuc
810 2521 878 2548 inter
898 2520 982 2547 editas
1003 2529 1050 2547 su-

263 2568 373 2603 persint.
386 2566 482 2592 nullam
496 2566 535 2592 vel
548 2566 563 2592 ι]
573 2566 599 2592 ei
612 2566 650 2593 vel
665 2567 725 2592 anni
738 2571 825 2592 uolatu
844 2573 898 2600 pra:
908 2573 938 2592 se
952 2565 1049 2593 ferunt.

299 2613 361 2640 Pthl
378 2611 512 2638 homiliam
537 2612 613 2646 igitur
627 2612 697 2638 illati)
711 2617 801 2638 contra
817 2612 945 2638 Calharos
960 2613 984 2638 in
1000 2613 1051 2639 Co-

263 2658 321 2685 dice
334 2657 461 2684 Valicano
471 2657 589 2691 sequitur
604 2656 805 2691 homilia,cujus
816 2657 917 2689 titulus,
928 2657 1051 2684 Aduersus

264 2712 315 2733 eos,
329 2704 372 2737 qui
387 2703 419 2729 ad
433 2702 591 2737 hippodromi
604 2707 626 2729 et
637 2703 790 2729 theatrorum
801 2703 943 2736 spectacula
952 2711 979 2729 se
991 2711 1051 2730 con-

265 2751 348 2782 ferunt
362 2747 406 2783 (T.
422 2748 448 2775 6.
465 2757 489 2774 ε.
500 2747 569 2782 265)
589 2758 596 2774 ;
614 2748 689 2781 cujus
703 2747 806 2774 initiutn
821 2752 872 2779 est,
887 2748 996 2774 haccine
1014 2749 1052 2784 [ιο

266 2794 364 2821 renda?
378 2795 488 2822 lum-(inc
501 2794 654 2821 toleranda?
672 2793 746 2820 Vobis
761 2793 826 2820 enim
847 2793 908 2827 ipsis
923 2795 1051 2828 judicibus

263 2845 349 2868 contra
362 2846 404 2866 res
422 2836 516 2865 atil'olo
530 2846 609 2875 quam
621 2838 749 2867 cdidinuts
761 2838 803 2875 (Τ.
815 2839 841 2867 6.
853 2846 875 2865 ε.
887 2838 950 2874 265)
962 2849 966 2866 :
978 2840 1050 2868 ideo-

814 140 842 167 S.
861 138 999 168 JOANNIS
1017 137 1250 167 CllRYSOSTOMI
1271 140 1359 174 \‘l’l‘A,

1855 143 1899 172 17!

1117 203 1169 231 que
1181 197 1251 224 illam
1263 197 1288 224 in
1301 196 1370 225 serie
1379 196 1490 225 aliarum
1503 197 1687 225 Vaticanarum
1699 203 1897 233 prmlertnttten-

1115 240 1176 268 dam
1194 241 1327 270 duximus.

1150 286 1216 320 Quia
1231 295 1293 315 vero
1309 288 1334 314 in
1351 287 1466 315 humilia:
1479 295 1556 316 nona:
1576 289 1718 324 sequentis
1733 289 1808 317 titulo
1828 295 1856 318 et
1877 290 1896 318 in

1115 331 1171 366 ipsa
1187 332 1293 360 ltomilia
1307 340 1376 360 nona
1390 333 1471 361 tnulta
1485 333 1625 367 habentur,
1639 343 1697 369 qum
1710 335 1742 362 ad
1766 336 1895 364 historiam

1114 376 1183 421 hanc
1196 378 1294 406 clarius
1310 383 1336 406 cl
1348 379 1457 412 certius,
1473 386 1551 414 quam
1565 379 1590 406 in
1606 379 1706 407 Monito
1720 380 1843 414 diximus,
1861 390 1896 410 re-

1114 424 1249 452 ferendam
1260 425 1362 460 juvaul,
1377 425 1420 452 hic
1431 433 1488 453 rem
1500 430 1582 453 lotant
1604 426 1663 454 sine
1680 427 1768 462 lapsus
1785 429 1895 463 periculo

1113 470 1290 498 narrabimus.

1147 516 1242 552 Ingens
1257 517 1340 552 pluvia
1360 517 1583 554 Constantinopoli.
1596 532 1633 537 —
1646 518 1723 546 Anno
1740 519 1809 553 599,
1825 523 1891 554 pos-

1112 569 1191 596 quam
1219 570 1299 589 ttttutn
1328 563 1381 597 jam
1410 571 1508 590 annum
1539 563 1565 591 in
1597 564 1749 599 episcopatu
1776 573 1893 593 eutensut

1112 611 1169 634 eral
1193 607 1421 643 Chrysostomus,
1446 608 1584 635 ordinatus
1617 616 1712 643 nempe
1746 617 1819 636 anno
1848 609 1895 638 598

1110 652 1145 680 26
1165 653 1319 686 Februarii;
1350 654 1414 681 feria
1437 659 1530 688 quarta
1557 653 1746 688 hcbzlotnadze,
1765 663 1824 690 qtae
1847 663 1888 683 an-

1111 706 1145 726 no
1173 699 1225 726 599
1249 699 1381 727 incidebat
1400 700 1425 726 in
1448 705 1550 727 sextam
1579 701 1698 735 Aprilis,
1722 705 1774 728 tam
1805 703 1892 736 ingens

1111 745 1196 779 pluvia
1211 745 1320 776 decidit,
1335 750 1363 773 ut
1377 749 1462 773 metus
1472 751 1543 774 esset
1557 753 1590 774 ne
1608 746 1663 781 agri
1686 746 1891 781 derastarentur,

1109 797 1263 824 messesque
1273 798 1367 817 omnes
1383 791 1408 818 in
1420 791 1563 826 perniciem
1574 795 1691 819 ruerent.
1709 792 1774 819 lliue
1792 800 1890 828 preces,

1109 836 1325 869 supplicationes,
1338 840 1363 863 et
1376 836 1569 870 processioues,
1581 837 1706 871 episcopo
1722 837 1790 865 dttce
1804 842 1831 865 el
1841 843 1892 864 toto

1108 885 1284 908 concurrente
1292 881 1389 916 populo
1401 881 1433 908 ad
1446 882 1586 909 ecelesiatn
1607 882 1805 916 Apostolorum.
1832 884 1892 912 Post

1109 925 1165 952 lene
1181 925 1264 953 imbre
1275 932 1405 958 cessante,
1423 926 1536 953 necdum
1549 926 1651 953 sublata
1672 927 1823 962 formidine,
1842 933 1892 956 tra-

1105 971 1176 1005 jecto
1199 970 1310 998 navibus
1332 970 1462 1006 Bosporo,
1486 971 1519 998 ad
1544 972 1683 999 ecclesiam
1708 972 1754 1000 SS.
1783 973 1852 1001 l‘etri
1867 980 1892 1002 et

1107 1016 1192 1049 Pauli,
1206 1017 1231 1043 in
1245 1017 1365 1051 opposita
1380 1019 1460 1044 maris
1472 1024 1517 1043 ora
1533 1017 1622 1051 sitam,
1641 1025 1701 1044 cum
1716 1019 1840 1053 episcopo
1856 1025 1893 1046 to—

1107 1067 1147 1089 tus
1158 1068 1242 1089 cmtus
1253 1063 1377 1090 accurrit.
1395 1063 1450 1090 lloc
1464 1062 1595 1098 perfuncti
1610 1063 1726 1098 periculo
1741 1065 1891 1093 Constanti-

1106 1107 1250 1141 nopolitani
1263 1107 1394 1142 plerique,
1408 1116 1457 1134 una
1472 1113 1572 1135 tantum
1586 1108 1741 1143 interposita
1754 1109 1806 1141 die,
1820 1118 1893 1137 nem-

1107 1160 1138 1187 pe
1152 1152 1215 1180 fcria
1229 1153 1320 1188 qttinta
1333 1153 1359 1179 in
1380 1151 1461 1181 Coena
1481 1153 1595 1186 Domini,
1618 1161 1678 1181 cutn
1700 1154 1726 1181 in
1747 1155 1894 1183 Parasceve

1105 1197 1158 1225 ludi
1174 1203 1311 1233 equestres
1325 1199 1499 1233 agitarentur,
1514 1199 1578 1226 nihil
1593 1204 1716 1227 curantes
1730 1200 1799 1227 dietn
1822 1201 1894 1228 illam

1105 1250 1218 1276 sacram,
1233 1243 1264 1270 ad
1282 1243 1333 1271 hoc
1344 1245 1524 1278 spectaculum
1539 1251 1721 1278 accurrerunt,
1737 1246 1842 1273 interim
1854 1248 1891 1274 iu-

1104 1288 1265 1321 eemisccule
1278 1289 1403 1325 domique
1415 1289 1524 1317 sedente
1537 1289 1727 1326 Chrysostomo
1741 1292 1867 1327 episcopo
1883 1302 1890 1320 :

1105 1333 1157 1359 imo
1167 1332 1210 1360 die
1220 1339 1356 1368 sequente,
1367 1342 1461 1369 nempe
1472 1335 1582 1362 sabbato
1590 1341 1693 1366 sancto.
1705 1337 1736 1363 ad
1749 1336 1891 1365 theatrales

1103 1377 1179 1405 lttdos
1192 1386 1221 1405 se
1233 1379 1411 1410 contulerunt,
1427 1380 1470 1406 ubi
1484 1381 1632 1407 meretricia
1645 1386 1720 1408 erant
1731 1383 1890 1416 spectacula,

1103 1430 1162 1458 qua:
1177 1423 1327 1458 singulatim
1339 1429 1365 1451 el
1380 1425 1484 1459 egregie
1498 1426 1616 1460 depingit
1629 1426 1846 1462 Clirysoslomus,
1865 1428 1890 1455 in

1103 1470 1242 1502 concione,
1259 1477 1336 1504 quam
1348 1470 1390 1497 die
1403 1471 1540 1498 Paschalis
1553 1471 1654 1505 habuit,
1670 1473 1712 1499 ubi
1729 1473 1754 1500 in
1769 1474 1891 1507 praevari-

1102 1519 1206 1541 catores
1221 1514 1371 1549 lmjusmodi
1384 1516 1540 1550 graviSsime
1561 1517 1693 1544 invehitur
1707 1527 1713 1544 :
1732 1518 1892 1554 (leniumque

1103 1559 1128 1586 in
1141 1559 1200 1586 illos
1210 1561 1494 1587 excommunicationis
1504 1562 1662 1588 sententiam
1674 1564 1836 1597 pronuntiat,
1845 1565 1891 1591 sed

1102 1604 1289 1631 comminando
1304 1610 1414 1637 lantunt,
1432 1611 1458 1633 ut
1473 1611 1546 1641 pulo,
1558 1611 1585 1634 et
1600 1613 1627 1634 ut
1641 1608 1666 1635 in
1679 1608 1773 1636 eodem
1793 1609 1891 1637 Monito

1102 1649 1221 1684 pluribus
1231 1649 1300 1677 dixi.

1137 1694 1212 1721 Circa
1228 1694 1309 1727 diem,
1325 1702 1377 1729 qua
1391 1695 1450 1723 haec
1461 1697 1555 1724 concio
1568 1697 1636 1724 dicta
1654 1698 1711 1731 fuit,
1725 1699 1822 1733 aliquid
1838 1701 1890 1728 dif-

1103 1739 1225 1766 ficultatis
1239 1739 1302 1766 mihi
1313 1740 1401 1768 offerri
1414 1742 1561 1769 videbatur.
1575 1743 1644 1770 Dixit
1655 1744 1698 1770 ille
1711 1744 1736 1771 in
1748 1747 1888 1778 concione,

1101 1791 1158 1812 alite
1168 1791 1218 1812 (res
1231 1786 1283 1812 dies
1297 1785 1375 1813 imber
1385 1788 1480 1822 ingens.
1498 1788 1585 1816 Imber
1596 1790 1640 1816 ille
1649 1790 1710 1817 feria
1725 1797 1817 1825 quarta
1832 1801 1891 1819 tua-

1099 1831 1165 1865 juris
1180 1831 1353 1858 hebdomada:
1364 1832 1463 1860 decidit
1476 1842 1483 1860 :
1497 1834 1560 1860 feria
1573 1835 1663 1869 quinta
1681 1836 1743 1862 nihil
1760 1845 1891 1864 memora-

1102 1881 1145 1904 tur
1155 1878 1298 1910 incidisse;
1319 1878 1383 1906 feria
1398 1884 1470 1906 sexta
1486 1880 1510 1906 in
1527 1880 1673 1908 l’arasceve
1687 1882 1718 1908 ad
1744 1883 1820 1910 ludos
1838 1885 1892 1910 cir-

1101 1929 1205 1954 censes,
1222 1923 1331 1950 sabbato
1344 1923 1376 1950 ad
1391 1924 1527 1951 theatralia
1541 1927 1689 1959 spectacula
1706 1927 1770 1954 itum
1783 1934 1822 1955 est
1838 1929 1891 1955 :ila

1101 1972 1130 1994 ut
1145 1967 1250 1994 homilia
1267 1969 1340 1995 istaec
1354 1969 1461 1996 omnino
1479 1969 1548 1997 dicta
1568 1971 1649 1998 fuisse
1668 1971 1786 1998 videatur
1800 1973 1891 2000 Domi-

1102 2014 1161 2040 nica
1177 2014 1388 2042 Resurrcelionis
1404 2016 1517 2043 Domini.
1534 2016 1630 2043 Verum
1646 2023 1707 2045 tunc
1719 2019 1788 2052 apud
1798 2028 1840 2046 me
1851 2020 1894 2045 di-

1101 2060 1194 2087 cebant
1212 2069 1219 2087 :
1233 2060 1296 2091 Cur.
1312 2061 1334 2087 si
1349 2061 1406 2088 dies
1421 2061 1558 2088 Paschalis
1571 2067 1638 2092 erat.
1658 2071 1692 2089 ne
1706 2064 1816 2090 verbum
1830 2065 1892 2099 qui-

1102 2106 1162 2133 dem
1177 2106 1211 2134 de
1233 2107 1361 2134 Pasehate
1380 2107 1464 2134 dicrl?
1485 2107 1581 2135 \‘erum
1607 2114 1744 2144 postquam
1768 2111 1896 2138 ltotnilias

1103 2152 1183 2179 hasce
1197 2152 1357 2185 delc-ximus,
1375 2153 1444 2180 milia
1458 2153 1512 2189 jam
1526 2153 1668 2181 difficultas
1681 2161 1813 2190 superest,
1830 2164 1893 2185 com

1103 2197 1128 2224 ili
1141 2197 1216 2224 litttlo
1231 2197 1346 2225 humilia:
1361 2206 1437 2225 nona:
1451 2199 1595 2234 Sequentis,
1612 2204 1637 2226 et
1655 2199 1680 2226 in
1703 2200 1810 2228 humilia
1836 2202 1896 2236 ipsa

1102 2244 1215 2276 dicatur,
1225 2244 1296 2271 didm
1312 2244 1382 2271 illaut
1397 2245 1422 2271 in
1436 2253 1486 2279 qua
1502 2250 1554 2272 tam
1576 2247 1690 2280 graviter
1709 2247 1769 2273 illos
1788 2248 1899 2274 cirrcn-

1102 2290 1208 2316 siumel
1225 2290 1391 2316 theatralium
1415 2290 1536 2317 ludorum
1560 2297 1722 2325 spectatores
1747 2292 1898 2320 insectatus

1102 2340 1152 2367 est,
1170 2336 1332 2363 Dominicam
1350 2336 1429 2364 fuisse
1440 2341 1518 2372 atque
1532 2337 1599 2364 adeo
1617 2338 1687 2365 dicat
1709 2338 1900 2367 Resurreclio-

1103 2383 1143 2409 nis
1152 2383 1266 2414 Domini,
1279 2390 1357 2417 quam
1369 2383 1428 2410 ideo
1440 2391 1491 2410 non
1504 2385 1720 2412 commemoravit
1734 2386 1900 2421 Chrysosto-

1103 2436 1171 2460 mus,
1184 2428 1253 2462 quod
1264 2433 1355 2454 contra
1369 2433 1532 2462 spectatores
1543 2429 1601 2456 illos
1611 2431 1726 2465 graviter
1735 2437 1899 2464 succensus,

1103 2481 1158 2499 rem
1175 2473 1245 2499 illam
1258 2473 1334 2500 unice
1347 2474 1486 2508 cogitaret.

1138 2518 1250 2544 llomilia
1262 2518 1372 2552 septima
1389 2518 1413 2544 in
1425 2519 1651 2547 ceclesiaSanelze
1674 2521 1823 2549 Anaslaaim
1849 2522 1903 2549 ha—

1105 2564 1156 2590 bita
1173 2564 1232 2596 fuit,
1247 2564 1290 2590 ubi
1306 2565 1424 2591 modicus
1435 2570 1502 2597 erat,
1518 2566 1602 2600 inquit
1616 2567 1668 2598 ille.
1683 2567 1836 2594 auditurum
1848 2576 1903 2595 tm-

1104 2618 1192 2637 merus
1202 2617 1210 2636 :
1224 2618 1311 2644 neque
1323 2615 1408 2637 tamen
1421 2611 1478 2638 ideo
1487 2613 1672 2644 conqueritur;
1684 2613 1730 2640 sed
1740 2615 1902 2648 exetuplum

1103 2655 1276 2682 Samaritana:
1295 2655 1391 2688 all‘ert;
1407 2664 1484 2689 quam
1499 2657 1568 2690 Ilicet
1593 2665 1671 2684 unaut
1697 2662 1811 2690 tantum,
1834 2660 1902 2692 quia

1105 2706 1193 2727 tamen
1209 2701 1331 2728 attdiemli
1346 2701 1433 2727 studio
1455 2701 1584 2734 fervebat,
1599 2702 1678 2738 longo
1691 2708 1816 2738 tempore
1829 2705 1904 2730 allo-

1103 2752 1200 2782 quutus
1212 2752 1252 2774 est
1274 2747 1404 2774 Christus.
1430 2748 1530 2775 Deinde
1554 2756 1617 2776 vero
1640 2749 1758 2784 pluribus
1779 2752 1907 2785 explicat

1103 2793 1165 2828 quid
1179 2793 1228 2819 sibi
1243 2793 1305 2819 velit
1318 2793 1423 2825 l‘aulus,
1433 2801 1492 2819 cum
1503 2794 1547 2826 ait,
1563 2795 1594 2821 αἱ(
1604 2795 1794 2830 confirmatione
1808 2796 1902 2823 Eran-

1107 2840 1176 2874 gclii,
1192 2841 1254 2868 etin
1269 2840 1309 2868 his
1322 2840 1468 2868 oralionem
1481 2841 1588 2870 claudit.
