2034 3109
147 167 196 194 173

182 222 256 250 Dicta
284 221 367 250 fuisse
389 222 493 250 videtur
517 222 574 250 luce
596 221 704 249 homilia
727 222 752 248 in
777 221 941 249 hehdomada

148 268 307 297 Paschalis:
325 276 387 295 nam
400 268 445 304 qui
465 268 588 296 li0milias
607 267 686 295 hasce
702 268 727 294 in
745 268 802 302 ipso
823 273 943 302 tempore

151 313 299 348 rolligcbat,
315 321 329 339 a
347 313 484 340 Paschalis
498 317 627 347 tempore,
643 317 669 339 ut
685 320 717 339 ex
737 312 820 339 titulis
833 311 942 339 concio-

151 368 212 387 num
227 359 449 394 deprehenditur,
467 359 511 386 illo
526 367 579 394 quo
603 359 760 386 dicebantur
781 358 875 385 ordine
899 365 945 384 cas

151 406 303 440 descripsn.
316 406 385 432 Ante
399 405 499 432 Pascha
512 406 594 438 enim,
619 409 647 432 ut
663 412 742 439 Supra
761 404 889 435 diximus,
912 411 945 430 ex

154 452 243 479 multis
255 451 374 478 homiliis
394 458 492 486 paucas
514 451 652 485 collegisse
676 450 788 477 videtur.
812 450 869 480 Non
886 457 946 476 cott-

153 498 272 533 queritur
282 503 370 525 autem
382 497 591 533 Chrysostomus
604 497 630 523 in
644 497 694 524 hac
709 496 848 528 concione,
875 495 946 530 quod

155 543 228 579 pauci
242 543 377 570 auditores
385 543 522 575 adessent,
530 542 589 577 quia
605 550 658 569 non
672 542 696 569 in
710 541 804 576 majori
822 541 946 573 ecclesia,

157 589 197 617 ubi
211 597 326 625 synaxes
343 589 399 616 lieri
416 589 550 622 solebant,
565 588 611 616 sed
623 589 648 616 in
662 588 774 616 ecclesia
789 588 818 615 S.
836 588 948 614 Anasta-

157 635 200 663 siae
214 634 438 662 concionabatur.

190 681 290 708 Octava
304 681 400 708 concio
415 688 471 707 rem
488 687 596 715 prorsus
608 679 742 707 insolitam
757 678 833 706 nobis
841 677 948 706 exhibet

155 731 234 761 alque
249 726 493 754 inauditam.’l‘unc
510 726 668 754 Gotthot‘um
683 732 745 760 pars
764 724 890 757 maxima,
904 724 949 759 qui

155 774 198 800 vel
212 772 460 807 Constantinopoli,
474 771 516 798 vel
537 772 638 799 circum
661 774 747 802 erant,
770 770 950 797 Arianisnium

155 819 337 846 sectabantur.
360 818 445 845 Erant
467 822 553 845 tamen
571 817 701 844 Catholici
724 817 812 852 gentis
832 816 950 851 ejusdem

155 873 210 892 non
226 865 313 899 pauci.
323 865 391 892 Cum
402 869 491 892 autem
505 865 530 891 iu
543 864 655 891 ecclesia
668 863 697 890 S.
713 863 788 890 Pauli
809 862 951 889 convenis-

155 917 226 942 sent,
239 912 320 946 jussit
329 911 539 947 Chrysoslomus
554 911 668 938 Gotthos
678 910 734 938 loca
743 909 863 944 qurcdam
880 908 953 936 Scri-

156 963 306 992 pturarum,
319 965 378 992 qua:
390 958 414 984 in
432 957 582 984 Gotthicam
598 957 713 990 linguam
733 962 872 982 conversae
895 953 952 981 lite-

155 1007 228 1036 rant,
239 1002 364 1030 Gotthice
377 1003 475 1038 legere,
488 1008 512 1029 et
526 1007 615 1037 postea
629 1001 756 1028 Gntthum
769 1000 952 1036 presbyterum

155 1048 284 1076 Gotthice
298 1048 466 1076 coneionari.
481 1047 535 1075 Cur
547 1053 634 1074 autem
647 1048 681 1074 ita
695 1047 813 1082 jusserit,
832 1046 894 1072 satis
907 1045 954 1072 de-

157 1095 279 1122 tlaratin
293 1095 424 1122 concione
440 1102 518 1129 quam
541 1094 598 1129 ipse
617 1094 786 1121 continenter
809 1097 867 1127 post
890 1091 955 1119 Got-

159 1141 236 1168 thum
252 1142 439 1177 presbyterum
454 1141 545 1168 eadem
563 1141 588 1168 iu
613 1141 726 1168 ecclesia
746 1139 854 1171 habuit;
870 1143 899 1166 ut
917 1139 956 1165 vi-

157 1187 262 1215 delicet
273 1187 379 1215 Grmcos
395 1187 580 1222 philosophos,
598 1194 744 1221 eorumque
765 1186 899 1221 religionis
910 1193 953 1211 se-

156 1240 274 1268 quaces,
290 1237 315 1260 et
325 1234 432 1261 Juda‘os
447 1241 552 1268 quoque
566 1233 667 1268 pudore
685 1231 849 1260 sull‘underet
863 1239 870 1264 ;
886 1231 955 1266 quod

156 1280 226 1307 dum
241 1280 280 1306 illi
295 1280 412 1307 veritatis
423 1280 509 1307 lucem
525 1280 694 1314 respuebant,
710 1279 829 1306 barbara:
852 1286 899 1312 per
915 1283 955 1304 to-

157 1331 216 1353 tum
228 1326 321 1353 orbem
336 1326 461 1353 nationes
474 1325 530 1353 sole
545 1325 712 1360 l'ulgidiorcm
724 1324 861 1359 Evangelii
872 1324 956 1350 lucem

157 1371 400 1406 amplecterentur.
411 1371 493 1398 Addit
505 1371 586 1399 etiam
602 1379 673 1404 eum,
688 1371 733 1405 qui
758 1371 785 1397 in
805 1369 893 1397 Veteri
907 1369 959 1396 Te-

159 1422 299 1445 stamento
315 1417 419 1452 primus
438 1422 548 1444 vocatus
562 1416 609 1443 luit
621 1437 627 1448 ,
646 1424 742 1450 nempe
759 1415 956 1447 Abrahamum,

157 1463 306 1490 barbarum
326 1463 408 1490 fuisse
432 1463 457 1490 in
484 1463 572 1490 medio
593 1463 768 1490 barbarorum
797 1466 956 1489 versantem.

155 1508 297 1536 Barbaros
309 1508 391 1536 etiam
412 1508 493 1536 fuisse
512 1517 570 1541 eos,
589 1509 633 1544 qui
655 1508 754 1536 Christi
772 1513 860 1535 ortum
882 1507 957 1542 primi

153 1550 370 1588 annuntiaru’nt,
385 1555 511 1582 nimirum
527 1555 627 1590 Magos,
648 1555 692 1590 qui
712 1563 745 1582 ex
759 1555 867 1582 Oriente
880 1562 960 1581 vene-

151 1606 229 1629 rant.
267 1601 334 1628 llzec
363 1606 452 1629 autent
481 1602 575 1629 concio
600 1601 689 1629 habita
718 1601 767 1628 fuit
794 1601 819 1628 in
846 1601 960 1629 ecclesia

151 1649 286 1677 S.-Pauli
304 1648 375 1675 intra
388 1647 581 1675 hebdomadam
602 1648 739 1675 Paschatis
755 1648 849 1675 iestum
862 1647 960 1674 subse-

149 1697 303 1728 quentem,
320 1698 346 1719 et
365 1700 412 1728 per
432 1698 567 1726 octavam,
585 1698 613 1720 ut
630 1701 664 1721 ex
685 1693 821 1728 sequentis
844 1693 961 1720 homilia:

149 1740 244 1772 titulo,
265 1740 304 1767 ab
317 1747 350 1766 eo
372 1739 418 1774 qui
438 1738 479 1766 bis
499 1739 672 1766 conciOuibus
697 1739 789 1766 aderat
809 1739 960 1774 praemisso,

145 1787 292 1823 liquidum
322 1790 365 1813 est
390 1795 397 1812 :
421 1786 555 1819 etiamque
586 1786 759 1813 conﬁrmatur
786 1793 820 1813 ex
847 1785 880 1812 iis
901 1793 962 1820 qua:

145 1835 229 1862 initio
243 1833 401 1869 sequentis
419 1831 534 1860 humilia:
545 1832 678 1859 dicuntur.

181 1880 306 1907 Etenim
325 1886 387 1906 cum
410 1878 721 1912 Constantinopolitanos
741 1878 812 1910 illos,
833 1877 878 1912 qui
896 1885 963 1904 cnn-

140 1925 281 1953 cionibus
294 1924 358 1952 suis
369 1924 467 1951 adesse
481 1924 615 1957 solebant,
625 1923 782 1958 gravissime
797 1923 963 1958 pupugisset,

139 1971 274 2005 ipsisque
291 1970 455 1997 molestiam
469 1975 587 1997 creasset
602 1970 627 1996 in
640 1970 682 1996 illa
694 1970 832 2002 concione,
847 1977 925 2004 quain
938 1970 963 1996 in

139 2016 295 2043 Dominica
318 2015 542 2042 Resurrectionis
562 2015 660 2042 Christi
681 2015 824 2047 habuerat,
838 2023 872 2043 eo
894 2015 964 2050 quod

136 2063 166 2089 in
180 2063 230 2090 die
245 2062 433 2089 Parasceves
443 2060 477 2087 ad
489 2061 636 2094 circenses,
651 2065 678 2089 ct
691 2062 717 2088 in
741 2061 852 2088 sabbato
873 2066 966 2088 sancto

133 2109 168 2136 ad
186 2109 366 2136 theatrales
378 2106 456 2133 ludos
467 2114 496 2134 se
508 2108 695 2141 contulissent,
710 2108 765 2135 imo
782 2108 965 2136 excommuni-

132 2157 261 2184 cationis
283 2154 467 2183 sententiam
485 2154 579 2181 saltem
598 2154 829 2181 comminatoriam
855 2154 880 2181 in
906 2154 967 2180 illos

131 2203 334 2237 protulisset;
356 2200 400 2226 illi
417 2204 505 2226 tamen
529 2205 632 2235 postea,
652 2208 682 2228 re
701 2208 791 2227 secum
811 2201 882 2228 serio
904 2209 967 2235 per-

130 2256 232 2283 pensa,
253 2256 322 2276 non
340 2246 411 2273 sine
423 2253 501 2274 causa
517 2254 546 2273 se
561 2247 657 2274 acriter
668 2247 804 2282 impetitos
824 2247 905 2274 fuisse
927 2247 968 2273 vi-

127 2295 243 2329 dentes,
263 2299 299 2322 et
313 2293 410 2328 plura
433 2291 474 2319 his
492 2291 526 2319 de
550 2292 629 2319 rebus
651 2292 743 2319 audire
764 2293 914 2326 cupientes,
936 2293 967 2318 ad

125 2350 264 2378 magnam
285 2338 465 2371 ecclesiam,
491 2342 520 2365 ut
536 2338 656 2365 concioni
678 2338 846 2370 interiorem,
870 2338 969 2373 ingenti

125 2397 251 2416 numero
282 2395 322 2415 se
358 2384 519 2412 contulere.
542 2383 640 2411 Verum
668 2384 764 2411 accidit
791 2389 819 2411 ut
843 2384 889 2411 illo
914 2384 968 2417 dic,

123 2443 229 2469 nempe
245 2430 426 2461 Dominica
438 2434 495 2464 post
509 2429 621 2462 Pascha,
637 2429 744 2463 quidam
759 2429 865 2457 adesset
876 2437 907 2456 ex
919 2429 971 2456 Ga-

120 2480 187 2507 latia
205 2479 404 2515 episcopus,
428 2476 464 2502 Vir
478 2480 532 2502 tum
544 2483 575 2502 ex
594 2480 740 2506 senectute,
757 2481 812 2502 tum
834 2483 866 2502 ex
889 2475 970 2502 animi

118 2526 236 2553 dotibus
260 2519 482 2553 venerandus,
497 2521 539 2548 cui
555 2520 728 2548 concionandi
757 2522 840 2548 vicem
855 2521 972 2556 Chryso-

116 2578 228 2600 ειυηιυς
243 2571 361 2599 cessit.
384 2566 476 2600 Quod
495 2567 629 2595 auditores
642 2567 678 2594 illi
703 2567 842 2602 :cgerrime
867 2567 970 2596 tulere:

111 2626 226 2645 summa
241 2617 333 2645 enim
349 2612 562 2646 ειη-γεοειοωί
584 2620 613 2640 se
634 2612 730 2639 iterum
752 2612 895 2647 carpentis,
919 2611 972 2638 imo

108 2665 250 2696 secantis,
271 2667 310 2690 ut
334 2662 416 2695 ipse
437 2658 481 2683 ait
493 2658 600 2691 ibidem,
613 2658 736 2686 audiendi
749 2658 882 2685 desiderio
898 2663 972 2684 tene-

113 2713 232 2738 bantur.

150 2758 358 2793 ριωρνοῃιρι-
377 2751 442 2779 ille
467 2747 595 2777 Dominica
607 2750 649 2785 (Τ.
665 2751 708 2778 12.
729 2760 750 2777 c.
769 2749 848 2784 517),
864 2754 892 2777 ut
912 2757 972 2777 ere-

114 2803 182 2832 dcre
199 2809 259 2835 est,
279 2796 464 2836 Sequenti.
485 2797 592 2823 secunda
610 2797 731 2824 videlicet
745 2802 803 2831 post
818 2796 930 2829 Pascha,
947 2797 973 2823 in

113 2853 235 2878 περιθείη
263 2850 383 2883 Magna
413 2841 585 2870 concionem
598 2842 665 2870 hanc
681 2844 790 2874 habuit,
814 2843 857 2870 tthi
885 2843 973 2870 statim

115 2899 300 2926 αιηιίιιπῃηιε
315 2891 521 2932 gratulatur,
537 2889 601 2923 quod
618 2890 675 2916 licet
692 2895 742 2917 tam
759 2890 873 2926 graviter
893 2897 972 2916 cxce-

734 163 823 193 NUNC
844 163 974 192 PRIMUM
996 161 1192 191 ADORNATA.

1735 156 1785 184 ΓΗ

997 219 1035 255 pti
1055 221 1080 247 in
1100 219 1228 246 concione
1250 217 1294 245 illa
1317 216 1459 244 Dominicm
1483 214 1705 248 Resurrectionis,
1721 217 1787 241 adeo

997 266 1129 294 ferventer
1143 270 1170 292 et
1185 270 1257 292 tanto
1269 272 1379 292 numero
1399 264 1493 290 iterum
1516 267 1697 298 compareant.
1721 261 1788 288 Tum

997 320 1056 340 sese
1081 317 1200 343 excusat,
1229 311 1298 345 quod
1321 311 1455 337 Dominica
1479 311 1636 344 prmcedenti
1664 310 1789 344 episcopo

998 357 1107 385 Galatia:
1121 357 1218 384 seniori
1232 356 1405 384 cmtcionandi
1421 357 1506 382 locum
1516 355 1631 385 dederit;
1643 355 1791 388 iterumque

998 409 1090 431 contra
1105 403 1239 430 circenses
1255 402 1340 433 ludos,
1355 401 1401 428 scd
1417 401 1506 427 mitius
1521 400 1735 434 moderatiuSque
1750 399 1791 425 lo-

999 452 1103 486 quitur;
1119 458 1227 484 remqnc
1241 450 1322 484 tangit
1336 448 1444 475 omnino
1460 446 1649 482 deplorandam
1663 453 1722 480 qua:
1747 452 1791 472 sn-

1000 498 1105 533 periore
1118 497 1161 524 die
1175 496 1310 527 hesterna,
1322 494 1417 529 inquit,
1431 494 1456 520 in
1480 492 1655 527 hippodromo
1673 491 1789 525 contige-

1001 549 1050 576 rat,
1061 550 1172 578 quaeque
1182 541 1215 568 ab
1230 540 1379 576 lmjusmodi
1396 538 1465 566 ludis
1480 538 1546 565 alios
1566 543 1689 564 avertere
1711 536 1793 564 debe-

1001 595 1051 618 rct.
1077 589 1188 623 Quidam
1212 588 1282 616 enim
1306 587 1350 622 qui
1378 585 1503 621 postridie
1527 591 1637 612 uxorem
1666 584 1793 611 ducturus

1002 636 1141 668 erat,dum
1155 643 1214 662 cum
1227 633 1285 660 aliis
1297 632 1449 660 cursoribus
1466 631 1492 658 in
1509 631 1595 658 stadio
1613 634 1791 663 concertarct,

1003 683 1177 716 interceptus.
1195 679 1337 707 miserabili
1361 686 1424 705 casu
1449 677 1536 712 capite
1552 681 1698 708 truncatus,
1711 681 1737 703 et
1752 683 1790 703 cx-

1003 729 1096 757 trcmis
1111 728 1237 756 membris
1250 725 1386 758 abscissis,
1403 725 1437 752 ibi
1454 728 1598 751 manserat.

1040 774 1140 802 Deinde
1156 774 1270 808 explicat
1285 771 1347 799 illud
1364 770 1500 805 Evangelii
1514 769 1623 801 dictum,
1639 768 1794 795 Putermeua

1004 829 1082 856 usque
1096 820 1170 846 modo
1181 823 1310 854 operatur,
1332 822 1355 844 et
1378 824 1423 852 ego
1442 823 1533 851 operor
1551 823 1559 842 :
1584 815 1748 847 Arianosquc
1770 817 1796 839 et

1005 868 1160 898 Anommos,
1185 865 1272 892 tacitis
1293 868 1379 890 tamen
1396 861 1555 892 nominibus,
1573 859 1702 887 acerrime
1725 858 1795 884 inse-

1005 918 1101 944 ctatur,
1116 910 1231 946 probans
1245 910 1340 937 Filium
1351 908 1419 935 l’alri
1434 907 1572 942 :rqualcm,
1584 913 1643 933 cum
1657 905 1702 931 illo
1715 903 1797 931 semel

1005 959 1128 994 operari;
1142 958 1203 992 quia
1217 965 1280 983 vero
1293 955 1414 990 operatio
1427 955 1470 980 illa
1485 960 1643 987 permanens
1657 956 1708 983 est,
1725 955 1799 986 putat

1005 1005 1223 1040 Chrysostomns,
1238 1003 1281 1029 hic
1297 1000 1499 1036 providentiam,
1516 998 1602 1025 Patris
1614 1002 1641 1024 ct
1656 997 1715 1024 Filii
1734 1004 1786 1031 ope

1007 1052 1137 1078 rationem
1158 1050 1220 1076 dici.

1044 1097 1071 1124 In
1088 1103 1162 1123 more
1177 1099 1234 1122 erat
1247 1099 1273 1120 ut
1288 1092 1342 1120 bini
1359 1092 1398 1119 vel
1414 1091 1482 1118 terni
1493 1090 1587 1117 eodem
1601 1089 1643 1116 die
1660 1088 1799 1116 οοηιῑιιίιη-

1009 1149 1048 1171 tcr
1062 1143 1171 1170 verbum
1184 1141 1230 1168 Dei
1247 1139 1431 1175 pra‘dicarcnt.
1446 1137 1564 1172 ldipsutn
1579 1136 1699 1162 videmus
1713 1134 1737 1161 ili
1753 1133 1801 1160 ho-

1008 1190 1081 1217 milia
1095 1189 1208 1220 decima,
1224 1194 1283 1221 qnaz
1303 1185 1390 1212 habita
1417 1183 1466 1210 fuit
1487 1183 1514 1209 in
1533 1181 1644 1209 ecclesia
1668 1179 1800 1215 Apostoli,

1011 1240 1149 1271 postquam
1160 1240 1243 1260 senex
1254 1232 1396 1266 episcopus
1411 1234 1473 1256 ante
1493 1227 1714 1263 Chrysnstomum
1738 1232 1802 1251 con-

1009 1283 1129 1310 cionatus
1149 1279 1235 1306 fuerat
1257 1287 1264 1304 :
1285 1277 1408 1312 quodque
1430 1274 1624 1303 observandum
1646 1277 1706 1304 cst,
1729 1271 1802 1298 illum

1010 1336 1112 1360 senem,
1127 1331 1154 1354 et
1166 1333 1195 1353 se
1206 1326 1331 1360 juvenem
1346 1327 1433 1355 vocat,
1447 1322 1496 1349 etsi
1511 1329 1542 1348 ex
1558 1319 1664 1355 vulgata
1679 1318 1804 1353 opinione

1010 1381 1108 1401 annum
1124 1371 1211 1400 :etatis
1234 1371 1269 1398 5?.
1290 1372 1344 1403 jam
1367 1375 1492 1396 emensus
1512 1370 1579 1393 erat.
1610 1365 1803 1399 Argumentum

1011 1418 1148 1447 concionis
1157 1416 1277 1444 sumitex
1290 1415 1340 1442 hoc
1354 1412 1489 1448 Evangelii
1502 1412 1583 1443 dicto,
1600 1410 1689 1437 Messi:
1703 1409 1805 1444 quidem

1011 1465 1100 1496 ntultu,
1117 1462 1225 1498 operarii
1238 1465 1320 1488 autem
1334 1459 1418 1495 pauci.
1436 1458 1532 1485 Probat
1548 1461 1636 1483 autem
1651 1462 1677 1482 et
1688 1462 1768 1482 senes
1779 1458 1806 1480 et

1010 1512 1121 1546 juvenes
1146 1508 1283 1544 operarios
1310 1505 1436 1534 Ecclesia:
1460 1503 1601 1531 admodum
1632 1502 1710 1529 utiles
1733 1508 1804 1527 esse.

1013 1557 1159 1590 llessisquc
1174 1552 1326 1589 hujusmodi
1350 1552 1450 1578 fructus
1467 1549 1578 1577 eximios
1600 1548 1682 1575 fuisse
1702 1551 1804 1578 narrat,

1013 1608 1042 1630 ut
1055 1610 1114 1630 cum
1131 1601 1227 1628 Paulus
1241 1597 1354 1633 simplici
1366 1597 1448 1624 verbo
1462 1594 1652 1623 Proconsulem
1666 1601 1714 1620 ceu
1728 1598 1806 1628 aage-

1014 1657 1046 1677 ua
1074 1648 1164 1682 cepit,
1194 1651 1221 1674 et
1251 1653 1310 1672 eum
1336 1643 1475 1677 Philippus
1499 1640 1650 1668 eunuchum
1677 1637 1808 1666 Candacis

1014 1693 1160 1728 Ethiopite
1175 1692 1272 1726 regina:
1286 1690 1318 1717 ad
1333 1689 1410 1716 tidetn
1426 1687 1567 1715 convertit.

1051 1739 1190 1768 Ilomiliam
1199 1744 1305 1772 quoque
1316 1734 1482 1762 undecimam
1493 1732 1585 1760 habuit
1592 1734 1732 1766 postquam
1740 1729 1810 1756 alius

1015 1785 1158 1814 admodum
1173 1791 1257 1811 senex
1282 1785 1415 1809 oraverat.
1436 1779 1473 1806 lbi
1494 1772 1661 1814 primnm'se
1684 1775 1809 1803 audiendi

1015 1831 1113 1866 cupido
1127 1829 1206 1857 ecetui
1228 1828 1388 1863 gratulatur,
1403 1832 1434 1852 ac
1448 1825 1481 1852 de
1496 1824 1623 1851 Eleazaro
1643 1826 1670 1849 et
1689 1821 1723 1849 de
1744 1821 1812 1848 Mac-

1016 1877 1113 1905 cabzcis
1126 1876 1189 1910 agit,
1205 1881 1319 1909 quorum
1335 1872 1431 1899 festum
1445 1871 1470 1897 in
1490 1869 1607 1897 Ecclesia
1626 1867 1810 1895 Constantino

1016 1923 1134 1958 politana
1147 1920 1342 1951 celebrabatur,
1356 1922 1382 1944 ct
1395 1923 1461 1951 quos
1477 1915 1571 1950 probat
1582 1914 1625 1940 ille
1641 1921 1688 1948 pro
1702 1912 1810 1940 Christo

1017 1976 1110 2004 passos
1120 1975 1190 1995 esse.
1206 1965 1233 1993 lu
1251 1965 1303 1992 line
1315 1963 1452 1991 concionis
1463 1968 1545 1996 pauca
1559 1959 1754 1987 desiderantur.

1054 2014 1188 2042 llactcnus
1214 2011 1329 2038 vidimus
1352 2008 1435 2043 (Anno
1449 2006 1512 2041 399)
1535 2005 1624 2033 omnia
1652 2003 1754 2039 placide
1781 2007 1812 2030 ct

1019 2058 1248 2095 sponteilucntia,
1271 2055 1420 2084 Eudoxiam
1445 2054 1590 2087 Augustam
1614 2051 1666 2086 piis
1686 2050 1811 2084 operibus

1020 2106 1228 2137 incumbentem,
1244 2109 1271 2130 et
1294 2111 1309 2130 a
1329 2101 1522 2137 Cln-ysostomo
1547 2098 1667 2125 laudibus
1692 2096 1811 2124 celebra-

1021 2159 1074 2181 tam
1090 2148 1419 2184 :Coustantinopolitanus
1436 2146 1471 2174 ob
1489 2145 1618 2173 circensis
1633 2147 1660 2171 et
1675 2142 1809 2170 theatrali:

1021 2197 1172 2234 spectacula
1182 2196 1340 2231 gravissime
1359 2194 1521 2228 increpatos,
1537 2194 1671 2226 optantes,
1694 2189 1748 2215 imo
1772 2188 1809 2214 in-

1022 2233 1122 2273 stantes
1136 2243 1205 2278 apud
1221 2243 1441 2277 Chrysostomum
1453 2243 1481 2266 ut
1493 2246 1522 2266 se
1536 2237 1633 2264 talibus
1646 2241 1699 2262 tam
1709 2233 1812 2261 acerbis

1023 2291 1132 2318 monitis
1146 2290 1177 2316 ad
1198 2292 1298 2316 rectam
1324 2287 1394 2313 viam
1416 2284 1581 2312 deduceret:
1599 2281 1722 2313 Gotthos,
1738 2279 1813 2313 jussu

1023 2337 1080 2372 ejus
1091 2335 1215 2364 Gotthire
1229 2333 1379 2367 Scripturas
1395 2331 1514 2366 legentes
1526 2333 1552 2356 et
1570 2327 1693 2355 Gotthice
1716 2323 1814 2358 praedi-

1023 2386 1124 2410 cantes.
1137 2381 1195 2407 .lam
1212 2387 1275 2407 vero
1287 2378 1320 2406 ad
1339 2377 1423 2404 tristia
1439 2375 1571 2405 ducimur,
1587 2380 1647 2407 qua:
1667 2376 1695 2398 ut
1717 2369 1816 2397 clarius

1024 2434 1200 2462 exponamus,
1215 2426 1294 2452 altius
1309 2423 1452 2458 repetenda
1465 2428 1508 2448 res
1520 2425 1570 2447 est.

1061 2461 1178 2508 Eutropii
1201 2470 1309 2498 eunuchi
1331 2469 1445 2496 historia.
1461 2481 1495 2486 ——-
1510 2464 1652 2499 Eutropius
1676 2461 1815 2490 eunuchus

1025 2520 1109 2553 gratia
1120 2517 1188 2553 apud
1199 2517 1385 2550 Imperatorem
1395 2513 1535 2541 Areadium
1547 2511 1688 2546 plurimum
1700 2509 1815 2541 valebat,

1025 2566 1135 2600 ejusque
1149 2563 1260 2591 consilio
1280 2566 1306 2589 et
1327 2560 1483 2587 auctoritate
1503 2564 1614 2593 quaeque
1635 2556 1748 2584 maxima
1767 2554 1818 2582 lm-

1026 2611 1092 2646 perii
1106 2609 1210 2644 negotia
1223 2607 1382 2643 gerebantur
1397 2605 1537 2641 (Chrysosl.
1553 2604 1578 2630 in
1594 2602 1746 2637 Eutropium
1759 2606 1776 2627 t.
1789 2601 1817 2628 5.

1029 2664 1054 2682 ε.
1069 2656 1143 2690 591).
1161 2654 1185 2681 ls
1198 2661 1258 2680 cum
1277 2652 1386 2680 Joannis
1401 2649 1583 2685 Chrysostomi
1600 2649 1625 2675 in
1641 2648 1731 2674 sedem
1747 2646 1816 2673 Coll-

1027 2700 1287 2734 stantinopolitanam
1308 2696 1480 2733 promovcndi
1499 2701 1590 2722 auctor
1611 2694 1718 2725 fuisset,
1743 2692 1818 2718 initio

1027 2748 1085 2782 ejus
1106 2745 1212 2772 monitis
1229 2744 1383 2779 placitisque
1404 2742 1473 2769 haud
1492 2748 1562 2776 mgre
1582 2746 1681 2766 morem
1697 2738 1817 2772 gerebat.

1028 2792 1195 2827 Subindeque
1207 2794 1377 2818 accrescente
1391 2788 1507 2823 potentia
1521 2809 1528 2820 ,
1547 2793 1607 2813 cum
1625 2785 1693 2811 altos
1708 2784 1817 2818 spiritus

1028 2846 1116 2866 assum
1121 2838 1224 2872 psisset,
1235 2844 1286 2863 non
1294 2835 1436 2863 desistebat
1444 2830 1707 2869 Chrysoswnius,sed
1715 2828 1820 2856 dicebat

1030 2886 1066 2914 illi
1082 2885 1201 2921 fugitivas
1216 2891 1273 2910 esse
1290 2882 1393 2909 divitias
1415 2880 1584 2916 fragilemque
1604 2877 1745 2914 potcnziant
1768 2884 1815 2903 sai-
