2034 3109
250 122 300 149 175

249 179 376 207 enlarcm.
393 180 439 208 Illo
453 186 539 210 autem
555 192 611 211 rem
625 193 694 219 mgre
707 186 818 221 ferente,
831 188 946 217 addebat
957 190 1043 218 S.do-

250 229 316 258 ctor,
334 234 364 254 se
378 228 422 261 qui
437 234 580 263 argueret,
596 238 656 258 vere
670 233 801 265 amicum;
818 239 983 270 ca-terosque
997 237 1041 271 qui

248 277 320 306 gesta
343 274 426 308 ipsius
448 274 604 311 laudarent,
628 277 780 306 adulatores
802 287 873 308 esse.
899 281 1043 317 Eutropius

249 325 314 345 vero
327 327 383 346 rem
399 319 506 356 indigne
525 322 600 356 tulit,
624 330 656 351 ac
676 323 772 352 deinde
787 325 980 362 Chrysostomo
992 328 1040 355 ad-

247 364 410 392 versabatur.

284 409 354 436 Inter
367 409 418 437 alia
433 418 506 443 vero,
522 420 582 448 qum
593 419 692 449 praeter
705 414 887 451 Cltrysostomi
900 417 1039 445 consilium

245 458 272 480 et
288 454 449 483 voluntatem
470 457 618 493 designavit
634 460 790 496 Eutropius,
815 463 899 497 legem
917 463 978 490 ferri
994 471 1040 491 cu-

246 500 324 534 ravit,
341 505 369 528 ut
382 502 449 538 asyli
469 508 497 530 et
511 504 688 533 immunitatis
698 507 743 542 jus
755 508 874 536 ecclesiis
890 510 1039 539 tolleretur.

246 545 343 574 Verum
360 547 384 575 id
401 548 446 576 ille
468 550 494 576 in
517 551 611 585 capitis
631 553 671 579 sui
694 554 838 588 perniciem
860 555 967 582 molitus
987 561 1037 583 est.

243 591 310 618 Cum
326 593 397 620 enim
412 599 504 629 postea
518 603 683 625 accresceret
697 599 747 626 sibi
762 600 830 634 apud
848 600 1037 636 Imperatorem

243 640 342 672 gratia,
369 639 475 668 Patricii
492 649 588 670 nomen
602 648 630 671 et
643 645 808 673 consulatum
824 647 885 674 anni
902 647 1039 683 undequa-

243 683 443 719 dringentesimi
457 694 636 723 consequutus
649 696 699 717 est.
711 691 776 725 Qum
787 699 830 720 res
842 693 933 720 multis
944 694 1038 729 displi-

243 730 307 757 cuit.
318 730 434 759 Taudem
446 733 605 768 Tribigildus
617 736 738 765 tribunus
748 738 816 765 clam
828 739 932 767 favente
940 739 1034 773 Gaina,

242 780 333 802 Coacta
347 777 459 805 militum
475 786 554 806 manu
570 780 770 810 a'formidoloso
783 783 906 819 Principe
922 785 1036 813 Arcadio

243 820 410 856 impetravit,
431 829 459 851 ut
478 825 560 859 gradu
575 826 736 861 dejiceretur
749 828 958 866 Eutropiuszqui
974 839 1034 859 cum

242 866 415 903 Tribigildum
428 870 549 906 aliosque
563 872 596 899 ad
610 881 703 901 necem
717 875 766 902 sibi
782 875 946 904 inferendam
957 885 1033 913 para-

241 916 282 940 tos
293 920 423 946 cerneret,
434 915 459 942 in
471 917 622 952 ecclesiam,
632 919 701 954 quod
711 920 817 948 unicum
825 921 874 949 sibi
887 922 1033 958 perfugium

242 964 391 992 supererat,
406 967 435 988 se
451 962 559 997 recepit.
575 963 734 1000 Tribigildus
746 972 834 994 autem
844 967 924 1003 (T.5.
937 969 1032 1006 c.59l)

240 1006 268 1029 et
281 1004 378 1032 milites
390 1005 463 1039 jussa
485 1007 653 1042 imperatoris
667 1011 772 1039 Arcadii
789 1020 843 1047 pra:
857 1020 887 1041 se
897 1013 1031 1049 ferentes,

240 1052 270 1075 ut
285 1048 334 1076 sibi
358 1049 501 1086 Eutropius
524 1053 673 1083 traderetur
686 1056 860 1091 insistebant,
883 1064 911 1086 et
933 1048 1032 1088 strictis

237 1092 333 1126 gladiis
353 1094 379 1122 in
399 1096 538 1124 ecclesiam
561 1099 710 1135 irrumpere
724 1102 857 1130 volebant.
878 1103 974 1132 Verum
990 1105 1031 1133 in-

238 1139 340 1173 trepide
348 1140 450 1168 obstitit
458 1141 672 1179 Clirysostomus,
683 1145 792 1182 fugitivo
800 1148 919 1177 ecclesia:
928 1150 1030 1186 asylum

237 1187 322 1212 tutmn
338 1193 397 1213 esse
409 1186 507 1216 debere
521 1189 621 1218 dicens.

273 1230 348 1258 Licet
369 1238 456 1260 autem
476 1234 501 1260 id
523 1236 591 1269 apud
611 1237 768 1272 scriptorem
790 1240 891 1268 nullum
915 1241 1029 1276 feratur,

238 1276 382 1304 verisimile
395 1283 435 1305 est
449 1279 533 1314 ipsum
549 1282 590 1308 vel
606 1282 794 1317 Imperatorem
817 1286 925 1321 adiisse,
940 1288 982 1315 vel
997 1289 1029 1316 ad

238 1319 323 1354 ipsum
337 1324 486 1358 quempiam
495 1325 599 1354 misisse
609 1333 744 1363 rogantem
758 1335 784 1357 ut
793 1332 903 1359 militum
914 1333 1029 1362 furorem

235 1373 429 1402 compesceret.
442 1370 517 1402 Nam,
533 1378 561 1399 ut
577 1373 633 1408 ipse
643 1372 850 1411 Cbrysostomus
865 1379 889 1405 in
902 1378 952 1406 hac
965 1387 1030 1407 con-

236 1412 313 1440 cione
326 1413 400 1447 dicit,
414 1415 570 1451 Imperator,
584 1419 628 1453 qui
640 1421 728 1447 statim
740 1422 863 1450 mandata
874 1423 984 1452 dederat
1000 1429 1028 1453 ut

236 1458 380 1495 Eutropius
390 1462 547 1496 traderetur,
560 1469 658 1492 mutata
670 1468 800 1495 sententia
815 1468 857 1505 (T.
870 1470 896 1497 5.
912 1477 934 1497 c.
947 1470 1025 1508 595);

236 1503 375 1540 Postquam
386 1509 501 1543 cognovit
509 1517 566 1536 eum
576 1511 610 1537 ad
620 1512 721 1547 asylum
734 1514 846 1542 ecclesia!
856 1524 883 1543 se
892 1525 1024 1552 recepisse,

234 1550 348 1585 a/Iluente
367 1554 478 1580 exercitu
497 1560 521 1581 et
541 1557 664 1584 concitato
686 1559 716 1585 ob
734 1561 791 1594 ejus
806 1562 929 1596 crimina,
946 1569 1025 1599 depo-

233 1601 363 1631 scenthue
379 1598 505 1627 hominem
519 1601 553 1628 ad
570 1603 734 1638 supplicium,
750 1605 852 1641 [angunt
867 1608 952 1636 habuit
965 1619 1025 1637 ora-

233 1641 335 1676 tionem,
351 1652 401 1678 qua
419 1646 553 1673 militarem
572 1648 770 1684 indignationem
783 1661 946 1688 compesceret
956 1676 963 1689 ,
978 1665 1024 1691 po-

232 1688 330 1714 stulans
342 1695 367 1716 ut
380 1698 431 1717 non
442 1691 575 1726 culparum
586 1696 670 1727 modo,
680 1697 724 1724 sed
736 1699 811 1725 etiant
823 1705 888 1727 recte
900 1703 1024 1737 factorum

233 1733 356 1759 rationem
370 1734 504 1769 haberent;
519 1746 576 1765 nam
591 1748 638 1774 pro
652 1741 703 1768 illis
715 1744 823 1777 gratiam
838 1746 886 1780 ipsi
900 1733 1024 1782 habebat;

231 1777 326 1812 siquid
340 1787 396 1806 vero
407 1789 477 1808 secus
488 1783 595 1817 fecisset,
610 1791 730 1821 tanquam
742 1789 837 1817 hontini
849 1791 898 1826 ipsi
912 1793 1025 1829 ignosce-

231 1823 283 1850 bat.
300 1824 363 1852 Cum
383 1832 468 1854 autem
487 1829 526 1856 illi
540 1830 572 1858 de
591 1832 688 1868 integro
709 1842 824 1870 urgerent
837 1838 871 1864 ad
885 1823 1022 1868 vindictam

232 1870 286 1898 (tesi
305 1870 487 1907 Imperatoris,
508 1876 662 1910 clamantes,
686 1881 837 1916 exsilientes,
853 1885 887 1910 ad
902 1886 1022 1913 ultionem

230 1917 402 1952 deposcente-5,
416 1921 503 1948 hastas
515 1922 638 1951 vibrantes
650 1933 659 1952 :
669 1931 721 1953 tum
736 1935 793 1955 vero
803 1931 885 1964 fontes
897 1931 1021 1968 lacryma-

229 1969 287 1989 rum
302 1963 500 1994 clementissimis
509 1970 562 1995 suis
573 1971 653 1998 oculis
664 1971 810 2008 e/Tundens,
820 1981 843 2002 et
853 1984 1021 2006 sacrosanctis

229 2016 332 2041 meum,
343 2010 377 2036 ad
387 2019 462 2044 quum
476 2015 638 2051 confugerat,
655 2018 801 2054 religionem
814 2021 867 2049 illis
880 2022 1018 2059 incutiens,

228 2060 296 2088 aegre
309 2055 408 2082 tandem
420 2056 484 2084 iram
498 2067 582 2087 eorum
595 2062 701 2090 sedavit.

265 2099 303 2125 Eo
318 2099 343 2127 in
359 2106 428 2128 statu
444 2111 488 2131 res
501 2111 591 2138 erant,
605 2115 664 2135 cum
686 2109 909 2147 Cbrysostomus,
929 2117 1018 2150 paucis

227 2148 365 2179 postquam
381 2146 526 2184 Eutropius
541 2151 566 2178 in
582 2154 720 2183 ecclesiam
734 2159 888 2194 confugerat
902 2161 997 2190 diebus
1007 2185 1014 2197 ,

227 2189 253 2216 in
268 2191 361 2218 eadem
375 2193 487 2222 ecclesia
500 2197 656 2226 concionem
673 2200 782 2235 habuit,
806 2189 937 2239 praesente
961 2208 1017 2235 Eu-

226 2237 313 2272 tropio
330 2243 356 2266 et
368 2238 505 2268 innumera
521 2244 609 2278 populi
633 2246 800 2276 multitudine
812 2270 818 2281 ,
840 2259 899 2286 qua:
913 2253 946 2280 ad
963 2259 1015 2282 tant

224 2282 357 2318 singulare
378 2287 559 2319 spectaculum
580 2291 753 2320 conuxerat.
779 2294 849 2323 inter
870 2305 917 2325 eos
940 2301 1015 2328 tuulti

224 2333 310 2360 erant,
325 2330 370 2364 qui
385 2331 541 2368 Eutropium
555 2337 755 2370 aversabantur,
770 2340 909 2377 ipsumque
923 2345 1014 2373 militi-

223 2373 272 2400 bus
284 2376 350 2403 tradi
362 2377 459 2406 debere
470 2381 624 2410 censebant.
639 2383 686 2411 llic
695 2387 793 2413 oratori
807 2393 898 2416 nostro
911 2396 1015 2418 extem-

223 2426 336 2452 poranea
349 2423 469 2451 oratione
482 2433 548 2460 opus
563 2427 625 2460 fuit;
647 2437 706 2462 quae
727 2435 813 2459 tamen
827 2433 897 2462 inter
907 2437 1013 2472 elegan-

222 2465 337 2494 tissimas
370 2471 547 2505 computanda
576 2477 627 2501 est.
655 2474 713 2502 Non
742 2479 824 2506 semel
853 2465 1010 2517 Eutropium

221 2513 373 2547 compellat,
388 2520 415 2542 et
429 2517 527 2545 monita
551 2518 585 2545 ab
603 2528 633 2547 se
654 2521 703 2555 ipsi
719 2523 777 2550 data
794 2524 820 2552 in
835 2513 949 2556 mentem
970 2539 1006 2558 re-

221 2562 312 2591 vocat;
339 2558 400 2587 hinc
423 2561 456 2588 ad
479 2563 604 2597 populum
625 2569 804 2602 convertitur,
825 2580 904 2606 quem
928 2579 955 2602 ut
977 2577 1010 2604 ad

219 2604 478 2634 couuniserationem
493 2611 645 2645 compellat,
661 2613 778 2649 Eutropii
792 2604 924 2647 fortunam
941 2629 1009 2656 prtu-

221 2650 335 2684 tcritam,
348 2655 486 2686 prmscntis
498 2662 560 2681 vero
570 2656 760 2692 deplorandum
771 2669 862 2691 casum
877 2670 930 2693 tam
941 2650 1010 2702 aptis

219 2696 307 2724 verbis
333 2705 528 2735 rcprmsculal,
556 2707 584 2730 ut
609 2705 649 2731 vel
674 2705 850 2738 ferocioribus
875 2711 1008 2749 lacrymas

216 2749 363 2772 excuteret.

253 2789 356 2823 Elapsis
374 2797 433 2825 post
453 2792 521 2821 hanc
542 2794 656 2824 habitam
670 2799 824 2828 concionem
839 2802 938 2839 aliquot
950 2805 1007 2834 die-

218 2831 276 2868 bus,
296 2835 434 2873 Eutropius
454 2844 482 2866 ut
495 2839 661 2870 inimicorum
677 2846 800 2875 excubias
813 2831 916 2879 fallcr'et
931 2859 1003 2881 sese-

787 129 815 157 5.
836 130 975 160 .iUAtVle
989 130 1231 164 (111111
1253 133 1342 169 \"lTA,

1839 141 1890 169 176

1096 200 1149 227 quc
1165 194 1329 229 proriperet,
1348 194 1382 222 ab
1397 195 1509 223 ecclesia
1528 196 1640 230 aufugit.
1665 197 1762 225 Verum
1776 206 1882 233 captus,

1094 243 1175 274 atque
1190 239 1215 266 in
1227 241 1342 276 Cyprum
1352 241 1503 276 relegatus;
1519 241 1668 277 dcindeque
1679 243 1749 271 haud
1760 244 1794 271 ita
1806 246 1890 272 multo

1093 284 1185 319 elapso
1205 290 1324 320 tempore
1338 285 1530 316 Cbalcedouem
1546 288 1676 317 adductus
1687 293 1715 317 et
1729 289 1869 319 damnatus
1879 312 1886 326 ,

1093 331 1180 364 capite
1191 331 1284 365 plexus
1294 337 1344 360 est.

1130 375 1179 403 Vix
1199 376 1297 411 elapsis
1323 377 1426 406 duobus
1445 377 1488 414 (T.
1504 379 1531 407 5.
1553 387 1577 406 c.
1589 378 1659 417 595)
1689 386 1749 417 post
1766 382 1886 419 Eutropi.

1093 421 1180 456 fugam
1193 422 1286 450 diebus
1300 424 1456 452 concionem
1466 425 1546 453 aliam
1559 425 1652 454 habuit
1664 426 1882 464 Chrysostomus,

1091 467 1135 493 ubi
1147 468 1293 501 przemiSsis
1306 468 1464 504 quibusdam
1476 469 1511 498 de
1524 470 1635 499 utilitate
1647 471 1770 501 lectionis
1784 474 1886 502 divina-

1092 520 1150 539 rum
1166 511 1364 548 Seripturarum
1376 535 1383 547 ,
1400 515 1538 543 obsessam
1554 517 1644 551 paucis
1659 523 1721 546 ante
1734 519 1828 547 diebus
1841 528 1886 547 ea-

1089 558 1197 586 elesiam
1210 559 1291 587 fuisse
1303 565 1408 594 narrat,
1424 569 1510 597 neque
1523 567 1611 590 tamen
1626 564 1752 591 traditum
1767 565 1881 594 inimicis

1091 604 1258 640 Eutropium,
1272 607 1328 641 qui,
1343 607 1364 634 si
1378 608 1517 635 ecclesiam
1534 616 1586 636 non
1599 609 1777 644 deseruisset,
1792 618 1885 647 captus

1090 657 1233 685 numquam
1245 651 1348 679 fuisset.
1360 652 1469 680 Fluxam
1480 654 1576 681 iterum
1588 655 1762 684 humanarum
1775 657 1885 685 faculta-

1090 701 1144 723 tum
1160 697 1366 734 divitiarnmque
1385 700 1564 729 conditionem
1583 702 1617 730 ob
1629 703 1721 730 oculos
1733 704 1807 738 ponit
1819 714 1825 731 :
1837 705 1884 732 de-

1087 747 1240 778 sertumque
1254 744 1317 771 dicit
1330 745 1364 772 ab
1378 746 1487 778 amicis,
1512 754 1527 773 a
1542 747 1696 775 domesticis
1706 769 1713 781 ,
1735 756 1751 776 a
1770 749 1882 777 fortunis

1086 789 1210 816 omnibus
1233 789 1400 825 Eutropium.
1423 791 1565 827 Multisque
1578 793 1675 820 additis
1688 794 1723 822 de
1738 802 1802 822 vero
1816 795 1882 830 legi-

1087 834 1203 870 timoque
1215 835 1366 864 divitiarum
1383 845 1450 870 usu,
1473 838 1559 874 deque
1578 839 1629 866 vita
1651 841 1788 875 praesenti,
1801 850 1881 876 quam

1086 882 1324 916 peregrinationem
1334 890 1393 910 esse
1400 889 1601 917 commonstrat,
1610 885 1643 913 ad
1651 885 1778 914 Ecclesia:
1788 887 1880 916 laudes

1086 928 1196 967 tryisit,
1211 928 1321 964 ejusque
1335 930 1439 964 nuptias
1452 938 1512 958 eum
1533 931 1640 960 Christo
1651 933 1772 968 pluribus
1787 942 1881 969 prose-

1083 972 1191 1007 quitur,
1221 974 1271 1001 lmc
1297 975 1450 1010 frequenter
1474 984 1537 1004 usus
1559 977 1658 1005 Psalmi
1684 979 1879 1015 quadragesimi

1083 1020 1170 1053 quatri
1184 1021 1325 1054 versiculo,
1341 1022 1444 1049 Adstitit
1458 1023 1545 1058 regina
1555 1032 1570 1050 a
1586 1025 1681 1052 dextris
1691 1026 1740 1052 tuis
1750 1026 1775 1052 in
1789 1027 1879 1054 vestitu

1083 1064 1214 1097 deaurato,
1228 1071 1280 1094 etc.
1295 1067 1332 1094 De
1345 1067 1395 1096 hac
1409 1073 1542 1103 postrema
1556 1069 1671 1098 ltomilia:
1683 1076 1756 1106 parte
1768 1077 1878 1101 senten-

1083 1110 1146 1137 tiam
1161 1117 1278 1139 nostram
1294 1113 1408 1141 diximus
1422 1116 1447 1141 iu
1462 1115 1571 1143 Muttito.

1118 1155 1207 1184 Gaina:
1214 1158 1363 1192 petulantia.
1373 1159 1513 1188 Guinas
1527 1167 1586 1195 post
1599 1162 1765 1197 impetratam
1781 1165 1875 1199 partim

1081 1203 1117 1237 vi,
1131 1204 1225 1238 partim
1240 1205 1301 1233 dolo
1315 1207 1433 1242 Eutropii
1454 1209 1557 1236 ruinam
1581 1211 1779 1247 perniciemque
1790 1212 1834 1246 (T.
1846 1214 1874 1241 5.

1080 1258 1103 1276 c.
1119 1250 1195 1285 415),
1209 1252 1371 1285 petulantior
1383 1254 1408 1281 in
1422 1255 1480 1282 dies
1490 1257 1583 1288 evasit,
1598 1261 1677 1291 atque
1689 1266 1721 1284 eo
1735 1259 1874 1293 impuden-

1081 1294 1124 1321 tiae
1137 1297 1275 1330 processit,
1291 1302 1320 1325 ut
1332 1300 1414 1327 armis
1424 1301 1560 1336 copiisque
1571 1302 1726 1337 instructus,
1738 1304 1874 1333 Saturnini

1079 1345 1106 1367 et
1119 1341 1255 1369 Aureliani
1266 1363 1273 1376 ,
1298 1344 1341 1378 qui
1357 1345 1426 1373 inter
1441 1346 1546 1381 imperii
1566 1355 1691 1382 proceres
1705 1351 1872 1384 eminebant,

1078 1387 1164 1422 capita
1184 1388 1359 1424 deposceret,
1381 1400 1431 1420 nec
1451 1394 1502 1421 nisi
1523 1394 1573 1422 hac
1587 1395 1742 1425 conditione
1754 1405 1784 1425 se
1798 1406 1872 1427 arnta

1079 1433 1226 1467 positurum
1240 1442 1300 1462 esse
1311 1436 1487 1465 minitaretur.

1113 1479 1267 1508 Saturninus
1281 1487 1304 1508 et
1317 1482 1468 1511 Aurelianus
1480 1485 1506 1512 in
1515 1486 1632 1514 exsiliunt
1654 1488 1732 1522 pulsi.
1743 1503 1779 1509 -
1788 1489 1871 1518 Area-

1076 1523 1136 1552 dius
1148 1533 1212 1553 vero
1224 1526 1380 1562 imperator,
1393 1530 1438 1565 qui
1450 1531 1483 1558 ob
1495 1531 1615 1560 inertiam
1626 1539 1779 1571 metumque
1788 1537 1871 1565 cuivis

1077 1570 1181 1605 injuria:
1196 1578 1362 1607 opportunus
1384 1581 1456 1609 erat,
1473 1585 1529 1604 rem
1551 1581 1721 1613 quantumvis
1735 1581 1868 1617 indignam

1075 1616 1207 1653 denegare
1221 1626 1272 1646 nco
1287 1627 1377 1653 ausas,
1391 1625 1478 1650 tantos
1491 1623 1562 1651 viros
1576 1624 1609 1651 ad
1621 1633 1712 1653 necem
1726 1627 1869 1656 traditurus

1075 1667 1143 1696 crat,
1162 1664 1212 1691 nisi
1227 1664 1433 1700 Cbrysostomus
1445 1687 1453 1700 ,
1473 1673 1563 1702 utpote
1579 1671 1728 1699 couununis
1749 1673 1867 1700 ouminm

1076 1714 1162 1741 pater.
1180 1709 1217 1736 sic
1234 1710 1292 1742 ille,
1307 1710 1417 1739 Gainam
1434 1713 1553 1748 adiisset,
1570 1715 1733 1744 obambulans
1744 1739 1751 1749 ,
1765 1718 1866 1753 inquit,

1074 1753 1224 1786 exhortans,
1240 1756 1382 1790 obtestans,
1398 1759 1560 1794 supplicans,
1583 1766 1611 1788 ut
1632 1770 1648 1788 a
1662 1763 1771 1790 dominis
1784 1772 1812 1790 ea
1824 1773 1867 1791 ca-

1075 1797 1174 1826 lamitas
1193 1800 1378 1835 depelleretur;
1398 1803 1477 1839 idque
1496 1805 1603 1833 demum
1619 1814 1632 1834 a
1647 1807 1760 1835 barbaro
1783 1810 1865 1844 impe

1074 1848 1187 1877 trasset,
1203 1847 1306 1874 utsatis
1319 1847 1442 1882 haberet,
1458 1850 1480 1877 si
1497 1850 1655 1879 Saturninus
1666 1858 1693 1880 ct
1707 1855 1866 1883 Aurelianus

1073 1889 1099 1916 iu
1113 1891 1235 1919 exsilium
1250 1893 1429 1922 mitterentur.

1107 1935 1135 1962 Id
1150 1944 1213 1964 vero
1227 1938 1324 1965 accidit
1341 1947 1412 1967 anno
1434 1941 1541 1970 ineunte
1560 1943 1612 1972 400
1625 1954 1630 1972 :
1643 1953 1697 1980 quo
1710 1947 1797 1981 posito
1810 1948 1864 1975 cal-

1071 1981 1131 2008 culo
1142 1990 1171 2009 ea
1183 1991 1242 2017 qum
1253 1986 1405 2018 praecedunt
1417 1992 1443 2014 ct
1453 1997 1512 2023 quae
1522 1989 1720 2026 subsequuntur
1730 2000 1862 2025 constare.

1070 2032 1096 2054 et
1112 2027 1198 2055 locum
1220 2034 1376 2066 tempusque
1397 2041 1472 2060 suum
1497 2043 1627 2070 occupare
1650 2038 1783 2066 videntur.
1810 2040 1863 2068 lloc

1069 2077 1157 2100 autem
1178 2080 1285 2108 peracto
1305 2077 1410 2112 negotio
1425 2080 1579 2108 concionem
1599 2081 1862 2120 liabuitCltrysosto

1070 2126 1139 2152 unus,
1154 2120 1198 2147 ubi
1213 2120 1245 2149 de
1262 2121 1555 2160 Constantiutmolitano
1577 2129 1700 2161 tumultu,
1716 2130 1750 2158 de
1763 2132 1863 2159 vicissi-

1070 2165 1161 2193 tudine
1174 2165 1349 2196 ltumanarum
1363 2178 1451 2197 rermu
1466 2172 1529 2207 agit.
1547 2173 1649 2206 Omnia,
1664 2176 1758 2210 inquit,
1774 2180 1862 2204 turba-

1067 2219 1123 2237 rum
1136 2220 1167 2238 ac
1181 2214 1334 2241 tumultuum
1352 2215 1427 2250 plena
1444 2223 1518 2250 sunt,
1540 2220 1624 2246 omnia
1639 2222 1737 2254 scopuli
1750 2231 1780 2249 ac
1796 2231 1862 2258 pm-

1067 2257 1164 2291 cipitia,
1179 2260 1264 2286 omnia
1276 2269 1351 2297 ruprs
1364 2262 1409 2289 sub
1424 2263 1496 2297 aquis
1506 2265 1611 2293 latentes
1621 2275 1631 2293 :
1642 2268 1727 2294 omnia
1741 2274 1859 2302 terrores,

1067 2302 1223 2337 discrimina,
1247 2308 1412 2341 suspiciones,
1432 2315 1565 2343 tremores,
1589 2317 1611 2339 et
1633 2321 1750 2348 angores.
1777 2314 1860 2343 Nemo

1065 2350 1181 2384 cuiquam
1204 2351 1270 2384 dit,
1346 2373 1353 2380 .
1376 2363 1426 2381 non
1445 2360 1481 2382 est
1502 2354 1597 2385 anticus
1615 2363 1682 2385 tutus
1693 2379 1701 2392 ,
1716 2368 1766 2387 non
1781 2361 1860 2394 [ratur

1065 2394 1163 2426 rmus.
1187 2396 1322 2424 Sublatum
1346 2404 1381 2426 est
1409 2400 1522 2429 caritatis
1543 2403 1650 2437 bonum,
1675 2404 1746 2433 civile
1767 2406 1859 2435 bellant

1064 2448 1170 2478 occupat
1187 2445 1285 2477 omnia,
1300 2445 1370 2473 civile
1381 2468 1388 2480 ,
1404 2453 1427 2474 el
1441 2457 1490 2476 non
1512 2456 1625 2485 apertum
1637 2472 1644 2484 ,
1659 2453 1704 2479 sed
1717 2454 1857 2481 obumbra-

1064 2493 1125 2515 tum.
1142 2488 1287 2518 Innumero:
1300 2491 1390 2525 ubique
1408 2495 1485 2521 [arma
1494 2516 1500 2527 ,
1525 2495 1650 2524 simulam:
1664 2498 1742 2532 facies
1755 2508 1765 2527 .'
1779 2502 1859 2528 inulta

1063 2534 1144 2560 ovium
1162 2536 1268 2570 vellera,
1285 2538 1410 2566 umumeri
1423 2541 1512 2576 ubique
1535 2542 1590 2576 lupi
1603 2543 1648 2570 sub
1665 2544 1704 2571 his
1718 2547 1837 2573 occultati
1849 2555 1858 2574 :

1063 2585 1090 2606 ut
1108 2581 1164 2615 jam
1184 2582 1249 2609 inter
1267 2583 1348 2612 hostes
1365 2584 1457 2621 aliquis
1481 2589 1558 2615 tutius
1579 2590 1683 2623 riserit,
1705 2600 1782 2626 quam
1794 2593 1858 2620 inter

1062 2634 1104 2653 eos
1119 2627 1162 2662 qui
1175 2628 1290 2656 videntur
1301 2630 1384 2657 amici.
1397 2632 1445 2664 Qui
1454 2632 1508 2660 heri
1518 2634 1698 2670 adulabantur,
1713 2638 1756 2673 qui
1769 2647 1857 2666 manus

1061 2673 1250 2710 osculabantur,
1265 2675 1340 2704 hodie
1353 2685 1454 2713 repente
1468 2683 1587 2716 comperti
1603 2688 1661 2710 sunt
1675 2684 1768 2717 hostes,
1786 2685 1856 2719 obje-

1061 2720 1156 2755 ctisque
1175 2721 1250 2748 larvis
1261 2743 1268 2754 ,
1291 2723 1352 2757 farti
1369 2730 1427 2751 sunt
1449 2727 1563 2754 omnibus
1579 2731 1770 2758 accusatoribus
1785 2740 1856 2758 arer-

1060 2764 1216 2800 biorcs:pro
1237 2767 1325 2801 quibus
1344 2769 1459 2797 hesterna
1483 2772 1524 2799 die
1544 2774 1639 2808 gratias
1661 2775 1782 2810 agebant,
1810 2777 1855 2804 hos

1058 2816 1125 2836 nunc
1145 2811 1260 2839 incusant
1276 2818 1300 2840 et
1312 2815 1509 2845 calunmianlur.
1531 2819 1631 2847 Deinde
1649 2829 1713 2848 vero
1735 2822 1768 2849 de
1784 2823 1853 2849 diviv

1057 2855 1152 2884 tiarqu
1183 2859 1296 2887 vanitate
1320 2862 1455 2897 eleganter
1477 2871 1525 2898 pro
1550 2873 1624 2895 more.
1651 2874 1699 2893 suo
1724 2867 1849 2895 liisSCiil:
