2034 3109
172 123 222 150 177

173 179 338 214 paupertatis
365 179 433 207 bona
460 179 640 215 deprtedicat,
668 183 760 215 utpote
785 188 846 216 qua:
866 185 966 208 tantam

172 230 280 259 pra-stet
295 226 466 253 securitatem
477 247 484 259 ,
501 231 628 260 quantttm
649 226 748 254 divitia:
760 227 908 261 perieulum
923 234 969 262 pa-

172 271 253 297 riunt.
275 271 389 298 Dennun
408 272 531 306 exemplo
543 271 602 299 Jebi
620 272 653 299 ad
675 271 842 299 calamitates
864 272 968 299 fortiter

172 315 295 344 ferendas
308 316 441 344 hortatur.

208 361 304 389 Gainas
331 361 455 397 Magister
482 362 581 389 militia:
601 363 760 390 constitutus.
772 377 809 384 —-
822 363 964 398 Postqttam

171 407 331 434 Saturninus
353 411 380 434 et
401 407 560 435 Aurelianus
577 408 651 444 (Saz.
673 408 693 435 Ι.
716 408 744 436 8.
761 417 785 435 c.
807 409 846 444 ι),
871 415 966 444 pacato

172 453 254 480 Gaiua
265 474 272 484 ,
287 454 313 480 in
325 453 447 482 exsilium
462 455 513 481 acti
529 454 630 482 fuerant
645 454 731 490 (Anno
743 454 806 490 400)
818 475 826 486 .
841 463 901 482 cttnt
916 457 966 482 Ar-

171 498 247 525 cadio
266 499 427 533 Intperatore
441 499 539 526 Gainas
561 501 588 527 in
611 500 805 535 ecclesiajuxts
819 500 966 528 Chalcedo-

172 552 232 571 nent
246 545 305 576 sita,
319 545 363 571 ubi
379 545 407 571 S.
425 545 578 579 Euphetnite
591 546 716 581 martyris
729 546 880 580 sepulcrum
894 551 963 578 erat,

170 590 331 624 enllomtiuut
354 590 446 617 habuit
457 611 464 622 ,
479 598 592 626 eutnqtte
604 599 637 619 ex
653 597 731 626 pacto
743 597 876 620 convento
890 600 964 620 arma

171 636 350 670 deposuisset,
365 637 574 672 eljurejurando
584 637 705 668 adhibito
717 638 794 665 lidctn
810 638 964 673 Imperatori

170 682 308 715 dedisset,
340 684 472 717 eqttestris
504 684 687 719 pedestrisque
717 684 820 712 militiae
842 684 967 719 Magister

171 730 332 758 declaratur.
352 730 440 758 Tanto
460 736 547 758 autem
563 731 671 758 inﬂatus
685 731 804 762 honore,
826 737 871 758 res
883 737 965 758 novas

172 777 263 804 moliri
279 784 331 803 non
352 776 464 804 distulit.
480 777 544 804 Erat
557 777 602 804 ille
616 777 746 808 Arianus,
762 776 872 812 perinde
886 781 965 811 atqtte

170 823 248 851 multi
262 823 306 850 alii
317 823 422 857 Gottbi,
434 823 478 858 qui
491 828 553 851 tunc
565 824 719 859 episcopum
734 823 964 858 Constantinopoli

169 870 305 898 habebant
318 879 325 897 :
339 870 514 898 suadentibus
527 875 616 898 autem
632 870 752 905 ejusdem
768 875 848 898 sectte
862 871 966 905 episco-

170 917 213 951 pis
233 916 426 951 Imperatorem
448 917 566 952 rogavit,
593 925 673 944 unam
687 925 719 944 ex
732 917 854 945 ecclesiis
866 917 965 945 urbicis

168 970 226 989 sua:
236 967 317 989 scene
328 962 461 995 traderet;
476 963 628 990 indecorum
639 971 700 991 esse
712 963 803 991 dicens
811 958 964 999 Magistriim

170 1007 299 1035 Ilomaum
315 1008 417 1035 militia:
429 1014 502 1035 extra
517 1009 610 1036 urbem
626 1009 718 1036 orandi
731 1017 810 1037 causa
822 1010 963 1044 proficisci.

169 1053 300 1081 Arcadius
313 1061 385 1086 vero,
400 1054 444 1088 qui
456 1053 567 1081 Gainam
579 1055 724 1088 metuebat,
738 1060 768 1082 ut
779 1060 805 1082 et
815 1055 893 1083 aulici
906 1056 965 1090 ejus

169 1107 264 1127 outnes
275 1121 282 1130 ,
297 1107 328 1127 ea
341 1100 376 1127 de
389 1108 418 1127 re
435 1100 640 1128 deliberaturum
656 1108 686 1128 se
699 1101 781 1134 dixit,
801 1109 964 1136 operamque

168 1145 292 1172 daturum
309 1150 338 1173 ut
358 1146 443 1181 ipsius
462 1145 597 1174 desiderio
620 1146 696 1174 fieret
717 1148 792 1175 satis.
818 1148 965 1181 Imperator

168 1197 261 1219 autem
279 1191 407 1220 Joannem
430 1198 550 1219 nostrum
575 1192 704 1225 advocat,
728 1192 820 1220 Gaitue
843 1198 963 1228 optatum

167 1239 269 1272 docet,
286 1239 343 1273 ejus
356 1239 502 1274 potentiam
519 1244 727 1273 commemorat,
749 1240 834 1274 ipsutn
846 1240 964 1276 tyranni-

165 1285 230 1311 dem
254 1285 375 1312 meditari
399 1293 451 1312 non
474 1284 588 1312 obscure
613 1285 721 1318 iudicat,
743 1285 915 1321 ltorlaturqtte
936 1291 964 1314 ιιι

167 1331 275 1357 barbari
291 1332 410 1358 animum
436 1331 461 1358 id
476 1331 648 1359 concedendo
662 1337 816 1366 compescat
832 1331 963 1368 (Theodo-

163 1383 212 1404 ret.
232 1380 251 1404 Ι.
266 1378 292 1405 5.
317 1386 340 1404 c.
363 1378 420 1413 5‘2).
437 1378 583 1413 Respondit
600 1377 717 1406 Joannes
729 1398 737 1411 ,
754 1378 908 1413 Imperatori
924 1378 962 1406 fas

164 1431 217 1450 non
239 1431 302 1450 esse
317 1424 378 1450 talia
400 1424 536 1458 polliceri,
558 1428 585 1451 et
605 1429 697 1451 sancta
715 1425 827 1452 canibus
839 1425 963 1454 dare:se

163 1476 230 1495 vero
247 1469 403 1504 neutiquam
425 1477 503 1504 posse
525 1469 678 1497 Catltolicos
697 1470 730 1497 ab
743 1470 854 1497 ecclesia
868 1471 962 1505 quavis

158 1515 281 1549 ejicere,
298 1521 329 1542 ut
351 1515 458 1542 induettt
477 1516 591 1542 Arianos
602 1535 609 1549 ,
630 1516 675 1550 qui
692 1516 718 1543 in
737 1515 832 1542 Filium
846 1516 892 1542 Dei
905 1516 961 1542 bla-

155 1562 274 1595 Sphcma
295 1562 456 1596 proferrent,
478 1569 564 1596 tteque
578 1565 651 1588 metu
665 1561 774 1588 barbari
789 1560 888 1588 debere
903 1569 961 1587 uto-

153 1608 211 1634 veri
223 1617 230 1634 :
243 1608 295 1635 sed
310 1608 405 1634 ambos
414 1607 546 1634 advocare
557 1613 641 1642 rogat,
653 1614 683 1635 se
694 1611 827 1642 nempe-et
837 1606 960 1640 Gainznn,

151 1660 328 1689 sperareqne
349 1661 380 1681 se
407 1653 480 1680 illurn
505 1660 538 1681 eo
560 1653 738 1681 adducturum
759 1660 838 1686 esse,
865 1658 891 1679 ιιι
907 1660 960 1679 ttou

150 1700 221 1726 ultra
238 1700 323 1735 paria
338 1700 494 1735 postularet.
515 1699 561 1726 llis
576 1699 674 1727 attditis
687 1699 837 1735 imperator
853 1707 962 1734 magno-

147 1752 216 1779 pere
230 1745 348 1780 gavisus
361 1749 402 1772 est
413 1765 421 1779 ,
442 1750 468 1772 et
482 1745 610 1780 postridie
624 1750 765 1780 utrumque
777 1745 856 1780 jussit
869 1745 959 1772 acciri.

145 1792 277 1818 Accessit
301 1791 407 1819 Gainas
427 1790 542 1827 (Sozam.
568 1791 586 1818 ι.
607 1791 634 1818 8.
657 1799 681 1817 ε.
701 1790 748 1827 4);
772 1791 858 1817 adfuit
880 1791 960 1817 etiattt

145 1837 371 1873 tlln-ysostontus
384 1845 444 1865 cum
460 1838 595 1873 episcopis
609 1838 653 1873 qui
668 1837 960 1873 tumCoustantinopoli

142 1888 224 1909 erant
246 1883 427 1919 (Theodorei.
446 1883 465 1910 Ι.
483 1883 511 1911 5.
532 1891 555 1910 c.
575 1882 631 1918 32).

176 1929 285 1956 Gainas
314 1937 332 1955 ιι
361 1928 541 1964 Cltrysostomo
569 1937 710 1964 repressus.
727 1943 761 1949 --
775 1928 842 1956 Tum
863 1927 961 1956 Gainas

139 1975 281 2008 promissa
305 1974 364 2001 sibi
387 1974 444 2001 dari
467 1974 610 2010 ﬂagitabat.
633 1975 806 2002 Reclamabat
827 1974 958 2007 Joannes,

137 2030 192 2050 non
214 2024 307 2051 licere
329 2023 492 2058 Imperatori
509 2024 552 2058 qui
567 2023 636 2058 piant
652 2023 808 2058 religionem
820 2022 959 2058 profitere-

136 2074 180 2095 tur
193 2089 202 2102 ,
225 2070 375 2098 adversus
394 2076 438 2096 res
464 2069 567 2096 divinas
586 2068 729 2104 quidquam
747 2072 887 2095 attentare.
910 2067 960 2095 lle-

135 2117 214 2151 ponit
229 2117 385 2150 Golthus,
408 2124 514 2151 aequum
538 2123 597 2144 esse
620 2120 649 2144 ut
671 2117 727 2152 ipse
749 2123 854 2151 quoque
874 2115 959 2142 tndem

133 2169 256 2196 sacram,
273 2164 302 2191 in
316 2171 378 2199 qua
392 2167 557 2198 precaretur,
574 2163 693 2190 haberet.
707 2162 774 2190 Tum
789 2170 900 2197 magnus
915 2162 960 2189 ille

134 2208 257 2237 Joannes
268 2219 274 2236 :
288 2210 401 2236 Omnes
412 2208 456 2235 tibi
467 2213 562 2244 aperite
575 2213 632 2235 sunt
645 2209 713 2235 wdes
724 2215 814 2240 sacras,
828 2216 873 2234 nec
889 2207 957 2234 ullus

134 2255 235 2282 aditum
257 2254 431 2290 prohibebit,
451 2254 473 2281 si
494 2254 591 2290 precari
610 2254 729 2281 volueris.
749 2255 780 2280 At
795 2263 856 2290 ego,
876 2254 959 2289 inquit

133 2302 245 2337 Gainas,
273 2302 400 2328 alterius
420 2309 474 2327 sum
493 2306 584 2333 sectw,
604 2305 628 2328 et
647 2308 706 2327 cum
723 2300 880 2327 consortibus
898 2301 959 2327 meis

133 2357 210 2375 unum
225 2349 378 2376 ecclesiam
395 2352 471 2381 peto;
486 2348 562 2383 idque
572 2348 631 2382 jure
640 2347 702 2374 mihi
713 2352 795 2383 petere
803 2347 902 2379 videor,
917 2346 959 2381 qui

131 2395 211 2422 run/ut
234 2403 286 2431 pro
314 2393 455 2422 Romanis
478 2393 601 2420 bellorum
629 2394 779 2420 discrimina
803 2393 957 2428 pertulerint.

132 2442 170 2468 Ad
187 2442 248 2470 lucc
259 2442 400 2470 Joannes
415 2448 424 2466 :
437 2439 486 2466 Sed
501 2440 586 2472 habes,
601 2440 696 2474 inquit,
712 2440 817 2473 prwmia
832 2439 958 2466 laboribus

131 2488 179 2515 tuis
194 2488 276 2524 lor/ge
288 2487 406 2522 majora
419 2492 430 2511 .'
442 2492 498 2511 nam
515 2489 539 2512 et
554 2484 676 2520 Magister
692 2484 801 2511 militum
815 2489 922 2517 creatus,
936 2489 959 2511 et

130 2534 265 2561 consulari
280 2538 356 2560 veste
370 2535 487 2558 ornatus
501 2539 536 2557 es.
553 2530 702 2558 Consideres
712 2535 808 2566 oportet
822 2531 883 2565 quid
898 2531 959 2558 olim

132 2583 210 2617 {unis
223 2587 249 2608 et
263 2581 334 2617 quid
351 2585 433 2607 nunc
448 2577 481 2604 sit
489 2585 499 2609 ;
519 2567 614 2613 quanta
628 2578 702 2612 fuerit
716 2578 785 2612 trior
795 2582 890 2614 egestas
903 2583 957 2608 tua.

131 2635 226 2663 quanta
241 2637 316 2656 nunc
333 2633 434 2654 rerum
458 2625 545 2657 copia;
565 2623 654 2659 quibus
678 2625 830 2656 vestimentis
846 2633 908 2651 usus
924 2624 959 2650 sis

132 2676 285 2710 priusquam
310 2673 427 2701 Istrum
461 2670 606 2702 trujiceres,
633 2670 721 2705 quibus
753 2678 820 2697 nunc
844 2670 959 2697 induaris

133 2721 251 2755 (δοωηι,
274 2721 295 2748 ι,
319 2719 350 2747 3.
377 2725 407 2744 ε.
433 2713 481 2748 4).
502 2714 529 2741 ltt
544 2715 699 2742 memoriam
715 2715 957 2748 revocavitetiam,

133 2769 270 2803 ψηηηυιιο
286 2774 355 2795 cum
373 2772 390 2791 τι
409 2762 510 2798 patria
523 2761 666 2796 aufugisset
678 2770 693 2789 a
708 2761 859 2789 Theodosto
872 2761 958 2802 Impe-

132 2823 218 2844 mtorc
233 2821 262 2844 ct
284 2810 408 2843 Arcadii
433 2811 520 2844 patre
531 2812 653 2834 servatus
665 2808 771 2842 fuisset,
791 2808 959 2844 iurassetque

136 2870 163 2889 se
176 2862 309 2890 Romanis
324 2857 476 2887 anticum,
489 2851 590 2887 ipsique
599 2860 629 2880 ac
639 2853 727 2881 liberis
738 2854 794 2888 ejus
805 2862 835 2881 ac
845 2854 955 2889 legibus.

776 122 867 150 NUNC
887 121 1017 151 PRIMUM
1032 121 1230 152 ADORNATA.

1765 130 1813 158 1⁷9

1023 186 1091 216 quas
1102 189 1173 209 nunc
1185 183 1312 218 abrogare
1327 184 1484 216 conabatur,
1500 185 1579 213 lldutn
1594 191 1722 221 perpetuo
1736 195 1811 214 man-

1021 234 1113 255 surum
1127 236 1197 257 esse.
1218 229 1344 265 Tuncque
1358 229 1442 266 legem
1456 240 1470 258 a
1485 232 1636 260 Theodosio
1652 233 1730 260 latam
1752 241 1813 269 pto-

1021 274 1097 308 tulit,
1116 282 1176 310 qum
1194 279 1315 302 vetuerat
1336 284 1369 303 ne
1390 275 1506 305 haeretici
1528 278 1596 305 intra
1619 279 1692 306 urbis
1713 281 1812 307 mantia

1020 321 1144 348 collectas
1158 321 1336 349 celebrarent.
1351 322 1414 350 Post
1427 322 1485 350 lucc
1497 324 1530 350 ad
1546 326 1734 360 Imperatorem
1747 333 1810 352 eon<

1019 374 1112 394 versus
1131 366 1215 394 suasit
1236 366 1284 402 ipsi
1305 372 1334 395 ttt
1355 368 1438 404 legem
1451 390 1457 400 ,
1477 377 1536 405 qua:
1551 370 1678 398 adversus
1694 371 1810 399 ltzereses

1019 412 1069 439 lata
1082 413 1176 444 fuerat,
1187 419 1271 440 ratatn
1285 418 1419 442 servaret:
1429 416 1512 443 satius
1523 424 1582 444 esse
1593 416 1685 444 dicens
1699 417 1811 451 imperio

1018 458 1129 490 cedere,
1143 467 1221 494 quam
1239 460 1341 494 prodita
1357 461 1404 488 Dei
1427 461 1506 489 dumo
1522 463 1653 497 piaeulttm
1669 464 1811 493 admittere

1018 503 1180 539 (Tltcodoret.
1195 505 1213 532 Ι.
1221 505 1246 532 5.
1261 513 1283 532 ε.
1301 506 1522 541 5Ξ).11ιι]ιιςηιυι1ῑ
1536 509 1704 537 sermonibus
1716 510 1811 538 doetor

1018 550 1062 578 ille
1076 551 1147 578 orbis
1160 556 1290 579 terrarum
1316 552 1362 588 (sic
1375 552 1570 590 Tlteodoretus),
1581 555 1670 582 Gaium
1686 564 1716 583 os
1730 557 1810 583 obtu-

1017 596 1094 628 rat-it,
1111 601 1138 624 et
1153 603 1241 625 tacere
1254 605 1315 625 eum
1327 598 1457 634 compulit
1473 599 1588 635 (Sozam.
1601 601 1620 627 Ι.
1637 601 1661 632 8,
1679 611 1700 628 ο.
1716 603 1754 637 4).

1054 641 1144 669 Gaium
1157 648 1226 677 gesta
1238 648 1261 670 et
1271 652 1437 671 recum.—
1453 644 1507 680 Spe
1534 645 1624 680 lapsus
1647 647 1762 680 Gainas,
1784 652 1810 676 ct

1017 688 1093 723 quasi
1118 689 1144 716 in
1159 688 1276 718 furorem
1290 695 1383 724 actus,
1395 691 1472 718 fidem
1486 691 1587 720 violare
1601 697 1629 720 et
1649 694 1740 720 urbem
1764 694 1811 721 dc-

1018 734 1130 769 prasdari
1141 734 1195 770 jam
1209 735 1396 764 meditabatur.
1411 736 1475 772 Ejus
1488 741 1576 764 autem
1591 738 1716 771 insidias,
1726 739 1811 774 irquit

1017 779 1197 813 Sozontenus,
1214 781 1404 816 pratnttntiavit
1420 787 1555 816 cometes,
1575 783 1620 818 qui
1647 788 1709 812 tttnc
1730 792 1810 819 supra

1016 825 1152 854 civitatem
1165 827 1297 854 maxitnus
1310 827 1448 863 apparuit,
1475 836 1560 864 usque
1582 829 1615 856 ad
1638 834 1734 857 terram
1755 831 1810 858 fere

1017 873 1185 908 pertingens,
1197 878 1224 901 et
1236 874 1321 908 qualis
1332 882 1475 909 numquam
1488 879 1565 902 antea
1579 875 1650 903 visus
1659 876 1740 904 fuisse
1752 884 1810 905 me-

1018 920 1196 947 tnoratur.Ac
1212 920 1298 954 primo
1324 920 1433 956 quidem
1456 921 1666 957 argentariorum
1689 923 1810 951 officinas

1017 964 1142 1006 invadere
1163 965 1299 998 tentabat,
1317 967 1458 994 maximam
1479 975 1508 995 se
1530 968 1651 1003 pecuniae
1677 977 1808 996 summam

1017 1011 1078 1038 inde
1093 1011 1265 1039 collecturmu
1281 1019 1402 1046 sperans.
1415 1012 1482 1040 Cum
1495 1018 1583 1040 autent
1595 1021 1701 1041 rumore
1716 1015 1809 1042 nuntio

1017 1057 1042 1084 in
1059 1057 1180 1085 notitiam
1196 1058 1313 1086 veni55et
1325 1058 1397 1086 illum
1424 1059 1486 1086 talia
1512 1060 1651 1094 meditari,
1666 1063 1806 1096 argentarii

1017 1103 1042 1130 itt
1055 1103 1163 1131 latebris
1177 1104 1266 1131 omnia
1283 1112 1411 1138 posuere:
1424 1105 1459 1131 ita
1470 1105 1558 1132 ontnis
1570 1105 1636 1133 lucri
1665 1106 1726 1134 ittde
1749 1115 1809 1141 per-

1016 1149 1203 1185 cipiendispes
1217 1150 1265 1185 ipsi
1277 1143 1402 1178 avolavit.
1419 1151 1486 1178 Tum
1506 1159 1554 1179 ceu
1577 1152 1650 1180 rabie
1671 1158 1808 1188 correptus

1016 1194 1114 1222 Gainas
1124 1216 1131 1227 ,
1143 1196 1198 1223 suis
1209 1195 1343 1223 mandavit
1356 1201 1384 1223 ut
1393 1196 1529 1232 imperiale
1540 1197 1664 1232 palatium
1681 1199 1808 1226 incende-

1015 1245 1084 1268 rent.
1097 1241 1145 1269 llic
1157 1250 1219 1269 vero
1234 1250 1290 1270 rem
1306 1242 1425 1278 prodigio
1437 1243 1551 1271 similent
1572 1250 1663 1272 narrat
1679 1244 1807 1272 Sozomc-

1015 1294 1083 1320 nus;
1099 1295 1193 1322 nempe
1204 1287 1337 1323 ingentem
1351 1287 1464 1316 militum
1486 1296 1626 1316 numerum
1646 1295 1707 1317 ante
1734 1291 1808 1324 pala-

1016 1333 1080 1360 tium
1094 1333 1220 1361 diviuitus
1232 1335 1430 1369 comparuisse,
1445 1335 1625 1371 barbarosque
1645 1340 1671 1363 et
1697 1336 1807 1364 Gainaut

1015 1379 1101 1414 ipsum
1114 1387 1146 1407 ne
1158 1386 1246 1414 coepta
1262 1381 1420 1415 perficerent
1430 1381 1593 1408 deterruisse
1603 1402 1610 1414 ,
1623 1382 1725 1417 aliaque
1747 1390 1807 1409 uar-

1015 1431 1055 1452 rat
1066 1433 1125 1460 qua:
1143 1425 1256 1452 fabulam
1278 1434 1373 1461 sapere
1395 1426 1531 1454 videntur.
1544 1427 1625 1453 Addit.
1644 1427 1807 1454 Sozomeuus

1014 1478 1045 1498 ex
1062 1471 1182 1498 barbaris
1203 1471 1254 1498 illis
1270 1471 1336 1498 alios
1349 1472 1374 1498 in
1396 1471 1463 1499 urbe
1487 1472 1633 1505 mansisse,
1661 1472 1726 1499 alios
1747 1481 1806 1499 cum

1013 1517 1096 1546 Gaius
1111 1526 1232 1553 egressos
1240 1526 1316 1552 csso,
1331 1523 1358 1546 et
1368 1519 1517 1546 clanculum
1533 1527 1605 1546 arma
1626 1519 1652 1548 iit
1677 1520 1805 1548 vehiculis

1015 1564 1172 1592 feminarum
1185 1585 1192 1597 ,
1204 1569 1232 1592 et
1247 1564 1272 1591 in
1286 1564 1364 1592 doliis
1378 1565 1429 1592 tela
1452 1565 1644 1600 exportavisse.
1667 1565 1719 1592 Sed
1744 1573 1804 1594 cuttt

1013 1609 1172 1644 deprehensi
1186 1615 1291 1642 essent,
1309 1615 1445 1644 portarum
1470 1610 1614 1644 custodes,
1638 1611 1722 1646 inquit
1743 1612 1803 1644 ille,

1012 1656 1056 1691 qtti
1071 1664 1104 1682 tte
1118 1663 1191 1683 arma
1206 1660 1377 1690 exportarent
1402 1655 1593 1691 prohibebant,
1607 1656 1803 1684 interfecerunt.

1014 1700 1108 1736 lugens
1121 1705 1182 1728 tunc
1196 1701 1322 1727 tumttltus
1335 1708 1366 1728 ac
1377 1706 1464 1729 terror
1487 1709 1579 1729 omnes
1603 1702 1713 1734 invasit,
1729 1702 1804 1737 quasi

1010 1746 1120 1782 jamjam
1131 1747 1194 1774 urbs
1207 1746 1334 1782 capienda
1349 1752 1375 1774 et
1385 1747 1526 1782 expilanda
1540 1752 1623 1776 esset.
1640 1748 1672 1774 At
1689 1747 1805 1782 Impera-

1013 1797 1055 1819 tor
1064 1791 1210 1825 Arcadius,
1223 1792 1322 1827 optima
1335 1797 1400 1820 tunc
1412 1800 1475 1820 ttsus
1497 1793 1742 1825 consilio,Gainam
1759 1794 1805 1820 ho-

1011 1843 1080 1866 stetn
1093 1837 1254 1871 declaravit,
1267 1838 1409 1871 barbaros,
1425 1839 1468 1874 qtti
1484 1839 1509 1865 in
1522 1839 1586 1866 urbe
1611 1844 1686 1866 erant
1697 1860 1704 1872 ,
1720 1839 1803 1866 occidi

1009 1884 1089 1919 jussit
1109 1893 1116 1912 :
1139 1884 1290 1919 militesque
1316 1885 1416 1919 itnpetu
1438 1885 1464 1912 in
1491 1885 1549 1911 illos
1569 1885 1637 1912 facto
1658 1885 1803 1912 maximam

1013 1931 1118 1959 illorum
1142 1937 1242 1966 partem
1267 1932 1446 1963 trueidavere;
1469 1931 1609 1958 ecclesiam
1634 1939 1715 1964 vero,
1744 1939 1803 1966 quae

1012 1977 1151 2005 dicebatur
1175 1977 1334 2005 Gotttmrtuu
1347 1997 1355 2010 ,
1371 1977 1492 2005 incendio
1506 1983 1746 2012 consampseruut,
1775 1978 1802 2004 in

1011 2032 1063 2059 qua
1079 2024 1169 2052 Gottbi
1181 2024 1256 2051 multi
1271 2023 1384 2051 ﬂammis
1399 2024 1488 2051 traditi
1502 2024 1614 2059 periere.
1630 2024 1723 2051 Postea
1740 2033 1804 2051 vero

1012 2070 1177 2097 Sozomeuus
1190 2069 1280 2098 Gaium
1295 2074 1368 2105 gesta
1388 2075 1528 2103 recenset,
1553 2075 1580 2097 et
1603 2070 1691 2097 omnia
1714 2070 1803 2104 paucis

1012 2118 1181 2152 persequitur
1193 2116 1225 2142 ad
1239 2124 1324 2150 usque
1335 2116 1392 2151 ejus
1407 2116 1509 2143 cladem
1535 2121 1562 2143 et
1586 2124 1690 2143 necem.
1719 2115 1746 2143 in
1771 2116 1803 2142 iis

1010 2170 1075 2190 Vero
1091 2170 1150 2197 qua:
1163 2167 1271 2195 narrat,
1285 2163 1406 2197 quaedam
1431 2170 1493 2189 vera
1519 2170 1579 2190 esse
1599 2162 1731 2195 videntur,
1755 2162 1803 2189 Sed

1011 2207 1085 2235 falsis
1099 2207 1259 2234 intermixta.

1047 2253 1105 2281 Alia
1119 2258 1209 2281 narrat
1221 2253 1407 2281 Tbeodorelus
1421 2253 1584 2288 (Tlteodoret.
1600 2254 1618 2281 Ι.
1635 2254 1662 2282 5.
1683 2262 1707 2281 c.
1730 2253 1764 2281 3‘2
1779 2259 1802 2280 et

1010 2298 1068 2335 35).
1084 2299 1150 2326 Cum
1165 2298 1263 2327 Gainas
1285 2299 1335 2327 sibi
1347 2304 1374 2327 ct
1398 2300 1454 2327 suis
1479 2299 1619 2327 ecclesiam
1645 2300 1802 2335 postulans,

1010 2347 1069 2382 ejus
1082 2346 1217 2382 potiundis
1231 2354 1279 2381 spe
1291 2346 1381 2382 lapsus
1395 2350 1466 2374 esset
1476 2366 1483 2378 ,
1498 2346 1640 2380 aliquando
1657 2351 1714 2380 post
1736 2351 1802 2372 tetu-

1012 2400 1077 2427 pore
1093 2393 1118 2419 in
1133 2396 1253 2426 apertam
1266 2392 1434 2428 tyrannidem
1448 2391 1549 2426 erupit,
1565 2391 1730 2426 collectoque
1754 2398 1802 2426 per

1011 2439 1150 2467 Thraciam
1165 2439 1300 2472 exercitu,
1314 2443 1418 2465 vastare
1433 2438 1521 2465 omnia
1534 2441 1560 2464 et
1575 2437 1686 2472 pra:dari
1710 2437 1801 2471 coquit.

1012 2485 1067 2520 Qua
1080 2493 1109 2513 re
1123 2485 1252 2516 nuntiata.
1264 2488 1337 2512 metu
1348 2492 1441 2512 omnes
1452 2484 1565 2519 perculsi
1580 2489 1656 2510 sunt:
1669 2489 1721 2511 tam
1732 2484 1802 2518 epti—

1010 2537 1111 2564 mates,
1135 2538 1215 2566 quam
1235 2531 1361 2566 p0pulum
1384 2535 1470 2557 terror
1490 2530 1595 2557 invasit.
1620 2529 1713 2565 Neque
1735 2531 1803 2558 utlus

1009 2581 1068 2606 erat
1080 2577 1124 2613 qui
1137 2577 1231 2613 praelio
1243 2584 1304 2604 cum
1327 2576 1373 2604 illo
1394 2576 1519 2612 congredi
1539 2576 1635 2610 vellet,
1653 2584 1731 2604 nemo
1758 2576 1803 2611 qui

1011 2623 1171 2660 legationem
1185 2623 1217 2650 ad
1234 2623 1307 2651 illum
1319 2623 1394 2650 obire
1408 2628 1491 2650 tutntn
1506 2623 1643 2656 crederet,
1657 2623 1727 2657 quod
1744 2622 1804 2649 bar-

1012 2670 1104 2698 barunt
1116 2670 1174 2705 ejus
1184 2670 1301 2696 auitnunt
1316 2677 1410 2697 omnes
1423 2669 1637 2697 referntidarent.
1654 2668 1720 2696 Cum
1740 2676 1803 2703 ergo

1010 2716 1037 2744 id
1064 2716 1162 2751 negotii
1184 2723 1263 2743 ttemo
1289 2716 1424 2749 suscipere
1438 2715 1564 2748 auderet,
1587 2715 1620 2742 ad
1642 2713 1803 2748 intrepidunt

1010 2761 1230 2798 Chrysostomum
1245 2762 1305 2793 itur,
1320 2761 1364 2797 qui
1375 2782 1382 2793 .
1400 2761 1450 2789 etsi
1475 2761 1531 2796 ipse
1545 2760 1676 2796 praecipua
1703 2760 1803 2787 irartmt

1011 2815 1091 2835 causa
1107 2807 1205 2839 fuerat,
1225 2808 1252 2834 in
1263 2807 1404 2834 Thraciam
1428 2807 1479 2834 iter
1490 2806 1607 2841 suscepit
1617 2826 1624 2839 ,
1639 2805 1804 2840 Gainamque

1013 2851 1088 2881 adiit.
1105 2852 1152 2880 llic
1163 2860 1227 2881 vero
1238 2854 1320 2889 magis
1335 2861 1366 2880 ac
1382 2852 1465 2888 magis
1484 2853 1593 2887 enituit,
1613 2854 1744 2887 quantum
1759 2859 1804 2878 va—
