2034 3109
252 114 300 142 I79

250 176 301 201 leat
314 174 396 200 virtus
406 194 412 206 ,
427 179 553 208 quantum
570 174 673 201 sincera
687 173 770 208 pictas
782 194 789 205 ,
805 180 866 208 erga
879 173 938 200 illos
957 178 1037 200 etiam

248 228 315 255 qttos
329 220 482 255 impugnare
491 220 602 255 cogitur.
615 219 711 247 Gainas
722 219 850 246 barbarus
860 224 886 246 et
898 223 1036 255 tyrannus,

249 266 307 301 ejus
335 267 472 301 pristinam
489 273 535 300 pro
558 266 662 300 pietatis
685 265 840 292 defensione
863 265 1037 292 constantiatn

250 312 376 338 memoria
392 317 531 345 repetens,
551 311 640 338 libenti
656 311 746 337 animo
766 311 792 337 in
817 318 956 338 occursum
980 310 1038 344 ejus

249 358 337 389 venit,
364 358 474 391 ejusque
498 357 632 384 dexteram
658 357 742 383 oculis
768 356 823 383 suis
846 356 985 391 imposuit,
1011 360 1038 382 et

251 402 319 429 ﬁlios
336 409 398 428 suos
412 402 493 429 sacris
507 402 577 429 illius
591 402 702 436 genibus
716 401 849 428 admovit:
874 401 940 437 adeo
957 401 1038 427 virtus

249 447 291 474 vel
307 448 477 474 infestissimo
491 448 586 480 cuique
598 447 774 473 reverentiam
787 454 819 473 ac
842 451 969 473 terrorem
996 446 1037 471 in-

248 494 331 528 jicere
349 495 441 528 possit.
458 493 538 520 Addit
552 493 681 526 Georgius
709 492 903 519 Alexandrinus
927 492 1036 519 Gainam

249 545 313 567 tunc
325 548 398 567 arma
419 540 587 573 deposuisse:
603 539 673 574 quod
690 538 858 565 falsissimum
872 543 922 565 est.
939 538 1036 564 Verum

249 585 380 612 fabulator
392 585 434 611 ille
446 584 510 611 nihil
519 592 611 611 sanum
621 584 699 615 dicit,
712 584 761 610 nisi
771 592 801 611 ea
809 592 866 614 tum:
875 592 905 610 ex
918 584 1035 615 Socrate,

250 631 416 662 Sozouteno,
432 630 600 657 Theodorelo
613 633 640 656 et
667 629 783 656 Palladio
808 633 951 661 nunnatur,
977 636 1036 662 qua:

249 677 327 704 etiam
340 684 409 710 saepe
423 676 566 711 depravare
577 676 660 707 Solet,
674 681 700 701 ut
712 676 786 701 initio
797 674 922 702 diximus.
938 675 1036 701 tiainas

249 722 319 749 enim
340 722 365 748 in
381 727 467 755 ccepto
482 722 594 756 perslitit
609 729 659 748 nec
676 728 748 748 artua
770 721 874 755 posuit,
888 720 972 747 donec
996 720 1035 746 vi-

249 773 307 795 ctus
322 775 459 801 cmsusmic
473 768 530 793 fuit.

283 813 568 847 Asiaticumnegotium.
588 827 624 832 —-
642 812 699 839 Jam
725 812 756 838 ad
784 811 926 839 Asiaticum
954 819 1036 847 nego-

248 857 314 884 tium
330 859 482 890 veniamus,
495 858 563 892 quod
581 858 606 884 in
621 858 729 885 Oriente
745 859 871 884 tumultus
893 858 1036 884 dissensio-

250 910 350 938 uesquc
369 903 465 930 tuullas
478 903 619 934 excitavit,
636 903 795 936 demumque
816 902 1034 937 Cbrysostomum

254 951 278 975 iu
290 950 379 976 Asiam
392 949 441 976 iter
451 949 537 976 facere
547 949 634 983 ibique
647 957 735 976 moras
744 949 848 976 trahere
859 949 953 983 coegit:
966 949 1036 984 quod

248 996 296 1030 ipsi
308 1004 484 1022 atrumnarum
496 1001 522 1023 et
535 996 726 1022 calamitatum-
739 996 840 1022 iuitiutn
864 995 921 1022 fuit.
950 996 1037 1023 Histo-

248 1041 369 1076 riamque
395 1046 514 1068 texenius
535 1050 568 1068 ex
592 1046 702 1069 narratu
729 1041 839 1068 Palladii
865 1042 1036 1076 llelenopoli-

248 1087 302 1113 tani
315 1088 431 1121 episcopi
445 1108 452 1119 ,
469 1088 512 1121 qui
529 1088 683 1122 plerttmque
699 1087 778 1115 rebus
791 1088 853 1121 ipsis
869 1088 998 1115 interfuit.

281 1133 427 1160 ludit-tione
440 1133 543 1160 decima
557 1134 634 1160 tertia
652 1133 758 1167 (mense
772 1134 878 1160 circiter
890 1133 957 1161 Maio
973 1134 1034 1160 anni

246 1178 316 1213 400)
349 1178 594 1213 Constantinopolin
631 1183 760 1206 venerunt
797 1179 887 1206 Asiani
918 1180 1035 1214 episcopi

247 1223 257 1258 (
272 1223 406 1250 Patladius
419 1233 444 1258 ρ.
461 1224 522 1251 ηδ.
538 1223 615 1258 sqq.).
628 1224 747 1259 aliosque
762 1225 901 1259 episcopos
916 1226 959 1260 qui
975 1230 1036 1252 tunc

198 1268 205 1281 ⁹
248 1268 276 1295 in
291 1268 356 1296 urbe
365 1275 442 1296 erant
462 1274 658 1302 convenerunt,
672 1270 815 1297 Palladium
839 1279 934 1306 nempe
957 1271 1037 1299 Hele-

248 1314 447 1348 nopolitanum,
474 1315 641 1341 Theotimum
674 1323 706 1342 ex
724 1315 849 1351 Scythia,
877 1318 1034 1344 Ammonem

248 1360 398 1396 [Egyptinm
411 1369 442 1387 ex
458 1361 583 1394 Thracia,
594 1361 754 1388 Arabianttm
766 1370 797 1389 ex
809 1362 910 1389 Galatia
923 1363 1033 1396 etalios,

247 1406 291 1440 qui
306 1413 399 1432 omnes
415 1406 504 1440 viginti
516 1406 568 1432 duo
583 1411 674 1439 erant,
691 1406 785 1440 quibus
797 1412 909 1441 prmerat
919 1407 1035 1434 Joannes

248 1455 340 1478 noster
364 1450 669 1485 Constantinopolitanus
698 1452 848 1487 episcopus.
860 1452 894 1480 lis
920 1461 984 1480 vero
1008 1454 1033 1480 in

246 1497 351 1532 Synodo
364 1499 531 1532 congregatis
543 1497 949 1533 EusebiusValentinopolilanus
960 1499 1035 1526 libel-

247 1543 287 1570 los
301 1543 424 1575 tradidit,
450 1549 540 1570 contra
564 1544 726 1571 Antoninum
753 1544 850 1578 Ephesi
881 1546 1033 1580 episcopum

245 1595 346 1624 septem
362 1590 447 1623 capita
462 1590 688 1624 complectentes:
705 1590 791 1624 primo
818 1591 889 1624 quod
915 1590 1035 1617 conﬂatis

245 1635 328 1662 sacris
342 1635 412 1661 vasis
425 1641 562 1668 argentum
574 1635 634 1661 inde
651 1635 808 1669 provenicns
836 1635 861 1661 in
883 1643 959 1662 usum
987 1635 1033 1662 lilii

245 1681 284 1706 sui
301 1680 491 1706 convertisset:
509 1680 635 1710 secundo,
649 1680 718 1714 qttod
728 1680 857 1707 sublatutn
869 1688 903 1707 ex
915 1680 1033 1714 ingressu

248 1724 396 1759 baptisterii
420 1732 536 1751 marmor
552 1725 576 1751 in
599 1725 720 1751 balneum
741 1733 816 1752 suum
842 1725 1033 1752 transtulisset:

247 1770 325 1796 tertio
337 1790 344 1802 ,
356 1769 426 1804 quod
445 1769 570 1796 Ecclesia:
589 1770 740 1802 columnas,
757 1778 771 1796 a
793 1770 882 1796 multis
908 1770 1034 1804 annisja-

247 1820 349 1847 centes,
362 1815 429 1841 intra
444 1815 585 1842 triclinium
597 1823 672 1842 suum
683 1815 814 1849 posuisset
827 1825 833 1841 :
849 1820 953 1850 quarto,
965 1816 1034 1851 quod

248 1868 313 1896 puer
327 1859 384 1895 ejus
399 1860 496 1887 C:l‘tlL‘m
513 1864 658 1894 patrassct,
674 1869 751 1895 quem
765 1861 851 1888 adhuc
865 1861 910 1888 ille
929 1862 954 1888 in
983 1862 1034 1889 mi-

248 1906 358 1933 nisterio
380 1906 522 1932 retineret:
551 1907 659 1940 quinto,
688 1906 758 1940 quod
783 1907 881 1941 praedia
907 1907 1034 1935 Ecclesia:

247 1951 495 1978 relictaaBasilina
519 1951 616 1978 Juliani
642 1952 810 1987 Imperatoris
833 1956 918 1980 matre
944 1954 1036 1980 vendi-

247 1998 346 2031 disset,
376 1999 542 2033 pretiumque
568 1998 619 2025 sibi
642 1998 801 2025 vindicasset
823 2007 830 2025 :
853 2003 938 2031 sexto,
965 1999 1035 2033 quod

247 2044 356 2072 dimissa
370 2053 450 2072 uxore
465 2053 511 2071 Sila
524 2065 532 2077 ,
548 2052 606 2071 cum
621 2052 651 2071 ea
666 2052 757 2071 l‘lll'SUS
771 2052 933 2078 congressus
945 2050 1014 2072 CSSC!

247 2090 367 2125 ﬁliosque
381 2095 562 2125 procreasset:
577 2091 707 2125 septimo,
719 2091 788 2126 quod
802 2092 877 2126 quasi
904 2091 961 2126 lege
986 2092 1034 2119 sibi

247 2137 420 2165 constitutum
435 2144 505 2165 esset
517 2139 737 2165 utordinationes
761 2139 963 2174 episcoporum,
992 2147 1035 2166 se-

247 2183 363 2212 cundum
389 2184 519 2211 redituum
540 2185 687 2215 rationem,
704 2185 839 2212 venderet.
864 2185 966 2212 Adesse
990 2193 1036 2212 au-

247 2235 299 2256 tetn
312 2237 368 2260 eos,
379 2230 422 2264 qui
438 2231 521 2265 pretio
536 2229 649 2256 ordinati
661 2229 744 2260 fuere,
763 2237 846 2264 seque
857 2238 912 2257 rem
930 2230 1036 2257 aliunde

247 2276 361 2312 probare
373 2284 459 2311 posse.
474 2275 520 2304 llis
535 2277 631 2303 auditis
646 2276 851 2311 Chrysostomus
864 2297 871 2308 ,
887 2277 1036 2311 suspicatus

248 2322 304 2351 haec
317 2323 428 2349 crimina
443 2330 475 2349 ex
491 2322 552 2349 odio
566 2322 606 2348 vel
621 2321 757 2347 inimicitia
773 2321 879 2348 Eusebii
893 2322 1034 2355 proﬁcisci,

248 2366 320 2394 illum
337 2375 509 2402 compescere
519 2372 630 2393 conatus
648 2371 704 2397 est,
721 2366 881 2401 Paulumque
903 2366 1036 2394 Heraclea:

249 2413 401 2448 rpiscopum
413 2434 420 2443 ,
434 2413 478 2447 qui
494 2412 627 2438 Antonino
651 2411 738 2438 favere
752 2412 901 2444 videbatur,
916 2412 1035 2440 hortatus

251 2462 288 2485 est
299 2479 306 2490 ,
322 2463 350 2486 ut
364 2466 454 2492 pacem
469 2459 537 2485 inter
552 2462 692 2493 utrtttuque
718 2458 825 2485 faceret.
854 2459 947 2486 Postea
974 2467 1035 2486 vero

253 2503 452 2539 lerysostotnus
465 2504 497 2530 ad
508 2503 666 2530 sacrilicimn
683 2504 846 2531 olferendum
868 2512 928 2532 sese
953 2513 1034 2540 appa-

256 2553 275 2578 ta
279 2549 309 2576 ba
315 2554 334 2575 t.

284 2594 357 2621 Tunc
370 2595 499 2622 Eusebius
514 2596 551 2621 ira
567 2603 712 2623 succensus
724 2618 730 2629 ,
742 2596 871 2623 Joannem
888 2596 1034 2630 adjuravit,

253 2637 388 2667 horrendis
401 2640 525 2667 adhibitis
536 2643 708 2669 sacramentis
721 2663 728 2674 ,
743 2647 770 2668 ut
783 2642 860 2669 dictis
873 2643 928 2669 suis
946 2648 1034 2669 alten-

251 2686 339 2712 deret:
353 2691 465 2720 tuncque
478 2694 566 2713 Coram
581 2687 651 2713 omui
666 2688 763 2722 populo
785 2687 902 2714 libellum
930 2688 1033 2714 obtulit.

253 2733 453 2768 Chrysostonms
467 2737 536 2759 tanta
553 2733 658 2761 Eusebii
676 2734 800 2761 instantia
812 2734 1035 2769 vehementiaque

252 2783 280 2804 se
296 2783 442 2811 permotum
459 2779 591 2811 sentiens,
608 2779 691 2806 noluit
707 2780 733 2805 in
750 2780 793 2806 tali
808 2780 888 2806 animi
902 2785 970 2806 Statu
995 2787 1037 2806 sa-

252 2824 377 2850 crilicium
388 2826 498 2856 ottcrrc;
515 2824 560 2852 sed
575 2825 752 2861 l‘ansophium
765 2825 870 2854 Pisidia:
881 2825 1034 2861 episcopum

775 115 803 142 S.
822 115 960 142 JUANNIS
982 115 1218 143 CllltYSOSTOMl
1239 116 1330 146 Vl'l‘A.
1826 117 1872 147 l80

1091 174 1210 208 rogavit,
1223 173 1247 200 id
1260 174 1376 200 numeris
1390 173 1569 208 persolveret,
1583 173 1754 210 libellumque
1768 177 1872 211 recepit,

1090 224 1117 245 et
1129 227 1188 245 cum
1200 220 1446 258 cauerisepiscopis
1461 228 1582 255 egressus
1598 226 1648 248 est.
1660 221 1801 256 Postquam
1815 231 1875 250 vero

1089 265 1190 291 dimissi
1209 266 1297 300 populi
1311 265 1402 298 l'uere,
1416 274 1476 293 cum
1491 267 1594 294 caneris
1607 268 1738 302 episcopis
1752 269 1778 295 in
1792 269 1875 304 bapti-

1090 311 1170 337 sterio
1185 311 1320 338 consedit:
1336 312 1500 346 [insebioque
1514 312 1589 344 dixit,
1600 321 1689 340 secum
1704 314 1876 348 perpenderet

1089 363 1123 382 an
1142 356 1211 382 dicta
1238 356 1351 390 probare
1375 362 1482 391 posset,
1508 357 1586 392 idque
1610 363 1750 393 antequam
1775 359 1876 387 libellus

1090 403 1239 437 legeretur;
1261 408 1399 437 postquam
1423 404 1493 430 enim
1518 403 1601 431 lectus
1625 404 1709 437 foret,
1733 413 1783 432 non
1810 406 1875 434 ultra

1091 455 1168 481 posse
1181 448 1252 474 illum
1266 448 1335 475 dicta
1349 456 1483 476 revocare.
1498 449 1562 476 Cum
1574 455 1663 476 autem
1677 450 1719 477 ille
1732 451 1757 477 in
1779 459 1873 486 propo-

1090 494 1140 519 sito
1157 499 1338 527 perseveraret
1349 514 1355 525 ,
1372 494 1455 521 lectus
1469 498 1509 521 est
1525 494 1628 521 libellus
1641 503 1719 529 supra
1747 504 1875 523 memora-

1090 544 1172 564 ratus.
1186 538 1260 565 Tunc
1273 539 1392 566 seniores
1404 539 1520 574 episcopi
1535 539 1629 566 Joanni
1653 540 1792 573 dixerunt,
1815 549 1830 568 e
1850 549 1875 569 re

1089 583 1145 610 fore
1160 584 1278 611 ultimum
1303 589 1381 618 caput
1405 584 1438 611 de.
1454 585 1567 612 venditis
1587 585 1797 613 ordinationibus
1821 587 1873 613 dis-

1089 628 1211 662 quirere:
1224 630 1300 664 quia,
1313 630 1333 657 si
1351 630 1413 657 illud
1430 631 1595 665 probaretur,
1610 636 1705 658 cattera
1716 652 1724 664 ,
1741 640 1799 665 qua:
1825 632 1873 659 mi-

1089 684 1153 702 nora
1169 681 1254 708 erant,
1266 676 1433 703 crcdibiliora
1441 682 1468 703 et
1483 677 1591 711 probatu
1604 676 1719 704 faciliora
1731 677 1797 705 fore.
1809 678 1873 705 Tum

1088 721 1204 749 Joannes
1216 722 1348 749 Antonino
1361 728 1421 750 tunc
1435 723 1559 757 prarsenli
1570 743 1576 754 ,
1593 722 1660 756 Quid
1671 723 1704 750 ad
1724 722 1781 750 lucc
1790 723 1874 750 dicis?

1089 767 1194 802 Negavit
1205 773 1291 794 autem
1307 768 1350 794 ille
1367 769 1463 795 omnia.
1475 768 1628 802 Interrogati
1637 769 1785 794 suntetiam
1795 768 1822 800 ii,
1831 769 1874 802 qui

1089 821 1136 847 pro
1151 814 1302 847 episcopatu
1318 814 1456 847 pecuniam
1481 813 1587 840 dedisse
1609 813 1800 840 accusabantur
1812 823 1819 840 :
1831 814 1874 848 qui

1088 859 1209 886 similiter
1223 865 1360 894 negarunt.
1373 860 1426 887 Sub
1441 859 1497 886 ba~c
1515 864 1621 887 ventum
1634 863 1675 886 est
1685 858 1717 886 ad
1727 863 1818 891 testes;
1829 860 1874 886 sed

1089 907 1152 933 nulli
1167 907 1292 933 aderant:
1307 906 1422 933 Joannes
1434 914 1506 938 vero,
1521 912 1548 932 ut
1563 914 1605 933 res
1616 906 1767 933 accuratius
1781 907 1875 933 exami-

1089 957 1206 984 naretnr,
1219 953 1249 978 ad
1264 953 1406 979 Asiaticum
1423 952 1471 979 iter
1484 952 1679 986 suscipiendum
1694 959 1753 979 sese
1766 952 1871 979 obtulit.

1124 998 1243 1024 Antonini
1259 998 1360 1032 Ephesii
1375 1003 1443 1033 gesta
1463 1002 1485 1024 el
1499 998 1591 1024 obitus.
1611 1013 1647 1018 —
1667 997 1816 1025 Antoninus
1827 1006 1874 1025 au-

1090 1047 1141 1070 tent
1153 1064 1159 1074 ,
1172 1045 1289 1078 pecuniae
1303 1052 1380 1079 quam
1394 1043 1473 1071 oflicii
1489 1045 1566 1079 longe
1587 1045 1717 1079 cupidior.
1738 1045 1782 1080 qui
1796 1045 1875 1073 Joan-

1089 1090 1130 1116 nis
1144 1095 1170 1117 et
1185 1090 1372 1124 perspicaeiam
1383 1095 1408 1117 et
1422 1090 1597 1125 integritatem
1621 1091 1769 1123 metuebat,
1783 1099 1875 1125 quem-

1089 1136 1148 1162 dam
1163 1144 1178 1164 e
1193 1137 1363 1170 proceribus,
1378 1136 1454 1170 cujus
1466 1136 1564 1170 praedia
1575 1157 1582 1167 ,
1599 1144 1657 1170 qua:
1670 1137 1695 1162 in
1708 1136 1768 1163 Asia
1783 1141 1872 1166 erant.

1088 1182 1214 1214 curabat,
1234 1182 1311 1214 adiit,
1326 1182 1359 1208 ab
1372 1189 1456 1216 eoque
1467 1181 1636 1215 impetravit,
1649 1186 1677 1208 ut
1689 1181 1828 1215 impediret
1839 1189 1885 1209 ne.

1088 1227 1203 1254 Joannes
1212 1228 1236 1254 in
1247 1227 1334 1254 Asiam
1344 1227 1513 1254 concederet.
1526 1227 1571 1254 llle
1581 1234 1646 1254 vero
1657 1226 1682 1254 id
1691 1226 1789 1259 effecit,
1802 1231 1829 1253 ut
1842 1234 1874 1254 ex

1089 1273 1186 1308 palatio
1198 1273 1292 1300 Joanni
1308 1273 1520 1306 denuntiaretur,
1541 1272 1686 1299 absurdum
1708 1271 1765 1299 fore
1786 1272 1872 1304 illum.

1088 1327 1147 1345 eum
1162 1324 1250 1345 tantus
1263 1318 1492 1353 Constantinopoli
1504 1318 1634 1345 tumultus
1647 1322 1733 1350 esset,
1749 1321 1775 1344 et
1788 1317 1873 1344 adhuc

1088 1364 1179 1392 Gaium.
1204 1364 1317 1391 formido
1341 1364 1510 1398 pel-sisteret,
1536 1363 1562 1389 in
1588 1362 1678 1390 Asiam
1697 1362 1825 1397 proﬁcisci
1841 1361 1874 1391 ad

1089 1415 1168 1437 testes
1181 1410 1354 1445 quaerendos,
1369 1410 1412 1444 qui
1436 1409 1511 1437 facile
1525 1413 1632 1444 possent
1652 1407 1874 1441 Consmntinopo-

1087 1455 1124 1482 lin
1135 1455 1247 1483 adduci:
1261 1459 1421 1490 quapropter
1435 1462 1448 1481 a
1461 1454 1596 1489 proposito
1619 1453 1721 1480 destitit
1747 1452 1873 1480 Joannes.

1087 1502 1237 1530 Antoninus
1249 1502 1355 1529 interim
1371 1501 1395 1528 id
1407 1502 1526 1529 lucratus
1537 1506 1587 1534 est,
1599 1508 1631 1527 ne
1646 1503 1728 1526 testes
1742 1499 1872 1528 venirent.

1087 1556 1154 1584 quos
1164 1549 1243 1575 etiam
1256 1552 1301 1574 aut
1322 1547 1433 1581 pecunia
1445 1549 1491 1573 aut
1516 1545 1632 1580 potentia
1660 1552 1708 1572 sua
1730 1552 1759 1571 se
1783 1543 1874 1578 fugare

1088 1601 1165 1627 posse
1174 1592 1305 1626 sperabat.
1316 1592 1377 1618 llate
1386 1590 1502 1618 Joannes
1512 1590 1686 1624 prospiciens.
1698 1597 1757 1616 eum
1768 1588 1875 1624 Synotlo

1087 1638 1216 1665 deliberat
1229 1636 1356 1671 quosdam
1370 1644 1402 1663 ex
1413 1635 1586 1670 pra-sentibus
1597 1634 1729 1669 episcopis
1743 1634 1768 1661 in
1784 1634 1873 1660 Asiam

1088 1685 1192 1710 mittere
1211 1683 1244 1710 ad
1268 1680 1469 1717 interrogandus
1483 1680 1626 1708 testes.Ad
1653 1688 1710 1707 eam
1736 1687 1792 1706 rem
1821 1685 1875 1706 tres

1087 1729 1163 1755 electi
1182 1733 1243 1755 sunt
1269 1728 1402 1762 episcopi,
1414 1726 1563 1762 Syncletius
1583 1725 1775 1759 Trajanopolis,
1790 1724 1875 1758 llesy-

1087 1775 1163 1801 cbitts
1178 1774 1247 1801 Parii
1263 1778 1289 1800 et
1301 1773 1433 1799 Palladius
1447 1771 1639 1805 Helenopolcos
1651 1791 1659 1801 .
1673 1771 1716 1805 qui
1733 1770 1856 1805 llypmpis
1866 1789 1873 1799 .

1087 1829 1146 1853 qua:
1159 1820 1221 1846 urbs
1235 1819 1305 1846 Asia!
1318 1822 1374 1845 erat
1385 1838 1392 1850 ,
1410 1825 1465 1844 rem
1486 1817 1684 1849 examinarent,
1707 1815 1874 1842 mandatum-

1087 1874 1138 1900 que
1153 1866 1281 1900 prolatum
1294 1869 1349 1895 est,
1365 1869 1392 1890 ιιι
1403 1863 1445 1898 qui
1459 1863 1526 1889 intra
1541 1863 1606 1888 tluos
1623 1868 1727 1888 menses
1740 1861 1765 1887 in
1782 1861 1873 1886 urbem

1087 1912 1158 1938 illam
1168 1931 1176 1943 ,
1191 1919 1249 1945 qum
1262 1910 1346 1936 vicina
1357 1913 1430 1941 erat,
1443 1915 1548 1935 causam
1558 1906 1651 1934 dicturi
1662 1913 1715 1933 non
1726 1907 1872 1938 venissent,

1087 1955 1388 1983 excommunicarentur.

1124 2001 1185 2028 l'ost
1200 2000 1256 2027 Ιιιιξο
1268 2000 1408 2034 Smyrnam
1423 2003 1550 2025 venerunt
1564 1996 1714 2032 Syncletius
1735 2000 1762 2022 et
1786 1994 1875 2022 Palla-

1087 2046 1162 2073 dius:
1177 2046 1323 2080 llcsycbius
1333 2066 1339 2076 ,
1354 2045 1397 2079 qui
1412 2043 1537 2071 Antonini
1554 2044 1654 2069 amicus
1663 2045 1736 2073 erat,
1752 2041 1875 2067 morbum

1088 2091 1230 2119 simulavit.
1246 2091 1302 2117 Duo
1316 2095 1403 2116 autern
1420 2088 1513 2123 reliqui
1535 2096 1583 2122 per
1596 2088 1686 2114 literas
1709 2086 1826 2113 Eusebio
1848 2090 1876 2113 et

1088 2138 1222 2165 Antonino
1236 2136 1418 2171 signiﬁcat-unt
1430 2156 1437 2167 ,
1447 2139 1475 2161 ut
1487 2134 1618 2169 llyp;epos
1628 2153 1635 2166 ,
1651 2140 1703 2167 quo
1718 2132 1767 2166 ipsi
1782 2138 1876 2166 perge-

1088 2184 1167 2216 bant,
1177 2190 1205 2210 se
1220 2182 1379 2209 conferrent.
1392 2180 1432 2208 llli
1449 2187 1513 2207 vero
1526 2187 1585 2206 cum
1601 2178 1745 2205 amicitiam
1770 2181 1879 2204 centra-

1088 2229 1280 2264 xissent(nam
1294 2227 1443 2255 Antoninus
1456 2225 1599 2253 Eusebium
1615 2223 1657 2251 vel
1673 2230 1752 2262 auro,
1769 2222 1809 2249 vel
1822 2221 1878 2249 alio

1088 2274 1167 2302 modo
1180 2279 1332 2308 corruptum
1345 2272 1393 2299 sibi
1414 2271 1594 2305 conciliarat),
1609 2274 1636 2296 et
1658 2268 1691 2295 ad
1718 2268 1880 2304 llypazpino—

1088 2330 1145 2348 rutn
1161 2321 1294 2348 civitatem
1316 2320 1351 2346 illi
1367 2327 1471 2354 quoque
1492 2318 1640 2348 venissent,
1653 2316 1754 2352 judices
1767 2315 1879 2342 eludere

1089 2368 1263 2397 conabantur,
1286 2366 1460 2399 dicebantque
1489 2368 1570 2390 testes
1599 2363 1763 2397 negotiorum
1797 2368 1879 2388 causa

1089 2420 1200 2448 peregre
1220 2412 1351 2447 profectos
1377 2418 1446 2437 esse.
1470 2409 1575 2437 Judices
1602 2408 1744 2436 Eusebium
1771 2412 1879 2441 rogant,

1089 2460 1157 2486 intra
1171 2464 1234 2493 quot
1246 2458 1303 2485 dies
1317 2458 1361 2484 ille
1376 2462 1456 2484 testes
1469 2456 1629 2483 adducturus
1652 2459 1731 2482 esset.
1753 2453 1800 2481 llle
1815 2460 1881 2480 vero

1088 2512 1199 2540 sperans
1212 2504 1237 2531 in
1254 2508 1334 2530 a-stns
1348 2502 1512 2530 vehementia
1523 2502 1625 2535 judiccs
1637 2500 1698 2527 inde
1713 2499 1881 2527 discessuros

1089 2558 1163 2582 esse,
1177 2549 1341 2583 eratqnippe
1351 2548 1450 2574 :estatis
1464 2551 1584 2580 tempus,
1600 2545 1699 2579 scripto
1715 2543 1836 2579 promisit
1849 2550 1883 2570 se

1089 2597 1156 2623 intra
1168 2594 1339 2629 quadraginta
1354 2593 1409 2620 dies
1420 2613 1428 2625 ,
1445 2597 1490 2619 aut
1510 2597 1591 2619 testes
1613 2591 1800 2626 producturum
1813 2610 1820 2620 ,
1835 2592 1884 2615 aut

1089 2648 1181 2676 poenas
1205 2640 1348 2667 secundum
1371 2645 1486 2666 canones
1510 2638 1630 2664 datorum
1655 2643 1724 2663 esse.
1750 2635 1883 2661 Dimissus

1090 2696 1152 2722 ergo
1178 2687 1222 2713 ille
1250 2686 1282 2712 ad
1310 2685 1480 2719 inquirendos
1506 2689 1601 2715 testes,
1629 2680 1882 2715 Constantinopolin

1090 2733 1276 2766 venit,ibique
1290 2732 1402 2758 delituit.
1425 2729 1729 2764 Exspeclaruntjtnliees
1753 2727 1785 2753 atl
1814 2734 1884 2760 qua-

1091 2778 1267 2813 dragesimum
1284 2776 1453 2811 usquediem.
1471 2775 1502 2801 Et
1517 2782 1575 2802 cum
1588 2774 1718 2801 Eusebius
1741 2779 1757 2799 n
1770 2781 1793 2798 ›ιι
1806 2780 1884 2798 com-

1092 2827 1210 2859 pari-rel,
1224 2821 1502 2850 t‘lct'nmtunicatiouis
1518 2820 1675 2847 sententiam
1692 2820 1716 2846 in
1732 2826 1791 2845 cum
1815 2824 1878 2852 prop
