2034 3109
163 124 208 152 181

163 183 279 210 tulerunt
289 201 298 214 ,
310 181 366 208 sive
377 185 407 208 ut
419 181 600 212 desertorem,
616 181 671 209 sive
682 186 710 208 ut
722 182 949 210 calunmiatort-m.

163 227 304 260 Postquam
320 224 384 252 vero
399 224 503 260 triginta
514 225 570 253 dies
579 226 644 253 alios
655 226 777 262 Hypaepis
788 233 949 259 manserunt,

163 278 209 298 nec
233 275 404 304 compareret
428 270 485 303 ille,
501 271 549 304 ipsi
572 278 677 306 quoque
704 271 950 306 Constantinopolin

163 316 306 343 redierunt.
323 315 389 342 Cum
413 321 500 343 autem
529 317 562 342 ibi
587 317 727 344 Eusebium
755 318 948 349 offendissent,

164 367 262 388 tantum
278 361 314 388 illi
330 361 431 388 facinus
445 362 645 395 exprobrarant.
666 363 793 389 Eusebius
803 370 865 389 vero
878 363 952 390 iniir.

164 406 279 434 unitatem
301 407 424 440 corporis
446 411 610 440 prmtexms,
626 411 708 434 testes
729 414 758 434 se
777 407 949 434 adducturum

163 460 253 479 rursus
263 452 446 486 pollicebatur.
459 453 560 479 interea
573 460 618 487 per
628 452 766 480 diuturnas
779 453 838 480 illas
851 461 948 485 moras,

163 497 273 523 moritur
287 497 453 523 Antoninus:
467 497 557 530 sicque
570 504 657 523 rerum
672 497 751 524 facies
771 503 895 524 mutatur.

197 541 251 569 Nec
264 542 345 568 multo
361 547 422 576 post
435 542 518 568 litera:
531 542 564 568 ad
575 542 793 578 Chrysostomom
819 549 949 571 venerunt

160 588 256 622 partim
279 587 404 621 Ephesini
429 587 516 620 Cleri,
542 588 635 620 partim
657 589 859 622 episcoporum,
880 589 952 622 inra-

160 637 250 659 menta
260 640 319 659 cum
330 632 514 659 obsecratione
524 634 701 659 continentes.
715 633 872 660 Testabatur
887 634 949 660 Cle-

159 686 223 711 rue,
237 678 348 705 antehac
363 678 434 712 leges
447 685 539 704 omnes
550 677 645 712 Ephesi
661 678 842 713 pessumdatus
855 678 948 710 fuisse,

155 723 261 759 jamdiu
277 723 400 750 afﬂictam
427 722 584 757 Ephesinam
610 723 754 750 Ecclesiam
778 731 836 751 esse
855 724 948 758 partim

158 769 194 795 ab
208 769 330 801 Arianis,
345 768 440 802 partim
456 768 490 795 ab
501 769 533 794 iis
547 769 590 802 qui
605 769 723 795 avaritia:
747 773 774 795 ct
795 769 948 796 dominandi

158 813 270 840 libidine
287 814 370 847 capti,
400 819 430 840 se
451 812 600 840 Catholicos
613 820 673 840 esse
698 814 887 848 gloriabantur,
911 815 949 841 sic

159 858 322 885 Antoninum
344 858 496 885 defunctum
522 859 733 893 perstringebant
747 859 801 886 illi:
820 860 950 894 rogabant

160 903 235 931 illum
246 905 402 931 festinanter
415 904 527 935 veniret,
539 905 598 938 quia
613 904 666 939 lupi
678 905 782 939 quidam
808 908 884 931 erant
905 904 949 939 qui

160 950 270 983 pecunia
293 949 469 984 episcopalem
488 949 578 976 sedem
604 957 696 984 rapere
721 950 861 977 tentabant.
889 950 950 977 llaec

160 1001 238 1021 causa
251 994 444 1029 Chrysostomo
464 994 511 1020 fuit
523 994 681 1029 suscipiendi
697 995 803 1021 Asiatici
828 994 946 1027 itineris,

160 1040 191 1068 de
199 1048 253 1075 quo
268 1048 330 1067 mox
346 1041 459 1067 dicetur.

194 1085 316 1112 Ηοηιὶιὶω
327 1085 498 1120 Chrysouomi
509 1085 534 1111 in
551 1085 614 1112 Acta
627 1085 816 1119 Apostolorum.
830 1091 848 1112 t.
874 1086 900 1113 9.
913 1100 949 1106 —-

160 1129 224 1156 Dum
240 1131 298 1157 inec
312 1134 466 1164 agerentur,
483 1130 610 1158 Homilias
625 1131 652 1157 in
668 1130 735 1158 Acta
759 1130 947 1165 Apostolorum

162 1175 253 1202 habuit
264 1175 488 1211 Chrysostomus,
508 1183 574 1210 quas
587 1177 668 1211 coepit
693 1181 753 1211 post
772 1177 948 1212 Quadragesi-

163 1227 233 1246 mam
244 1239 253 1252 ,
270 1224 297 1246 ut
311 1220 365 1254 ipse
375 1220 441 1247 dicit
451 1220 529 1246 Hom.
542 1220 561 1253 Ι,
579 1226 604 1245 c.
619 1219 664 1251 25,
678 1225 758 1255 atque
769 1225 796 1248 ut
807 1226 928 1255 putamus
938 1241 945 1253 ,

157 1264 326 1300 diximusque
341 1265 368 1292 in
382 1266 484 1293 Monito
495 1286 503 1298 ,
515 1270 635 1300 tempore
649 1266 767 1294 Paschaii
791 1267 853 1294 anui
876 1267 945 1298 £00.

159 1310 191 1336 ita
204 1315 232 1337 ut
246 1311 307 1338 illas
317 1311 432 1344 dixerit,
446 1319 506 1339 cum
527 1312 702 1339 Asiaticarum
725 1319 814 1339 rerum
843 1313 947 1347 negotia

157 1354 229 1382 iilttm
244 1356 422 1389 distinerent,
437 1362 463 1384 et
476 1365 534 1384 cum
546 1365 560 1384 a
574 1358 656 1392 gratia
671 1357 796 1384 Eudoxim
810 1359 945 1393 Augustae,

157 1407 213 1433 qua:
224 1401 304 1428 initio
319 1401 487 1435 episcopatus
499 1402 539 1429 sui
552 1402 638 1436 ipsum
654 1402 730 1428 valde
743 1402 863 1434 colebat,
876 1403 955 1430 εχει--

156 1445 247 1473 ὤκει.
264 1447 335 1474 Hinc
349 1446 470 1474 fortassis
480 1447 574 1475 accidit
587 1452 616 1474 ut
625 1447 684 1474 aliis
693 1448 823 1475 distentus
833 1448 947 1482 negotiis

155 1488 380 1525 Chrysostomus,
407 1491 494 1519 minus
513 1492 600 1525 culto,
624 1492 717 1526 jejuno
736 1497 763 1519 et
794 1492 948 1527 plerumque

152 1535 277 1564 intricato
290 1538 364 1573 styio
378 1537 426 1564 has
439 1538 581 1566 conciones
604 1539 756 1573 scripserit,
782 1539 948 1573 maximeque

150 1581 225 1610 initio
237 1583 433 1616 bomiiiarum,
459 1584 502 1611 ubi
525 1583 646 1619 quaedam
668 1584 791 1611 videntur
812 1584 884 1612 olere
903 1589 949 1612 aut

149 1634 246 1655 sonare
261 1629 438 1663 peregrinum
450 1638 456 1655 :
469 1637 529 1656 nam
543 1631 568 1656 in
582 1630 666 1657 ethica
681 1630 877 1663 adhortatione,
890 1639 948 1665 qua:

147 1671 274 1701 homiiias
291 1674 416 1706 claudit,
439 1674 482 1702 hic
507 1682 613 1710 semper
632 1676 672 1703 sui
697 1675 791 1703 similis
813 1680 871 1708 est,
895 1676 949 1703 imo

147 1719 226 1745 etiam
256 1720 329 1746 alias
353 1720 497 1747 conciones
521 1724 638 1754 superat.
660 1720 705 1747 Ha:
716 1727 795 1753 vero,
809 1728 868 1754 qua:
891 1725 950 1755 post

146 1762 247 1791 Pascha
263 1765 333 1791 anni
347 1764 402 1791 400
414 1769 507 1798 carpta:
529 1764 602 1791 fuere
617 1764 742 1798 bomiiite,
757 1765 862 1792 nonnisi
879 1773 949 1793 anno

145 1807 192 1834 ιοι
207 1809 356 1836 terminari
371 1809 488 1844 potuisse
499 1809 630 1842 videntur,
641 1814 668 1836 et
682 1809 800 1837 fortassis
810 1814 948 1844 postquam

142 1860 173 1880 ex
187 1855 253 1881 Asia
270 1861 406 1882 reversus
420 1854 467 1881 fuit
482 1854 802 1889 Chrysoslomuszverum
816 1854 872 1881 hrec
884 1862 950 1881 non-

141 1897 191 1924 nisi
217 1899 378 1926 divinando
393 1899 444 1926 dici
465 1903 584 1934 possunt.
600 1899 712 1926 Humilia
727 1905 814 1927 autem
834 1900 948 1934 quadra-

139 1944 242 1976 gesima
270 1948 377 1979 quarta
388 1954 427 1977 ,c.
435 1946 517 1981 5i2,i.
527 1946 570 1976 54,
579 1945 735 1972 testificatur
747 1946 950 1980 Chrysostomus

138 1994 168 2013 se
180 1989 338 2016 triennium
357 1990 457 2016 habere
471 1993 497 2016 in
520 1989 675 2016 Pontilicatu
693 1998 700 2015 ι
716 1990 784 2024 quod
799 1991 821 2016 si
834 1990 867 2016 ad
893 1991 951 2018 lite-

137 2039 194 2059 ram
210 2035 386 2069 accipiatur,
396 2034 544 2069 signiﬁcare
551 2034 732 2062 videturiiium
743 2035 797 2069 jam
809 2036 949 2062 triennium

134 2085 282 2106 emensum
295 2080 392 2106 fuisse
402 2100 410 2112 ,
423 2080 528 2114 quando
540 2079 573 2106 ad
585 2081 652 2107 hanc
665 2080 798 2107 homiiiam
819 2082 949 2115 pervenit.

135 2124 169 2149 At
189 2130 391 2160 praeterquam
401 2124 470 2158 quod
481 2132 533 2152 non
545 2125 762 2152 omninoconstat
773 2125 815 2152 hic
829 2130 950 2153 exactum

134 2170 286 2197 triennium
321 2170 443 2202 notari,
474 2170 529 2204 jam
555 2177 625 2204 saepe
651 2170 765 2198 vidimus
792 2171 950 2206 Chrysosto-

134 2222 207 2242 mum
219 2224 278 2243 non
293 2223 364 2243 cum
383 2219 458 2241 tanto
478 2215 602 2249 scrupulo
614 2220 690 2243 notas
700 2220 849 2250 temporum
864 2217 950 2243 consi-

133 2267 233 2294 gnare;
259 2267 363 2288 tamen
410 2262 530 2288 omnibus
555 2267 676 2289 accurate
713 2263 850 2297 perpensis
886 2263 950 2290 nihil

133 2305 267 2334 absonum
280 2310 469 2342 sequeretur,
486 2307 507 2333 si
522 2305 730 2342 Chrysostomus
740 2328 747 2341 ,
763 2308 806 2342 qui
821 2307 949 2335 ilomiiias

125 2349 157 2376 ’in
169 2352 236 2378 Acta
253 2358 336 2378 anno
348 2350 415 2378 400
434 2355 548 2385 mperat
559 2372 567 2385 ,
583 2352 809 2386 quadragesimum
830 2357 950 2387 quarL'tm

131 2400 157 2422 et
167 2402 332 2430 postremas
348 2396 400 2423 vel
418 2400 497 2429 ante,
511 2396 552 2423 vel
564 2401 622 2431 post
633 2397 744 2424 reditum
758 2405 834 2425 suum
845 2405 878 2424 ex
889 2398 950 2425 Asia

134 2441 246 2468 dixerit.
260 2442 291 2468 in
305 2440 445 2467 liomiiia
455 2445 516 2466 vero
533 2439 733 2474 quadragesima
755 2438 839 2472 prima
857 2445 882 2464 c.
893 2437 958 2470 99f,

134 2485 152 2514 l.
166 2488 212 2520 10,
225 2489 267 2514 ait
277 2487 523 2521 Chrysostomus,
537 2492 608 2512 anno
627 2485 766 2519 superiore
786 2485 957 2511 concussisse

133 2532 218 2560 Deum
229 2534 408 2560 universam
418 2529 555 2558 civitatem
565 2531 594 2558 C.
603 2531 644 2563 P.,
654 2531 698 2566 qui
709 2535 786 2557 terra:
795 2535 882 2557 motus
891 2531 956 2557 acci-

131 2579 202 2607 disse
224 2579 358 2608 creditur
383 2583 469 2603 anno
491 2577 558 2610 599,
579 2581 608 2604 ut
631 2577 746 2604 diximus
768 2584 857 2611 supra.
885 2577 949 2604 Nam

130 2622 174 2651 illa
188 2632 241 2652 vox
257 2624 354 2660 portui
375 2628 489 2650 annum
508 2623 628 2656 proxime
653 2621 816 2657 superiorem
835 2622 950 2655 indicat;

130 2669 175 2696 sed
190 2678 244 2697 non
272 2671 312 2697 ita
338 2667 516 2701 accipienda
528 2672 569 2695 est
585 2672 614 2694 ut
627 2675 725 2694 annum
748 2667 878 2703 integrum
898 2667 952 2694 ela-

130 2721 204 2750 psum
215 2716 454 2753 Chrysostomus
471 2712 621 2747 significare
634 2713 706 2740 velit.

160 2761 260 2789 ibidem
273 2766 374 2788 autem
400 2762 433 2785 et
449 2757 626 2785 continenter
654 2759 673 2785 i.
699 2757 752 2791 56,
777 2757 869 2786 eadem
887 2765 951 2785 voce

126 2809 208 2840 veruti
232 2808 481 2842 Chrysostomus
514 2803 591 2830 utitur
609 2803 641 2829 ad
661 2811 716 2830 rem
737 2803 815 2830 aliam
833 2804 946 2838 carptim

295 2865 456 2894 ΡΑτιιοι..
486 2857 540 2888 Gtt.
563 2858 684 2888 XLVII.

761 125 851 154 NUNC
871 124 999 154 i'Rliil'M
1015 128 1034 154 A
1041 128 1209 156 DORXATA.

1743 131 1794 159 189.

1235 186 1298 218 Quae
1324 187 1390 212 circa
1412 186 1570 214 Theodorum
1596 187 1782 222 puttsi,amm

1004 231 1132 264 proximo,
1149 233 1216 266 gesta
1228 236 1285 259 sunt
1295 252 1302 264 ,
1318 239 1388 266 quem
1402 241 1451 259 non
1466 233 1704 268 obstupefecerant?
1717 239 1740 260 et
1754 240 1788 260 ta-

1004 285 1059 302 men
1068 277 1132 303 nihil
1141 278 1248 311 amplius
1257 280 1349 313 factum
1358 284 1402 305 est.
1417 278 1482 312 Quis
1490 279 1534 305 ille
1542 278 1699 306 Theodorus
1708 286 1784 307 esset

1003 327 1028 346 et
1043 322 1103 354 quid
1112 323 1147 348 illi
1161 323 1294 353 acciderit,
1305 324 1389 350 nullus
1401 323 1469 357 quod
1479 324 1559 350 «ciam
1569 324 1682 358 scriptor
1690 324 1785 351 docuit.

1040 363 1085 389 Die
1098 364 1208 397 septima
1224 365 1356 391 Februarii
1371 365 1431 390 anni
1448 365 1495 391 401
1515 364 1665 399 (Bal/undas
1677 365 1711 392 26
1725 365 1786 392 Feb.

1002 415 1068 434 anno
1083 409 1144 436 40f.
1163 417 1187 442 p.
1203 409 1263 435 (iiii.
1278 410 1302 435 b.
1317 411 1352 443 ι’.)
1366 410 1393 436 S.
1408 409 1580 445 Porphyrius,
1597 411 1674 438 Gaza:
1687 412 1788 446 episco-

1003 460 1062 487 pus,
1076 453 1320 488 Constantinopolin
1335 456 1405 482 venit
1419 475 1426 486 ,
1440 462 1499 481 cmn
1514 455 1615 482 Joanne
1628 457 1786 484 Cmsariensi

1002 498 1126 532 episcopo
1149 498 1348 532 iiietrnpolitauo
1362 506 1427 530 suo,
1451 500 1483 526 ab
1503 501 1614 526 Arcadio
1627 501 1788 535 imperatore

1002 544 1131 578 petiturus
1146 550 1172 570 nt
1187 545 1315 571 idolorum
1331 545 1426 579 templa
1437 566 1443 578 ,
1458 553 1516 580 qum
1531 545 1608 572 Gaza:
1621 551 1696 573 erant
1710 567 1717 578 ,
1734 555 1786 574 non

999 590 1053 623 jam
1067 590 1251 616 clauderentur
1262 610 1268 619 ,
1284 590 1328 617 sed
1346 590 1461 616 funditus
1475 594 1665 617 averterentur.
1693 590 1788 617 Rhodo

1001 638 1087 660 autem
1104 638 1287 667 transeuntes,
1309 634 1494 661 anachoretam
1508 635 1647 668 quemdam
1667 640 1787 662 sanctum

1001 679 1100 710 virum,
1119 679 1274 714 Procopium
1290 680 1396 706 nomine
1407 700 1413 711 ,
1435 680 1573 712 adierant,
1587 681 1632 714 qui
1650 686 1789 708 monuerat

1001 729 1028 750 nt
1041 724 1235 751 sanctissimum
1251 725 1405 760 episcopum
1418 725 1546 752 Joannem
1562 726 1707 753 inviserent
1720 745 1727 758 ,
1743 728 1787 761 qui

1002 768 1065 802 ipsis
1083 768 1108 795 id
1131 770 1233 796 consilii
1253 770 1362 797 daturus
1383 776 1437 797 erat
1449 791 1456 802 ,
1477 770 1546 805 quod
1561 778 1574 797 a
1592 771 1644 798 Deo
1658 772 1715 805 ipso
1730 772 1787 798 edi-

1000 811 1118 840 dicisset.
1144 813 1209 841 Cum
1233 814 1258 840 in
1283 814 1374 841 urbem
1399 814 1435 840 illi
1458 814 1644 847 advenissent,
1662 816 1788 850 postridie

1000 857 1127 885 Joannem
1154 859 1294 886 saiutatttm
1323 864 1460 886 venerunt.
1488 859 1604 886 Joannes
1629 868 1694 887 vero
1716 862 1788 895 ipsos

1001 903 1146 931 honorifice
1168 905 1311 932 admodum
1330 906 1443 940 excepit.
1459 905 1577 940 Cumque
1591 907 1655 932 tanti
1670 907 1786 940 suscepti

1001 949 1103 976 itineris
1117 957 1222 976 causam
1243 949 1292 984 ipsi
1311 950 1494 984 aperuissent;
1523 950 1642 977 hortatus
1658 951 1701 978 ille
1715 951 1786 977 viras

1000 998 1058 1032 e.~t,_
1070 999 1098 1020 ut
1112 994 1214 1021 felicem
1229 995 1328 1022 exitum
1341 1003 1354 1020 a
1371 995 1424 1021 Deo
1437 999 1587 1029 sperarent.
1611 995 1667 1022 Non
1684 1001 1788 1029 poterat

1000 1039 1044 1066 ille
1071 1039 1257 1074 imperatorem
1281 1040 1373 1072 adire,
1395 1040 1519 1074 quoniam
1544 1040 1679 1073 Eudoxia,
1702 1048 1732 1067 ea
1753 1040 1787 1068 de

999 1092 1077 1112 causa
1087 1105 1095 1118 ,
1111 1093 1188 1120 qttam
1199 1086 1294 1113 dicturi
1309 1093 1410 1119 sumus,
1427 1086 1521 1113 Joanni
1535 1087 1603 1113 male
1615 1086 1717 1118 affecta,
1733 1086 1785 1113 Int-

999 1131 1128 1166 peratoris
1151 1131 1267 1158 animum
1293 1132 1420 1159 adversus
1443 1132 1515 1159 illum
1537 1136 1785 1167 praeoccupaverat:

999 1177 1045 1204 sed
1058 1177 1090 1204 ad
1108 1178 1273 1210 Amantium,
1290 1177 1458 1213 imperatoris
1477 1178 1674 1205 Cambeiianum
1685 1198 1693 1209 ,
1713 1178 1786 1212 ipsos

999 1223 1114 1255 direxit,
1131 1223 1263 1251 hominem
1276 1231 1339 1250 vere
1353 1223 1530 1250 Christianum
1547 1233 1553 1250 :
1569 1223 1631 1257 qui,
1655 1224 1718 1250 nihil
1738 1223 1786 1250 ob-

999 1274 1085 1296 stante
1098 1269 1249 1296 exulcerato
1257 1269 1381 1304 Augusta:
1388 1276 1448 1303 erga
1457 1269 1674 1304 Chrysostomum
1685 1269 1785 1300 auitno,

999 1314 1120 1342 addictus
1142 1315 1191 1349 ipsi
1214 1321 1320 1349 semper
1335 1319 1404 1342 erat.
1435 1314 1585 1341 Amantium
1601 1314 1717 1341 Joannes
1737 1321 1786 1348 p0—

999 1360 1090 1387 stridie
1102 1360 1134 1387 ad
1149 1367 1178 1387 se
1189 1361 1301 1387 vocarit.
1318 1360 1350 1386 Et
1363 1367 1422 1387 cum
1438 1359 1554 1393 episcopi
1569 1359 1646 1386 ambo
1660 1360 1685 1385 in
1700 1359 1787 1394 Chry-

999 1406 1109 1432 sostomi
1124 1405 1194 1432 :rdes
1209 1405 1359 1437 venissent,
1373 1405 1524 1431 Amantium
1546 1404 1707 1431 invenerunt
1719 1423 1727 1435 ,
1741 1404 1786 1438 qui

1000 1457 1056 1478 rem
1069 1470 1075 1481 .
1090 1450 1124 1477 de
1137 1457 1188 1484 qua
1203 1455 1263 1476 tunc
1276 1450 1401 1484 agebatur
1411 1470 1418 1483 ,
1434 1449 1483 1484 ipsi
1496 1454 1646 1483 aperuerat,
1659 1449 1787 1483 idipsum-

999 1503 1050 1530 que
1075 1495 1192 1530 episcopi
1217 1495 1295 1522 ambo
1320 1494 1521 1522 confirmarunt.
1552 1494 1699 1528 Posteaquc
1725 1501 1784 1521 cum

999 1540 1166 1567 sanctissimo
1179 1539 1295 1567 Prtesuie
1308 1539 1342 1566 de
1356 1539 1452 1567 divinis
1464 1539 1599 1573 sacrisque
1615 1539 1694 1566 rebus
1707 1538 1786 1566 verba

999 1585 1139 1617 miscuere,
1153 1590 1180 1612 et
1193 1589 1330 1619 postquam
1344 1585 1460 1612 Joannes
1471 1584 1533 1618 ipsis
1547 1584 1616 1611 bona
1629 1588 1787 1618 apprecatus

1000 1630 1103 1661 fuerat,
1117 1630 1224 1656 domum
1243 1637 1272 1657 se
1287 1637 1422 1663 recepere.
1448 1629 1492 1656 Sic
1504 1629 1622 1663 quotidie
1641 1628 1714 1655 ilium
1729 1628 1787 1654 adi-

1000 1675 1073 1706 bant,
1089 1680 1117 1701 ut
1130 1675 1186 1709 ejus
1199 1675 1310 1702 amoenis
1325 1674 1402 1701 simul
1416 1678 1440 1700 et
1452 1674 1550 1702 sanctis
1558 1673 1698 1708 colloquiis
1713 1672 1787 1700 fruc-

1000 1724 1101 1746 rentur.
1128 1719 1267 1746 Amantius
1287 1723 1375 1746 autem
1396 1719 1445 1746 sibi
1467 1718 1638 1745 comtnissum
1654 1716 1787 1752 negotium

1000 1765 1069 1799 apud
1084 1765 1227 1792 Eudoxiam
1240 1765 1384 1799 Augustam
1399 1764 1513 1791 sollicite
1528 1764 1594 1791 ursit
1604 1785 1610 1795 ,
1628 1764 1788 1798 domumque

1001 1809 1105 1836 favente
1125 1809 1176 1836 sibi
1196 1808 1339 1836 Theodosii
1357 1809 1471 1842 juniOris
1484 1813 1511 1835 et
1531 1813 1590 1835 ortu
1604 1813 1631 1835 et
1646 1807 1787 1842 baptismo,

1001 1855 1045 1889 qui
1057 1855 1148 1881 diebus
1160 1854 1216 1881 istis
1228 1854 1348 1881 accidere
1357 1873 1365 1886 ,
1379 1857 1468 1887 optata
1482 1853 1640 1887 impetravit.

1037 1899 1212 1932 Theophanes
1231 1903 1258 1925 et
1277 1899 1387 1925 Cosmas
1407 1897 1522 1924 Vcstitor
1542 1901 1650 1924 narrant
1666 1897 1787 1926 Theodo-

1001 1941 1068 1972 sium
1091 1945 1224 1978 iuniorem
1244 1951 1259 1970 a
1281 1943 1383 1971 Joanne
1406 1943 1596 1978 Chrysostomo
1622 1943 1787 1978 baptizatum

1001 1989 1099 2022 fuisse;
1124 1989 1150 2016 id
1170 1997 1233 2016 vero
1252 1989 1322 2016 eiare
1335 1989 1387 2015 dici
1410 1989 1512 2015 videtur
1531 1988 1564 2015 ab
1582 1988 1704 2016 Eudoxia
1719 1991 1786 2024 ipsa,

1001 2044 1060 2071 qua:
1074 2036 1099 2062 in
1114 2035 1220 2062 humilia
1235 2034 1417 2070 Chrysostomi
1438 2038 1497 2068 post
1515 2034 1628 2062 reditum
1649 2035 1681 2062 ab
1695 2035 1788 2062 exsilio

1001 2088 1065 2112 suo,
1079 2081 1118 2107 sic
1138 2081 1249 2114 loquens
1271 2080 1414 2112 inducitur,
1429 2079 1557 2106 Rerordor
1572 2088 1616 2114 per
1631 2087 1720 2106 manus
1735 2085 1789 2106 tuo:

1002 2127 1068 2159 ﬁlio:
1081 2133 1147 2152 meos
1162 2126 1300 2159 baptizatos
1315 2125 1400 2159 fuisse.
1411 2123 1488 2151 Certe
1501 2125 1570 2151 inter
1584 2124 1652 2151 iiiios
1665 2132 1787 2159 compre-

1003 2171 1082 2198 hendi
1106 2170 1214 2197 omnino
1237 2169 1341 2196 videtur
1354 2169 1520 2196 Theodosius
1534 2169 1633 2203 junior.
1659 2170 1744 2204 Atque
1759 2177 1790 2195 ex

1003 2215 1034 2242 iis
1045 2236 1052 2248 ,
1076 2223 1135 2249 qua:
1148 2215 1173 2241 iu
1191 2214 1249 2241 Vita
1270 2214 1299 2241 S.
1315 2213 1455 2249 Porphyrii
1470 2213 1594 2240 dicuntur
1605 2235 1612 2246 ,
1629 2213 1791 2241 Theodosius

1000 2259 1090 2294 junior
1103 2260 1250 2294 baptizatus
1265 2258 1345 2286 fuisse
1359 2258 1568 2293 deprehenditur
1582 2258 1719 2292 iOAprilis
1729 2259 1790 2284 anni

1002 2305 1063 2332 401.
1088 2305 1215 2339 Tuncque
1227 2304 1432 2339 Cltrysostomus
1447 2304 1471 2330 in
1486 2303 1548 2330 Asia
1563 2308 1620 2330 erat
1632 2323 1639 2335 ,
1660 2304 1789 2338 siquidem

1002 2359 1061 2378 cum
1075 2351 1243 2378 Tiliemontio
1270 2351 1319 2377 iter
1339 2350 1398 2384 ejus
1419 2350 1445 2376 in
1466 2349 1557 2375 Asiam
1579 2349 1604 2375 in
1625 2357 1724 2375 annum
1739 2350 1789 2377 401

1003 2396 1204 2430 consignamus,
1225 2400 1252 2422 et
1271 2403 1349 2429 quam
1365 2394 1513 2421 tardissime
1526 2393 1718 2428 profectionem
1733 2395 1791 2429 ejus

1003 2448 1094 2468 mense
1108 2440 1252 2467 Februario
1263 2439 1382 2474 ejusdem
1398 2438 1459 2465 anni
1473 2442 1588 2465 statuere
1602 2445 1751 2472 possumus,
1764 2444 1792 2465 ut

1003 2493 1035 2512 ex
1049 2485 1218 2520 sequentibus
1233 2485 1319 2519 palam
1334 2484 1395 2511 erit.

1039 2530 1103 2557 Post
1123 2530 1249 2556 Antonini
1268 2529 1393 2564 Ephesini
1410 2528 1526 2562 episcopi
1547 2532 1658 2555 mortem
1677 2527 1792 2563 (Pallad.

1005 2583 1030 2610 ρ.
1046 2575 1096 2602 153
1112 2581 1135 2601 et
1154 2574 1234 2609 seqq.)
1247 2594 1254 2606 ,
1276 2574 1405 2608 urgebant
1424 2572 1643 2608 Chrysostomum
1672 2573 1790 2607 episcopi

1004 2621 1092 2653 vicini,
1109 2620 1218 2655 urgebat
1233 2619 1381 2653 Ephesinus
1392 2617 1483 2644 Cierus
1498 2621 1526 2644 ut
1539 2622 1662 2652 prompte
1674 2618 1790 2650 veniret,

1005 2673 1055 2693 nec
1069 2673 1157 2692 moras
1177 2664 1311 2697 traheret,
1331 2663 1403 2698 leges
1422 2662 1492 2697 apud
1507 2669 1536 2689 se
1555 2662 1738 2697 pessumdatus
1753 2662 1792 2688 di-

1003 2718 1077 2743 cens,
1092 2709 1235 2737 Ecclesiam
1249 2716 1323 2735 suam
1336 2708 1471 2739 afflictam,
1483 2709 1626 2734 temératas
1633 2713 1676 2733 res
1688 2713 1790 2739 sacras,

1005 2761 1059 2784 tum
1075 2755 1108 2782 ab
1125 2755 1177 2782 Arii
1193 2754 1301 2782 asseclis
1313 2774 1320 2786 ,
1343 2758 1397 2780 tttm
1411 2752 1444 2779 ab
1459 2752 1491 2778 iis
1505 2752 1549 2786 qui
1563 2751 1680 2778 avaritia:
1701 2754 1727 2777 et
1742 2751 1787 2776 (i0-

1005 2801 1121 2829 minandi
1140 2801 1262 2835 cupidine
1275 2799 1346 2834 capti
1359 2806 1388 2826 se
1402 2798 1553 2826 Catholicos
1567 2804 1625 2824 esse
1639 2796 1789 2832 gloriaban-

1577 2859 1614 2888 12

1007 185 1174 212 indicandum
1201 195 1208 212 :
