2034 3109
210 79 260 108 185

219 143 250 162 nr
271 145 276 162 :
295 131 389 169 quibus
404 134 480 162 dictis
496 135 656 162 Antoninum
677 135 830 170 episcopum
854 142 938 169 nuper
952 134 1000 162 de-

218 186 334 209 nnctnm
355 180 499 210 notabant,
525 180 594 214 apud
617 187 696 215 quem
719 179 822 208 venalia
847 179 1001 214 prostabant

207 233 288 254 sacra
311 226 410 253 omnia.
439 225 577 252 Addebam
599 233 703 260 quoque
726 226 823 253 multos
845 227 942 252 instare
963 226 1001 252 lu-

210 277 281 303 nos,
303 271 347 305 qui
370 271 480 306 pecunia
496 270 673 305 episcopalem
691 271 781 298 sedem
801 271 926 298 invadere
942 275 1000 297 ten-

209 319 313 345 labant.

247 361 342 388 Jaann.
359 362 487 396 C/trysost.
504 361 550 388 iter
568 362 594 389 in
609 362 695 390 Asiam
711 363 825 398 suscipit.
838 378 874 384 --
886 363 1001 390 Joannes

210 411 303 434 uoster
319 411 380 434 tunc
392 407 465 442 gravi
479 410 536 434 erat
551 408 670 443 corporis
690 409 843 437 infirmitate
865 408 998 440 detentus,

214 451 322 478 hiberna
349 460 454 488 quoque
477 457 622 488 tempestas
643 461 657 480 a
682 458 754 481 tattto
781 454 876 481 itinere
900 461 999 488 a'grum

213 500 332 524 avertere
349 505 427 532 posse
445 498 602 531 videbatur,
619 506 710 526 verum
726 503 799 526 tanto
811 499 853 526 ille
867 499 1001 533 religionis

213 541 300 569 studio
314 542 452 577 ﬂagrabat,
467 548 496 570 ut
507 543 594 570 omnia
609 544 778 579 posthaberet
789 552 841 579 quo
854 548 892 571 tot
906 544 1000 571 tantis—

214 595 265 621 que
283 588 360 615 malis
380 596 486 616 manum
509 590 636 617 tnedicam
651 589 748 618 aﬂ'erre
762 595 885 618 tentaret.
910 591 1000 625 Neque

214 634 284 660 enim
309 634 404 668 Ephesi
427 640 546 668 tantum,
568 636 615 663 sed
629 636 747 663 etiamin
765 637 823 663 aliis
838 644 889 663 non
910 637 1000 670 paucis

214 679 284 706 Asi:e
296 679 444 706 civitatibus
458 681 506 714 ipsi
518 681 644 716 episcopi,
666 686 800 716 pastorum
814 683 920 709 nomine
934 681 1000 709 falso

214 724 328 758 insigniti
342 745 349 757 ,
372 724 522 752 Christiano
543 727 615 761 gregi
636 727 731 754 damna
754 727 903 754 inferebant
922 727 999 754 iunu-

213 776 295 795 utcra.
313 769 358 796 llis
376 777 504 798 acceHSus
523 771 548 797 in
562 772 650 798 navim
666 772 819 807 ingreditur.
839 772 933 799 Verum
948 780 998 799 sm-

213 814 299 841 vicntc
321 815 460 853 aquilone,
483 824 543 844 cum
564 823 713 845 metuerent
733 823 820 845 nautae
839 826 872 845 ne
891 818 916 845 iu
930 818 997 845 Pro-

212 871 355 891 comrcsum
369 865 537 898 ejicerentttr,
556 864 646 899 posito
659 864 728 897 velo,
744 864 860 892 Tritonis
872 872 998 899 promon-

213 913 306 936 tornu‘n
323 911 562 944 prattcrvehnntur,
575 912 601 935 et
618 909 652 935 ibi
664 909 741 944 jactis
753 910 876 937 anchoris
889 917 995 937 manse-

211 960 280 986 runt,
297 960 414 982 austrum
429 959 614 990 exspectantes
624 955 802 989 utApameant
818 956 993 990 appellercnt.

212 1000 276 1026 Cum
297 1007 360 1034 ergo
381 1000 490 1028 biduum
508 999 592 1036 jejuni
616 1001 808 1034 perstitissent,
830 1001 856 1027 in
878 1002 996 1028 navicula

210 1046 298 1080 agitati
311 1067 318 1078 ,
336 1047 411 1074 tertia
425 1047 469 1074 die
483 1047 626 1082 Apameam
639 1047 766 1081 appulcre
779 1068 786 1080 ,
810 1047 853 1073 ubi
867 1046 996 1074 Joannem

211 1096 330 1118 nostrum
344 1092 532 1126 exspectabant
545 1092 642 1119 Paulus
656 1111 662 1122 ,
683 1091 796 1126 Cyrinus
810 1098 836 1118 et
852 1091 996 1118 Palladius.

211 1136 263 1162 llos
274 1137 343 1163 enim
355 1137 403 1164 via:
415 1137 524 1164 comites
536 1137 941 1172 assumpscratChrysostomus,
952 1145 998 1172 pc-

209 1179 339 1214 dibusqoe
360 1181 481 1207 conlecto
502 1182 596 1209 itinere
615 1180 748 1216 Ephesum
772 1183 937 1216 perveniunt.
966 1183 998 1210 Et

209 1226 374 1260 congregatis
387 1226 476 1261 Lydia:
487 1246 494 1257 .
511 1227 580 1254 Asia:
592 1248 598 1259 ,
615 1232 694 1262 atque
706 1226 790 1254 Carne
804 1228 935 1263 episcopis
947 1236 997 1256 nu-

210 1279 285 1298 mero
299 1272 463 1307 septuaginta
473 1292 481 1306 ,
497 1272 531 1299 dc
543 1273 754 1300 ordinationibus
767 1273 894 1300 faciendis
907 1275 996 1301 statim

208 1321 296 1344 actum
319 1321 369 1344 est.
397 1317 468 1344 Multi
495 1322 558 1345 tunc
579 1318 756 1349 advenerant.
783 1319 949 1354 maximeque
963 1327 996 1347 cx

209 1361 366 1398 Phrygibus,
377 1371 430 1390 uno
442 1362 566 1390 audiendi
580 1363 762 1398 Chrysostomi
773 1363 860 1390 studio
870 1364 994 1398 permoti,

209 1412 264 1435 tum
279 1409 393 1436 maxime
405 1408 464 1444 ejus
478 1409 606 1444 sapientia
620 1409 725 1437 fruituri
736 1430 743 1441 ,
758 1417 818 1436 cum
832 1409 937 1437 afﬂictis
952 1417 995 1437 re-

208 1453 257 1480 bus
269 1453 392 1481 Asiaticis
404 1474 412 1486 ,
428 1458 454 1481 et
468 1461 482 1481 a
496 1455 585 1481 multis
597 1454 642 1489 qui
657 1455 757 1482 zizania
781 1455 948 1482 inseruerant
968 1455 994 1482 in

207 1498 367 1526 deteriorem
389 1503 486 1526 statum
510 1499 625 1526 reductis
645 1508 651 1526 :
674 1507 733 1526 nam
758 1500 933 1534 proﬂuentem
960 1500 994 1534 pii

207 1543 324 1571 doctoris
336 1543 511 1579 eloquentiam
526 1544 605 1571 tantis
617 1544 692 1571 malis
702 1544 824 1572 solatium
838 1545 993 1572 aﬂ‘crcntem

207 1589 345 1624 excepturi
359 1594 445 1617 erant.

242 1633 345 1661 Interea
357 1635 606 1662 acccssitEusebius
620 1636 664 1662 ille
674 1635 993 1670 Valentinianopolitanus

207 1679 346 1714 episcopus
367 1679 489 1714 (Pallad.
512 1689 538 1715 ρ.
554 1681 615 1708 155.
642 1681 730 1716 156),
753 1682 785 1708 de
806 1690 859 1716 quo
882 1683 992 1716 plurima

208 1724 324 1750 diximus
338 1731 428 1758 supra,
443 1725 487 1759 qui
501 1733 547 1751 sex
562 1726 701 1760 episcopos
716 1726 780 1752 alios
792 1727 942 1758 accusabat,
959 1726 992 1753 ad

211 1769 424 1797 communionem
439 1770 542 1797 admitti
564 1778 671 1805 rogans.
698 1771 795 1798 Contra
810 1780 872 1799 vero
886 1773 990 1807 quidam

207 1815 321 1850 episcopi
337 1823 388 1842 non
399 1816 590 1843 admittendum
601 1816 734 1849 dicebant,
745 1822 835 1851 utpote
846 1818 993 1852 sycophan-

209 1865 271 1887 tam.
298 1860 386 1895 Pergit
402 1861 446 1888 ille
459 1862 626 1895 supplicans,
643 1862 703 1896 quia
721 1863 774 1896 jam
794 1862 900 1889 biennio
913 1870 992 1889 causa

207 1907 375 1938 examinata,
403 1913 429 1934 ct
454 1915 504 1934 non
531 1908 732 1934 advenientibus
756 1908 866 1934 testibus
890 1908 992 1942 longius

206 1955 321 1977 extracta
346 1951 448 1984 fuerat,
474 1957 502 1978 ut
525 1957 606 1979 testes
629 1952 895 1987 producanturzctsi
920 1954 991 1979 enim

207 1997 355 2023 Antoninus
365 2017 372 2028 ,
386 1997 430 2031 qui
444 2005 566 2024 nummos
577 2003 715 2032 acceperat
730 2004 757 2025 ut
771 1999 923 2030 ordinaret,
937 1998 991 2032 jam

207 2048 329 2069 mortuus
339 2048 406 2075 erat,
418 2051 559 2078 superesse
573 2048 660 2071 tamen
676 2051 732 2076 eos,
747 2044 791 2079 qui
805 2045 915 2079 pecunia
932 2044 992 2071 data

207 2088 319 2116 ordinati
327 2089 440 2116 fuerant.
449 2089 571 2125 Synodus
578 2097 640 2116 vero
648 2098 703 2117 rem
716 2090 922 2125 perquirendam
933 2097 993 2117 esse

207 2133 321 2160 censuit.
336 2133 426 2160 Primo
440 2134 507 2161 lecta
521 2139 583 2161 sunt
596 2140 654 2161 acta
667 2142 674 2166 ;
691 2135 801 2169 ingressi
816 2140 877 2162 sunt
893 2140 990 2167 testes;

207 2185 308 2205 necnon
333 2185 379 2206 sex
399 2178 456 2210 illi,
477 2179 521 2214 qui
543 2180 653 2214 pecunia
669 2180 729 2207 data
742 2180 856 2207 ordinati
877 2179 991 2207 fuerant.

208 2224 240 2250 Et
253 2225 326 2251 initio
339 2225 444 2260 quidem
459 2226 604 2261 negabant;
621 2226 780 2253 instantibus
792 2234 857 2253 vero
870 2226 991 2259 testibus,

206 2278 316 2303 quorum
331 2271 436 2306 quidam
447 2272 505 2299 laici
515 2277 600 2305 erant,
612 2277 638 2300 et
651 2273 756 2307 quidam
767 2273 924 2308 presbyteri,
936 2273 994 2307 qui-

207 2316 255 2343 bus
271 2325 325 2344 rem
347 2317 513 2345 conﬁdenter
536 2318 672 2352 aperuisse
692 2317 865 2351 videbantur,
888 2326 992 2345 necnon

208 2362 363 2389 mulieribus
374 2363 518 2396 nonnullis,
530 2370 588 2397 qua:
601 2367 628 2390 et
639 2363 777 2398 pignorum
792 2370 839 2390 seu
851 2370 992 2390 munerum

207 2407 340 2442 speciem,
360 2413 386 2435 et
405 2409 460 2436 loca
476 2413 504 2436 et
518 2414 636 2444 tempora
649 2414 676 2436 et
696 2410 869 2444 quantitatem
890 2409 992 2437 indica-

207 2453 281 2485 bant,
296 2454 456 2482 reclamante
471 2455 534 2482 item
547 2455 707 2483 conscientia
718 2477 724 2488 ,
741 2457 819 2487 ultro,
835 2463 885 2484 nec
899 2457 994 2490 majori

207 2499 366 2527 necessitate
383 2501 528 2536 compulsi,
550 2501 664 2529 confessi
685 2508 746 2529 sunt
765 2510 794 2530 se
809 2510 919 2530 munera
936 2502 992 2529 sol-

210 2545 280 2572 tisse
294 2565 301 2577 ,
317 2545 396 2572 talem
416 2553 475 2572 esse
487 2547 703 2575 consuetudinem
717 2552 841 2583 putantes
851 2569 858 2579 .
882 2552 908 2575 et
922 2555 992 2575 nunc

207 2597 285 2617 orare
295 2611 302 2623 ,
317 2590 339 2618 si
353 2591 391 2617 fas
405 2595 491 2618 tamen
502 2596 582 2622 esset.
600 2592 625 2619 in
640 2593 765 2621 Ecclesia:
775 2594 924 2621 ministerio
937 2601 994 2620 scr—

208 2638 282 2669 vari;
304 2638 345 2665 sin
368 2637 472 2669 minus.
498 2641 526 2664 ut
547 2644 656 2672 aurum,
680 2639 750 2673 qttod
769 2640 920 2673 solverant,
943 2639 993 2666 sibi

209 2683 363 2711 redderetur
376 2693 382 2710 :
398 2683 504 2719 quidam
518 2683 587 2710 enim
603 2692 635 2711 ex
649 2685 699 2712 illis
713 2692 825 2712 uxorum
844 2685 995 2720 supellecti-

208 2730 260 2757 ιειη
273 2730 411 2757 dederant.
433 2730 501 2756 Tum
515 2729 631 2756 Joannes
643 2730 849 2765 Chrysostomus
863 2738 878 2757 e
895 2738 924 2757 re
939 2730 994 2757 fore

208 2776 260 2803 sibi
269 2775 349 2802 videri
358 2776 434 2808 dixit,
443 2776 464 2802 si
473 2775 578 2811 iuberet
587 2776 709 2811 Synodus
717 2775 791 2803 reddi
800 2775 850 2803 illis
860 2783 952 2803 aurum
961 2776 994 2802 ab

749 76 777 105 S.
799 76 937 105 J0.\NNlS
956 77 1191 106 CllﬂYSOSTOMI
1214 77 1302 110 “TA,

1796 79 1846 109 lu

1058 135 1219 162 hmredibus.
1230 134 1358 168 Praecepit
1371 141 1434 169 ergo
1445 133 1578 169 Synodus,
1590 139 1618 161 ut
1628 134 1763 162 illicontra
1774 135 1845 171 leges

1056 187 1145 207 sacras
1157 179 1271 207 ordinati
1284 187 1377 207 aurum
1389 187 1465 207 suum
1480 179 1632 214 reciperent.
1646 179 1681 207 ab
1694 179 1844 209 bmredibus

1056 225 1201 258 Antonini,
1215 230 1241 252 et
1254 225 1482 253 communicarent
1495 226 1563 252 intra
1576 226 1659 253 altare
1674 234 1680 252 :
1693 230 1784 254 essent
1798 234 1845 253 au-

1057 277 1108 299 tem
1122 271 1178 306 jam
1191 279 1244 298 non
1259 271 1412 299 sacerdotes
1422 292 1430 303 ,
1448 271 1495 298 sed
1509 279 1541 299 ex
1554 271 1737 299 sacerdotibus
1750 280 1756 298 :
1771 271 1809 299 Ne
1823 274 1845 299 si

1056 318 1105 345 ista
1113 317 1330 349 concederemus,
1343 325 1401 345 mos
1415 317 1489 344 ﬂeret
1502 317 1628 344 Judaicus
1640 317 1842 353 autEgyptius,

1056 362 1185 389 vendendi
1197 367 1275 397 atque
1288 362 1394 389 emendi
1409 361 1599 389 sacerdotium.
1618 362 1762 390 Dicebatur
1772 363 1841 390 enim

1055 407 1207 434 Jutlrcorum
1223 407 1399 442 patriarcham
1414 407 1525 441 singulis
1540 407 1616 434 annis
1629 428 1635 439 ,
1659 413 1704 434 aut
1719 415 1788 435 anno
1803 408 1843 434 in-

1056 451 1182 487 terfecto.
1204 460 1219 479 a
1232 459 1372 487 synagoga:
1385 452 1548 486 principibus
1568 452 1683 486 mutari,
1705 452 1737 480 ad
1754 460 1842 481 corra-

1056 497 1169 524 dendam
1185 498 1334 532 pecttniant.

1091 544 1189 571 llorum
1204 546 1322 572 omnium
1338 545 1478 572 exstabant
1491 549 1548 572 aeta
1559 549 1585 573 et
1604 545 1722 580 judicum
1736 546 1843 574 nomina

1056 588 1172 624 (Pallad.
1192 599 1218 624 p.
1235 590 1296 625 457)
1313 598 1319 616 :
1338 597 1369 617 ac
1387 591 1431 625 qui
1454 590 1557 617 fuerant
1581 591 1718 625 depositi,
1743 591 1843 626 Synodi

1052 635 1153 670 judicio
1165 636 1355 671 acquieverunt
1368 656 1374 669 ,
1396 644 1518 671 unusque
1530 645 1561 664 ex
1576 637 1627 664 illis
1643 637 1728 664 factus
1740 642 1781 665 cst
1794 645 1843 665 ne-

1053 681 1186 715 gotiorum
1199 681 1361 716 publicorum
1376 681 1510 709 defensor.
1524 682 1550 708 lu
1560 682 1740 717 depositorum
1754 688 1842 710 autem

1054 726 1140 753 locum
1152 727 1246 754 delecti
1257 727 1371 754 suntalii
1382 735 1434 754 non
1449 728 1582 764 conjltgati
1596 749 1603 761 ,
1618 729 1670 756 vita
1687 733 1714 756 et
1724 729 1843 756 doctrina

1053 772 1149 799 ornati.
1175 772 1339 800 Heraclidem
1354 781 1418 801 vero
1436 774 1461 801 in
1477 774 1602 801 Antonini
1618 775 1704 802 locum
1719 775 1843 810 Synodus

1053 818 1199 850 constituit,
1209 819 1293 846 virum
1307 819 1451 854 encyclicis
1463 819 1610 854 disciplinis
1621 820 1720 854 optime
1734 821 1842 847 institu-

1054 869 1124 897 tum,
1147 869 1174 891 et
1191 864 1216 891 in
1232 864 1328 892 divinis
1343 864 1486 899 Scripturis
1501 865 1618 900 peritum
1629 886 1636 898 ,
1649 867 1695 900 qui
1711 867 1737 893 in
1749 873 1842 893 eremo

1053 910 1225 937 monasticam
1241 910 1319 936 vitam
1333 914 1440 945 egerat,
1455 914 1482 938 et
1496 911 1540 945 qui
1558 918 1604 945 per
1619 915 1673 938 tres
1688 919 1772 939 annos
1784 912 1842 939 dia-

1053 962 1136 982 conus
1149 954 1243 982 fuerat.
1259 955 1392 982 Palladius
1406 963 1470 982 vero
1482 976 1488 986 ,
1502 955 1546 990 qui
1563 955 1623 982 huic
1636 955 1744 991 Synodo
1758 957 1839 983 inter-

1053 999 1150 1032 fuerat,
1169 1000 1232 1027 dicit
1245 1000 1375 1027 Joannem
1397 1008 1445 1027 sex
1462 1001 1601 1034 episcopos
1623 1001 1650 1027 in
1671 1002 1720 1027 hac
1737 1001 1842 1028 scilicet

1052 1046 1186 1080 provincia
1204 1050 1304 1073 tantum
1322 1045 1497 1081 deposuisse,
1514 1053 1565 1072 non
1585 1051 1673 1073 autem
1694 1046 1840 1078 sexdecim,

1052 1095 1080 1118 ut
1093 1091 1270 1118 mentiebatur
1280 1091 1453 1126 Theophilus,
1465 1090 1648 1126 Chrysostomi
1664 1095 1802 1119 accusator
1814 1096 1842 1118 ct

1053 1135 1183 1164 inimicus.

1088 1180 1251 1208 Sozomcuus
1273 1189 1336 1209 vero
1360 1181 1424 1209 dicit
1449 1182 1564 1218 (Sozam.
1581 1182 1599 1209 ι.
1617 1181 1644 1209 8.
1667 1190 1689 1208 c.
1706 1181 1734 1216 6)
1754 1182 1840 1216 ipsum

1052 1227 1179 1254 tredecim
1204 1227 1342 1262 episcopos
1362 1227 1519 1262 deposuisse
1543 1228 1638 1262 partim
1662 1227 1687 1253 in
1711 1227 1790 1262 Lycia
1814 1231 1840 1254 et

1052 1273 1163 1309 Phrygia
1175 1293 1182 1306 ,
1207 1274 1302 1308 partim
1317 1273 1342 1300 in
1358 1274 1420 1300 Asia
1433 1294 1439 1306 ,
1457 1274 1492 1300 ita
1512 1278 1540 1300 ut
1556 1280 1616 1300 cum
1638 1277 1705 1299 teste
1718 1272 1838 1299 Palladio
1874 1276 1878 1278 ‘

1053 1324 1115 1347 tunc
1126 1324 1255 1353 prmscnte
1268 1327 1316 1347 sex
1331 1320 1357 1346 in
1374 1320 1435 1346 Asia
1451 1319 1617 1353 deposuerit,
1641 1323 1744 1352 septem
1758 1318 1837 1344 etiam

1051 1365 1077 1391 in
1093 1365 1170 1400 Lycia
1183 1370 1209 1392 et
1230 1365 1343 1399 Phrygia
1369 1372 1402 1391 ex
1423 1364 1531 1391 sedibus
1554 1363 1675 1390 moverit.
1698 1363 1769 1389 Inter
1790 1362 1838 1389 hos

1050 1415 1137 1437 autent
1151 1409 1306 1437 Gerontiqu
1321 1409 1549 1440 Nicomediensem
1563 1409 1717 1443 episcopum
1731 1416 1762 1435 ex
1774 1407 1838 1434 sedo

1049 1455 1160 1489 expulit.
1177 1455 1224 1481 Hic
1242 1460 1329 1481 autem
1343 1462 1404 1482 cum
1422 1454 1562 1481 Mediolani
1575 1454 1703 1481 diaconus
1717 1458 1805 1485 esset,
1821 1460 1836 1480 a

1050 1499 1079 1527 S.
1100 1499 1241 1526 Ambrosio
1262 1499 1387 1534 episcopo
1407 1503 1435 1526 ut
1453 1506 1529 1526 sacro
1546 1499 1693 1525 ministerio
1713 1498 1837 1533 indignus

1049 1545 1174 1579 expulsus
1197 1544 1292 1571 fuerat.
1319 1544 1385 1571 Hinc
1398 1551 1458 1570 cum
1476 1543 1725 1578 Constantinopolin
1748 1544 1836 1570 venis-

1049 1595 1099 1624 set,
1120 1595 1149 1617 ut
1160 1594 1218 1618 erat
1231 1590 1303 1617 vafer
1317 1595 1343 1617 et
1357 1594 1460 1616 astutus
1473 1610 1480 1621 ,
1496 1588 1674 1624 quorumdam
1692 1596 1742 1622 ope
1757 1588 1836 1615 Nico-

1049 1635 1212 1663 mediensem
1225 1635 1400 1669 episcopalem
1415 1634 1506 1662 sedem
1519 1635 1630 1668 adeptus
1641 1639 1691 1661 est.
1708 1634 1747 1661 Re
1761 1641 1835 1661 eom-

1050 1687 1122 1716 perla
1138 1681 1295 1709 Ambrosius
1308 1681 1430 1708 Nectario
1443 1681 1569 1715 episcopo
1590 1679 1835 1714 Constantinopoli-

1049 1732 1111 1754 tano
1141 1727 1246 1762 scripsit
1261 1747 1268 1759 ,
1293 1731 1320 1753 ut
1343 1726 1499 1753 Gerontium
1527 1734 1559 1752 ex
1587 1725 1729 1760 episcopali
1753 1724 1835 1759 gradu

1048 1772 1184 1807 dejiceret.
1208 1772 1276 1799 Nihil
1301 1779 1352 1798 non
1377 1771 1429 1806 egit
1453 1771 1609 1803 Nectarius,
1632 1775 1660 1797 ut
1679 1770 1834 1797 Gerontium

1048 1819 1209 1853 deponeret;
1232 1818 1278 1845 sed
1302 1817 1403 1844 frustra'
1417 1824 1522 1844 cessere
1541 1821 1653 1843 conatus
1669 1825 1675 1842 :
1689 1815 1834 1842 Gerontius

1048 1864 1118 1891 enim
1127 1863 1371 1891 Nicomediensibus
1380 1862 1522 1889 admodum
1533 1866 1622 1896 gratus
1630 1866 1698 1894 erat,
1707 1861 1832 1896 quoniam

1048 1910 1073 1936 in
1081 1909 1210 1936 medicina
1222 1909 1331 1943 peritus,
1348 1909 1419 1935 illam
1429 1912 1512 1935 artem
1524 1907 1672 1938 exercebat,
1681 1914 1712 1933 ac
1720 1907 1835 1934 dexteri-

1048 1959 1101 1982 tate
1113 1960 1139 1982 et
1149 1955 1303 1988 sedulitate,
1324 1955 1408 1990 inquit
1421 1955 1584 1981 Sozomeuus
1595 1974 1602 1986 ,
1616 1961 1677 1987 erga
1693 1960 1788 1979 omnes
1803 1960 1833 1979 ex

1047 2008 1133 2036 ecquo,
1152 2006 1203 2028 tam
1215 2009 1344 2036 pauperes
1357 2007 1435 2035 quam
1449 1999 1554 2031 divites,
1572 1999 1703 2025 utebatur.
1718 1998 1836 2025 Joannes

1048 2055 1112 2074 vero
1127 2047 1200 2073 illutn
1223 2047 1365 2081 deposuit,
1389 2050 1416 2072 ct
1436 2046 1461 2072 iu
1481 2045 1566 2072 locum
1581 2045 1638 2078 ejus
1654 2044 1833 2078 Pansophitnu

1047 2092 1188 2119 ordinavit.
1199 2091 1264 2124 Qua:
1274 2099 1317 2118 res
1330 2090 1574 2118 Nicomediensibus
1586 2089 1728 2115 admodum
1744 2089 1836 2122 displu-

1047 2137 1111 2169 cuit,
1128 2144 1177 2163 nec
1190 2144 1265 2164 secus
1281 2144 1359 2171 quam
1377 2136 1402 2162 in
1417 2135 1576 2165 calamitate,
1597 2138 1642 2160 aut
1659 2138 1736 2160 terra:
1750 2139 1832 2164 motu,

1046 2182 1088 2210 vel
1101 2182 1228 2214 siccitate,
1244 2189 1291 2216 per
1301 2181 1401 2215 plateas
1416 2179 1528 2207 civitatis
1541 2186 1596 2205 suae
1609 2183 1636 2204 et
1647 2176 1835 2204 Constantino-

1047 2229 1100 2263 poli
1115 2229 1311 2256 circumeuntes
1333 2226 1497 2261 psallebant,
1522 2225 1628 2259 Deoque
1651 2223 1835 2258 supplicabant

1048 2279 1076 2301 ut
1089 2275 1162 2301 illum
1175 2274 1327 2308 episcopum
1340 2272 1478 2299 haberent.
1498 2270 1561 2297 Hth
1579 2277 1643 2296 vero
1654 2269 1774 2296 Gerontii
1788 2268 1835 2294 dc~

1048 2320 1143 2355 positio
1161 2319 1211 2346 sub
1235 2319 1292 2345 lucc
1315 2317 1410 2345 Joanni
1430 2316 1621 2350 Chrysostomo
1644 2314 1749 2348 objecta
1775 2313 1832 2342 fuit.

1046 2365 1152 2400 quando
1167 2365 1210 2391 illa
1228 2368 1299 2391 tanta
1314 2363 1441 2390 adversus
1459 2362 1545 2396 ipsum
1560 2364 1704 2394 tempestas
1716 2364 1775 2386 orta
1795 2363 1835 2384 cst

1048 2412 1134 2447 (Socr.
1151 2410 1170 2437 ι.
1186 2409 1212 2437 6.
1224 2418 1246 2436 c.
1262 2410 1305 2436 ll.
1321 2413 1344 2435 et
1358 2408 1414 2443 l9).
1436 2406 1590 2434 Novatianis
1608 2410 1695 2432 autem
1707 2409 1734 2431 et
1751 2404 1836 2437 Quar-

1047 2455 1220 2484 todccimanis
1233 2454 1344 2488 aliisque
1351 2453 1482 2480 hatrcticis
1491 2450 1717 2478 multaseeelesias
1724 2449 1833 2477 ademit.

1047 2503 1134 2537 Atque
1148 2500 1244 2539 Ephesi
1256 2507 1315 2527 cum
1328 2503 1408 2532 esset,
1424 2498 1508 2532 inquit
1521 2496 1641 2528 Proclus,
1657 2495 1735 2522 Mida:
1749 2495 1834 2521 cultus

1047 2554 1173 2575 arcanum
1195 2553 1274 2573 omne
1292 2544 1407 2576 detexit;
1426 2548 1525 2571 etcum
1540 2542 1566 2569 in
1584 2541 1725 2576 Phrygiam
1745 2540 1832 2566 venis-

1048 2598 1103 2625 set,
1125 2591 1201 2618 Matri
1222 2591 1304 2618 Deum
1320 2589 1426 2624 Cybelae
1440 2587 1508 2614 ﬁlios
1522 2593 1617 2614 omnes
1631 2585 1759 2617 abstulit,
1775 2591 1833 2611 cum

1048 2645 1140 2664 eorum
1155 2637 1250 2670 templa
1264 2634 1405 2662 destruxit.

1084 2685 1217 2711 Reversus
1236 2683 1440 2718 Chrysostomus
1456 2680 1517 2715 (Jo.
1530 2679 1622 2714 Chryl.
1638 2684 1656 2705 ι.
1673 2679 1699 2709 3.
1728 2687 1751 2705 ε.
1766 2676 1840 2711 579)

1048 2737 1081 2756 ex
1097 2729 1160 2755 Asia
1179 2729 1254 2763 quasi
1269 2735 1302 2755 ex
1317 2728 1394 2762 longa
1416 2725 1645 2760 peregrinatione,
1662 2724 1687 2750 in
1708 2731 1760 2759 qua
1779 2722 1844 2757 plus

1048 2783 1127 2810 quam
1135 2779 1238 2802 centum
1249 2774 1305 2802 dies
1311 2771 1629 2808 iusumpserat,postridic
1635 2770 1784 2798 orationem
1793 2770 1845 2794 ιω-
