2034 3109
175 125 226 153 185

172 183 231 210 butt
243 182 276 210 ad
291 183 416 218 populum
429 190 519 217 suum,
533 190 611 220 quem
625 185 736 212 summis
749 185 870 213 laudibus
883 186 968 212 extol-

174 229 204 255 lit
221 228 292 263 quod
308 236 367 256 eum
385 233 459 256 tanto
475 229 571 264 gaudio
592 229 667 257 illum
682 229 837 257 redeuntem
852 237 967 264 excepe-

175 275 237 307 rint,
251 273 323 309 quod
335 275 470 302 civitatem
484 279 566 302 totam
579 276 604 302 in
618 275 760 302 ecclesiam
775 276 965 306 converterint,

174 319 243 354 quod
255 327 316 347 cum
329 319 462 347 haereticis
474 320 606 348 colluctati
618 320 681 348 sint.
694 320 828 355 Nusquam
837 326 900 347 vero
910 323 969 346 tan-

175 367 229 392 tum
244 365 333 400 gaudii
348 365 486 397 exhibuit,
500 369 627 399 quantum
649 365 675 392 in
690 364 740 391 hac
760 364 889 391 concione
899 383 908 396 ,
923 363 968 390 ubi

174 415 246 437 certe
258 409 301 437 vel
320 411 407 445 primo
421 409 519 437 intuitu
532 409 693 444 percipitur,
707 417 760 436 non
775 410 877 436 minore
892 408 967 436 illum

174 456 306 483 desiderio
319 456 352 483 ad
369 455 474 490 plebem
489 455 640 482 revertendi
661 458 767 490 captum
782 455 873 487 fuisse,
887 462 966 488 quam

175 510 180 535 ι
191 501 287 534 cpulus
299 505 368 528 totus
379 500 495 535 pastoris
505 499 545 527 sui
558 498 680 527 absentis
690 499 834 534 recipiendi
844 499 966 534 cupidine

174 546 322 572 tenebatur.

208 591 355 626 Regressus
370 599 436 620 vero
458 591 634 626 deprehendit
654 591 829 619 Severianum
851 590 966 618 Gabalo-

174 645 232 664 rum
253 638 420 672 episcopum,
439 638 481 665 cui
502 638 527 664 in
541 637 704 672 profectione
713 645 760 665 sua
773 645 881 672 gregem
889 644 965 664 suum

173 682 424 716 commendaverat,
445 682 509 709 nihil
533 690 584 709 non
606 682 693 717 egisse
716 687 743 709 ut
766 682 909 716 populum,
924 682 967 709 cui

174 735 245 762 sepe
255 727 472 760 concionabatur,
484 727 533 755 sibi
544 728 704 760 conciliaret,
716 732 742 755 et
754 735 768 754 a
777 728 966 763 Chrysostomo

175 779 325 804 averteret;
339 779 436 809 atque,
454 779 483 801 ut
505 774 659 808 putabatur,
677 779 704 800 ut
725 774 798 800 illum
813 782 827 800 a
843 780 888 800 sua
903 773 966 800 sede

175 819 338 851 deturbarat,
354 827 436 854 seque
450 820 476 847 in
491 820 548 854 ejus
564 820 650 846 locum
664 819 846 851 substituerct,
859 819 966 854 jamque

175 873 189 892 a
210 865 356 899 Serapione
377 865 490 892 diacono
519 865 635 892 monitus
658 864 883 900 Chrysostomus.
904 864 966 891 dum

172 911 270 938 absens
279 914 361 943 esset,
371 915 431 944 post
441 910 554 938 reditum
565 918 621 937 rem
631 910 780 938 accuratius
790 910 966 941 examinavit;

172 963 206 982 ac
214 963 304 982 veram
314 962 374 982 esse
389 955 521 990 cognovit.
537 955 600 982 Erat
608 959 696 982 autem
705 954 863 983 Severianus
870 963 967 990 genere

172 1000 258 1035 Syrus
268 1021 276 1033 ,
291 1000 452 1034 eloquentia:
471 1000 598 1033 studens,
614 1000 690 1034 cujus
706 1000 828 1027 homilias
839 1001 966 1036 quasdam

174 1045 315 1077 habemus,
323 1053 434 1080 quarum
442 1045 527 1080 stylus
534 1045 631 1080 aliquid
641 1045 799 1072 inventionis
807 1053 861 1080 prro
869 1054 898 1073 se
907 1047 965 1079 fert,

173 1090 223 1118 sed
232 1091 362 1125 strigosus
375 1097 402 1118 et
413 1099 492 1126 asper
503 1096 562 1123 est;
577 1092 610 1118 ita
620 1097 647 1118 ut
660 1092 836 1126 eloquentiam
846 1092 902 1125 ejus
916 1092 969 1119 fer-

174 1145 249 1164 ream
264 1141 342 1165 vocet
356 1137 479 1164 Savilius.
495 1137 518 1164 ls
534 1138 621 1172 itaque
635 1142 662 1165 et
676 1138 743 1165 alius
755 1138 894 1173 episcopus
908 1139 969 1164 Pl.)-

174 1181 299 1209 lemaidis
310 1202 317 1214 ,
333 1182 479 1210 Antiochus
502 1183 626 1215 nomine,
642 1184 685 1217 qui
708 1184 866 1218 eloquentia:
888 1185 966 1210 etiam

174 1227 312 1259 studebat,
327 1228 394 1255 inter
410 1229 585 1263 primipilares
597 1229 707 1256 Joannis
725 1229 905 1264 Chrysostouii
920 1230 967 1256 iui-

173 1272 263 1299 micos
280 1273 403 1308 deinceps
414 1274 633 1301 numerabuntur.
649 1274 810 1302 Severianus
822 1282 873 1302 non
884 1275 968 1309 plebis

173 1319 256 1346 modo
265 1319 567 1355 Constantinopolitana:
579 1320 701 1348 affectum
717 1326 743 1347 et
757 1321 966 1348 benevolentiam

171 1363 224 1390 sibi
239 1369 348 1398 captare
361 1365 503 1398 studebat,
519 1365 565 1392 sed
587 1366 665 1393 etiam
680 1366 705 1392 in
719 1365 887 1400 lmperatoria
907 1366 967 1392 aula

171 1408 223 1435 sibi
239 1409 368 1436 Eudoxia:
379 1411 505 1444 Augustie
514 1410 625 1445 gratiam
635 1411 831 1442 conciliaverat,
846 1411 968 1438 ambitio-

172 1454 213 1480 nis
224 1454 317 1482 studio
331 1460 477 1489 permotus.
491 1456 565 1482 (In-ca
576 1456 646 1482 enim
660 1461 686 1483 et
698 1457 836 1483 temeraria
850 1457 969 1483 domina-

171 1500 238 1527 trice
251 1500 337 1527 animi
351 1501 495 1535 cupiditate
510 1501 658 1528 stimulatus
673 1502 773 1529 nullum
791 1502 902 1536 lapidem
916 1511 968 1530 non

167 1550 307 1573 moverat.

201 1591 290 1618 Aliud
299 1591 334 1618 de
345 1591 491 1620 Severiano
502 1592 581 1620 refert
590 1593 711 1620 Socrates
720 1593 808 1628 (Socr.
821 1594 839 1622 Ι.
852 1594 877 1621 6.
889 1603 912 1622 ε.
926 1595 967 1621 tl.

165 1636 277 1663 Sozam.
291 1638 312 1664 ι.
329 1637 357 1663 8.
370 1645 394 1664 c.
409 1637 471 1671 10),
485 1638 554 1672 quod
568 1646 664 1672 nempe
676 1639 786 1674 Serapio
795 1659 802 1671 ,
815 1639 849 1666 de
861 1647 914 1674 quo
926 1647 970 1666 su-

164 1690 224 1716 pra,
237 1691 305 1710 cum
319 1683 427 1710 sederet
439 1684 592 1718 aliquando,
605 1685 750 1711 transeunti
765 1685 909 1712 Severiano
921 1685 969 1711 ho-

163 1735 260 1755 norcm
277 1729 410 1763 episcopo
424 1729 542 1756 debitum
557 1737 610 1756 non
627 1731 789 1764 praestiterit,
805 1731 851 1757 sed
865 1731 891 1757 in
907 1731 970 1758 sede

159 1782 208 1800 sua
221 1775 421 1808 permanserit.
437 1775 492 1808 Qua
509 1783 537 1802 re
551 1781 685 1809 permotus
699 1777 866 1808 Severianus,
881 1785 970 1804 coram

157 1820 296 1847 munibus
311 1819 381 1846 dixit
396 1828 402 1844 :
418 1819 448 1846 Si
464 1820 572 1855 Serapio
585 1821 706 1847 moriatur
718 1821 886 1854 Christianus,
898 1822 972 1849 Chri-

154 1869 211 1891 ανδ
223 1865 311 1891 Immo
327 1872 379 1890 non
395 1866 475 1899 factus
489 1870 536 1892 ecl.
551 1865 607 1893 lloc
616 1865 714 1893 dictum
726 1872 798 1894 certe
810 1867 970 1902 impietatem

153 1910 246 1943 sapit;
263 1909 386 1944 Serapio
399 1914 487 1936 autem
505 1910 628 1946 maligne.
637 1912 752 1946 demptis
766 1913 896 1946 prioribus
911 1921 970 1940 ver-

152 1954 206 1987 bis,
216 1955 387 1983 affirmabat
398 1956 570 1984 Severianum
580 1958 636 1985 haec
648 1959 789 1992 protulisse
800 1960 888 1992 verba,
899 1960 971 1987 Clin"-

149 2005 207 2028 ιω..
221 2002 310 2028 Ιιοηιο
327 2003 415 2036 factus
430 2011 479 2029 non
495 2009 532 2030 est
544 2025 551 2037 ,
567 2005 717 2040 multosque
731 2013 786 2032 sua:
799 2005 920 2033 factionis
934 2010 971 2032 le-

148 2051 208 2073 ues
223 2048 421 2082 producebat,
437 2048 481 2082 qui
495 2049 545 2076 hoc
558 2057 588 2077 se
601 2058 615 2077 a
628 2050 772 2078 Severiano
784 2051 882 2078 dictum
897 2052 971 2078 audi-

148 2093 224 2121 visse
237 2093 436 2126 affirmarent,
453 2094 610 2123 Severianus
625 2105 698 2130 vero,
713 2105 742 2125 se
757 2105 809 2124 non
826 2099 859 2125 ita
872 2098 971 2126 dixisse

146 2140 355 2172 asseverabat,
373 2141 419 2167 sed
432 2145 513 2168 totam
525 2143 694 2175 sententiam,
708 2148 736 2170 ut
747 2151 827 2178 supra
837 2145 968 2171 diximus:

145 2191 207 2218 qua:
219 2190 325 2213 tamen
338 2189 372 2212 et
385 2185 438 2219 ipsa
449 2186 527 2221 impia
538 2195 597 2214 cum
608 2194 687 2219 esset.
695 2189 853 2217 Severianus
863 2198 876 2217 a
888 2190 972 2226 Chry-

143 2235 276 2258 sostomo
290 2239 331 2258 ex
357 2231 428 2258 urbe
444 2232 533 2265 pulsus
547 2234 595 2260 fuit
608 2254 615 2265 ,
629 2239 658 2260 ut
671 2235 707 2261 ait
719 2235 853 2263 Socrates.
873 2235 970 2263 Verum

143 2283 176 2302 ex
190 2276 407 2312 Chrysostomi
415 2277 493 2305 dictis
504 2283 575 2312 patet
583 2279 755 2308 Severianum
768 2290 782 2308 a
794 2281 890 2316 popqu
901 2282 969 2308 iridi-

140 2327 247 2355 gnante
259 2323 426 2358 expulsUm
442 2323 521 2351 fuisse
535 2324 636 2360 (Chrys.
653 2330 671 2352 ι.
686 2327 713 2354 3.
733 2332 782 2356 col.
793 2331 866 2365 426).

178 2369 357 2396 Severianus
373 2368 438 2403 ﬁcte
447 2378 502 2396 curn
514 2370 692 2406 C/irysostomo
704 2374 972 2402 reconciliatur.—Sic

140 2416 279 2449 expulsus
301 2414 484 2443 Severianus
501 2415 697 2445 Clialcedonern
711 2420 904 2454 commigravit.
922 2420 971 2448 Ve-

139 2469 199 2487 rum
209 2462 314 2489 Eudox
319 2462 347 2489 ia
363 2462 386 2489 A
392 2465 566 2498 ugusta,apud
571 2473 650 2500 quam
655 2465 734 2501 gratia
741 2466 842 2494 valebat
850 2467 972 2494 Severia-

140 2515 201 2540 nus,
210 2507 414 2536 Chalcedone
426 2507 510 2541 ipsum
520 2511 662 2538 revocavit.
672 2511 745 2538 Multi
753 2511 970 2547 Cbrysostomum

139 2553 304 2588 rogabant,
325 2552 518 2582 Severianum
532 2560 562 2582 ut
583 2557 655 2591 prius
677 2558 702 2585 in
719 2557 924 2586 familiaritatem
945 2565 971 2587 et

138 2601 317 2635 colloquium
335 2599 516 2634 admitteret,
531 2609 614 2637 neque
628 2603 653 2630 id
667 2604 807 2638 impetrare
818 2611 970 2639 potuerunt.

139 2644 257 2674 Demum
273 2645 420 2674 Eudoxia
434 2644 552 2679 Augusta
564 2648 649 2682 ipsum
664 2649 738 2681 adiit,
753 2655 780 2676 et
793 2649 970 2678 Theodosium

139 2693 272 2721 tenellam
290 2693 391 2720 filium
408 2690 528 2725 genibus
539 2693 594 2727 ejus
607 2694 731 2727 admovit,
748 2703 795 2730 per
810 2696 882 2724 illius
893 2703 972 2731 caput

138 2739 294 2771 obtestans,
313 2743 348 2766 ut
375 2735 560 2764 Severianum
575 2739 600 2766 in
614 2740 755 2768 amicitiam
776 2748 850 2768 suam
874 2742 970 2770 admit—

140 2788 227 2816 teret;
255 2784 347 2820 idque
375 2781 522 2812 demum,
543 2790 610 2818 a‘gre
633 2790 720 2813 tamen
743 2787 902 2821 impetravit.
927 2789 971 2816 Sic

142 2830 222 2857 ambo
233 2831 274 2857 illi
289 2829 392 2865 palam
408 2823 532 2860 quidem
541 2831 696 2858 'ecOnciliati
709 2837 787 2866 sunt;
801 2834 872 2861 intus
883 2839 969 2862 tamen

753 127 841 156 NUNC
861 127 991 156 PRIMUM
1012 128 1207 158 AliORNATA.

1762 125 1811 153 “56

1022 187 1089 214 alter
1101 187 1229 214 adversus
1248 186 1360 213 alterum
1380 185 1532 212 exulcerato
1545 184 1633 210 animo
1646 184 1789 218 permansit
1802 203 1810 214 ,

1021 231 1104 266 inquit
1118 232 1250 258 Socrates.
1265 231 1292 257 id
1311 237 1392 261 vero,
1409 230 1478 263 quod
1501 234 1636 262 postremo
1653 228 1742 261 adjicit
1754 249 1761 258 ,
1778 227 1811 254 de

1020 275 1162 303 Severiano
1173 274 1278 309 quidem
1294 274 1368 301 facile
1381 272 1520 303 credatur:
1536 271 1607 306 quod
1618 279 1681 298 vero
1694 271 1811 304 Chryso-

1020 325 1122 346 stomus
1136 324 1195 354 post
1215 319 1459 347 reconciliationem
1473 317 1627 344 exulcerato
1646 317 1735 343 animo
1748 323 1810 350 pcr-

1020 365 1158 395 manserit,
1172 364 1232 398 quis
1246 363 1355 390 credcre
1367 361 1471 398 possit?
1484 362 1533 388 nisi
1547 361 1613 388 forte
1628 361 1665 388 sic
1679 360 1809 394 intelliga-

1021 414 1076 441 tur.
1092 410 1311 446 Chrysostomum
1325 430 1332 442 ,
1358 415 1453 443 nempe
1475 415 1535 434 cum
1560 411 1650 434 nosset
1673 405 1809 433 Severiani

1019 455 1121 482 vafrnm
1134 460 1161 482 et
1173 453 1341 481 ambitiosum
1355 453 1483 484 animum,
1499 459 1552 478 non
1567 455 1674 484 putasse
1689 450 1763 477 illum
1776 457 1810 476 ex

1019 502 1123 528 sincero
1137 500 1217 528 corde
1231 499 1373 526 amicitiam
1388 505 1464 525 suam
1478 497 1628 531 expetiisse,
1645 503 1693 523 nec
1705 495 1808 522 firmam

1019 545 1075 573 fore
1100 544 1341 572 reconciliationem
1365 541 1568 570 existimavisse.
1602 540 1678 568 Nulla
1702 540 1808 568 dennnn

1019 596 1106 626 potest
1116 591 1307 626 Chrysostomo
1317 589 1432 616 adscribi
1448 588 1515 615 ficta:
1530 587 1707 614 rcconciliatm
1717 587 1809 621 gratim

1019 637 1145 672 διιςιιίςίο.
1162 637 1287 664 Restabat
1301 641 1388 662 autem
1410 639 1438 662 tit
1452 633 1560 669 populi,
1576 634 1619 668 qui
1636 633 1809 660 Severianum

1019 683 1166 718 expulerat,
1177 682 1312 710 iracundia
1324 682 1472 710 sedaretur.
1483 681 1511 708 Id
1521 684 1608 708 autem
1619 680 1811 716 Chrysostomo

1019 729 1091 757 dicto
1109 729 1260 756 audientem
1281 729 1407 763 p0piilum
1427 727 1534 755 habenti
1551 734 1603 754 non
1623 725 1730 753 difficile
1752 726 1808 752 fuit.

1019 776 1180 803 Conciouem
1198 775 1300 808 habuit,
1316 775 1348 802 ad
1369 782 1460 809 pacem
1475 782 1535 801 cum
1551 774 1696 800 Severiano
1710 773 1808 799 facii-n-

1020 822 1079 849 dam
1095 821 1220 856 populum
1235 821 1394 852 cohortans;
1408 824 1487 855 utque
1501 828 1514 845 a
1528 818 1656 853 principio
1669 818 1745 845 dictis
1756 818 1810 844 suis

1021 868 1196 902 obsequentes
1208 867 1342 894 auditores
1352 866 1550 897 animadvertit,
1566 866 1592 892 in
1605 864 1708 891 laudem
1718 872 1809 891 eorum

1021 920 1174 944 conversus,
1186 912 1255 947 quod
1270 917 1355 939 tantas
1371 913 1467 938 irarum
1482 918 1574 938 cansas
1589 918 1617 937 se
1631 911 1752 936 hortante
1765 908 1811 935 de-

1022 958 1181 992 posuissent,
1192 965 1283 991 paccm
1296 962 1448 992 perpetuam
1460 956 1592 991 precando
1603 955 1701 982 claudit
1709 954 1811 981 brevis-

1020 1004 1114 1030 simam
1137 1004 1305 1030 concionem.
1330 1003 1393 1030 Post
1417 1003 1488 1029 illum
1511 1001 1671 1029 Severianus
1694 1001 1727 1027 de
1747 1008 1811 1034 pne

1020 1049 1201 1081 conciouatur,
1213 1056 1291 1083 quam
1302 1052 1391 1082 postea
1407 1055 1497 1082 pacem
1511 1047 1566 1081 ipse
1580 1046 1752 1080 perturbavit,
1763 1053 1811 1072 nec

1021 1094 1102 1120 multo
1118 1099 1236 1128 tempore
1250 1101 1264 1120 a
1279 1094 1362 1120 turbis
1377 1092 1516 1120 movendis
1530 1091 1666 1118 abstinuit.

1057 1140 1094 1166 Ex
1108 1140 1138 1166 iis
1148 1159 1155 1171 ,
1173 1147 1231 1174 quas
1246 1138 1325 1166 modo
1341 1138 1454 1165 diximus
1465 1159 1473 1170 ,
1488 1137 1564 1164 facile
1581 1137 1712 1170 conjicere
1726 1136 1811 1171 possis

1022 1193 1143 1220 magnam
1159 1189 1221 1212 tunc
1236 1184 1316 1211 fuisse
1330 1183 1555 1218 Constantinopoli
1567 1187 1593 1210 et
1606 1183 1631 1209 in
1644 1182 1736 1208 vicinis
1749 1181 1809 1208 civi-

1022 1232 1119 1258 tatibus
1131 1239 1232 1257 morum
1245 1230 1433 1264 corruptelzuu.
1449 1229 1541 1256 Vidisti
1553 1228 1692 1263 episcopos
1704 1227 1813 1261 presby-

1021 1282 1161 1311 terosque.
1178 1277 1222 1310 qui
1240 1277 1296 1302 auri
1318 1276 1402 1310 pretio
1423 1280 1448 1302 et
1468 1274 1523 1302 fere
1538 1275 1623 1309 palam
1638 1273 1670 1300 ad
1686 1272 1812 1300 ecclesia-

1023 1323 1102 1349 sticas
1117 1321 1258 1356 dignitates
1273 1321 1449 1348 convolabant
1462 1341 1468 1350 ,
1485 1320 1596 1354 aliisque
1609 1318 1679 1346 vitiis
1693 1318 1745 1345 imo
1758 1324 1812 1344 sce-

1021 1367 1120 1395 leribus
1139 1366 1245 1395 obnoxii
1267 1372 1342 1393 erant
1355 1387 1361 1398 ,
1383 1372 1409 1392 ct
1428 1366 1535 1400 quidem
1560 1372 1655 1398 magno
1676 1370 1787 1390 numero
1805 1371 1812 1389 :

1023 1414 1092 1440 inter
1105 1413 1247 1439 scecularcs
1261 1419 1324 1438 vero
1340 1412 1415 1438 multi
1431 1415 1508 1437 erant
1521 1410 1626 1442 divites,
1643 1409 1809 1435 adulatorum

1022 1459 1250 1493 parasitorumque
1266 1457 1371 1492 agmine
1391 1456 1511 1488 obsessi,
1526 1455 1569 1490 qui
1586 1455 1693 1488 inopum
1709 1457 1812 1486 egesta-

1023 1510 1075 1533 tem
1086 1505 1151 1532 nihil
1164 1508 1289 1531 curarent
1301 1512 1306 1530 :
1319 1503 1362 1530 alii
1376 1503 1431 1529 auri
1445 1501 1568 1538 cupidine
1579 1500 1650 1527 ducti
1665 1499 1749 1525 nullas
1760 1506 1812 1525 non

1022 1550 1169 1578 ditescendi
1185 1550 1240 1577 vias
1260 1548 1399 1576 tentabant
1416 1557 1421 1574 :
1439 1548 1473 1574 ita
1489 1551 1534 1578 ut,
1551 1545 1621 1580 quod
1644 1552 1723 1579 supra
1742 1545 1813 1572 dicc-

1023 1598 1126 1628 Iiamus,
1138 1603 1197 1623 cum
1212 1601 1288 1622 terrae
1300 1600 1387 1622 motus
1400 1594 1502 1628 ingens.
1517 1592 1612 1619 multos
1625 1590 1815 1617 Constantino-

1024 1643 1200 1678 politanorutn
1213 1646 1315 1668 terrore
1327 1644 1464 1673 correptos
1476 1638 1508 1665 ad
1522 1637 1608 1671 fugam
1624 1635 1813 1670 capessendam

1025 1689 1180 1724 impulisset,
1198 1692 1225 1714 ut
1240 1687 1266 1714 in
1283 1686 1432 1721 longinquis
1447 1684 1597 1719 regionibus
1611 1683 1670 1709 vita:
1685 1681 1813 1708 Securita-

1025 1740 1076 1761 leui
1091 1734 1141 1761 sibi
1163 1736 1374 1767 pararent;cuni
1391 1735 1482 1765 postea
1499 1734 1568 1755 metti
1585 1732 1704 1755 cessante
1719 1725 1752 1753 ad
1768 1733 1813 1752 sua

1024 1780 1214 1810 revertiSSent,
1236 1786 1265 1805 se
1287 1777 1366 1805 rebus
1388 1776 1510 1803 otunibus
1530 1783 1624 1801 vacuus
1646 1782 1704 1800 esse
1728 1772 1814 1799 inii-nti

1023 1831 1083 1853 sunt
1100 1833 1106 1851 :
1124 1832 1183 1851 nam
1204 1824 1248 1858 qui
1269 1824 1295 1850 in
1317 1823 1383 1850 urbe
1404 1825 1600 1853 remanserant,
1616 1820 1682 1847 bona
1696 1819 1814 1846 omnium

1023 1872 1172 1900 absentium
1192 1871 1342 1897 invaserant
1356 1873 1382 1895 et
1401 1868 1499 1902 prmdia
1520 1869 1723 1900 occupaverant.
1740 1864 1814 1891 Vidi-

1024 1925 1084 1945 mus
1103 1922 1191 1944 autem
1213 1923 1293 1950 supra
1311 1915 1528 1949 Chrysostomum
1551 1918 1621 1938 anno
1642 1911 1695 1937 598
1719 1909 1816 1936 acriter

1024 1968 1143 1991 orantem
1156 1964 1181 1989 iu
1193 1969 1249 1994 eos,
1262 1962 1304 1996 qui
1322 1966 1433 1992 tantum,
1445 1964 1497 1986 tam
1508 1957 1665 1986 Christianis
1679 1956 1813 1990 indignum

1024 2009 1125 2037 facinus
1136 2011 1331 2043 perpetrarant.
1345 2005 1436 2040 Neque
1449 2004 1519 2032 enim
1534 2004 1555 2030 is
1569 2008 1626 2030 crat
1638 2002 1754 2029 Joannes
1765 2008 1814 2027 nn.

1024 2060 1089 2085 sler,
1105 2054 1150 2088 qui
1164 2052 1288 2086 frequens
1303 2049 1520 2080 concionabatur,
1537 2053 1566 2075 ut
1578 2048 1634 2075 haec
1649 2051 1676 2074 et
1689 2047 1739 2074 alia
1753 2046 1814 2073 vitia

1024 2105 1141 2132 taceret;
1159 2099 1205 2127 sed
1226 2099 1323 2126 acriter
1336 2097 1516 2124 insectabatur
1529 2096 1639 2123 divitum
1657 2094 1814 2126 avaritiam,

1024 2148 1180 2182 optimatum
1192 2145 1380 2179 arrogantiam,
1390 2143 1548 2171 feminarum
1560 2141 1701 2169 illustrium
1714 2140 1815 2171 luxum,

1024 2193 1162 2219 viduarum
1177 2190 1316 2217 mollitiem
1330 2190 1465 2222 vitamque
1476 2188 1614 2219 laScivam,
1626 2185 1816 2213 monachorum

1020 2228 1131 2273 indigna
1142 2242 1217 2271 gesta
1230 2257 1236 2269 ,
1254 2243 1313 2270 qua;
1329 2242 1381 2261 non
1399 2233 1483 2261 semel
1497 2232 1582 2267 carpit
1597 2232 1622 2258 in
1644 2231 1817 2258 eoneionibus

1024 2285 1051 2312 in
1065 2284 1211 2319 Epistotam
1224 2283 1256 2309 ad
1273 2281 1416 2309 Ilmbrmos.
1433 2279 1604 2313 Clericosque
1617 2281 1643 2305 et
1656 2277 1817 2304 ecclesiasti-

1024 2337 1070 2357 cos
1083 2329 1196 2356 maxime
1208 2327 1411 2363 perstringebat,
1424 2330 1486 2352 tunc
1497 2324 1619 2352 omnibus
1631 2322 1737 2350 deditos
1748 2321 1816 2348 vitiis

1025 2381 1053 2404 et
1062 2375 1250 2410 voluptatibus.
1265 2373 1374 2401 Plebem
1389 2379 1494 2407 quoque
1508 2369 1637 2397 acerrime
1652 2367 1817 2402 increpabat.

1025 2421 1095 2456 quod
1110 2420 1274 2448 circensibus
1294 2423 1321 2446 et
1342 2417 1515 2445 theatralibus
1535 2415 1604 2442 ludis
1622 2414 1710 2441 dedita
1722 2434 1728 2445 .
1745 2414 1770 2440 in
1786 2420 1816 2440 ea

1024 2474 1083 2502 qua:
1093 2474 1125 2493 ex
1138 2465 1179 2492 his
1189 2463 1347 2499 spectaculis
1362 2462 1515 2490 oriebantur
1525 2463 1686 2495 erumperet.
1700 2459 1735 2486 At
1746 2459 1818 2494 quod

1025 2513 1122 2540 mirum
1141 2512 1252 2539 fortasse
1268 2511 1398 2543 videatur,
1413 2509 1471 2536 haec
1486 2509 1577 2536 intima
1588 2512 1615 2535 et
1638 2515 1750 2534 numero
1767 2515 1816 2534 ma-

1022 2558 1067 2593 jor
1078 2566 1138 2592 pars
1149 2557 1310 2589 auditorum,
1321 2556 1394 2583 illum
1406 2563 1434 2583 se
1447 2555 1632 2589 objurgantem
1643 2553 1817 2581 libentissime

1024 2604 1149 2631 audiebat
1161 2623 1168 2635 ,
1185 2609 1214 2629 ut
1227 2602 1342 2629 vidimus
1355 2622 1362 2634 ,
1376 2605 1437 2636 post
1458 2601 1559 2628 Pascha
1572 2600 1635 2627 anni
1649 2599 1701 2627 589
1713 2620 1720 2631 ,
1737 2603 1766 2625 et
1779 2598 1816 2625 illi

1025 2657 1132 2684 semper
1149 2648 1253 2675 addicta
1279 2648 1341 2679 fuit;
1364 2652 1444 2682 atque
1468 2646 1690 2674 invalescentibus
1708 2644 1816 2672 demum

1025 2694 1209 2731 Chrysostomi
1233 2694 1365 2727 inimicis,
1381 2693 1446 2721 nihil
1467 2700 1520 2720 non
1541 2692 1610 2726 egit,
1630 2695 1659 2718 ut
1677 2697 1712 2718 ne
1727 2693 1816 2724 pastor

1025 2749 1089 2768 suus
1104 2742 1129 2768 in
1145 2740 1266 2768 exsilium
1281 2740 1432 2775 pelleretur.

1061 2786 1218 2821 Theophilus
1231 2786 1304 2814 Alex.
1319 2791 1343 2813 et
1355 2785 1401 2812 alii
1412 2785 1468 2811 dira
1482 2784 1620 2811 moliuntur
1631 2783 1657 2808 in
1668 2781 1813 2816 Chrysalum-

1027 2842 1104 2860 mum.
1118 2848 1153 2853 -
1167 2832 1282 2860 Joannes
1293 2840 1325 2859 ex
1344 2831 1458 2858 Asiatico
1473 2831 1566 2857 itinere
1585 2834 1724 2860 reversus,
1741 2831 1812 2861 post-
