2034 3109
244 142 293 168 187

241 202 318 229 quam
335 201 424 228 pacem
440 193 538 220 fecerat
552 201 611 220 cum
627 192 783 225 Severiano,
799 193 939 227 tranquille
950 193 1028 220 vitam

241 241 338 266 dueere
348 246 426 273 posse
436 239 583 265 videbatur.
597 239 695 265 Verum
707 246 755 264 nec
767 239 847 264 multo
859 243 917 271 post
926 239 1031 273 plurimi

242 285 388 317 perniciem
415 285 472 317 ejus
494 284 637 310 machinati
660 287 731 310 sunt.
756 283 934 317 Primipilares
958 289 1033 310 erant

241 329 405 363 Theophilus
417 328 621 359 Alexandrinus,
636 328 747 354 Aeacius
761 327 872 360 Boreae,
887 327 1033 354 Antiochus

243 373 426 405 Ptolomaidis,
443 377 469 399 et
488 371 647 399 Severianus
661 371 831 403 Gabalorum,
847 372 889 406 qui
905 380 988 406 mtper
1002 373 1033 398 si-

243 418 342 444 mulate
361 425 421 444 cum
445 418 502 451 ipso
525 425 616 451 pacem
641 417 744 443 inierat.
767 417 929 450 Theophilus
944 421 1033 443 autem

241 464 448 496 Alexandrinus,
466 463 510 497 qui
523 463 573 489 sibi
589 462 659 489 dicto
672 462 809 489 audientes
824 463 920 496 ubique
933 462 1034 497 episco-

244 516 291 542 pos
307 515 367 535 esse
380 507 512 541 cupiebat,
527 507 580 541 jam
595 507 652 541 ejus
671 507 829 534 ordinationi
842 507 991 540 obstiterat,
1008 511 1034 534 et

246 554 304 580 loco
319 553 428 579 Joannis
441 552 524 578 nostri
539 552 666 578 lsidorum
681 552 821 586 quemdam
843 553 867 578 in
882 552 1033 579 Constanti-

246 599 426 632 nopolitanum
441 599 592 632 episcopum
608 598 733 625 inducere
747 602 900 629 tentaverat,
914 603 942 624 ut
953 605 1034 632 supra

245 644 369 674 vidimus,
382 651 431 669 nec
443 643 520 669 linem
533 643 593 669 fecit
604 648 695 677 postea
711 643 864 669 occasiones
875 643 997 677 captandi
1007 647 1035 669 ut

246 688 318 714 illum
330 696 343 713 a
355 687 416 714 sede
428 687 590 714 deturbaret.
604 687 714 714 Aeacius
726 692 812 713 autem
824 688 866 720 qui
878 687 922 713 ditt
934 687 1034 714 Beroea:

246 735 425 768 episcopatum
439 741 498 760 eum
514 733 591 760 laude
613 738 741 768 gesserat,
755 733 821 759 hanc
841 733 890 760 sibi
905 734 1035 760 maculam

250 779 359 811 inussit,
375 783 399 805 et
414 784 564 805 sanctorum
581 778 715 805 hominum
729 779 817 804 odium
831 779 856 804 in
881 785 909 805 se
920 779 1037 806 concita-

247 826 293 856 vit,
310 833 368 851 cum
384 824 416 851 ad
432 829 484 851 tam
500 829 620 852 sanetum
634 823 788 851 Pontilicem
806 831 820 850 a
833 825 896 851 sede
909 824 1037 859 dejicien-

247 869 308 896 dum
325 869 423 896 nullam
438 877 490 896 non
506 869 654 896 machinam
676 869 796 896 intendit.
814 869 960 896 Antiochus
973 876 1036 897 vero

247 914 427 945 l‘lolemaidis,
440 915 479 940 vir
493 914 614 948 petulans
624 917 651 941 et
661 921 728 940 nova
742 914 828 940 moliri
840 914 958 948 cupiens,
969 914 1037 949 jam-

247 958 291 985 diu
306 963 396 985 contra
413 958 632 994 Chrysostomnm
652 959 840 986 insurrexerat.

284 1003 310 1029 In
325 1003 403 1030 Clero
417 1008 505 1030 autem
519 1004 593 1030 mulli
613 1009 688 1030 erant
699 1024 705 1036 ,
721 1004 765 1038 qui
782 1003 965 1039 Chrysostomi
983 1011 1036 1031 non

248 1048 334 1074 minus
346 1048 424 1074 vitam
439 1052 567 1079 sanetam,
583 1053 682 1075 arctam
696 1053 722 1076 et
735 1049 903 1082 inculpatum,
914 1049 1035 1082 otlerant,

247 1100 326 1126 quam
341 1092 398 1126 ejus
411 1093 515 1120 dicendi
531 1094 691 1126 libertatem,
706 1097 734 1120 et
748 1095 846 1120 monita
861 1093 932 1121 Cleri
945 1095 985 1121 sui
999 1095 1043 1122 vi-

249 1137 293 1164 tiis
307 1137 479 1164 emendandis
493 1143 640 1173 opportuna
655 1139 814 1169 volentibus,
828 1139 978 1173 importuna
994 1139 1039 1166 ob-

250 1183 352 1209 stinatis
363 1188 448 1210 erant.
463 1184 494 1210 Hi
507 1191 570 1211 vero
587 1185 711 1218 postremi
727 1185 802 1219 longe
813 1185 913 1218 majore
928 1193 1038 1212 numero

251 1227 323 1255 fuere
337 1227 452 1263 (Pallad.
467 1237 493 1262 ρ.
506 1229 539 1255 55
548 1229 566 1263 ).
579 1229 648 1256 luter
659 1228 707 1255 hos
718 1234 804 1255 autem
816 1229 868 1255 duo
879 1229 1036 1264 presbyteri,

250 1278 277 1300 et
290 1274 405 1308 quinque
423 1274 525 1301 diaconi
541 1278 714 1300 numerantur
726 1294 733 1307 ,
753 1274 796 1308 qui
817 1274 998 1301 vehementius
1012 1275 1038 1302 in

250 1320 379 1346 Joannem
395 1320 562 1347 insurrexere
579 1319 663 1356 (Anno
676 1320 738 1355 40?.)
749 1340 755 1351 ,
773 1320 818 1346 alii
832 1327 862 1346 ra:
875 1320 1019 1354 impurilate
1030 1341 1037 1353 ,

252 1366 296 1392 alii
309 1374 341 1392 ex
356 1365 462 1392 obuoon
475 1374 577 1392 numero
587 1366 731 1392 consociati.
747 1365 807 1392 Hme
815 1373 894 1399 porro
906 1365 985 1392 verba
998 1373 1040 1393 sa-

251 1418 284 1438 tis
299 1411 410 1438 obscure
431 1411 498 1438 hanc
519 1411 615 1438 efferre
636 1411 794 1438 sententiam
817 1410 939 1437 videnlur
956 1419 962 1437 :
979 1410 1039 1438 illos

251 1463 346 1490 nempe
360 1464 393 1483 ex
406 1456 494 1489 Clero,
509 1457 553 1491 qni
568 1460 660 1484 centra
675 1456 802 1484 Joannem
816 1456 968 1490 episcopum
981 1456 1039 1483 dira

251 1501 393 1528 machinati
408 1506 479 1534 sunt,
494 1503 590 1537 partim
607 1509 640 1528 ex
653 1509 746 1528 eorum
762 1509 873 1528 numero
888 1501 978 1533 fuisse,
994 1502 1039 1535 qui

251 1547 380 1581 impuram
394 1554 467 1574 suam
481 1547 560 1574 vitam
571 1546 604 1573 ah
617 1546 662 1573 illo
675 1546 848 1574 eoneionante
862 1546 933 1580 carpi
944 1551 971 1573 et
982 1554 1041 1580 per—

250 1592 341 1626 stringi
357 1592 425 1618 ferre
439 1600 489 1618 non
506 1596 644 1626 poterant;
660 1591 755 1625 partim
774 1599 805 1618 ex
822 1598 913 1618 eorum
925 1611 932 1623 ,
948 1591 992 1625 qui
1008 1591 1040 1618 de

251 1643 323 1664 tanto
340 1643 445 1672 pastore
461 1638 602 1672 malignam
616 1641 793 1672 conceperant
805 1637 967 1670 opinionem.

287 1683 326 1709 Ex
342 1683 510 1717 lmperatoria
523 1684 581 1710 aula
596 1684 648 1709 duo
661 1683 702 1710 vel
715 1688 767 1710 tres
779 1687 880 1710 tantum
891 1682 1040 1717 Theophilo

252 1733 352 1763 pnesto
367 1729 439 1755 fuere
456 1727 575 1762 (Pallad.
593 1738 618 1762 p.
635 1728 686 1762 55)
702 1749 708 1760 ,
723 1736 754 1756 ac
776 1728 901 1755 militaris
922 1728 1041 1762 prtesidis

251 1780 329 1806 opem
345 1773 393 1806 ipsi
408 1773 500 1805 tulere,
517 1780 576 1799 eum
590 1773 622 1799 ad
637 1773 856 1808 Chrysostomum
869 1780 885 1800 e
897 1773 979 1807 gradu
992 1773 1040 1799 tle-

252 1817 392 1852 jicicndum
413 1825 518 1844 omnem
543 1818 655 1852 lapidem
678 1822 807 1845 moveret.
828 1817 867 1844 Ex
887 1818 1041 1846 mulieribus

251 1870 315 1890 vero
327 1884 334 1895 ,
352 1863 434 1898 inquit
457 1862 589 1890 Palladius
599 1883 606 1896 ,
622 1867 719 1897 prteter
732 1863 790 1890 illas
804 1870 863 1897 qute
879 1862 957 1897 vulgo
973 1866 1041 1890 notae

252 1917 324 1944 sunt,
339 1916 394 1938 tres
407 1911 492 1938 vidua:
504 1932 511 1944 ,
528 1912 602 1946 queis
615 1912 663 1938 viri
680 1911 796 1938 defuncti
812 1911 950 1945 pecuniam
963 1919 1041 1946 gran-

251 1957 311 1984 dem
327 1965 359 1984 ex
374 1957 475 1991 rapinis
494 1961 597 1991 partam
617 1957 797 1991 reliquerant,
812 1963 871 1984 cum
891 1957 954 1992 ipsae
970 1957 1002 1983 iis
1016 1957 1041 1984 in

251 2002 365 2036 propria:
376 2001 468 2029 salutis
478 2002 621 2036 perniciem
633 2002 727 2035 Opibus
735 2001 766 2028 ad
780 2009 809 2029 se
820 2009 871 2029 non
885 2002 1041 2036 pertinenti-

253 2045 301 2072 bus
312 2050 458 2078 uterentur,
471 2052 520 2073 nec
532 2045 632 2073 ferrent
644 2050 777 2080 pastorem
790 2053 866 2073 suum
878 2051 970 2073 contra
982 2053 1042 2072 usu-

253 2091 348 2124 rarius,
363 2099 458 2119 avaros
473 2096 499 2118 et
513 2097 633 2126 raptores
645 2091 837 2119 declamantem
848 2112 856 2124 ,
871 2093 998 2119 tumultus
1011 2100 1042 2120 ac

255 2136 393 2163 seditionis
402 2137 464 2172 ipsa:
473 2145 576 2172 quoque
587 2144 674 2164 causa:
684 2137 885 2164 fuerunt.Erant
893 2142 981 2165 autem
991 2138 1042 2166 illae

255 2181 338 2208 Marsa
354 2182 469 2209 Promoti
485 2189 567 2215 uxor,
580 2181 708 2208 Castricia
722 2182 858 2209 Saturnini
885 2183 981 2216 conjux
995 2203 1002 2214 ,
1016 2187 1043 2210 et

253 2226 401 2261 Eugraphia
427 2226 565 2261 qumdam,
581 2234 639 2261 qute
667 2226 774 2254 furiosa}
795 2227 878 2254 instar
891 2227 995 2262 agebat.
1010 2228 1042 2254 lli

255 2279 357 2305 omnes,
372 2276 427 2299 tum
446 2273 496 2299 viri
512 2277 566 2299 tum
582 2272 708 2299 mulieres
720 2293 727 2304 ,
742 2280 794 2299 una
810 2274 994 2308 conspiraruut
1015 2279 1043 2300 ut

254 2317 326 2344 illum
341 2318 447 2352 egradu
461 2317 615 2351 dejicerent,
630 2318 687 2351 ejus
707 2317 872 2351 disciplinam
887 2325 940 2345 non
955 2317 1041 2344 feren-

254 2365 304 2388 tes.
320 2362 410 2396 Neque
433 2362 529 2389 mirmn
543 2365 602 2394 est,
622 2369 681 2389 cum
697 2366 748 2388 tam
765 2362 885 2389 dissoluti
901 2369 989 2390 mores
1001 2369 1043 2390 es-

253 2410 322 2438 sent,
338 2411 390 2434 tam
404 2414 492 2434 acrem
508 2414 645 2434 censorem
660 2407 778 2441 plurimis
792 2407 967 2441 displicuisse.

286 2451 350 2485 Qua:
363 2460 426 2479 vero
439 2457 530 2479 contra
549 2453 621 2480 illum
633 2453 788 2487 jaetitabant
802 2454 889 2480 :emuli
902 2458 930 2480 et
944 2454 1042 2481 inimici

252 2497 310 2531 ejus
324 2497 475 2532 hujusmodi
489 2502 574 2532 erant,
588 2498 659 2533 quod
670 2499 804 2525 neminem
818 2499 851 2526 ad
863 2507 982 2527 mensam
995 2507 1043 2526 vo-

252 2547 334 2576 earet,
347 2543 394 2571 sed
408 2551 514 2578 semper
527 2545 599 2572 solus
619 2545 719 2572 ederet.
736 2545 865 2572 Nimirum
880 2545 941 2580 quia
956 2553 989 2572 ex
1003 2546 1045 2572 in-

254 2589 379 2616 ﬁrmitate
392 2589 532 2622 stomachi,
548 2590 572 2617 in
589 2591 696 2618 morbos
710 2598 782 2625 saepe
796 2590 915 2618 incidere
929 2591 1041 2624 solebat,

253 2639 281 2661 nt
296 2635 392 2669 passim
404 2635 458 2669 jam
473 2635 602 2668 vidimus;
619 2637 690 2663 tenui
706 2644 797 2663 mensa
813 2637 848 2663 uti
864 2637 976 2667 solebat,
993 2645 1042 2664 nc—

253 2686 303 2713 quc
314 2680 384 2706 lauta
398 2680 448 2707 sibi
463 2681 559 2714 apponi
574 2681 669 2708 fercula
684 2681 841 2715 patiebatur,
854 2681 878 2709 id
892 2682 1042 2716 postulante

254 2731 307 2751 tum
328 2725 446 2759 corporis
468 2723 576 2757 habitu,
599 2729 652 2752 tum
674 2725 772 2760 pietate
795 2733 846 2760 qua
865 2726 998 2760 apostolos
1016 2731 1043 2754 et

254 2769 350 2797 Christi
362 2769 509 2804 discipulos
523 2770 642 2802 imitans,
653 2770 757 2797 modico
768 2771 888 2798 utebatur
896 2772 963 2799 cibo.
977 2771 1043 2804 Qua-

257 2820 362 2849 propter
375 2816 465 2842 statim
481 2819 560 2849 atque
572 2814 606 2841 ad
619 2815 935 2850 Coustantinopolitanam
951 2817 1039 2845 sedem

772 137 800 166 S.
820 138 956 167 103Nle
976 138 1211 167 CHRYSOSTOSII
1232 138 1320 170 \‘lTA,

1821 139 1871 168 188

1083 199 1190 222 evectus
1203 199 1253 226 est,
1269 195 1370 229 amplos
1384 195 1446 222 tanti
1461 195 1627 229 episcopatus
1640 195 1740 223 reditus
1755 195 1780 222 in
1793 202 1872 223 noso-

1083 240 1168 266 comia
1179 245 1205 266 et
1221 240 1245 266 in
1261 247 1404 274 pauperum
1420 240 1627 267 sustentaculum
1641 239 1732 267 inferri
1743 240 1832 274 jussit,
1845 245 1872 267 et

1085 291 1152 310 nova
1166 291 1270 318 quoque
1284 285 1340 318 ipse
1364 285 1515 311 nosocomia
1539 285 1700 317 construxit;
1717 285 1751 312 ita
1768 290 1795 312 ut
1813 293 1872 320 qua:

1085 328 1188 355 laudem
1204 333 1294 355 saneto
1309 329 1365 356 viro
1379 336 1472 363 parere
1484 330 1661 363 meruissent,
1677 329 1703 356 in
1716 330 1873 364 vituperium

1085 372 1134 406 ipsi
1148 372 1182 399 ab
1192 372 1304 400 inimicis
1319 377 1494 400 verterentur.

1121 417 1246 444 Dicebant
1267 418 1373 453 insuper
1390 419 1476 452 ipsum
1496 425 1555 445 esse
1574 418 1667 445 durum
1688 422 1714 446 et
1737 426 1871 454 asperum,

1085 469 1134 488 nec
1154 462 1225 489 aditu
1249 462 1364 495 facilem,
1381 464 1442 497 quia
1464 471 1559 497 nempe
1579 464 1650 498 gregi
1666 464 1806 498 pascendo,
1827 464 1875 491 do-

1085 507 1184 540 cendo,
1212 507 1373 535 instituendo
1397 515 1502 543 semper
1530 509 1664 542 intentus,
1694 517 1746 536 non
1771 509 1874 537 facilem

1087 552 1185 579 aditum
1201 553 1333 587 praebebat
1347 554 1483 581 inutilibus
1497 555 1652 589 colloquiis;
1668 562 1773 589 semper
1788 560 1876 583 tamen

1086 601 1193 630 paratus
1208 597 1240 623 ad
1254 604 1283 624 ea
1300 597 1429 624 audienda
1449 602 1528 632 atque
1546 598 1673 630 curanda,
1693 607 1750 633 quae
1767 600 1807 626 vel
1824 599 1875 626 Ec—

1086 642 1173 668 clesi:e
1187 642 1303 676 regimen
1319 643 1360 669 vel
1375 650 1519 677 pauperum
1533 647 1560 669 et
1573 643 1711 670 viduarum
1725 651 1815 670 curam
1830 651 1876 678 pa-

1088 687 1281 722 trociniumque
1299 690 1457 721 spectarent.
1479 687 1568 722 Neque
1592 687 1702 714 deerant
1723 688 1767 722 qui
1790 688 1875 722 ipsum

1087 732 1258 766 petulantem,
1273 732 1506 764 contumeliosum,
1523 732 1678 759 iracundum
1694 737 1720 759 et
1734 733 1876 767 superbum

1087 777 1222 809 dicerent;
1245 781 1324 812 atque
1347 778 1446 804 odiosis
1465 777 1626 809 nominibus,
1647 777 1704 812 ejus
1726 777 1752 804 in
1775 777 1875 812 praedi-

1087 822 1168 848 canda
1183 823 1278 849 virtute
1289 823 1474 854 constantiam,
1487 827 1578 849 contra
1592 822 1739 854 avaritiam,
1758 823 1875 857 rapinas,

1087 867 1214 894 adulteria
1240 873 1389 902 cmtcraque
1414 868 1474 894 vitia
1497 867 1702 895 declamationes
1728 867 1877 895 detrectare

1087 916 1257 939 conarentur.

1123 957 1247 985 Socrates
1260 964 1322 985 vero
1333 956 1406 992 (Sac.
1417 957 1435 984 ι.
1445 957 1470 984 6.
1481 965 1505 984 c.
1517 957 1555 992 3),
1570 957 1613 992 qui
1625 958 1656 984 its
1666 964 1726 992 quae
1736 956 1769 985 de
1777 957 1878 984 Joanne

1089 1006 1179 1029 nostro
1192 1002 1345 1030 ferebantur
1358 1010 1409 1029 non
1424 1002 1552 1029 absimilia
1565 1003 1694 1035 audierat,
1712 1002 1763 1029 hoc
1776 1002 1810 1029 de
1832 1002 1878 1028 illo

1089 1046 1190 1081 profert
1209 1047 1357 1081 judicium:
1376 1056 1386 1073 ‹
1401 1047 1460 1074 Fuit
1482 1050 1581 1080 autem,
1604 1051 1632 1073 ut
1654 1045 1752 1078 ferunt,
1773 1046 1808 1072 ob
1834 1046 1877 1072 ni—

1090 1092 1171 1119 mium
1190 1092 1371 1127 temperantia:
1386 1092 1501 1119 studium
1519 1092 1648 1124 acerbior,
1663 1097 1690 1119 et
1703 1091 1769 1118 sicut
1785 1091 1875 1118 aiebat

1089 1138 1205 1172 quidam,
1230 1138 1275 1172 qui
1295 1145 1354 1164 cum
1376 1137 1420 1164 illo
1434 1137 1473 1170 _ab
1487 1137 1592 1164 ineunte
1613 1142 1690 1164 :etate
1709 1137 1876 1164 familiariter

1090 1185 1199 1216 vixerat,
1215 1184 1260 1210 ira:
1275 1184 1356 1218 magis
1369 1183 1482 1214 deditus,
1497 1191 1574 1218 quam
1589 1183 1766 1210 verecundiae.
1788 1183 1820 1209 Et
1841 1183 1875 1210 ob

1090 1229 1150 1256 vitae
1163 1228 1269 1263 quidem
1287 1228 1487 1255 sanctimoniam
1502 1229 1621 1255 incautus
1637 1228 1764 1255 adversus
1777 1227 1874 1261 futura,

1090 1275 1124 1301 ob
1141 1274 1336 1308 simplicitatem
1359 1282 1422 1301 vero
1444 1278 1552 1309 apertus
1573 1278 1599 1301 et
1620 1273 1713 1301 facilis.
1737 1273 1879 1301 lmmodica

1090 1320 1169 1347 etiam
1184 1319 1306 1354 loquendi
1322 1320 1442 1347 libertate
1455 1327 1516 1354 erga
1535 1327 1627 1347 omnes
1642 1320 1773 1346 utebatur.
1796 1319 1828 1346 Et
1850 1320 1877 1347 in

1090 1365 1210 1399 docendo
1233 1365 1339 1399 quidem
1365 1365 1389 1391 id
1414 1366 1545 1399 praecipue
1569 1365 1714 1399 spectabat.
1738 1370 1765 1392 ut
1791 1367 1879 1392 mores

1092 1410 1255 1437 audientium
1269 1409 1423 1436 emendaret
1438 1419 1444 1436 :
1460 1410 1486 1436 in
1499 1410 1684 1445 congressibus
1703 1414 1790 1437 autem
1803 1417 1881 1437 arro-

1092 1455 1194 1489 gantior
1205 1455 1342 1482 videbatur
1363 1455 1404 1488 iis,
1418 1455 1463 1489 qui
1477 1462 1564 1482 mores
1579 1456 1660 1489 ipsius
1682 1455 1847 1489 ignorabant.
1865 1462 1877 1480 ι

1092 1501 1131 1529 Ex
1145 1500 1186 1527 bis
1199 1508 1262 1528 vero
1279 1500 1352 1535 argui
1370 1507 1447 1534 posse
1462 1500 1576 1532 videtur,
1598 1507 1630 1527 ex
1652 1504 1728 1534 gestu
1750 1504 1776 1527 et
1791 1507 1823 1527 ex
1838 1500 1880 1526 lo-

1091 1546 1188 1580 quendi
1204 1546 1292 1577 modo,
1306 1553 1339 1572 ex
1351 1545 1439 1572 vultus
1452 1545 1514 1577 situ,
1529 1549 1554 1572 et
1568 1545 1627 1572 aliis
1640 1552 1698 1579 qua:
1717 1538 1809 1571 natura
1823 1545 1881 1579 ipsa

1091 1591 1210 1624 dederat,
1231 1591 1449 1626 Chrysostomnm
1469 1591 1599 1626 aliquibus
1618 1592 1696 1617 etiam
1716 1597 1748 1618 ex
1773 1590 1813 1622 iis,
1835 1590 1882 1624 qui

1092 1637 1183 1660 contra
1198 1633 1282 1668 ipsum
1297 1632 1448 1659 inimicitias
1462 1639 1513 1659 non
1524 1636 1704 1666 susceperant,
1718 1632 1881 1665 asperitatis,

1093 1678 1145 1706 imo
1170 1679 1325 1713 arrogantiae
1338 1678 1472 1712 quidpiam
1487 1685 1542 1712 prae
1563 1684 1592 1704 se
1607 1677 1710 1704 tulisse.
1727 1677 1761 1703 At
1774 1676 1882 1704 etiamsi

1093 1725 1118 1752 id
1134 1725 1221 1760 specie
1237 1729 1337 1751 tantum
1349 1729 1427 1751 tenus
1448 1723 1549 1755 fuisset,
1565 1723 1629 1749 nihil
1643 1722 1705 1749 hinc
1717 1726 1808 1749 contra
1823 1729 1884 1748 mo-

1092 1771 1254 1799 derationem
1267 1775 1294 1798 et
1308 1770 1480 1797 humilitatem
1491 1768 1673 1804 Chrysostomi
1684 1767 1804 1795 concludi
1819 1775 1887 1802 pos-

1092 1821 1143 1843 set.
1171 1816 1268 1843 Verum
1297 1815 1420 1842 Socrates
1448 1814 1603 1849 plerumque
1629 1813 1663 1840 de
1690 1812 1886 1847 Chrysostomo

1093 1862 1213 1897 qutedam
1233 1861 1329 1888 similia
1351 1860 1443 1892 refert,
1459 1867 1517 1894 qua:
1533 1860 1661 1893 tantisper
1679 1859 1822 1885 alienatum
1847 1859 1888 1886 ab

1093 1907 1138 1934 illo
1153 1907 1269 1933 animum
1283 1905 1460 1938 subindicent,
1475 1912 1506 1932 ac
1520 1910 1578 1932 cum
1592 1905 1694 1932 cteteris
1707 1905 1889 1939 scriptoribus

1093 1960 1146 1980 non
1158 1952 1338 1979 consentiunt.

1129 1997 1292 2025 Sozomenns
1311 2003 1375 2023 vero
1389 1995 1505 2030 (Sozam.
1521 1995 1540 2021 Ι.
1561 1995 1587 2022 8.
1602 2002 1625 2021 c.
1642 1995 1671 2029 9)
1685 1994 1757 2021 illum
1770 2000 1891 2029 prorsus

1094 2043 1127 2069 ab
1154 2042 1194 2069 his
1218 2041 1448 2068 criminationibus
1478 2040 1608 2072 vindieat,
1636 2044 1778 2074 nat-ratque
1805 2039 1892 2067 illum

1095 2086 1243 2123 Olympiadi
1265 2086 1365 2114 monita
1377 2085 1493 2118 dedisse,
1510 2093 1568 2120 quae
1590 2085 1639 2112 etsi
1654 2085 1768 2112 salubria
1792 2090 1892 2119 erant,

1094 2133 1208 2160 inimicis
1222 2137 1310 2160 tamen
1322 2132 1379 2166 ejus
1392 2130 1569 2159 calumniandi
1589 2137 1680 2157 ansam
1694 2129 1802 2157 dedere.
1816 2129 1896 2158 Erat

1094 2178 1165 2205 enim
1192 2177 1327 2213 Olympias
1353 2181 1474 2203 matrona
1498 2176 1662 2203 nobilissimo
1683 2182 1781 2209 genere
1805 2181 1894 2209 orta,

1094 2224 1221 2258 piissima,
1237 2231 1295 2258 qua:
1311 2227 1448 2258 postquam
1464 2223 1489 2249 in
1501 2221 1609 2256 juvenili
1621 2225 1699 2248 tetate
1712 2221 1790 2247 vidua
1804 2229 1897 2248 man-

1094 2270 1181 2302 sisset,
1194 2277 1209 2296 a
1222 2268 1346 2296 Nectario
1357 2268 1507 2295 diaconissa
1522 2267 1640 2293 ordinata
1654 2267 1748 2298 fuerat,
1763 2274 1822 2301 qure
1849 2267 1901 2294 fa-

1095 2315 1205 2342 cultates
1230 2321 1291 2341 suas
1308 2313 1457 2348 petentibus
1482 2312 1588 2346 copiose
1607 2312 1776 2346 largiebatur,
1795 2314 1902 2341 omni~

1095 2360 1196 2395 busque
1218 2359 1447 2386 indiseriminatim
1463 2367 1468 2385 :
1483 2358 1579 2385 divinis
1601 2359 1671 2385 enim
1696 2358 1801 2385 addicta
1825 2364 1902 2386 stu-

1095 2406 1155 2438 diis,
1170 2410 1275 2433 terrena
1290 2406 1358 2432 bona
1371 2405 1406 2431 ita
1420 2411 1512 2438 parum
1527 2403 1647 2436 curabat,
1661 2407 1690 2430 ut
1705 2410 1737 2430 ne
1752 2403 1906 2438 cogitaret

1095 2451 1201 2486 quidem
1215 2459 1247 2477 an
1262 2450 1386 2477 divitibus
1400 2457 1433 2476 an
1445 2448 1606 2483 pauperibus
1619 2455 1649 2474 ea
1659 2448 1810 2481 largiretur.
1831 2448 1907 2482 Qua

1095 2496 1128 2524 de
1143 2504 1171 2524 re
1182 2496 1282 2523 monuit
1292 2502 1350 2522 eam
1362 2494 1566 2529 Chrysostomus
1576 2493 1692 2526 dixitque
1705 2492 1751 2524 illi,
1764 2492 1800 2518 sic
1816 2492 1908 2522 bona

1096 2543 1228 2578 epulentis
1247 2542 1320 2574 dare,
1335 2540 1445 2576 perinde
1459 2547 1518 2567 esse
1534 2545 1612 2574 atque
1626 2540 1647 2566 si
1666 2539 1692 2565 in
1712 2545 1785 2566 mare
1798 2539 1910 2567 effun-

1095 2590 1236 2620 derentur;
1250 2587 1296 2614 sed
1308 2587 1397 2621 egenis
1412 2586 1495 2612 solum
1507 2584 1651 2619 eroganda,
1671 2587 1698 2610 et
1710 2583 1748 2610 sic
1764 2582 1912 2616 pluribus

1096 2635 1167 2661 illam
1186 2632 1312 2660 beneficia
1327 2631 1503 2665 pragstiluram
1523 2636 1592 2656 esse.
1605 2628 1750 2655 Consilium
1765 2626 1836 2660 ejus
1857 2636 1908 2656 se.

1096 2683 1176 2714 quuta
1191 2682 1233 2705 est
1253 2676 1398 2712 Olympias.
1417 2674 1457 2701 Illi
1478 2682 1552 2707 vero,
1567 2681 1679 2708 quorum
1694 2671 1793 2699 divitia:
1810 2672 1914 2703 donis

1095 2722 1256 2760 Olympiadis
1271 2720 1483 2751 cumulabantur,
1498 2719 1556 2753 ejus
1575 2722 1701 2745 mutatam
1724 2718 1915 2747 sententiam

1096 2770 1226 2799 videntes,
1249 2771 1339 2794 contra
1353 2765 1571 2800 Chrysostomum
1587 2763 1624 2790 rei
1639 2767 1772 2790 auctorem
1788 2761 1917 2791 debac-

1097 2814 1166 2842 ehati
1181 2818 1251 2839 sunt.
