  <div class='ocr_page' id='page_1' title='image "/cluster/home/n/w/nwhite01/storage/ocr_20150623/47-48/njp.32101077772612/194.png"; bbox 0 0 2034 3109; ppageno 0'>
   <div class='ocr_carea' id='block_1_1' title="bbox 187 161 237 190">
    <p class='ocr_par' dir='ltr' id='par_1_1' title="bbox 187 161 237 190">
     <span class='ocr_line' id='line_1_1' title="bbox 187 161 237 190; baseline 0 0"><span class='ocrx_word' id='word_1_1' title='bbox 187 161 237 190; x_wconf 64' lang='lat'><strong>$39</strong></span> 
     </span>
    </p>
   </div>
   <div class='ocr_carea' id='block_1_2' title="bbox 171 219 976 253">
    <p class='ocr_par' dir='ltr' id='par_1_2' title="bbox 171 219 976 253">
     <span class='ocr_line' id='line_1_2' title="bbox 171 219 976 253; baseline -0.002 -5"><span class='ocrx_word' id='word_1_2' title='bbox 171 219 177 251; x_wconf 69' lang='grc' dir='ltr'>ἶ</span> <span class='ocrx_word' id='word_1_3' title='bbox 221 220 335 249; x_wconf 68' lang='lat' dir='ltr'><strong>Maxime</strong></span> <span class='ocrx_word' id='word_1_4' title='bbox 355 220 474 247; x_wconf 89' lang='lat' dir='ltr'><strong>ontnium</strong></span> <span class='ocrx_word' id='word_1_5' title='bbox 489 224 578 247; x_wconf 74' lang='lat' dir='ltr'><strong>autem</strong></span> <span class='ocrx_word' id='word_1_6' title='bbox 602 220 627 246; x_wconf 95' lang='lat' dir='ltr'><strong>iu</strong></span> <span class='ocrx_word' id='word_1_7' title='bbox 648 219 722 246; x_wconf 84' lang='lat' dir='ltr'><strong>illum</strong></span> <span class='ocrx_word' id='word_1_8' title='bbox 743 224 898 253; x_wconf 76' lang='lat' dir='ltr'><strong>exasperata</strong></span> <span class='ocrx_word' id='word_1_9' title='bbox 919 224 976 246; x_wconf 85' lang='lat' dir='ltr'><strong>erat</strong></span> 
     </span>
    </p>
   </div>
   <div class='ocr_carea' id='block_1_3' title="bbox 173 255 975 300">
    <p class='ocr_par' dir='ltr' id='par_1_3' title="bbox 173 255 975 300">
     <span class='ocr_line' id='line_1_3' title="bbox 173 255 975 300; baseline -0.002 -6"><span class='ocrx_word' id='word_1_10' title='bbox 173 255 306 299; x_wconf 58' lang='lat' dir='ltr'><strong>lEudoxia</strong></span> <span class='ocrx_word' id='word_1_11' title='bbox 326 265 456 300; x_wconf 77' lang='lat' dir='ltr'><strong>Augusta,</strong></span> <span class='ocrx_word' id='word_1_12' title='bbox 483 264 658 292; x_wconf 75' lang='lat' dir='ltr'><strong>referentibus</strong></span> <span class='ocrx_word' id='word_1_13' title='bbox 676 264 786 292; x_wconf 87' lang='lat' dir='ltr'><strong>Socrate</strong></span> <span class='ocrx_word' id='word_1_14' title='bbox 809 265 893 298; x_wconf 82' lang='lat' dir='ltr'><strong>(Socr.</strong></span> <span class='ocrx_word' id='word_1_15' title='bbox 912 266 930 292; x_wconf 82' lang='grc' dir='ltr'>ι.</span> <span class='ocrx_word' id='word_1_16' title='bbox 949 266 975 292; x_wconf 81' lang='grc'><strong>6.</strong></span> 
     </span>
    </p>
   </div>
   <div class='ocr_carea' id='block_1_4' title="bbox 174 301 974 355">
    <p class='ocr_par' dir='ltr' id='par_1_4' title="bbox 174 301 974 355">
     <span class='ocr_line' id='line_1_4' title="bbox 174 301 974 355; baseline 0 -17"><span class='ocrx_word' id='word_1_17' title='bbox 174 301 210 355; x_wconf 53' lang='grc' dir='ltr'><strong>ξε.</strong></span> <span class='ocrx_word' id='word_1_18' title='bbox 230 310 278 346; x_wconf 81' lang='grc'><strong>5),</strong></span> <span class='ocrx_word' id='word_1_19' title='bbox 305 311 457 338; x_wconf 81' lang='lat' dir='ltr'><strong>Sozomeno</strong></span> <span class='ocrx_word' id='word_1_20' title='bbox 481 315 509 337; x_wconf 88' lang='lat' dir='ltr'><strong>et</strong></span> <span class='ocrx_word' id='word_1_21' title='bbox 529 310 635 337; x_wconf 85' lang='lat' dir='ltr'><strong>Zosimo</strong></span> <span class='ocrx_word' id='word_1_22' title='bbox 656 309 771 345; x_wconf 72' lang='lat' dir='ltr'><strong>(Sozam.</strong></span> <span class='ocrx_word' id='word_1_23' title='bbox 793 311 811 337; x_wconf 90' lang='grc' dir='ltr'>ι.</span> <span class='ocrx_word' id='word_1_24' title='bbox 833 311 858 338; x_wconf 84' lang='lat'><strong>8.</strong></span> <span class='ocrx_word' id='word_1_25' title='bbox 883 319 905 337; x_wconf 88' lang='lat' dir='ltr'><strong>c.</strong></span> <span class='ocrx_word' id='word_1_26' title='bbox 931 311 974 338; x_wconf 86' lang='lat' dir='ltr'><strong>l6.</strong></span> 
     </span>
    </p>
   </div>
   <div class='ocr_carea' id='block_1_5' title="bbox 175 355 977 392">
    <p class='ocr_par' dir='ltr' id='par_1_5' title="bbox 175 355 977 392">
     <span class='ocr_line' id='line_1_5' title="bbox 175 355 977 392; baseline 0 -8"><span class='ocrx_word' id='word_1_27' title='bbox 175 355 248 384; x_wconf 71' lang='lat' dir='ltr'><strong>‘Zor.</strong></span> <span class='ocrx_word' id='word_1_28' title='bbox 270 365 298 391; x_wconf 78' lang='grc' dir='ltr'><strong>ρ.</strong></span> <span class='ocrx_word' id='word_1_29' title='bbox 314 356 389 392; x_wconf 88' lang='lat'><strong>799).</strong></span> <span class='ocrx_word' id='word_1_30' title='bbox 413 356 559 383; x_wconf 77' lang='lat' dir='ltr'><strong>Ambitiosa</strong></span> <span class='ocrx_word' id='word_1_31' title='bbox 573 357 643 383; x_wconf 92' lang='lat' dir='ltr'><strong>enim</strong></span> <span class='ocrx_word' id='word_1_32' title='bbox 663 361 809 384; x_wconf 85' lang='lat' dir='ltr'><strong>cum-esset</strong></span> <span class='ocrx_word' id='word_1_33' title='bbox 822 362 901 391; x_wconf 90' lang='lat' dir='ltr'><strong>atque</strong></span> <span class='ocrx_word' id='word_1_34' title='bbox 920 358 977 384; x_wconf 90' lang='lat' dir='ltr'><strong>auri</strong></span> 
     </span>
    </p>
   </div>
   <div class='ocr_carea' id='block_1_6' title="bbox 188 401 977 438">
    <p class='ocr_par' dir='ltr' id='par_1_6' title="bbox 188 401 977 438">
     <span class='ocr_line' id='line_1_6' title="bbox 188 401 977 438; baseline 0.004 -10"><span class='ocrx_word' id='word_1_35' title='bbox 188 401 294 436; x_wconf 85' lang='lat' dir='ltr'><strong>cupida,</strong></span> <span class='ocrx_word' id='word_1_36' title='bbox 309 409 361 429; x_wconf 90' lang='lat' dir='ltr'><strong>non</strong></span> <span class='ocrx_word' id='word_1_37' title='bbox 375 406 478 436; x_wconf 91' lang='lat' dir='ltr'><strong>poterat</strong></span> <span class='ocrx_word' id='word_1_38' title='bbox 490 410 566 437; x_wconf 65' lang='lat' dir='ltr'><strong>aequo</strong></span> <span class='ocrx_word' id='word_1_39' title='bbox 576 402 665 429; x_wconf 90' lang='lat' dir='ltr'><strong>animo</strong></span> <span class='ocrx_word' id='word_1_40' title='bbox 679 402 748 430; x_wconf 91' lang='lat' dir='ltr'><strong>ferre</strong></span> <span class='ocrx_word' id='word_1_41' title='bbox 756 410 816 430; x_wconf 92' lang='lat' dir='ltr'><strong>eum</strong></span> <span class='ocrx_word' id='word_1_42' title='bbox 830 405 874 438; x_wconf 91' lang='lat' dir='ltr'><strong>qui</strong></span> <span class='ocrx_word' id='word_1_43' title='bbox 885 409 977 431; x_wconf 90' lang='lat' dir='ltr'><strong>contra</strong></span> 
     </span>
    </p>
   </div>
   <div class='ocr_carea' id='block_1_7' title="bbox 188 447 976 483">
    <p class='ocr_par' dir='ltr' id='par_1_7' title="bbox 188 447 976 483">
     <span class='ocr_line' id='line_1_7' title="bbox 188 447 976 483; baseline 0.004 -9"><span class='ocrx_word' id='word_1_44' title='bbox 188 447 338 482; x_wconf 89' lang='lat' dir='ltr'><strong>hujusmodi</strong></span> <span class='ocrx_word' id='word_1_45' title='bbox 353 449 414 475; x_wconf 84' lang='lat' dir='ltr'><strong>vitia</strong></span> <span class='ocrx_word' id='word_1_46' title='bbox 431 453 558 483; x_wconf 87' lang='lat' dir='ltr'><strong>perpetuo</strong></span> <span class='ocrx_word' id='word_1_47' title='bbox 568 448 739 476; x_wconf 80' lang='lat' dir='ltr'><strong>declamaret.</strong></span> <span class='ocrx_word' id='word_1_48' title='bbox 753 449 875 476; x_wconf 83' lang='lat' dir='ltr'><strong>Zosimus</strong></span> <span class='ocrx_word' id='word_1_49' title='bbox 888 455 976 477; x_wconf 87' lang='lat' dir='ltr'><strong>autem</strong></span> 
     </span>
    </p>
   </div>
   <div class='ocr_carea' id='block_1_8' title="bbox 187 493 977 530">
    <p class='ocr_par' dir='ltr' id='par_1_8' title="bbox 187 493 977 530">
     <span class='ocr_line' id='line_1_8' title="bbox 187 493 977 530; baseline 0.004 -10"><span class='ocrx_word' id='word_1_50' title='bbox 187 493 253 520; x_wconf 88' lang='lat' dir='ltr'><strong>dicit</strong></span> <span class='ocrx_word' id='word_1_51' title='bbox 271 493 342 520; x_wconf 82' lang='lat' dir='ltr'><strong>illam</strong></span> <span class='ocrx_word' id='word_1_52' title='bbox 367 493 393 520; x_wconf 92' lang='lat' dir='ltr'><strong>in</strong></span> <span class='ocrx_word' id='word_1_53' title='bbox 406 493 535 521; x_wconf 79' lang='lat' dir='ltr'><strong>Joannem</strong></span> <span class='ocrx_word' id='word_1_54' title='bbox 556 495 750 527; x_wconf 87' lang='lat' dir='ltr'><strong>succensuisse,</strong></span> <span class='ocrx_word' id='word_1_55' title='bbox 766 495 836 529; x_wconf 90' lang='lat' dir='ltr'><strong>quod</strong></span> <span class='ocrx_word' id='word_1_56' title='bbox 855 503 913 522; x_wconf 90' lang='lat' dir='ltr'><strong>eam</strong></span> <span class='ocrx_word' id='word_1_57' title='bbox 930 503 977 530; x_wconf 90' lang='lat' dir='ltr'><strong>pu-</strong></span> 
     </span>
    </p>
   </div>
   <div class='ocr_carea' id='block_1_9' title="bbox 188 538 978 574">
    <p class='ocr_par' dir='ltr' id='par_1_9' title="bbox 188 538 978 574">
     <span class='ocr_line' id='line_1_9' title="bbox 188 538 978 574; baseline 0.003 -9"><span class='ocrx_word' id='word_1_58' title='bbox 188 538 266 566; x_wconf 88' lang='lat' dir='ltr'><strong>blicis</strong></span> <span class='ocrx_word' id='word_1_59' title='bbox 281 539 307 566; x_wconf 89' lang='lat' dir='ltr'><strong>in</strong></span> <span class='ocrx_word' id='word_1_60' title='bbox 329 539 504 566; x_wconf 69' lang='lat' dir='ltr'><strong>conventibus</strong></span> <span class='ocrx_word' id='word_1_61' title='bbox 518 540 707 574; x_wconf 84' lang='lat' dir='ltr'><strong>perstringere,</strong></span> <span class='ocrx_word' id='word_1_62' title='bbox 731 542 845 567; x_wconf 78' lang='lat' dir='ltr'><strong>mordere</strong></span> <span class='ocrx_word' id='word_1_63' title='bbox 865 549 978 568; x_wconf 89' lang='lat' dir='ltr'><strong>consue-</strong></span> 
     </span>
    </p>
   </div>
   <div class='ocr_carea' id='block_1_10' title="bbox 188 584 976 619">
    <p class='ocr_par' dir='ltr' id='par_1_10' title="bbox 188 584 976 619">
     <span class='ocr_line' id='line_1_10' title="bbox 188 584 976 619; baseline 0.004 -9"><span class='ocrx_word' id='word_1_64' title='bbox 188 584 281 611; x_wconf 84' lang='lat' dir='ltr'><strong>visset.</strong></span> <span class='ocrx_word' id='word_1_65' title='bbox 302 584 331 611; x_wconf 92' lang='lat' dir='ltr'><strong>In</strong></span> <span class='ocrx_word' id='word_1_66' title='bbox 352 584 411 611; x_wconf 84' lang='lat' dir='ltr'><strong>Vita</strong></span> <span class='ocrx_word' id='word_1_67' title='bbox 430 589 516 611; x_wconf 88' lang='lat' dir='ltr'><strong>autem</strong></span> <span class='ocrx_word' id='word_1_68' title='bbox 541 584 568 612; x_wconf 89' lang='lat' dir='ltr'><strong>S.</strong></span> <span class='ocrx_word' id='word_1_69' title='bbox 595 584 736 619; x_wconf 73' lang='lat' dir='ltr'><strong>Porphyrii</strong></span> <span class='ocrx_word' id='word_1_70' title='bbox 759 585 838 619; x_wconf 86' lang='lat' dir='ltr'><strong>(Ball.</strong></span> <span class='ocrx_word' id='word_1_71' title='bbox 851 585 885 612; x_wconf 72' lang='grc'>26</span> <span class='ocrx_word' id='word_1_72' title='bbox 901 585 976 613; x_wconf 84' lang='lat' dir='ltr'><strong>Febr.</strong></span> 
     </span>
    </p>
   </div>
   <div class='ocr_carea' id='block_1_11' title="bbox 188 628 978 664">
    <p class='ocr_par' dir='ltr' id='par_1_11' title="bbox 188 628 978 664">
     <span class='ocr_line' id='line_1_11' title="bbox 188 628 978 664; baseline 0.005 -10"><span class='ocrx_word' id='word_1_73' title='bbox 188 637 215 663; x_wconf 81' lang='grc' dir='ltr'><strong>ρ.</strong></span> <span class='ocrx_word' id='word_1_74' title='bbox 229 629 290 656; x_wconf 72' lang='lat'><strong>652.</strong></span> <span class='ocrx_word' id='word_1_75' title='bbox 303 629 337 663; x_wconf 83' lang='grc' dir='ltr'><strong>Ῑ.)</strong></span> <span class='ocrx_word' id='word_1_76' title='bbox 358 634 482 656; x_wconf 76' lang='lat' dir='ltr'><strong>narratur</strong></span> <span class='ocrx_word' id='word_1_77' title='bbox 502 628 631 656; x_wconf 87' lang='lat' dir='ltr'><strong>Joannem</strong></span> <span class='ocrx_word' id='word_1_78' title='bbox 654 629 802 657; x_wconf 84' lang='lat' dir='ltr'><strong>Eudoxiam</strong></span> <span class='ocrx_word' id='word_1_79' title='bbox 831 630 978 664; x_wconf 88' lang='lat' dir='ltr'><strong>reprehen-</strong></span> 
     </span>
    </p>
   </div>
   <div class='ocr_carea' id='block_1_12' title="bbox 187 674 978 709">
    <p class='ocr_par' dir='ltr' id='par_1_12' title="bbox 187 674 978 709">
     <span class='ocr_line' id='line_1_12' title="bbox 187 674 978 709; baseline 0.001 -7"><span class='ocrx_word' id='word_1_80' title='bbox 187 674 269 706; x_wconf 79' lang='lat' dir='ltr'><strong>disse,</strong></span> <span class='ocrx_word' id='word_1_81' title='bbox 288 674 359 708; x_wconf 92' lang='lat' dir='ltr'><strong>quod</strong></span> <span class='ocrx_word' id='word_1_82' title='bbox 380 678 477 701; x_wconf 89' lang='lat' dir='ltr'><strong>terram</strong></span> <span class='ocrx_word' id='word_1_83' title='bbox 493 674 633 708; x_wconf 81' lang='lat' dir='ltr'><strong>quamdam</strong></span> <span class='ocrx_word' id='word_1_84' title='bbox 655 674 679 701; x_wconf 88' lang='lat' dir='ltr'><strong>vi</strong></span> <span class='ocrx_word' id='word_1_85' title='bbox 699 674 853 702; x_wconf 80' lang='lat' dir='ltr'><strong>abstulisset</strong></span> <span class='ocrx_word' id='word_1_86' title='bbox 875 675 978 709; x_wconf 79' lang='lat' dir='ltr'><strong>sibique</strong></span> 
     </span>
    </p>
   </div>
   <div class='ocr_carea' id='block_1_13' title="bbox 187 719 977 756">
    <p class='ocr_par' dir='ltr' id='par_1_13' title="bbox 187 719 977 756">
     <span class='ocr_line' id='line_1_13' title="bbox 187 719 977 756; baseline 0.003 -10"><span class='ocrx_word' id='word_1_87' title='bbox 187 720 321 756; x_wconf 77' lang='lat' dir='ltr'><strong>propriam</strong></span> <span class='ocrx_word' id='word_1_88' title='bbox 332 719 448 747; x_wconf 79' lang='lat' dir='ltr'><strong>fecisset.</strong></span> <span class='ocrx_word' id='word_1_89' title='bbox 462 719 593 754; x_wconf 75' lang='lat' dir='ltr'><strong>Additque</strong></span> <span class='ocrx_word' id='word_1_90' title='bbox 608 719 750 753; x_wconf 86' lang='lat' dir='ltr'><strong>Palladius,</strong></span> <span class='ocrx_word' id='word_1_91' title='bbox 766 720 887 748; x_wconf 89' lang='lat' dir='ltr'><strong>inimicos</strong></span> <span class='ocrx_word' id='word_1_92' title='bbox 897 721 977 748; x_wconf 86' lang='lat' dir='ltr'><strong>Joan-</strong></span> 
     </span>
    </p>
   </div>
   <div class='ocr_carea' id='block_1_14' title="bbox 188 765 977 800">
    <p class='ocr_par' dir='ltr' id='par_1_14' title="bbox 188 765 977 800">
     <span class='ocr_line' id='line_1_14' title="bbox 188 765 977 800; baseline 0.003 -8"><span class='ocrx_word' id='word_1_93' title='bbox 188 766 230 793; x_wconf 87' lang='lat' dir='ltr'><strong>nis</strong></span> <span class='ocrx_word' id='word_1_94' title='bbox 249 765 394 793; x_wconf 75' lang='lat' dir='ltr'><strong>Eudoxiam</strong></span> <span class='ocrx_word' id='word_1_95' title='bbox 409 765 534 793; x_wconf 86' lang='lat' dir='ltr'><strong>adversus</strong></span> <span class='ocrx_word' id='word_1_96' title='bbox 550 765 624 793; x_wconf 89' lang='lat' dir='ltr'><strong>illum</strong></span> <span class='ocrx_word' id='word_1_97' title='bbox 643 767 830 800; x_wconf 87' lang='lat' dir='ltr'><strong>concitavisse,</strong></span> <span class='ocrx_word' id='word_1_98' title='bbox 853 767 918 794; x_wconf 79' lang='lat' dir='ltr'><strong>falsa</strong></span> <span class='ocrx_word' id='word_1_99' title='bbox 934 775 977 794; x_wconf 85' lang='lat' dir='ltr'><strong>re-</strong></span> 
     </span>
    </p>
   </div>
   <div class='ocr_carea' id='block_1_15' title="bbox 187 810 977 848">
    <p class='ocr_par' dir='ltr' id='par_1_15' title="bbox 187 810 977 848">
     <span class='ocr_line' id='line_1_15' title="bbox 187 810 977 848; baseline 0.004 -11"><span class='ocrx_word' id='word_1_100' title='bbox 187 810 297 838; x_wconf 73' lang='lat' dir='ltr'><strong>ferendo</strong></span> <span class='ocrx_word' id='word_1_101' title='bbox 314 811 346 838; x_wconf 91' lang='lat' dir='ltr'><strong>de</strong></span> <span class='ocrx_word' id='word_1_102' title='bbox 366 811 540 838; x_wconf 86' lang='lat' dir='ltr'><strong>conciouibus</strong></span> <span class='ocrx_word' id='word_1_103' title='bbox 561 811 653 846; x_wconf 83' lang='lat' dir='ltr'><strong>ipsius,</strong></span> <span class='ocrx_word' id='word_1_104' title='bbox 678 812 713 838; x_wconf 88' lang='lat' dir='ltr'><strong>ita</strong></span> <span class='ocrx_word' id='word_1_105' title='bbox 736 817 763 839; x_wconf 90' lang='lat' dir='ltr'><strong>ut</strong></span> <span class='ocrx_word' id='word_1_106' title='bbox 777 811 894 840; x_wconf 83' lang='lat' dir='ltr'><strong>dicerent</strong></span> <span class='ocrx_word' id='word_1_107' title='bbox 907 814 977 848; x_wconf 89' lang='lat' dir='ltr'><strong>quod</strong></span> 
     </span>
    </p>
   </div>
   <div class='ocr_carea' id='block_1_16' title="bbox 188 856 977 892">
    <p class='ocr_par' dir='ltr' id='par_1_16' title="bbox 188 856 977 892">
     <span class='ocr_line' id='line_1_16' title="bbox 188 856 977 892; baseline 0.005 -10"><span class='ocrx_word' id='word_1_108' title='bbox 188 856 245 890; x_wconf 83' lang='lat' dir='ltr'><strong>ipse</strong></span> <span class='ocrx_word' id='word_1_109' title='bbox 270 856 417 883; x_wconf 85' lang='lat' dir='ltr'><strong>Eudoxiam</strong></span> <span class='ocrx_word' id='word_1_110' title='bbox 442 857 591 884; x_wconf 80' lang='lat' dir='ltr'><strong>Jezabelem</strong></span> <span class='ocrx_word' id='word_1_111' title='bbox 618 858 790 892; x_wconf 76' lang='lat' dir='ltr'><strong>appellasset.</strong></span> <span class='ocrx_word' id='word_1_112' title='bbox 821 858 848 885; x_wconf 94' lang='lat' dir='ltr'><strong>In</strong></span> <span class='ocrx_word' id='word_1_113' title='bbox 876 859 977 886; x_wconf 90' lang='lat' dir='ltr'><strong>crimen</strong></span> 
     </span>
    </p>
   </div>
   <div class='ocr_carea' id='block_1_17' title="bbox 188 901 977 939">
    <p class='ocr_par' dir='ltr' id='par_1_17' title="bbox 188 901 977 939">
     <span class='ocr_line' id='line_1_17' title="bbox 188 901 977 939; baseline 0.006 -12"><span class='ocrx_word' id='word_1_114' title='bbox 188 901 269 928; x_wconf 88' lang='lat' dir='ltr'><strong>etiam</strong></span> <span class='ocrx_word' id='word_1_115' title='bbox 282 902 429 929; x_wconf 83' lang='lat' dir='ltr'><strong>vocabatur</strong></span> <span class='ocrx_word' id='word_1_116' title='bbox 442 909 457 928; x_wconf 93' lang='lat' dir='ltr'><strong>a</strong></span> <span class='ocrx_word' id='word_1_117' title='bbox 471 903 604 930; x_wconf 83' lang='lat' dir='ltr'><strong>nonnullis</strong></span> <span class='ocrx_word' id='word_1_118' title='bbox 618 903 704 937; x_wconf 85' lang='lat' dir='ltr'><strong>(Socr.</strong></span> <span class='ocrx_word' id='word_1_119' title='bbox 721 904 740 930; x_wconf 87' lang='grc' dir='ltr'>ι.</span> <span class='ocrx_word' id='word_1_120' title='bbox 759 903 787 930; x_wconf 81' lang='lat'><strong>6.</strong></span> <span class='ocrx_word' id='word_1_121' title='bbox 807 911 831 930; x_wconf 79' lang='grc' dir='ltr'><strong>ε.</strong></span> <span class='ocrx_word' id='word_1_122' title='bbox 851 903 890 939; x_wconf 88' lang='lat'><strong>5),</strong></span> <span class='ocrx_word' id='word_1_123' title='bbox 907 904 977 938; x_wconf 88' lang='lat' dir='ltr'><strong>quod</strong></span> 
     </span>
    </p>
   </div>
   <div class='ocr_carea' id='block_1_18' title="bbox 185 946 977 984">
    <p class='ocr_par' dir='ltr' id='par_1_18' title="bbox 185 946 977 984">
     <span class='ocr_line' id='line_1_18' title="bbox 185 946 977 984; baseline 0.003 -10"><span class='ocrx_word' id='word_1_124' title='bbox 185 946 343 981; x_wconf 80' lang='lat' dir='ltr'><strong>Eutropium</strong></span> <span class='ocrx_word' id='word_1_125' title='bbox 361 947 525 981; x_wconf 88' lang='lat' dir='ltr'><strong>eunuchum,</strong></span> <span class='ocrx_word' id='word_1_126' title='bbox 539 949 583 983; x_wconf 91' lang='lat' dir='ltr'><strong>qui</strong></span> <span class='ocrx_word' id='word_1_127' title='bbox 607 948 633 975; x_wconf 93' lang='lat' dir='ltr'><strong>in</strong></span> <span class='ocrx_word' id='word_1_128' title='bbox 655 948 795 976; x_wconf 84' lang='lat' dir='ltr'><strong>ecclesiam</strong></span> <span class='ocrx_word' id='word_1_129' title='bbox 817 950 977 984; x_wconf 81' lang='lat' dir='ltr'><strong>perquisitas</strong></span> 
     </span>
    </p>
   </div>
   <div class='ocr_carea' id='block_1_19' title="bbox 183 991 977 1030">
    <p class='ocr_par' dir='ltr' id='par_1_19' title="bbox 183 991 977 1030">
     <span class='ocr_line' id='line_1_19' title="bbox 183 991 977 1030; baseline 0.006 -12"><span class='ocrx_word' id='word_1_130' title='bbox 183 991 332 1027; x_wconf 77' lang='lat' dir='ltr'><strong>aufugerat,</strong></span> <span class='ocrx_word' id='word_1_131' title='bbox 355 993 528 1020; x_wconf 80' lang='lat' dir='ltr'><strong>vehementer</strong></span> <span class='ocrx_word' id='word_1_132' title='bbox 546 993 748 1028; x_wconf 74' lang='lat' dir='ltr'><strong>objurgavisset,</strong></span> <span class='ocrx_word' id='word_1_133' title='bbox 772 995 894 1030; x_wconf 83' lang='lat' dir='ltr'><strong>quodque</strong></span> <span class='ocrx_word' id='word_1_134' title='bbox 917 995 977 1023; x_wconf 88' lang='lat' dir='ltr'><strong>Gai-</strong></span> 
     </span>
    </p>
   </div>
   <div class='ocr_carea' id='block_1_20' title="bbox 183 1037 977 1076">
    <p class='ocr_par' dir='ltr' id='par_1_20' title="bbox 183 1037 977 1076">
     <span class='ocr_line' id='line_1_20' title="bbox 183 1037 977 1076; baseline 0.006 -13"><span class='ocrx_word' id='word_1_135' title='bbox 183 1044 247 1064; x_wconf 88' lang='lat' dir='ltr'><strong>nam</strong></span> <span class='ocrx_word' id='word_1_136' title='bbox 269 1042 332 1065; x_wconf 90' lang='lat' dir='ltr'><strong>tunc</strong></span> <span class='ocrx_word' id='word_1_137' title='bbox 346 1037 501 1072; x_wconf 76' lang='lat' dir='ltr'><strong>Magistrum</strong></span> <span class='ocrx_word' id='word_1_138' title='bbox 522 1038 635 1065; x_wconf 91' lang='lat' dir='ltr'><strong>militum</strong></span> <span class='ocrx_word' id='word_1_139' title='bbox 650 1040 843 1067; x_wconf 83' lang='lat' dir='ltr'><strong>contumeliose</strong></span> <span class='ocrx_word' id='word_1_140' title='bbox 857 1040 977 1076; x_wconf 87' lang='lat' dir='ltr'><strong>alloquu-</strong></span> 
     </span>
    </p>
   </div>
   <div class='ocr_carea' id='block_1_21' title="bbox 183 1081 975 1120">
    <p class='ocr_par' dir='ltr' id='par_1_21' title="bbox 183 1081 975 1120">
     <span class='ocr_line' id='line_1_21' title="bbox 183 1081 975 1120; baseline 0.006 -11"><span class='ocrx_word' id='word_1_141' title='bbox 183 1087 231 1109; x_wconf 73' lang='grc' dir='ltr'><strong>ωε</strong></span> <span class='ocrx_word' id='word_1_142' title='bbox 253 1081 348 1110; x_wconf 78' lang='lat' dir='ltr'><strong>fuisset</strong></span> <span class='ocrx_word' id='word_1_143' title='bbox 369 1092 376 1109; x_wconf 89' lang='lat'><strong>:</strong></span> <span class='ocrx_word' id='word_1_144' title='bbox 398 1084 434 1110; x_wconf 86' lang='lat' dir='ltr'><strong>ita</strong></span> <span class='ocrx_word' id='word_1_145' title='bbox 460 1091 556 1119; x_wconf 85' lang='lat' dir='ltr'><strong>nempe</strong></span> <span class='ocrx_word' id='word_1_146' title='bbox 583 1084 702 1112; x_wconf 85' lang='lat' dir='ltr'><strong>solemne</strong></span> <span class='ocrx_word' id='word_1_147' title='bbox 730 1086 901 1120; x_wconf 88' lang='lat' dir='ltr'><strong>sycophantis</strong></span> <span class='ocrx_word' id='word_1_148' title='bbox 925 1091 975 1120; x_wconf 88' lang='lat' dir='ltr'><strong>est,</strong></span> 
     </span>
    </p>
   </div>
   <div class='ocr_carea' id='block_1_22' title="bbox 182 1128 977 1166">
    <p class='ocr_par' dir='ltr' id='par_1_22' title="bbox 182 1128 977 1166">
     <span class='ocr_line' id='line_1_22' title="bbox 182 1128 977 1166; baseline 0.006 -12"><span class='ocrx_word' id='word_1_149' title='bbox 182 1128 286 1162; x_wconf 84' lang='lat' dir='ltr'><strong>optima</strong></span> <span class='ocrx_word' id='word_1_150' title='bbox 298 1136 412 1164; x_wconf 63' lang='lat' dir='ltr'><strong>qumque</strong></span> <span class='ocrx_word' id='word_1_151' title='bbox 425 1133 510 1164; x_wconf 78' lang='lat' dir='ltr'><strong>gesta,</strong></span> <span class='ocrx_word' id='word_1_152' title='bbox 526 1136 574 1156; x_wconf 86' lang='lat' dir='ltr'><strong>suo</strong></span> <span class='ocrx_word' id='word_1_153' title='bbox 597 1138 672 1158; x_wconf 91' lang='lat' dir='ltr'><strong>more</strong></span> <span class='ocrx_word' id='word_1_154' title='bbox 691 1136 894 1166; x_wconf 79' lang='lat' dir='ltr'><strong>repraesentata,</strong></span> <span class='ocrx_word' id='word_1_155' title='bbox 912 1133 977 1160; x_wconf 89' lang='lat' dir='ltr'><strong>vitio</strong></span> 
     </span>
    </p>
   </div>
   <div class='ocr_carea' id='block_1_23' title="bbox 183 1174 803 1209">
    <p class='ocr_par' dir='ltr' id='par_1_23' title="bbox 183 1174 803 1209">
     <span class='ocr_line' id='line_1_23' title="bbox 183 1174 803 1209; baseline 0.008 -11"><span class='ocrx_word' id='word_1_156' title='bbox 183 1177 293 1200; x_wconf 80' lang='lat' dir='ltr'><strong>vertere</strong></span> <span class='ocrx_word' id='word_1_157' title='bbox 307 1174 349 1207; x_wconf 90' lang='lat' dir='ltr'><strong>iis,</strong></span> <span class='ocrx_word' id='word_1_158' title='bbox 364 1181 478 1208; x_wconf 90' lang='lat' dir='ltr'><strong>quorum</strong></span> <span class='ocrx_word' id='word_1_159' title='bbox 491 1175 635 1209; x_wconf 85' lang='lat' dir='ltr'><strong>perniciem</strong></span> <span class='ocrx_word' id='word_1_160' title='bbox 649 1177 803 1203; x_wconf 88' lang='lat' dir='ltr'><strong>moliuntur.</strong></span> 
     </span>
    </p>
   </div>
   <div class='ocr_carea' id='block_1_24' title="bbox 222 1218 975 1257">
    <p class='ocr_par' dir='ltr' id='par_1_24' title="bbox 222 1218 975 1257">
     <span class='ocr_line' id='line_1_24' title="bbox 222 1218 975 1257; baseline 0.009 -13"><span class='ocrx_word' id='word_1_161' title='bbox 222 1218 317 1245; x_wconf 77' lang='lat' dir='ltr'><strong>Refert</strong></span> <span class='ocrx_word' id='word_1_162' title='bbox 333 1219 465 1248; x_wconf 84' lang='lat' dir='ltr'><strong>Palladius</strong></span> <span class='ocrx_word' id='word_1_163' title='bbox 479 1221 596 1256; x_wconf 81' lang='lat' dir='ltr'><strong>(Pallad.</strong></span> <span class='ocrx_word' id='word_1_164' title='bbox 610 1231 636 1257; x_wconf 75' lang='grc' dir='ltr'><strong>ρ.</strong></span> <span class='ocrx_word' id='word_1_165' title='bbox 652 1222 709 1256; x_wconf 84' lang='grc'><strong>66.)</strong></span> <span class='ocrx_word' id='word_1_166' title='bbox 721 1222 904 1255; x_wconf 82' lang='lat' dir='ltr'><strong>Severianum,</strong></span> <span class='ocrx_word' id='word_1_167' title='bbox 920 1225 975 1251; x_wconf 85' lang='lat' dir='ltr'><strong>An-</strong></span> 
     </span>
    </p>
   </div>
   <div class='ocr_carea' id='block_1_25' title="bbox 180 1262 976 1304">
    <p class='ocr_par' dir='ltr' id='par_1_25' title="bbox 180 1262 976 1304">
     <span class='ocr_line' id='line_1_25' title="bbox 180 1262 976 1304; baseline 0.008 -14"><span class='ocrx_word' id='word_1_168' title='bbox 180 1262 316 1296; x_wconf 75' lang='lat' dir='ltr'><strong>tioobum,</strong></span> <span class='ocrx_word' id='word_1_169' title='bbox 333 1267 359 1291; x_wconf 88' lang='lat' dir='ltr'><strong>et</strong></span> <span class='ocrx_word' id='word_1_170' title='bbox 378 1265 505 1292; x_wconf 83' lang='lat' dir='ltr'><strong>Acacium</strong></span> <span class='ocrx_word' id='word_1_171' title='bbox 527 1266 644 1294; x_wconf 86' lang='lat' dir='ltr'><strong>infensos</strong></span> <span class='ocrx_word' id='word_1_172' title='bbox 665 1266 747 1294; x_wconf 89' lang='lat' dir='ltr'><strong>fuisse</strong></span> <span class='ocrx_word' id='word_1_173' title='bbox 759 1267 852 1295; x_wconf 88' lang='lat' dir='ltr'><strong>Joanni</strong></span> <span class='ocrx_word' id='word_1_174' title='bbox 869 1274 976 1304; x_wconf 90' lang='lat' dir='ltr'><strong>propter</strong></span> 
     </span>
    </p>
   </div>
   <div class='ocr_carea' id='block_1_26' title="bbox 179 1308 977 1348">
    <p class='ocr_par' dir='ltr' id='par_1_26' title="bbox 179 1308 977 1348">
     <span class='ocr_line' id='line_1_26' title="bbox 179 1308 977 1348; baseline 0.009 -13"><span class='ocrx_word' id='word_1_175' title='bbox 179 1308 321 1336; x_wconf 73' lang='lat' dir='ltr'><strong>modestas</strong></span> <span class='ocrx_word' id='word_1_176' title='bbox 343 1311 401 1345; x_wconf 86' lang='lat' dir='ltr'><strong>ejus</strong></span> <span class='ocrx_word' id='word_1_177' title='bbox 428 1311 643 1344; x_wconf 88' lang='lat' dir='ltr'><strong>admonitiones;</strong></span> <span class='ocrx_word' id='word_1_178' title='bbox 670 1321 755 1348; x_wconf 89' lang='lat' dir='ltr'><strong>neque</strong></span> <span class='ocrx_word' id='word_1_179' title='bbox 775 1314 832 1342; x_wconf 61' lang='lat' dir='ltr'><strong>hac</strong></span> <span class='ocrx_word' id='word_1_180' title='bbox 856 1323 907 1342; x_wconf 92' lang='lat' dir='ltr'><strong>una</strong></span> <span class='ocrx_word' id='word_1_181' title='bbox 928 1315 977 1342; x_wconf 91' lang='lat' dir='ltr'><strong>fuit</strong></span> 
     </span>
    </p>
   </div>
   <div class='ocr_carea' id='block_1_27' title="bbox 177 1355 978 1393">
    <p class='ocr_par' dir='ltr' id='par_1_27' title="bbox 177 1355 978 1393">
     <span class='ocr_line' id='line_1_27' title="bbox 177 1355 978 1393; baseline 0.009 -12"><span class='ocrx_word' id='word_1_182' title='bbox 177 1355 282 1382; x_wconf 83' lang='lat' dir='ltr'><strong>Acacio</strong></span> <span class='ocrx_word' id='word_1_183' title='bbox 303 1355 402 1383; x_wconf 86' lang='lat' dir='ltr'><strong>irarum</strong></span> <span class='ocrx_word' id='word_1_184' title='bbox 416 1364 514 1390; x_wconf 86' lang='lat' dir='ltr'><strong>causa;</strong></span> <span class='ocrx_word' id='word_1_185' title='bbox 532 1357 579 1384; x_wconf 88' lang='lat' dir='ltr'><strong>sed</strong></span> <span class='ocrx_word' id='word_1_186' title='bbox 594 1358 673 1385; x_wconf 88' lang='lat' dir='ltr'><strong>etiam</strong></span> <span class='ocrx_word' id='word_1_187' title='bbox 687 1359 757 1393; x_wconf 86' lang='lat' dir='ltr'><strong>quod</strong></span> <span class='ocrx_word' id='word_1_188' title='bbox 771 1367 831 1387; x_wconf 88' lang='lat' dir='ltr'><strong>cum</strong></span> <span class='ocrx_word' id='word_1_189' title='bbox 846 1359 978 1388; x_wconf 82' lang='lat' dir='ltr'><strong>Constan-</strong></span> 
     </span>
    </p>
   </div>
   <div class='ocr_carea' id='block_1_28' title="bbox 178 1398 974 1440">
    <p class='ocr_par' dir='ltr' id='par_1_28' title="bbox 178 1398 974 1440">
     <span class='ocr_line' id='line_1_28' title="bbox 178 1398 974 1440; baseline 0.01 -15"><span class='ocrx_word' id='word_1_190' title='bbox 178 1398 314 1434; x_wconf 90' lang='lat' dir='ltr'><strong>tinopolin</strong></span> <span class='ocrx_word' id='word_1_191' title='bbox 329 1401 458 1435; x_wconf 77' lang='lat' dir='ltr'><strong>venisset,</strong></span> <span class='ocrx_word' id='word_1_192' title='bbox 472 1409 524 1428; x_wconf 91' lang='lat' dir='ltr'><strong>non</strong></span> <span class='ocrx_word' id='word_1_193' title='bbox 539 1402 637 1429; x_wconf 89' lang='lat' dir='ltr'><strong>bonum</strong></span> <span class='ocrx_word' id='word_1_194' title='bbox 650 1403 804 1438; x_wconf 88' lang='lat' dir='ltr'><strong>hospitium,</strong></span> <span class='ocrx_word' id='word_1_195' title='bbox 817 1405 905 1432; x_wconf 85' lang='lat' dir='ltr'><strong>aiebat</strong></span> <span class='ocrx_word' id='word_1_196' title='bbox 918 1406 974 1440; x_wconf 88' lang='lat' dir='ltr'><strong>ille,</strong></span> 
     </span>
    </p>
   </div>
   <div class='ocr_carea' id='block_1_29' title="bbox 175 1444 975 1484">
    <p class='ocr_par' dir='ltr' id='par_1_29' title="bbox 175 1444 975 1484">
     <span class='ocr_line' id='line_1_29' title="bbox 175 1444 975 1484; baseline 0.01 -14"><span class='ocrx_word' id='word_1_197' title='bbox 175 1445 249 1479; x_wconf 87' lang='lat' dir='ltr'><strong>apud</strong></span> <span class='ocrx_word' id='word_1_198' title='bbox 267 1444 492 1481; x_wconf 76' lang='lat' dir='ltr'><strong>Chrysostomum</strong></span> <span class='ocrx_word' id='word_1_199' title='bbox 512 1453 606 1475; x_wconf 83' lang='lat' dir='ltr'><strong>nactus</strong></span> <span class='ocrx_word' id='word_1_200' title='bbox 626 1454 706 1475; x_wconf 84' lang='lat' dir='ltr'><strong>esset.</strong></span> <span class='ocrx_word' id='word_1_201' title='bbox 722 1449 890 1484; x_wconf 87' lang='lat' dir='ltr'><strong>Quapropter</strong></span> <span class='ocrx_word' id='word_1_202' title='bbox 909 1458 975 1478; x_wconf 73' lang='lat' dir='ltr'><strong>mm-</strong></span> 
     </span>
    </p>
   </div>
   <div class='ocr_carea' id='block_1_30' title="bbox 174 1490 974 1531">
    <p class='ocr_par' dir='ltr' id='par_1_30' title="bbox 174 1490 974 1531">
     <span class='ocr_line' id='line_1_30' title="bbox 174 1490 974 1531; baseline 0.008 -14"><span class='ocrx_word' id='word_1_203' title='bbox 174 1496 240 1518; x_wconf 82' lang='lat' dir='ltr'><strong>rens</strong></span> <span class='ocrx_word' id='word_1_204' title='bbox 261 1490 462 1519; x_wconf 87' lang='lat' dir='ltr'><strong>intumescebat</strong></span> <span class='ocrx_word' id='word_1_205' title='bbox 484 1493 559 1527; x_wconf 86' lang='lat' dir='ltr'><strong>quasi</strong></span> <span class='ocrx_word' id='word_1_206' title='bbox 577 1493 714 1528; x_wconf 77' lang='lat' dir='ltr'><strong>neglectus</strong></span> <span class='ocrx_word' id='word_1_207' title='bbox 730 1502 746 1520; x_wconf 86' lang='lat' dir='ltr'><strong>a</strong></span> <span class='ocrx_word' id='word_1_208' title='bbox 760 1494 872 1528; x_wconf 83' lang='lat' dir='ltr'><strong>Joanne,</strong></span> <span class='ocrx_word' id='word_1_209' title='bbox 894 1501 974 1531; x_wconf 87' lang='lat' dir='ltr'><strong>atque</strong></span> 
     </span>
    </p>
   </div>
   <div class='ocr_carea' id='block_1_31' title="bbox 170 1537 973 1576">
    <p class='ocr_par' dir='ltr' id='par_1_31' title="bbox 170 1537 973 1576">
     <span class='ocr_line' id='line_1_31' title="bbox 170 1537 973 1576; baseline 0.007 -13"><span class='ocrx_word' id='word_1_210' title='bbox 170 1543 234 1563; x_wconf 84' lang='lat' dir='ltr'><strong>cum</strong></span> <span class='ocrx_word' id='word_1_211' title='bbox 248 1537 319 1564; x_wconf 86' lang='lat' dir='ltr'><strong>iram</strong></span> <span class='ocrx_word' id='word_1_212' title='bbox 330 1537 436 1564; x_wconf 82' lang='lat' dir='ltr'><strong>frenare</strong></span> <span class='ocrx_word' id='word_1_213' title='bbox 448 1546 501 1565; x_wconf 87' lang='lat' dir='ltr'><strong>non</strong></span> <span class='ocrx_word' id='word_1_214' title='bbox 514 1543 614 1573; x_wconf 86' lang='lat' dir='ltr'><strong>posset,</strong></span> <span class='ocrx_word' id='word_1_215' title='bbox 629 1541 804 1574; x_wconf 58' lang='lat' dir='ltr'><strong>praesentibus</strong></span> <span class='ocrx_word' id='word_1_216' title='bbox 815 1542 973 1576; x_wconf 86' lang='lat' dir='ltr'><strong>quibusdam</strong></span> 
     </span>
    </p>
   </div>
   <div class='ocr_carea' id='block_1_32' title="bbox 168 1581 973 1620">
    <p class='ocr_par' dir='ltr' id='par_1_32' title="bbox 168 1581 973 1620">
     <span class='ocr_line' id='line_1_32' title="bbox 168 1581 973 1620; baseline 0.005 -10"><span class='ocrx_word' id='word_1_217' title='bbox 168 1581 290 1610; x_wconf 79' lang='lat' dir='ltr'><strong>Joannis</strong></span> <span class='ocrx_word' id='word_1_218' title='bbox 305 1583 421 1616; x_wconf 86' lang='lat' dir='ltr'><strong>clericis,</strong></span> <span class='ocrx_word' id='word_1_219' title='bbox 437 1584 542 1618; x_wconf 73' lang='lat' dir='ltr'><strong>dignam</strong></span> <span class='ocrx_word' id='word_1_220' title='bbox 565 1592 613 1612; x_wconf 88' lang='lat' dir='ltr'><strong>suo</strong></span> <span class='ocrx_word' id='word_1_221' title='bbox 633 1586 722 1612; x_wconf 89' lang='lat' dir='ltr'><strong>animo</strong></span> <span class='ocrx_word' id='word_1_222' title='bbox 740 1587 847 1620; x_wconf 86' lang='lat' dir='ltr'><strong>protulit</strong></span> <span class='ocrx_word' id='word_1_223' title='bbox 864 1592 973 1614; x_wconf 87' lang='lat' dir='ltr'><strong>senten-</strong></span> 
     </span>
    </p>
   </div>
   <div class='ocr_carea' id='block_1_33' title="bbox 168 1628 974 1664">
    <p class='ocr_par' dir='ltr' id='par_1_33' title="bbox 168 1628 974 1664">
     <span class='ocr_line' id='line_1_33' title="bbox 168 1628 974 1664; baseline 0.009 -10"><span class='ocrx_word' id='word_1_224' title='bbox 168 1628 234 1655; x_wconf 84' lang='lat' dir='ltr'><strong>tiam</strong></span> <span class='ocrx_word' id='word_1_225' title='bbox 251 1629 363 1661; x_wconf 84' lang='lat' dir='ltr'><strong>dicens,</strong></span> <span class='ocrx_word' id='word_1_226' title='bbox 379 1629 434 1664; x_wconf 81' lang='lat' dir='ltr'><strong>Ego</strong></span> <span class='ocrx_word' id='word_1_227' title='bbox 450 1630 489 1656; x_wconf 82' lang='lat' dir='ltr'><strong>illi</strong></span> <span class='ocrx_word' id='word_1_228' title='bbox 503 1630 579 1656; x_wconf 79' lang='lat' dir='ltr'><strong>ollam</strong></span> <span class='ocrx_word' id='word_1_229' title='bbox 592 1639 718 1664; x_wconf 75' lang='lat' dir='ltr'><strong>prwparo.</strong></span> <span class='ocrx_word' id='word_1_230' title='bbox 732 1631 806 1659; x_wconf 90' lang='lat' dir='ltr'><strong>Tunc</strong></span> <span class='ocrx_word' id='word_1_231' title='bbox 815 1638 902 1660; x_wconf 87' lang='lat' dir='ltr'><strong>autem</strong></span> <span class='ocrx_word' id='word_1_232' title='bbox 915 1641 974 1661; x_wconf 84' lang='lat' dir='ltr'><strong>sese</strong></span> 
     </span>
    </p>
   </div>
   <div class='ocr_carea' id='block_1_34' title="bbox 164 1674 973 1714">
    <p class='ocr_par' dir='ltr' id='par_1_34' title="bbox 164 1674 973 1714">
     <span class='ocr_line' id='line_1_34' title="bbox 164 1674 973 1714; baseline 0.009 -14"><span class='ocrx_word' id='word_1_233' title='bbox 164 1674 302 1709; x_wconf 77' lang='lat' dir='ltr'><strong>adjunxit.</strong></span> <span class='ocrx_word' id='word_1_234' title='bbox 321 1675 483 1709; x_wconf 83' lang='lat' dir='ltr'><strong>Severiano,</strong></span> <span class='ocrx_word' id='word_1_235' title='bbox 498 1677 639 1709; x_wconf 82' lang='lat' dir='ltr'><strong>Antiocho,</strong></span> <span class='ocrx_word' id='word_1_236' title='bbox 653 1683 678 1705; x_wconf 89' lang='lat' dir='ltr'><strong>et</strong></span> <span class='ocrx_word' id='word_1_237' title='bbox 692 1677 782 1705; x_wconf 86' lang='lat' dir='ltr'><strong>Isaaco</strong></span> <span class='ocrx_word' id='word_1_238' title='bbox 797 1678 864 1714; x_wconf 83' lang='lat' dir='ltr'><strong>Syro</strong></span> <span class='ocrx_word' id='word_1_239' title='bbox 879 1687 973 1707; x_wconf 82' lang='lat' dir='ltr'><strong>umna-</strong></span> 
     </span>
    </p>
   </div>
   <div class='ocr_carea' id='block_1_35' title="bbox 163 1719 974 1760">
    <p class='ocr_par' dir='ltr' id='par_1_35' title="bbox 163 1719 974 1760">
     <span class='ocr_line' id='line_1_35' title="bbox 163 1719 974 1760; baseline 0.009 -14"><span class='ocrx_word' id='word_1_240' title='bbox 163 1719 288 1747; x_wconf 81' lang='lat' dir='ltr'><strong>chorutn</strong></span> <span class='ocrx_word' id='word_1_241' title='bbox 314 1721 471 1755; x_wconf 62' lang='lat' dir='ltr'><strong>praeposito,</strong></span> <span class='ocrx_word' id='word_1_242' title='bbox 492 1721 537 1756; x_wconf 88' lang='lat' dir='ltr'><strong>qui</strong></span> <span class='ocrx_word' id='word_1_243' title='bbox 561 1727 690 1756; x_wconf 84' lang='lat' dir='ltr'><strong>perpetuo</strong></span> <span class='ocrx_word' id='word_1_244' title='bbox 712 1724 817 1751; x_wconf 83' lang='lat' dir='ltr'><strong>solebat</strong></span> <span class='ocrx_word' id='word_1_245' title='bbox 835 1725 974 1760; x_wconf 82' lang='lat' dir='ltr'><strong>episcopos</strong></span> 
     </span>
    </p>
   </div>
   <div class='ocr_carea' id='block_1_36' title="bbox 161 1766 475 1800">
    <p class='ocr_par' dir='ltr' id='par_1_36' title="bbox 161 1766 475 1800">
     <span class='ocr_line' id='line_1_36' title="bbox 161 1766 475 1800; baseline 0 -8"><span class='ocrx_word' id='word_1_246' title='bbox 161 1766 316 1794; x_wconf 85' lang='lat' dir='ltr'><strong>calumniis</strong></span> <span class='ocrx_word' id='word_1_247' title='bbox 333 1766 475 1800; x_wconf 85' lang='lat' dir='ltr'><strong>impetere.</strong></span> 
     </span>
    </p>
   </div>
   <div class='ocr_carea' id='block_1_37' title="bbox 197 1811 973 1850">
    <p class='ocr_par' dir='ltr' id='par_1_37' title="bbox 197 1811 973 1850">
     <span class='ocr_line' id='line_1_37' title="bbox 197 1811 973 1850; baseline 0.008 -13"><span class='ocrx_word' id='word_1_248' title='bbox 197 1811 232 1838; x_wconf 88' lang='lat' dir='ltr'><strong>Ili</strong></span> <span class='ocrx_word' id='word_1_249' title='bbox 250 1819 325 1845; x_wconf 79' lang='lat' dir='ltr'><strong>ergo</strong></span> <span class='ocrx_word' id='word_1_250' title='bbox 341 1817 458 1846; x_wconf 86' lang='lat' dir='ltr'><strong>quatuor</strong></span> <span class='ocrx_word' id='word_1_251' title='bbox 469 1817 562 1840; x_wconf 87' lang='lat' dir='ltr'><strong>contra</strong></span> <span class='ocrx_word' id='word_1_252' title='bbox 582 1813 712 1841; x_wconf 90' lang='lat' dir='ltr'><strong>Joannem</strong></span> <span class='ocrx_word' id='word_1_253' title='bbox 726 1815 882 1850; x_wconf 83' lang='lat' dir='ltr'><strong>conspirant</strong></span> <span class='ocrx_word' id='word_1_254' title='bbox 896 1815 973 1850; x_wconf 85' lang='lat' dir='ltr'><strong>(Pal-</strong></span> 
     </span>
    </p>
   </div>
   <div class='ocr_carea' id='block_1_38' title="bbox 157 1857 973 1896">
    <p class='ocr_par' dir='ltr' id='par_1_38' title="bbox 157 1857 973 1896">
     <span class='ocr_line' id='line_1_38' title="bbox 157 1857 973 1896; baseline 0.009 -14"><span class='ocrx_word' id='word_1_255' title='bbox 157 1857 213 1883; x_wconf 82' lang='lat' dir='ltr'><strong>lad.</strong></span> <span class='ocrx_word' id='word_1_256' title='bbox 233 1866 263 1892; x_wconf 80' lang='grc' dir='ltr'><strong>ρ.</strong></span> <span class='ocrx_word' id='word_1_257' title='bbox 281 1857 348 1892; x_wconf 74' lang='grc'><strong>49).</strong></span> <span class='ocrx_word' id='word_1_258' title='bbox 365 1857 524 1892; x_wconf 76' lang='lat' dir='ltr'><strong>Mittuntque</strong></span> <span class='ocrx_word' id='word_1_259' title='bbox 546 1859 660 1893; x_wconf 89' lang='lat' dir='ltr'><strong>primum</strong></span> <span class='ocrx_word' id='word_1_260' title='bbox 678 1860 856 1894; x_wconf 82' lang='lat' dir='ltr'><strong>Antiochiam,</strong></span> <span class='ocrx_word' id='word_1_261' title='bbox 873 1862 916 1896; x_wconf 87' lang='lat' dir='ltr'><strong>qui</strong></span> <span class='ocrx_word' id='word_1_262' title='bbox 939 1862 973 1890; x_wconf 87' lang='lat' dir='ltr'><strong>de</strong></span> 
     </span>
    </p>
   </div>
   <div class='ocr_carea' id='block_1_39' title="bbox 155 1902 973 1942">
    <p class='ocr_par' dir='ltr' id='par_1_39' title="bbox 155 1902 973 1942">
     <span class='ocr_line' id='line_1_39' title="bbox 155 1902 973 1942; baseline 0.009 -14"><span class='ocrx_word' id='word_1_263' title='bbox 155 1902 360 1930; x_wconf 83' lang='lat' dir='ltr'><strong>adolescentia</strong></span> <span class='ocrx_word' id='word_1_264' title='bbox 383 1903 441 1936; x_wconf 86' lang='lat' dir='ltr'><strong>ejus</strong></span> <span class='ocrx_word' id='word_1_265' title='bbox 461 1905 648 1938; x_wconf 84' lang='lat' dir='ltr'><strong>perquirereut</strong></span> <span class='ocrx_word' id='word_1_266' title='bbox 662 1914 668 1931; x_wconf 91' lang='lat'>:</span> <span class='ocrx_word' id='word_1_267' title='bbox 682 1913 774 1933; x_wconf 86' lang='lat' dir='ltr'><strong>verum</strong></span> <span class='ocrx_word' id='word_1_268' title='bbox 797 1907 897 1934; x_wconf 87' lang='lat' dir='ltr'><strong>inutilis</strong></span> <span class='ocrx_word' id='word_1_269' title='bbox 913 1916 973 1942; x_wconf 39' lang='lat' dir='ltr'><strong>per‘</strong></span> 
     </span>
    </p>
   </div>
   <div class='ocr_carea' id='block_1_40' title="bbox 153 1948 972 1988">
    <p class='ocr_par' dir='ltr' id='par_1_40' title="bbox 153 1948 972 1988">
     <span class='ocr_line' id='line_1_40' title="bbox 153 1948 972 1988; baseline 0.009 -14"><span class='ocrx_word' id='word_1_270' title='bbox 153 1949 273 1982; x_wconf 87' lang='lat' dir='ltr'><strong>quisitio</strong></span> <span class='ocrx_word' id='word_1_271' title='bbox 301 1948 372 1981; x_wconf 80' lang='lat' dir='ltr'><strong>fuit,</strong></span> <span class='ocrx_word' id='word_1_272' title='bbox 395 1956 446 1976; x_wconf 88' lang='lat' dir='ltr'><strong>nec</strong></span> <span class='ocrx_word' id='word_1_273' title='bbox 465 1950 610 1984; x_wconf 90' lang='lat' dir='ltr'><strong>quidquam</strong></span> <span class='ocrx_word' id='word_1_274' title='bbox 636 1951 842 1985; x_wconf 66' lang='lat' dir='ltr'><strong>reprehensione</strong></span> <span class='ocrx_word' id='word_1_275' title='bbox 864 1953 972 1988; x_wconf 79' lang='lat' dir='ltr'><strong>dignum</strong></span> 
     </span>
    </p>
   </div>
   <div class='ocr_carea' id='block_1_41' title="bbox 150 1991 973 2031">
    <p class='ocr_par' dir='ltr' id='par_1_41' title="bbox 150 1991 973 2031">
     <span class='ocr_line' id='line_1_41' title="bbox 150 1991 973 2031; baseline 0.007 -11"><span class='ocrx_word' id='word_1_276' title='bbox 150 1991 304 2021; x_wconf 73' lang='lat' dir='ltr'><strong>inventum</strong></span> <span class='ocrx_word' id='word_1_277' title='bbox 319 1998 378 2021; x_wconf 84' lang='lat' dir='ltr'><strong>est.</strong></span> <span class='ocrx_word' id='word_1_278' title='bbox 394 1993 494 2021; x_wconf 88' lang='lat' dir='ltr'><strong>Deinde</strong></span> <span class='ocrx_word' id='word_1_279' title='bbox 504 1995 610 2022; x_wconf 91' lang='lat' dir='ltr'><strong>mittunt</strong></span> <span class='ocrx_word' id='word_1_280' title='bbox 626 1995 659 2022; x_wconf 88' lang='lat' dir='ltr'><strong>ad</strong></span> <span class='ocrx_word' id='word_1_281' title='bbox 672 1996 846 2031; x_wconf 85' lang='lat' dir='ltr'><strong>Theophilum</strong></span> <span class='ocrx_word' id='word_1_282' title='bbox 858 1999 973 2026; x_wconf 80' lang='lat' dir='ltr'><strong>Alexan-</strong></span> 
     </span>
    </p>
   </div>
   <div class='ocr_carea' id='block_1_42' title="bbox 148 2041 973 2076">
    <p class='ocr_par' dir='ltr' id='par_1_42' title="bbox 148 2041 973 2076">
     <span class='ocr_line' id='line_1_42' title="bbox 148 2041 973 2076; baseline 0.006 -11"><span class='ocrx_word' id='word_1_283' title='bbox 148 2041 282 2072; x_wconf 80' lang='lat' dir='ltr'><strong>drinttm,</strong></span> <span class='ocrx_word' id='word_1_284' title='bbox 304 2041 360 2076; x_wconf 88' lang='lat' dir='ltr'><strong>qui</strong></span> <span class='ocrx_word' id='word_1_285' title='bbox 377 2043 514 2068; x_wconf 76' lang='lat' dir='ltr'><strong>cothurnus</strong></span> <span class='ocrx_word' id='word_1_286' title='bbox 532 2042 685 2069; x_wconf 78' lang='lat' dir='ltr'><strong>vocabatur.</strong></span> <span class='ocrx_word' id='word_1_287' title='bbox 710 2043 774 2075; x_wconf 84' lang='lat' dir='ltr'><strong>Quis</strong></span> <span class='ocrx_word' id='word_1_288' title='bbox 796 2048 867 2071; x_wconf 87' lang='lat' dir='ltr'><strong>esset</strong></span> <span class='ocrx_word' id='word_1_289' title='bbox 886 2045 973 2072; x_wconf 84' lang='lat' dir='ltr'><strong>Theo-</strong></span> 
     </span>
    </p>
   </div>
   <div class='ocr_carea' id='block_1_43' title="bbox 147 2086 973 2125">
    <p class='ocr_par' dir='ltr' id='par_1_43' title="bbox 147 2086 973 2125">
     <span class='ocr_line' id='line_1_43' title="bbox 147 2086 973 2125; baseline 0.007 -13"><span class='ocrx_word' id='word_1_290' title='bbox 147 2086 214 2120; x_wconf 87' lang='lat' dir='ltr'><strong>phili</strong></span> <span class='ocrx_word' id='word_1_291' title='bbox 229 2087 356 2114; x_wconf 84' lang='lat' dir='ltr'><strong>animus</strong></span> <span class='ocrx_word' id='word_1_292' title='bbox 369 2093 433 2120; x_wconf 78' lang='lat' dir='ltr'><strong>erga</strong></span> <span class='ocrx_word' id='word_1_293' title='bbox 444 2086 570 2113; x_wconf 81' lang='lat' dir='ltr'><strong>Joannem</strong></span> <span class='ocrx_word' id='word_1_294' title='bbox 581 2087 634 2122; x_wconf 88' lang='lat' dir='ltr'><strong>jam</strong></span> <span class='ocrx_word' id='word_1_295' title='bbox 644 2088 767 2122; x_wconf 87' lang='lat' dir='ltr'><strong>vidimus,</strong></span> <span class='ocrx_word' id='word_1_296' title='bbox 779 2097 837 2116; x_wconf 83' lang='lat' dir='ltr'><strong>cum</strong></span> <span class='ocrx_word' id='word_1_297' title='bbox 849 2091 881 2117; x_wconf 89' lang='lat' dir='ltr'><strong>de</strong></span> <span class='ocrx_word' id='word_1_298' title='bbox 893 2091 973 2125; x_wconf 86' lang='lat' dir='ltr'><strong>ipsius</strong></span> 
     </span>
    </p>
   </div>
   <div class='ocr_carea' id='block_1_44' title="bbox 146 2131 972 2170">
    <p class='ocr_par' dir='ltr' id='par_1_44' title="bbox 146 2131 972 2170">
     <span class='ocr_line' id='line_1_44' title="bbox 146 2131 972 2170; baseline 0.007 -13"><span class='ocrx_word' id='word_1_299' title='bbox 146 2131 267 2159; x_wconf 79' lang='lat' dir='ltr'><strong>Joannis</strong></span> <span class='ocrx_word' id='word_1_300' title='bbox 284 2132 472 2159; x_wconf 86' lang='lat' dir='ltr'><strong>ordinatione</strong></span> <span class='ocrx_word' id='word_1_301' title='bbox 484 2132 508 2159; x_wconf 94' lang='lat' dir='ltr'><strong>in</strong></span> <span class='ocrx_word' id='word_1_302' title='bbox 530 2133 682 2168; x_wconf 79' lang='lat' dir='ltr'><strong>episcopum</strong></span> <span class='ocrx_word' id='word_1_303' title='bbox 704 2134 972 2170; x_wconf 70' lang='lat' dir='ltr'><strong>Constantim&#39;qiolita-</strong></span> 
     </span>
    </p>
   </div>
   <div class='ocr_carea' id='block_1_45' title="bbox 145 2177 973 2213">
    <p class='ocr_par' dir='ltr' id='par_1_45' title="bbox 145 2177 973 2213">
     <span class='ocr_line' id='line_1_45' title="bbox 145 2177 973 2213; baseline 0.007 -11"><span class='ocrx_word' id='word_1_304' title='bbox 145 2185 210 2204; x_wconf 90' lang='lat' dir='ltr'><strong>num</strong></span> <span class='ocrx_word' id='word_1_305' title='bbox 234 2184 425 2213; x_wconf 77' lang='lat' dir='ltr'><strong>ageremus:</strong></span> <span class='ocrx_word' id='word_1_306' title='bbox 447 2177 560 2205; x_wconf 88' lang='lat' dir='ltr'><strong>vidimus</strong></span> <span class='ocrx_word' id='word_1_307' title='bbox 585 2178 658 2205; x_wconf 90' lang='lat' dir='ltr'><strong>illum</strong></span> <span class='ocrx_word' id='word_1_308' title='bbox 678 2179 789 2206; x_wconf 79' lang='lat' dir='ltr'><strong>inritum</strong></span> <span class='ocrx_word' id='word_1_309' title='bbox 809 2180 973 2208; x_wconf 59' lang='lat' dir='ltr'><strong>ordinat-isse</strong></span> 
     </span>
    </p>
   </div>
   <div class='ocr_carea' id='block_1_46' title="bbox 143 2222 973 2259">
    <p class='ocr_par' dir='ltr' id='par_1_46' title="bbox 143 2222 973 2259">
     <span class='ocr_line' id='line_1_46' title="bbox 143 2222 973 2259; baseline 0.004 -10"><span class='ocrx_word' id='word_1_310' title='bbox 143 2223 301 2258; x_wconf 82' lang='lat' dir='ltr'><strong>Joannem,</strong></span> <span class='ocrx_word' id='word_1_311' title='bbox 317 2222 410 2257; x_wconf 85' lang='lat' dir='ltr'><strong>cujus</strong></span> <span class='ocrx_word' id='word_1_312' title='bbox 421 2227 448 2249; x_wconf 91' lang='lat' dir='ltr'><strong>et</strong></span> <span class='ocrx_word' id='word_1_313' title='bbox 461 2224 541 2250; x_wconf 83' lang='lat' dir='ltr'><strong>animi</strong></span> <span class='ocrx_word' id='word_1_314' title='bbox 553 2224 703 2251; x_wconf 83' lang='lat' dir='ltr'><strong>firmitatem</strong></span> <span class='ocrx_word' id='word_1_315' title='bbox 715 2229 742 2252; x_wconf 90' lang='lat' dir='ltr'><strong>et</strong></span> <span class='ocrx_word' id='word_1_316' title='bbox 757 2225 879 2259; x_wconf 84' lang='lat' dir='ltr'><strong>loquendi</strong></span> <span class='ocrx_word' id='word_1_317' title='bbox 893 2226 973 2253; x_wconf 85' lang='lat' dir='ltr'><strong>liber-</strong></span> 
     </span>
    </p>
   </div>
   <div class='ocr_carea' id='block_1_47' title="bbox 143 2270 972 2307">
    <p class='ocr_par' dir='ltr' id='par_1_47' title="bbox 143 2270 972 2307">
     <span class='ocr_line' id='line_1_47' title="bbox 143 2270 972 2307; baseline 0.005 -11"><span class='ocrx_word' id='word_1_318' title='bbox 143 2274 227 2298; x_wconf 83' lang='lat' dir='ltr'><strong>tatem</strong></span> <span class='ocrx_word' id='word_1_319' title='bbox 250 2270 425 2300; x_wconf 86' lang='lat' dir='ltr'><strong>metuebat,</strong></span> <span class='ocrx_word' id='word_1_320' title='bbox 441 2278 526 2305; x_wconf 86' lang='lat' dir='ltr'><strong>neque</strong></span> <span class='ocrx_word' id='word_1_321' title='bbox 546 2279 671 2306; x_wconf 90' lang='lat' dir='ltr'><strong>umquam</strong></span> <span class='ocrx_word' id='word_1_322' title='bbox 686 2272 818 2300; x_wconf 84' lang='lat' dir='ltr'><strong>destitisse</strong></span> <span class='ocrx_word' id='word_1_323' title='bbox 833 2273 972 2307; x_wconf 86' lang='lat' dir='ltr'><strong>putabatur</strong></span> 
     </span>
    </p>
   </div>
   <div class='ocr_carea' id='block_1_48' title="bbox 141 2316 971 2352">
    <p class='ocr_par' dir='ltr' id='par_1_48' title="bbox 141 2316 971 2352">
     <span class='ocr_line' id='line_1_48' title="bbox 141 2316 971 2352; baseline 0.005 -10"><span class='ocrx_word' id='word_1_324' title='bbox 141 2323 156 2342; x_wconf 64' lang='grc' dir='ltr'><strong>ε</strong></span> <span class='ocrx_word' id='word_1_325' title='bbox 170 2317 325 2352; x_wconf 86' lang='lat' dir='ltr'><strong>proposito</strong></span> <span class='ocrx_word' id='word_1_326' title='bbox 339 2316 429 2344; x_wconf 90' lang='lat' dir='ltr'><strong>illum</strong></span> <span class='ocrx_word' id='word_1_327' title='bbox 444 2324 457 2342; x_wconf 88' lang='lat' dir='ltr'><strong>a</strong></span> <span class='ocrx_word' id='word_1_328' title='bbox 473 2317 536 2344; x_wconf 85' lang='lat' dir='ltr'><strong>sede</strong></span> <span class='ocrx_word' id='word_1_329' title='bbox 551 2317 719 2352; x_wconf 85' lang='lat' dir='ltr'><strong>deturhaudi,</strong></span> <span class='ocrx_word' id='word_1_330' title='bbox 734 2319 817 2346; x_wconf 77' lang='lat' dir='ltr'><strong>sicubi</strong></span> <span class='ocrx_word' id='word_1_331' title='bbox 827 2326 885 2346; x_wconf 88' lang='lat' dir='ltr'><strong>sesc</strong></span> <span class='ocrx_word' id='word_1_332' title='bbox 896 2327 971 2346; x_wconf 83' lang='lat' dir='ltr'><strong>occa-</strong></span> 
     </span>
    </p>
   </div>
   <div class='ocr_carea' id='block_1_49' title="bbox 140 2363 330 2390">
    <p class='ocr_par' dir='ltr' id='par_1_49' title="bbox 140 2363 330 2390">
     <span class='ocr_line' id='line_1_49' title="bbox 140 2363 330 2390; baseline 0.011 -2"><span class='ocrx_word' id='word_1_333' title='bbox 140 2363 181 2389; x_wconf 81' lang='lat' dir='ltr'><strong>sio</strong></span> <span class='ocrx_word' id='word_1_334' title='bbox 195 2363 330 2390; x_wconf 82' lang='lat' dir='ltr'><strong>oﬂ‘erret.</strong></span> 
     </span>
    </p>
   </div>
   <div class='ocr_carea' id='block_1_50' title="bbox 175 2407 973 2447">
    <p class='ocr_par' dir='ltr' id='par_1_50' title="bbox 175 2407 973 2447">
     <span class='ocr_line' id='line_1_50' title="bbox 175 2407 973 2447; baseline 0.003 -12"><span class='ocrx_word' id='word_1_335' title='bbox 175 2410 290 2437; x_wconf 85' lang='lat' dir='ltr'><strong>Accidit</strong></span> <span class='ocrx_word' id='word_1_336' title='bbox 303 2414 415 2436; x_wconf 85' lang='lat' dir='ltr'><strong>autem</strong></span> <span class='ocrx_word' id='word_1_337' title='bbox 431 2407 478 2435; x_wconf 88' lang='lat' dir='ltr'><strong>hoc</strong></span> <span class='ocrx_word' id='word_1_338' title='bbox 489 2409 595 2436; x_wconf 86' lang='lat' dir='ltr'><strong>circiter</strong></span> <span class='ocrx_word' id='word_1_339' title='bbox 606 2415 723 2445; x_wconf 86' lang='lat' dir='ltr'><strong>tempore</strong></span> <span class='ocrx_word' id='word_1_340' title='bbox 738 2411 857 2438; x_wconf 75' lang='lat' dir='ltr'><strong>Fratrum</strong></span> <span class='ocrx_word' id='word_1_341' title='bbox 871 2413 973 2447; x_wconf 75' lang='lat' dir='ltr'><strong>Longo-</strong></span> 
     </span>
    </p>
   </div>
   <div class='ocr_carea' id='block_1_51' title="bbox 138 2453 971 2491">
    <p class='ocr_par' dir='ltr' id='par_1_51' title="bbox 138 2453 971 2491">
     <span class='ocr_line' id='line_1_51' title="bbox 138 2453 971 2491; baseline 0.006 -12"><span class='ocrx_word' id='word_1_342' title='bbox 138 2461 197 2480; x_wconf 87' lang='lat' dir='ltr'><strong>rum</strong></span> <span class='ocrx_word' id='word_1_343' title='bbox 223 2456 401 2490; x_wconf 80' lang='lat' dir='ltr'><strong>negotium,</strong></span> <span class='ocrx_word' id='word_1_344' title='bbox 428 2453 498 2487; x_wconf 82' lang='lat' dir='ltr'><strong>quod</strong></span> <span class='ocrx_word' id='word_1_345' title='bbox 522 2455 648 2482; x_wconf 85' lang='lat' dir='ltr'><strong>tumultus</strong></span> <span class='ocrx_word' id='word_1_346' title='bbox 667 2463 776 2491; x_wconf 75' lang='lat' dir='ltr'><strong>magnos</strong></span> <span class='ocrx_word' id='word_1_347' title='bbox 798 2457 823 2483; x_wconf 91' lang='lat' dir='ltr'><strong>in</strong></span> <span class='ocrx_word' id='word_1_348' title='bbox 846 2458 971 2485; x_wconf 80' lang='lat' dir='ltr'><strong>Orientali</strong></span> 
     </span>
    </p>
   </div>
   <div class='ocr_carea' id='block_1_52' title="bbox 138 2500 973 2537">
    <p class='ocr_par' dir='ltr' id='par_1_52' title="bbox 138 2500 973 2537">
     <span class='ocr_line' id='line_1_52' title="bbox 138 2500 973 2537; baseline 0.004 -10"><span class='ocrx_word' id='word_1_349' title='bbox 138 2500 266 2529; x_wconf 78' lang='lat' dir='ltr'><strong>Ecclesia</strong></span> <span class='ocrx_word' id='word_1_350' title='bbox 282 2501 465 2533; x_wconf 78' lang='lat' dir='ltr'><strong>concitavit,</strong></span> <span class='ocrx_word' id='word_1_351' title='bbox 482 2505 507 2527; x_wconf 90' lang='lat' dir='ltr'><strong>ct</strong></span> <span class='ocrx_word' id='word_1_352' title='bbox 517 2501 577 2529; x_wconf 89' lang='lat' dir='ltr'><strong>inde</strong></span> <span class='ocrx_word' id='word_1_353' title='bbox 588 2502 749 2536; x_wconf 85' lang='lat' dir='ltr'><strong>Theophilus</strong></span> <span class='ocrx_word' id='word_1_354' title='bbox 760 2511 851 2530; x_wconf 84' lang='lat' dir='ltr'><strong>ansam</strong></span> <span class='ocrx_word' id='word_1_355' title='bbox 863 2505 973 2537; x_wconf 82' lang='lat' dir='ltr'><strong>arripuit</strong></span> 
     </span>
    </p>
   </div>
   <div class='ocr_carea' id='block_1_53' title="bbox 136 2548 972 2584">
    <p class='ocr_par' dir='ltr' id='par_1_53' title="bbox 136 2548 972 2584">
     <span class='ocr_line' id='line_1_53' title="bbox 136 2548 972 2584; baseline 0.002 -10"><span class='ocrx_word' id='word_1_356' title='bbox 136 2553 164 2574; x_wconf 93' lang='lat' dir='ltr'><strong>ut</strong></span> <span class='ocrx_word' id='word_1_357' title='bbox 185 2549 212 2575; x_wconf 93' lang='lat' dir='ltr'><strong>in</strong></span> <span class='ocrx_word' id='word_1_358' title='bbox 236 2548 494 2584; x_wconf 77' lang='lat' dir='ltr'><strong>Chrysostomum</strong></span> <span class='ocrx_word' id='word_1_359' title='bbox 516 2548 629 2574; x_wconf 74' lang='lat' dir='ltr'><strong>saeviret.</strong></span> <span class='ocrx_word' id='word_1_360' title='bbox 650 2548 745 2575; x_wconf 76' lang='lat' dir='ltr'><strong>Verum</strong></span> <span class='ocrx_word' id='word_1_361' title='bbox 767 2557 810 2576; x_wconf 86' lang='lat' dir='ltr'><strong>res</strong></span> <span class='ocrx_word' id='word_1_362' title='bbox 832 2554 872 2576; x_wconf 88' lang='lat' dir='ltr'><strong>est</strong></span> <span class='ocrx_word' id='word_1_363' title='bbox 895 2550 972 2577; x_wconf 87' lang='lat' dir='ltr'><strong>altius</strong></span> 
     </span>
    </p>
   </div>
   <div class='ocr_carea' id='block_1_54' title="bbox 135 2594 301 2628">
    <p class='ocr_par' dir='ltr' id='par_1_54' title="bbox 135 2594 301 2628">
     <span class='ocr_line' id='line_1_54' title="bbox 135 2594 301 2628; baseline 0.012 -9"><span class='ocrx_word' id='word_1_364' title='bbox 135 2594 301 2628; x_wconf 79' lang='lat' dir='ltr'><strong>repetenda.</strong></span> 
     </span>
    </p>
   </div>
   <div class='ocr_carea' id='block_1_55' title="bbox 168 2637 971 2675">
    <p class='ocr_par' dir='ltr' id='par_1_55' title="bbox 168 2637 971 2675">
     <span class='ocr_line' id='line_1_55' title="bbox 168 2637 971 2675; baseline 0.001 -8"><span class='ocrx_word' id='word_1_365' title='bbox 168 2640 271 2668; x_wconf 81' lang='lat' dir='ltr'><strong>Narrat</strong></span> <span class='ocrx_word' id='word_1_366' title='bbox 289 2637 456 2668; x_wconf 82' lang='lat' dir='ltr'><strong>Palladius</strong></span> <span class='ocrx_word' id='word_1_367' title='bbox 484 2637 596 2669; x_wconf 80' lang='lat' dir='ltr'><strong>(Pallad.</strong></span> <span class='ocrx_word' id='word_1_368' title='bbox 613 2647 638 2673; x_wconf 86' lang='lat' dir='ltr'><strong>p.</strong></span> <span class='ocrx_word' id='word_1_369' title='bbox 655 2640 689 2667; x_wconf 83' lang='lat'><strong>50</strong></span> <span class='ocrx_word' id='word_1_370' title='bbox 701 2644 724 2666; x_wconf 74' lang='lat' dir='ltr'><strong>et</strong></span> <span class='ocrx_word' id='word_1_371' title='bbox 742 2642 820 2675; x_wconf 55' lang='grc' dir='ltr'><strong>σφι),</strong></span> <span class='ocrx_word' id='word_1_372' title='bbox 843 2640 971 2668; x_wconf 87' lang='lat' dir='ltr'><strong>Isidorum</strong></span> 
     </span>
    </p>
   </div>
   <div class='ocr_carea' id='block_1_56' title="bbox 134 2685 972 2722">
    <p class='ocr_par' dir='ltr' id='par_1_56' title="bbox 134 2685 972 2722">
     <span class='ocr_line' id='line_1_56' title="bbox 134 2685 972 2722; baseline 0.001 -9"><span class='ocrx_word' id='word_1_373' title='bbox 134 2688 286 2719; x_wconf 80' lang='lat' dir='ltr'><strong>quemdam</strong></span> <span class='ocrx_word' id='word_1_374' title='bbox 312 2685 527 2722; x_wconf 77' lang='lat' dir='ltr'><strong>presbyterum</strong></span> <span class='ocrx_word' id='word_1_375' title='bbox 550 2686 762 2719; x_wconf 77' lang='lat' dir='ltr'><strong>octogenarium,</strong></span> <span class='ocrx_word' id='word_1_376' title='bbox 788 2695 802 2713; x_wconf 68' lang='grc' dir='ltr'>ει</span> <span class='ocrx_word' id='word_1_377' title='bbox 826 2687 972 2721; x_wconf 71' lang='lat' dir='ltr'><strong>Tbeoplilo</strong></span> 
     </span>
    </p>
   </div>
   <div class='ocr_carea' id='block_1_57' title="bbox 136 2727 971 2766">
    <p class='ocr_par' dir='ltr' id='par_1_57' title="bbox 136 2727 971 2766">
     <span class='ocr_line' id='line_1_57' title="bbox 136 2727 971 2766; baseline 0.002 -9"><span class='ocrx_word' id='word_1_378' title='bbox 136 2733 332 2760; x_wconf 77' lang='lat' dir='ltr'><strong>Alexandrino</strong></span> <span class='ocrx_word' id='word_1_379' title='bbox 351 2727 494 2766; x_wconf 65' lang='lat' dir='ltr'><strong>praesule</strong></span> <span class='ocrx_word' id='word_1_380' title='bbox 511 2728 594 2764; x_wconf 85' lang='lat' dir='ltr'><strong>inique</strong></span> <span class='ocrx_word' id='word_1_381' title='bbox 616 2736 747 2764; x_wconf 77' lang='lat' dir='ltr'><strong>vexatura,</strong></span> <span class='ocrx_word' id='word_1_382' title='bbox 773 2731 806 2759; x_wconf 87' lang='lat' dir='ltr'><strong>ad</strong></span> <span class='ocrx_word' id='word_1_383' title='bbox 827 2733 971 2759; x_wconf 79' lang='lat' dir='ltr'><strong>monachos</strong></span> 
     </span>
    </p>
   </div>
   <div class='ocr_carea' id='block_1_58' title="bbox 137 2773 971 2813">
    <p class='ocr_par' dir='ltr' id='par_1_58' title="bbox 137 2773 971 2813">
     <span class='ocr_line' id='line_1_58' title="bbox 137 2773 971 2813; baseline 0.001 -9"><span class='ocrx_word' id='word_1_384' title='bbox 137 2781 238 2807; x_wconf 78' lang='lat' dir='ltr'><strong>montis</strong></span> <span class='ocrx_word' id='word_1_385' title='bbox 262 2779 370 2808; x_wconf 62' lang='lat' dir='ltr'><strong>Nitriae</strong></span> <span class='ocrx_word' id='word_1_386' title='bbox 400 2773 577 2808; x_wconf 78' lang='lat' dir='ltr'><strong>confugisse.</strong></span> <span class='ocrx_word' id='word_1_387' title='bbox 597 2777 772 2812; x_wconf 78' lang='lat' dir='ltr'><strong>TheOphilum</strong></span> <span class='ocrx_word' id='word_1_388' title='bbox 796 2786 869 2810; x_wconf 79' lang='lat' dir='ltr'><strong>vero,</strong></span> <span class='ocrx_word' id='word_1_389' title='bbox 892 2787 971 2813; x_wconf 74' lang='lat' dir='ltr'><strong>quem</strong></span> 
     </span>
    </p>
   </div>
   <div class='ocr_carea' id='block_1_59' title="bbox 138 2820 971 2859">
    <p class='ocr_par' dir='ltr' id='par_1_59' title="bbox 138 2820 971 2859">
     <span class='ocr_line' id='line_1_59' title="bbox 138 2820 971 2859; baseline -0.004 -6"><span class='ocrx_word' id='word_1_390' title='bbox 138 2825 194 2859; x_wconf 76' lang='lat' dir='ltr'><strong>ipse</strong></span> <span class='ocrx_word' id='word_1_391' title='bbox 209 2832 238 2854; x_wconf 87' lang='lat' dir='ltr'><strong>ut</strong></span> <span class='ocrx_word' id='word_1_392' title='bbox 249 2826 390 2854; x_wconf 88' lang='lat' dir='ltr'><strong>omnium</strong></span> <span class='ocrx_word' id='word_1_393' title='bbox 410 2828 450 2849; x_wconf 77' lang='lat' dir='ltr'><strong>va</strong></span> <span class='ocrx_word' id='word_1_394' title='bbox 457 2820 595 2848; x_wconf 81' lang='lat' dir='ltr'><strong>ferrimum</strong></span> <span class='ocrx_word' id='word_1_395' title='bbox 611 2828 635 2849; x_wconf 90' lang='lat' dir='ltr'><strong>et</strong></span> <span class='ocrx_word' id='word_1_396' title='bbox 649 2823 863 2851; x_wconf 77' lang='lat' dir='ltr'><strong>scelestissimum</strong></span> <span class='ocrx_word' id='word_1_397' title='bbox 877 2824 971 2858; x_wconf 53' lang='lat' dir='ltr'><strong>depiu-</strong></span> 
     </span>
    </p>
   </div>
   <div class='ocr_carea' id='block_1_60' title="bbox 138 2867 968 2907">
    <p class='ocr_par' dir='ltr' id='par_1_60' title="bbox 138 2867 968 2907">
     <span class='ocr_line' id='line_1_60' title="bbox 138 2867 968 2907; baseline -0.004 -7"><span class='ocrx_word' id='word_1_398' title='bbox 138 2878 184 2906; x_wconf 69' lang='grc' dir='ltr'>ιιι,</span> <span class='ocrx_word' id='word_1_399' title='bbox 204 2881 231 2900; x_wconf 87' lang='grc' dir='ltr'><strong>ιιι</strong></span> <span class='ocrx_word' id='word_1_400' title='bbox 246 2870 419 2901; x_wconf 78' lang='lat' dir='ltr'><strong>monachos</strong></span> <span class='ocrx_word' id='word_1_401' title='bbox 439 2867 516 2895; x_wconf 69' lang='lat' dir='ltr'><strong>illos</strong></span> <span class='ocrx_word' id='word_1_402' title='bbox 528 2868 648 2902; x_wconf 65' lang='lat' dir='ltr'><strong>smviisse,</strong></span> <span class='ocrx_word' id='word_1_403' title='bbox 668 2870 828 2904; x_wconf 62' lang='lat' dir='ltr'><strong>jussissequc</strong></span> <span class='ocrx_word' id='word_1_404' title='bbox 841 2870 968 2907; x_wconf 78' lang='lat' dir='ltr'><strong>quosdam</strong></span> 
     </span>
    </p>
   </div>
   <div class='ocr_carea' id='block_1_61' title="bbox 765 155 1218 187">
    <p class='ocr_par' dir='ltr' id='par_1_61' title="bbox 765 155 1218 187">
     <span class='ocr_line' id='line_1_61' title="bbox 765 155 1218 187; baseline -0.007 0"><span class='ocrx_word' id='word_1_405' title='bbox 765 158 855 187; x_wconf 79' lang='lat' dir='ltr'><strong>NUNC</strong></span> <span class='ocrx_word' id='word_1_406' title='bbox 870 157 1000 186; x_wconf 79' lang='lat' dir='ltr'><strong>PRIMUM</strong></span> <span class='ocrx_word' id='word_1_407' title='bbox 1020 155 1218 184; x_wconf 74' lang='lat' dir='ltr'><strong>ADORNATA.</strong></span> 
     </span>
    </p>
   </div>
   <div class='ocr_carea' id='block_1_62' title="bbox 1767 157 1830 185">
    <p class='ocr_par' dir='ltr' id='par_1_62' title="bbox 1767 157 1830 185">
     <span class='ocr_line' id='line_1_62' title="bbox 1767 157 1830 185; baseline -0.016 0"><span class='ocrx_word' id='word_1_408' title='bbox 1767 157 1830 185; x_wconf 73' lang='lat' dir='ltr'><strong>i90.</strong></span> 
     </span>
    </p>
   </div>
   <div class='ocr_carea' id='block_1_63' title="bbox 1030 212 1822 250">
    <p class='ocr_par' dir='ltr' id='par_1_63' title="bbox 1030 212 1822 250">
     <span class='ocr_line' id='line_1_63' title="bbox 1030 212 1822 250; baseline -0.004 -9"><span class='ocrx_word' id='word_1_409' title='bbox 1030 221 1047 242; x_wconf 87' lang='lat' dir='ltr'><strong>e</strong></span> <span class='ocrx_word' id='word_1_410' title='bbox 1059 214 1191 250; x_wconf 88' lang='lat' dir='ltr'><strong>primariis</strong></span> <span class='ocrx_word' id='word_1_411' title='bbox 1211 221 1242 241; x_wconf 76' lang='lat' dir='ltr'><strong>ex</strong></span> <span class='ocrx_word' id='word_1_412' title='bbox 1263 213 1389 241; x_wconf 86' lang='lat' dir='ltr'><strong>interiore</strong></span> <span class='ocrx_word' id='word_1_413' title='bbox 1402 219 1492 240; x_wconf 89' lang='lat' dir='ltr'><strong>eremo</strong></span> <span class='ocrx_word' id='word_1_414' title='bbox 1507 212 1614 248; x_wconf 86' lang='lat' dir='ltr'><strong>depelli.</strong></span> <span class='ocrx_word' id='word_1_415' title='bbox 1629 213 1666 240; x_wconf 89' lang='lat' dir='ltr'><strong>Illi</strong></span> <span class='ocrx_word' id='word_1_416' title='bbox 1686 222 1749 240; x_wconf 88' lang='lat' dir='ltr'><strong>vero</strong></span> <span class='ocrx_word' id='word_1_417' title='bbox 1763 222 1822 241; x_wconf 82' lang='lat' dir='ltr'><strong>Illo.</strong></span> 
     </span>
    </p>
   </div>
   <div class='ocr_carea' id='block_1_64' title="bbox 1030 258 1820 293">
    <p class='ocr_par' dir='ltr' id='par_1_64' title="bbox 1030 258 1820 293">
     <span class='ocr_line' id='line_1_64' title="bbox 1030 258 1820 293; baseline 0.001 -7"><span class='ocrx_word' id='word_1_418' title='bbox 1030 258 1108 286; x_wconf 88' lang='lat' dir='ltr'><strong>nachi</strong></span> <span class='ocrx_word' id='word_1_419' title='bbox 1125 266 1185 286; x_wconf 93' lang='lat' dir='ltr'><strong>cum</strong></span> <span class='ocrx_word' id='word_1_420' title='bbox 1208 258 1348 286; x_wconf 90' lang='lat' dir='ltr'><strong>Ammonio</strong></span> <span class='ocrx_word' id='word_1_421' title='bbox 1361 259 1486 293; x_wconf 90' lang='lat' dir='ltr'><strong>quodam,</strong></span> <span class='ocrx_word' id='word_1_422' title='bbox 1502 259 1559 286; x_wconf 88' lang='lat' dir='ltr'><strong>viro</strong></span> <span class='ocrx_word' id='word_1_423' title='bbox 1572 259 1714 293; x_wconf 72' lang='lat' dir='ltr'><strong>grandmvo</strong></span> <span class='ocrx_word' id='word_1_424' title='bbox 1732 264 1759 287; x_wconf 87' lang='lat' dir='ltr'><strong>et</strong></span> <span class='ocrx_word' id='word_1_425' title='bbox 1773 267 1820 288; x_wconf 86' lang='lat' dir='ltr'><strong>ve-</strong></span> 
     </span>
    </p>
   </div>
   <div class='ocr_carea' id='block_1_65' title="bbox 1031 304 1822 341">
    <p class='ocr_par' dir='ltr' id='par_1_65' title="bbox 1031 304 1822 341">
     <span class='ocr_line' id='line_1_65' title="bbox 1031 304 1822 341; baseline 0.001 -9"><span class='ocrx_word' id='word_1_426' title='bbox 1031 305 1153 338; x_wconf 88' lang='lat' dir='ltr'><strong>nerabili,</strong></span> <span class='ocrx_word' id='word_1_427' title='bbox 1168 304 1343 340; x_wconf 88' lang='lat' dir='ltr'><strong>Theophilum</strong></span> <span class='ocrx_word' id='word_1_428' title='bbox 1357 305 1464 337; x_wconf 86' lang='lat' dir='ltr'><strong>adeunt,</strong></span> <span class='ocrx_word' id='word_1_429' title='bbox 1480 309 1507 332; x_wconf 91' lang='lat' dir='ltr'><strong>et</strong></span> <span class='ocrx_word' id='word_1_430' title='bbox 1521 312 1572 339; x_wconf 82' lang='lat' dir='ltr'><strong>qua</strong></span> <span class='ocrx_word' id='word_1_431' title='bbox 1583 304 1616 332; x_wconf 89' lang='lat' dir='ltr'><strong>de</strong></span> <span class='ocrx_word' id='word_1_432' title='bbox 1627 313 1706 333; x_wconf 86' lang='lat' dir='ltr'><strong>causa</strong></span> <span class='ocrx_word' id='word_1_433' title='bbox 1721 306 1822 341; x_wconf 88' lang='lat' dir='ltr'><strong>pellan-</strong></span> 
     </span>
    </p>
   </div>
   <div class='ocr_carea' id='block_1_66' title="bbox 1031 349 1821 385">
    <p class='ocr_par' dir='ltr' id='par_1_66' title="bbox 1031 349 1821 385">
     <span class='ocr_line' id='line_1_66' title="bbox 1031 349 1821 385; baseline 0.001 -8"><span class='ocrx_word' id='word_1_434' title='bbox 1031 355 1073 377; x_wconf 89' lang='lat' dir='ltr'><strong>tur</strong></span> <span class='ocrx_word' id='word_1_435' title='bbox 1092 355 1203 385; x_wconf 78' lang='lat' dir='ltr'><strong>rogaut;</strong></span> <span class='ocrx_word' id='word_1_436' title='bbox 1225 355 1279 377; x_wconf 91' lang='lat' dir='ltr'><strong>tum</strong></span> <span class='ocrx_word' id='word_1_437' title='bbox 1303 350 1347 377; x_wconf 88' lang='lat' dir='ltr'><strong>ille</strong></span> <span class='ocrx_word' id='word_1_438' title='bbox 1371 350 1540 377; x_wconf 86' lang='lat' dir='ltr'><strong>Ammonium</strong></span> <span class='ocrx_word' id='word_1_439' title='bbox 1563 349 1646 385; x_wconf 76' lang='lat' dir='ltr'><strong>plagis</strong></span> <span class='ocrx_word' id='word_1_440' title='bbox 1668 356 1770 384; x_wconf 88' lang='lat' dir='ltr'><strong>onerat,</strong></span> <span class='ocrx_word' id='word_1_441' title='bbox 1793 356 1821 379; x_wconf 84' lang='lat' dir='ltr'><strong>et</strong></span> 
     </span>
    </p>
   </div>
   <div class='ocr_carea' id='block_1_67' title="bbox 1030 397 1820 432">
    <p class='ocr_par' dir='ltr' id='par_1_67' title="bbox 1030 397 1820 432">
     <span class='ocr_line' id='line_1_67' title="bbox 1030 397 1820 432; baseline 0.003 -9"><span class='ocrx_word' id='word_1_442' title='bbox 1030 397 1174 424; x_wconf 87' lang='lat' dir='ltr'><strong>monachos</strong></span> <span class='ocrx_word' id='word_1_443' title='bbox 1189 397 1264 432; x_wconf 83' lang='lat' dir='ltr'><strong>quasi</strong></span> <span class='ocrx_word' id='word_1_444' title='bbox 1283 397 1404 431; x_wconf 80' lang='lat' dir='ltr'><strong>Origenis</strong></span> <span class='ocrx_word' id='word_1_445' title='bbox 1424 397 1559 424; x_wconf 87' lang='lat' dir='ltr'><strong>erroribus</strong></span> <span class='ocrx_word' id='word_1_446' title='bbox 1579 397 1690 424; x_wconf 87' lang='lat' dir='ltr'><strong>infectos</strong></span> <span class='ocrx_word' id='word_1_447' title='bbox 1705 398 1820 432; x_wconf 85' lang='lat' dir='ltr'><strong>repellit.</strong></span> 
     </span>
    </p>
   </div>
   <div class='ocr_carea' id='block_1_68' title="bbox 1031 443 1821 475">
    <p class='ocr_par' dir='ltr' id='par_1_68' title="bbox 1031 443 1821 475">
     <span class='ocr_line' id='line_1_68' title="bbox 1031 443 1821 475; baseline 0.004 -6"><span class='ocrx_word' id='word_1_448' title='bbox 1031 443 1072 470; x_wconf 91' lang='lat' dir='ltr'><strong>Illi</strong></span> <span class='ocrx_word' id='word_1_449' title='bbox 1087 450 1149 470; x_wconf 88' lang='lat' dir='ltr'><strong>vero</strong></span> <span class='ocrx_word' id='word_1_450' title='bbox 1161 443 1193 469; x_wconf 93' lang='lat' dir='ltr'><strong>ad</strong></span> <span class='ocrx_word' id='word_1_451' title='bbox 1210 443 1311 470; x_wconf 82' lang='lat' dir='ltr'><strong>Montes</strong></span> <span class='ocrx_word' id='word_1_452' title='bbox 1331 443 1452 475; x_wconf 82' lang='lat' dir='ltr'><strong>redeunt,</strong></span> <span class='ocrx_word' id='word_1_453' title='bbox 1467 447 1494 469; x_wconf 91' lang='lat' dir='ltr'><strong>et</strong></span> <span class='ocrx_word' id='word_1_454' title='bbox 1508 444 1680 470; x_wconf 87' lang='lat' dir='ltr'><strong>Inonasticam</strong></span> <span class='ocrx_word' id='word_1_455' title='bbox 1696 445 1776 471; x_wconf 88' lang='lat' dir='ltr'><strong>vitam</strong></span> <span class='ocrx_word' id='word_1_456' title='bbox 1792 449 1821 472; x_wconf 86' lang='lat' dir='ltr'><strong>ut</strong></span> 
     </span>
    </p>
   </div>
   <div class='ocr_carea' id='block_1_69' title="bbox 1031 488 1821 523">
    <p class='ocr_par' dir='ltr' id='par_1_69' title="bbox 1031 488 1821 523">
     <span class='ocr_line' id='line_1_69' title="bbox 1031 488 1821 523; baseline 0.004 -9"><span class='ocrx_word' id='word_1_457' title='bbox 1031 489 1103 523; x_wconf 88' lang='lat' dir='ltr'><strong>prius</strong></span> <span class='ocrx_word' id='word_1_458' title='bbox 1125 493 1259 516; x_wconf 82' lang='lat' dir='ltr'><strong>exercent.</strong></span> <span class='ocrx_word' id='word_1_459' title='bbox 1284 488 1358 516; x_wconf 86' lang='lat' dir='ltr'><strong>Tunc</strong></span> <span class='ocrx_word' id='word_1_460' title='bbox 1381 488 1545 523; x_wconf 85' lang='lat' dir='ltr'><strong>Theophilus</strong></span> <span class='ocrx_word' id='word_1_461' title='bbox 1569 490 1705 517; x_wconf 82' lang='lat' dir='ltr'><strong>advocatis</strong></span> <span class='ocrx_word' id='word_1_462' title='bbox 1728 491 1821 517; x_wconf 87' lang='lat' dir='ltr'><strong>vicinis</strong></span> 
     </span>
    </p>
   </div>
   <div class='ocr_carea' id='block_1_70' title="bbox 1030 532 1822 568">
    <p class='ocr_par' dir='ltr' id='par_1_70' title="bbox 1030 532 1822 568">
     <span class='ocr_line' id='line_1_70' title="bbox 1030 532 1822 568; baseline 0.003 -8"><span class='ocrx_word' id='word_1_463' title='bbox 1030 533 1160 567; x_wconf 88' lang='lat' dir='ltr'><strong>episcopis</strong></span> <span class='ocrx_word' id='word_1_464' title='bbox 1179 532 1314 568; x_wconf 82' lang='lat' dir='ltr'><strong>Synodum</strong></span> <span class='ocrx_word' id='word_1_465' title='bbox 1335 533 1461 566; x_wconf 87' lang='lat' dir='ltr'><strong>celebrat,</strong></span> <span class='ocrx_word' id='word_1_466' title='bbox 1482 533 1626 561; x_wconf 84' lang='lat' dir='ltr'><strong>monachos</strong></span> <span class='ocrx_word' id='word_1_467' title='bbox 1648 542 1698 562; x_wconf 92' lang='lat' dir='ltr'><strong>nec</strong></span> <span class='ocrx_word' id='word_1_468' title='bbox 1717 535 1822 563; x_wconf 86' lang='lat' dir='ltr'><strong>auditos</strong></span> 
     </span>
    </p>
   </div>
   <div class='ocr_carea' id='block_1_71' title="bbox 1030 578 1822 614">
    <p class='ocr_par' dir='ltr' id='par_1_71' title="bbox 1030 578 1822 614">
     <span class='ocr_line' id='line_1_71' title="bbox 1030 578 1822 614; baseline 0.005 -10"><span class='ocrx_word' id='word_1_469' title='bbox 1030 578 1155 611; x_wconf 85' lang='lat' dir='ltr'><strong>damnat;</strong></span> <span class='ocrx_word' id='word_1_470' title='bbox 1177 583 1229 606; x_wconf 84' lang='lat' dir='ltr'><strong>tres</strong></span> <span class='ocrx_word' id='word_1_471' title='bbox 1247 586 1310 606; x_wconf 78' lang='lat' dir='ltr'><strong>vero</strong></span> <span class='ocrx_word' id='word_1_472' title='bbox 1327 586 1359 606; x_wconf 84' lang='lat' dir='ltr'><strong>ex</strong></span> <span class='ocrx_word' id='word_1_473' title='bbox 1375 579 1523 613; x_wconf 75' lang='lat' dir='ltr'><strong>pra-cipuis,</strong></span> <span class='ocrx_word' id='word_1_474' title='bbox 1543 587 1656 614; x_wconf 89' lang='lat' dir='ltr'><strong>quormn</strong></span> <span class='ocrx_word' id='word_1_475' title='bbox 1676 588 1744 607; x_wconf 92' lang='lat' dir='ltr'><strong>unus</strong></span> <span class='ocrx_word' id='word_1_476' title='bbox 1757 583 1822 608; x_wconf 84' lang='lat' dir='ltr'><strong>Am-</strong></span> 
     </span>
    </p>
   </div>
   <div class='ocr_carea' id='block_1_72' title="bbox 1031 624 1823 660">
    <p class='ocr_par' dir='ltr' id='par_1_72' title="bbox 1031 624 1823 660">
     <span class='ocr_line' id='line_1_72' title="bbox 1031 624 1823 660; baseline 0.004 -10"><span class='ocrx_word' id='word_1_477' title='bbox 1031 624 1135 650; x_wconf 89' lang='lat' dir='ltr'><strong>monius</strong></span> <span class='ocrx_word' id='word_1_478' title='bbox 1149 629 1215 657; x_wconf 84' lang='lat' dir='ltr'><strong>erat,</strong></span> <span class='ocrx_word' id='word_1_479' title='bbox 1233 625 1453 652; x_wconf 78' lang='lat' dir='ltr'><strong>excommunicnt.</strong></span> <span class='ocrx_word' id='word_1_480' title='bbox 1466 624 1543 651; x_wconf 82' lang='lat' dir='ltr'><strong>Mittit</strong></span> <span class='ocrx_word' id='word_1_481' title='bbox 1554 625 1597 659; x_wconf 93' lang='lat' dir='ltr'><strong>qui</strong></span> <span class='ocrx_word' id='word_1_482' title='bbox 1611 627 1757 653; x_wconf 87' lang='lat' dir='ltr'><strong>monachos</strong></span> <span class='ocrx_word' id='word_1_483' title='bbox 1770 628 1823 660; x_wconf 60' lang='grc' dir='ltr'>ρει.</span> 
     </span>
    </p>
   </div>
   <div class='ocr_carea' id='block_1_73' title="bbox 1031 669 1824 700">
    <p class='ocr_par' dir='ltr' id='par_1_73' title="bbox 1031 669 1824 700">
     <span class='ocr_line' id='line_1_73' title="bbox 1031 669 1824 700; baseline 0.004 -4"><span class='ocrx_word' id='word_1_484' title='bbox 1031 669 1085 696; x_wconf 89' lang='lat' dir='ltr'><strong>lant</strong></span> <span class='ocrx_word' id='word_1_485' title='bbox 1098 677 1131 697; x_wconf 85' lang='lat' dir='ltr'><strong>ex</strong></span> <span class='ocrx_word' id='word_1_486' title='bbox 1146 670 1219 698; x_wconf 91' lang='lat' dir='ltr'><strong>cellis</strong></span> <span class='ocrx_word' id='word_1_487' title='bbox 1232 675 1258 697; x_wconf 83' lang='lat' dir='ltr'><strong>et</strong></span> <span class='ocrx_word' id='word_1_488' title='bbox 1274 671 1442 698; x_wconf 84' lang='lat' dir='ltr'><strong>monasteriis</strong></span> <span class='ocrx_word' id='word_1_489' title='bbox 1457 671 1521 698; x_wconf 85' lang='lat' dir='ltr'><strong>suis.</strong></span> <span class='ocrx_word' id='word_1_490' title='bbox 1535 670 1574 698; x_wconf 91' lang='lat' dir='ltr'><strong>Illi</strong></span> <span class='ocrx_word' id='word_1_491' title='bbox 1587 679 1648 698; x_wconf 88' lang='lat' dir='ltr'><strong>vero</strong></span> <span class='ocrx_word' id='word_1_492' title='bbox 1664 672 1689 699; x_wconf 87' lang='lat' dir='ltr'><strong>in</strong></span> <span class='ocrx_word' id='word_1_493' title='bbox 1706 673 1824 700; x_wconf 83' lang='lat' dir='ltr'><strong>I’al.rsti-</strong></span> 
     </span>
    </p>
   </div>
   <div class='ocr_carea' id='block_1_74' title="bbox 1031 715 1428 750">
    <p class='ocr_par' dir='ltr' id='par_1_74' title="bbox 1031 715 1428 750">
     <span class='ocr_line' id='line_1_74' title="bbox 1031 715 1428 750; baseline 0 -8"><span class='ocrx_word' id='word_1_494' title='bbox 1031 722 1091 742; x_wconf 82' lang='lat' dir='ltr'><strong>nam</strong></span> <span class='ocrx_word' id='word_1_495' title='bbox 1108 715 1221 749; x_wconf 91' lang='lat' dir='ltr'><strong>primum</strong></span> <span class='ocrx_word' id='word_1_496' title='bbox 1234 716 1342 750; x_wconf 81' lang='lat' dir='ltr'><strong>profecti</strong></span> <span class='ocrx_word' id='word_1_497' title='bbox 1356 720 1428 743; x_wconf 90' lang='lat' dir='ltr'><strong>sunt.</strong></span> 
     </span>
    </p>
   </div>
   <div class='ocr_carea' id='block_1_75' title="bbox 1067 761 1819 799">
    <p class='ocr_par' dir='ltr' id='par_1_75' title="bbox 1067 761 1819 799">
     <span class='ocr_line' id='line_1_75' title="bbox 1067 761 1819 799; baseline 0.005 -11"><span class='ocrx_word' id='word_1_498' title='bbox 1067 761 1130 789; x_wconf 88' lang='lat' dir='ltr'><strong>Inde</strong></span> <span class='ocrx_word' id='word_1_499' title='bbox 1138 769 1200 789; x_wconf 84' lang='lat' dir='ltr'><strong>vero</strong></span> <span class='ocrx_word' id='word_1_500' title='bbox 1213 762 1461 796; x_wconf 82' lang='lat' dir='ltr'><strong>Constantinopolin</strong></span> <span class='ocrx_word' id='word_1_501' title='bbox 1476 768 1615 796; x_wconf 87' lang='lat' dir='ltr'><strong>venerunt,</strong></span> <span class='ocrx_word' id='word_1_502' title='bbox 1634 764 1676 791; x_wconf 89' lang='lat' dir='ltr'><strong>ubi</strong></span> <span class='ocrx_word' id='word_1_503' title='bbox 1692 765 1819 799; x_wconf 87' lang='lat' dir='ltr'><strong>quinqua-</strong></span> 
     </span>
    </p>
   </div>
   <div class='ocr_carea' id='block_1_76' title="bbox 1030 806 1823 844">
    <p class='ocr_par' dir='ltr' id='par_1_76' title="bbox 1030 806 1823 844">
     <span class='ocr_line' id='line_1_76' title="bbox 1030 806 1823 844; baseline 0.006 -12"><span class='ocrx_word' id='word_1_504' title='bbox 1030 806 1102 841; x_wconf 75' lang='lat' dir='ltr'><strong>ginta</strong></span> <span class='ocrx_word' id='word_1_505' title='bbox 1125 814 1236 834; x_wconf 89' lang='lat' dir='ltr'><strong>numero</strong></span> <span class='ocrx_word' id='word_1_506' title='bbox 1259 807 1291 834; x_wconf 88' lang='lat' dir='ltr'><strong>ad</strong></span> <span class='ocrx_word' id='word_1_507' title='bbox 1306 807 1416 834; x_wconf 87' lang='lat' dir='ltr'><strong>Joannis</strong></span> <span class='ocrx_word' id='word_1_508' title='bbox 1439 809 1559 842; x_wconf 71' lang='lat' dir='ltr'><strong>episcopi</strong></span> <span class='ocrx_word' id='word_1_509' title='bbox 1584 817 1667 843; x_wconf 80' lang='lat' dir='ltr'><strong>genua</strong></span> <span class='ocrx_word' id='word_1_510' title='bbox 1692 811 1823 844; x_wconf 86' lang='lat' dir='ltr'><strong>provoluti</strong></span> 
     </span>
    </p>
   </div>
   <div class='ocr_carea' id='block_1_77' title="bbox 1030 853 1824 889">
    <p class='ocr_par' dir='ltr' id='par_1_77' title="bbox 1030 853 1824 889">
     <span class='ocr_line' id='line_1_77' title="bbox 1030 853 1824 889; baseline 0.008 -11"><span class='ocrx_word' id='word_1_511' title='bbox 1030 857 1134 886; x_wconf 78' lang='lat' dir='ltr'><strong>rogant,</strong></span> <span class='ocrx_word' id='word_1_512' title='bbox 1157 861 1186 880; x_wconf 89' lang='lat' dir='ltr'><strong>se</strong></span> <span class='ocrx_word' id='word_1_513' title='bbox 1208 861 1268 880; x_wconf 84' lang='lat' dir='ltr'><strong>cum</strong></span> <span class='ocrx_word' id='word_1_514' title='bbox 1291 853 1440 888; x_wconf 78' lang='lat' dir='ltr'><strong>Theophila</strong></span> <span class='ocrx_word' id='word_1_515' title='bbox 1459 855 1584 889; x_wconf 85' lang='lat' dir='ltr'><strong>episcopo</strong></span> <span class='ocrx_word' id='word_1_516' title='bbox 1609 856 1772 889; x_wconf 84' lang='lat' dir='ltr'><strong>reconciliet,</strong></span> <span class='ocrx_word' id='word_1_517' title='bbox 1797 863 1824 884; x_wconf 91' lang='lat' dir='ltr'><strong>ut</strong></span> 
     </span>
    </p>
   </div>
   <div class='ocr_carea' id='block_1_78' title="bbox 1030 899 1824 936">
    <p class='ocr_par' dir='ltr' id='par_1_78' title="bbox 1030 899 1824 936">
     <span class='ocr_line' id='line_1_78' title="bbox 1030 899 1824 936; baseline 0.005 -11"><span class='ocrx_word' id='word_1_518' title='bbox 1030 903 1135 926; x_wconf 86' lang='lat' dir='ltr'><strong>montes</strong></span> <span class='ocrx_word' id='word_1_519' title='bbox 1149 903 1174 926; x_wconf 89' lang='lat' dir='ltr'><strong>et</strong></span> <span class='ocrx_word' id='word_1_520' title='bbox 1186 899 1243 926; x_wconf 89' lang='lat' dir='ltr'><strong>loca</strong></span> <span class='ocrx_word' id='word_1_521' title='bbox 1256 906 1302 926; x_wconf 87' lang='lat' dir='ltr'><strong>sua</strong></span> <span class='ocrx_word' id='word_1_522' title='bbox 1316 904 1440 934; x_wconf 85' lang='lat' dir='ltr'><strong>repetere</strong></span> <span class='ocrx_word' id='word_1_523' title='bbox 1455 901 1554 934; x_wconf 74' lang='lat' dir='ltr'><strong>poesint</strong></span> <span class='ocrx_word' id='word_1_524' title='bbox 1568 910 1574 927; x_wconf 89' lang='lat'><strong><em>:</em></strong></span> <span class='ocrx_word' id='word_1_525' title='bbox 1587 901 1701 936; x_wconf 89' lang='lat' dir='ltr'><strong>alioquin</strong></span> <span class='ocrx_word' id='word_1_526' title='bbox 1717 910 1780 929; x_wconf 88' lang='lat' dir='ltr'><strong>vero</strong></span> <span class='ocrx_word' id='word_1_527' title='bbox 1795 910 1824 930; x_wconf 86' lang='lat' dir='ltr'><strong>se</strong></span> 
     </span>
    </p>
   </div>
   <div class='ocr_carea' id='block_1_79' title="bbox 1030 943 1824 980">
    <p class='ocr_par' dir='ltr' id='par_1_79' title="bbox 1030 943 1824 980">
     <span class='ocr_line' id='line_1_79' title="bbox 1030 943 1824 980; baseline 0.008 -10"><span class='ocrx_word' id='word_1_528' title='bbox 1030 943 1218 978; x_wconf 84' lang='lat' dir='ltr'><strong>Imperatorem</strong></span> <span class='ocrx_word' id='word_1_529' title='bbox 1239 945 1374 977; x_wconf 83' lang='lat' dir='ltr'><strong>adituros,</strong></span> <span class='ocrx_word' id='word_1_530' title='bbox 1401 950 1429 972; x_wconf 91' lang='lat' dir='ltr'><strong>ut</strong></span> <span class='ocrx_word' id='word_1_531' title='bbox 1453 954 1534 980; x_wconf 87' lang='lat' dir='ltr'><strong>prava</strong></span> <span class='ocrx_word' id='word_1_532' title='bbox 1558 947 1627 974; x_wconf 82' lang='lat' dir='ltr'><strong>illius</strong></span> <span class='ocrx_word' id='word_1_533' title='bbox 1651 948 1676 974; x_wconf 95' lang='lat' dir='ltr'><strong>in</strong></span> <span class='ocrx_word' id='word_1_534' title='bbox 1698 949 1824 976; x_wconf 79' lang='lat' dir='ltr'><strong>Ecclesia:</strong></span> 
     </span>
    </p>
   </div>
   <div class='ocr_carea' id='block_1_80' title="bbox 1029 989 1823 1027">
    <p class='ocr_par' dir='ltr' id='par_1_80' title="bbox 1029 989 1823 1027">
     <span class='ocr_line' id='line_1_80' title="bbox 1029 989 1823 1027; baseline 0.006 -12"><span class='ocrx_word' id='word_1_535' title='bbox 1029 989 1218 1016; x_wconf 88' lang='lat' dir='ltr'><strong>contumeliam</strong></span> <span class='ocrx_word' id='word_1_536' title='bbox 1239 990 1355 1017; x_wconf 86' lang='lat' dir='ltr'><strong>facinora</strong></span> <span class='ocrx_word' id='word_1_537' title='bbox 1368 997 1512 1024; x_wconf 86' lang='lat' dir='ltr'><strong>exponant.</strong></span> <span class='ocrx_word' id='word_1_538' title='bbox 1533 991 1599 1018; x_wconf 87' lang='lat' dir='ltr'><strong>Tum</strong></span> <span class='ocrx_word' id='word_1_539' title='bbox 1615 993 1823 1027; x_wconf 79' lang='lat' dir='ltr'><strong>Chrysostomus</strong></span> 
     </span>
    </p>
   </div>
   <div class='ocr_carea' id='block_1_81' title="bbox 1030 1034 1822 1072">
    <p class='ocr_par' dir='ltr' id='par_1_81' title="bbox 1030 1034 1822 1072">
     <span class='ocr_line' id='line_1_81' title="bbox 1030 1034 1822 1072; baseline 0.005 -11"><span class='ocrx_word' id='word_1_540' title='bbox 1030 1034 1090 1062; x_wconf 89' lang='lat' dir='ltr'><strong>illos</strong></span> <span class='ocrx_word' id='word_1_541' title='bbox 1113 1035 1226 1062; x_wconf 89' lang='lat' dir='ltr'><strong>libenter</strong></span> <span class='ocrx_word' id='word_1_542' title='bbox 1248 1035 1362 1070; x_wconf 82' lang='lat' dir='ltr'><strong>excepit,</strong></span> <span class='ocrx_word' id='word_1_543' title='bbox 1387 1043 1468 1070; x_wconf 90' lang='lat' dir='ltr'><strong>seque</strong></span> <span class='ocrx_word' id='word_1_544' title='bbox 1491 1036 1638 1072; x_wconf 87' lang='lat' dir='ltr'><strong>Theophilo</strong></span> <span class='ocrx_word' id='word_1_545' title='bbox 1662 1038 1822 1072; x_wconf 85' lang='lat' dir='ltr'><strong>scripturum</strong></span> 
     </span>
    </p>
   </div>
   <div class='ocr_carea' id='block_1_82' title="bbox 1030 1081 1823 1118">
    <p class='ocr_par' dir='ltr' id='par_1_82' title="bbox 1030 1081 1823 1118">
     <span class='ocr_line' id='line_1_82' title="bbox 1030 1081 1823 1118; baseline 0.005 -11"><span class='ocrx_word' id='word_1_546' title='bbox 1030 1081 1162 1115; x_wconf 88' lang='lat' dir='ltr'><strong>pollicitus</strong></span> <span class='ocrx_word' id='word_1_547' title='bbox 1175 1086 1223 1109; x_wconf 67' lang='lat' dir='ltr'><strong>est.</strong></span> <span class='ocrx_word' id='word_1_548' title='bbox 1243 1082 1280 1109; x_wconf 90' lang='lat' dir='ltr'><strong>De</strong></span> <span class='ocrx_word' id='word_1_549' title='bbox 1295 1087 1393 1109; x_wconf 69' lang='lat' dir='ltr'><strong>cmtero</strong></span> <span class='ocrx_word' id='word_1_550' title='bbox 1407 1082 1553 1110; x_wconf 90' lang='lat' dir='ltr'><strong>monachos</strong></span> <span class='ocrx_word' id='word_1_551' title='bbox 1569 1083 1639 1116; x_wconf 87' lang='lat' dir='ltr'><strong>illos,</strong></span> <span class='ocrx_word' id='word_1_552' title='bbox 1655 1085 1699 1118; x_wconf 90' lang='lat' dir='ltr'><strong>qui</strong></span> <span class='ocrx_word' id='word_1_553' title='bbox 1717 1083 1823 1111; x_wconf 87' lang='lat' dir='ltr'><strong>Fratres</strong></span> 
     </span>
    </p>
   </div>
   <div class='ocr_carea' id='block_1_83' title="bbox 1031 1127 1823 1163">
    <p class='ocr_par' dir='ltr' id='par_1_83' title="bbox 1031 1127 1823 1163">
     <span class='ocr_line' id='line_1_83' title="bbox 1031 1127 1823 1163; baseline 0.004 -8"><span class='ocrx_word' id='word_1_554' title='bbox 1031 1127 1113 1163; x_wconf 74' lang='lat' dir='ltr'><strong>Longi</strong></span> <span class='ocrx_word' id='word_1_555' title='bbox 1128 1136 1142 1154; x_wconf 89' lang='lat' dir='ltr'><strong>a</strong></span> <span class='ocrx_word' id='word_1_556' title='bbox 1155 1133 1255 1155; x_wconf 88' lang='lat' dir='ltr'><strong>statura</strong></span> <span class='ocrx_word' id='word_1_557' title='bbox 1275 1133 1411 1160; x_wconf 87' lang='lat' dir='ltr'><strong>vocantur,</strong></span> <span class='ocrx_word' id='word_1_558' title='bbox 1436 1130 1539 1156; x_wconf 79' lang='lat' dir='ltr'><strong>monuit</strong></span> <span class='ocrx_word' id='word_1_559' title='bbox 1555 1134 1585 1157; x_wconf 88' lang='lat' dir='ltr'><strong>ut</strong></span> <span class='ocrx_word' id='word_1_560' title='bbox 1596 1137 1651 1157; x_wconf 92' lang='lat' dir='ltr'><strong>rem</strong></span> <span class='ocrx_word' id='word_1_561' title='bbox 1665 1130 1771 1158; x_wconf 83' lang='lat' dir='ltr'><strong>silentio</strong></span> <span class='ocrx_word' id='word_1_562' title='bbox 1784 1135 1823 1158; x_wconf 65' lang='grc' dir='ltr'>ιθς</span> 
     </span>
    </p>
   </div>
   <div class='ocr_carea' id='block_1_84' title="bbox 1029 1173 1824 1209">
    <p class='ocr_par' dir='ltr' id='par_1_84' title="bbox 1029 1173 1824 1209">
     <span class='ocr_line' id='line_1_84' title="bbox 1029 1173 1824 1209; baseline 0.005 -9"><span class='ocrx_word' id='word_1_563' title='bbox 1029 1178 1132 1208; x_wconf 73' lang='lat' dir='ltr'><strong>gerent,</strong></span> <span class='ocrx_word' id='word_1_564' title='bbox 1144 1173 1229 1201; x_wconf 89' lang='lat' dir='ltr'><strong>donec</strong></span> <span class='ocrx_word' id='word_1_565' title='bbox 1242 1173 1305 1209; x_wconf 91' lang='lat' dir='ltr'><strong>quid</strong></span> <span class='ocrx_word' id='word_1_566' title='bbox 1319 1174 1344 1200; x_wconf 89' lang='lat' dir='ltr'><strong>in</strong></span> <span class='ocrx_word' id='word_1_567' title='bbox 1357 1177 1445 1201; x_wconf 89' lang='lat' dir='ltr'><strong>mente</strong></span> <span class='ocrx_word' id='word_1_568' title='bbox 1456 1174 1564 1202; x_wconf 89' lang='lat' dir='ltr'><strong>haberet</strong></span> <span class='ocrx_word' id='word_1_569' title='bbox 1576 1175 1740 1209; x_wconf 87' lang='lat' dir='ltr'><strong>Theophilus</strong></span> <span class='ocrx_word' id='word_1_570' title='bbox 1751 1183 1824 1204; x_wconf 88' lang='lat' dir='ltr'><strong>com-</strong></span> 
     </span>
    </p>
   </div>
   <div class='ocr_carea' id='block_1_85' title="bbox 1031 1218 1822 1255">
    <p class='ocr_par' dir='ltr' id='par_1_85' title="bbox 1031 1218 1822 1255">
     <span class='ocr_line' id='line_1_85' title="bbox 1031 1218 1822 1255; baseline 0.004 -10"><span class='ocrx_word' id='word_1_571' title='bbox 1031 1218 1180 1252; x_wconf 84' lang='lat' dir='ltr'><strong>perissent:</strong></span> <span class='ocrx_word' id='word_1_572' title='bbox 1197 1219 1340 1254; x_wconf 86' lang='lat' dir='ltr'><strong>hospitium</strong></span> <span class='ocrx_word' id='word_1_573' title='bbox 1359 1224 1446 1246; x_wconf 93' lang='lat' dir='ltr'><strong>autem</strong></span> <span class='ocrx_word' id='word_1_574' title='bbox 1462 1219 1515 1246; x_wconf 88' lang='lat' dir='ltr'><strong>illis</strong></span> <span class='ocrx_word' id='word_1_575' title='bbox 1535 1220 1680 1255; x_wconf 78' lang='lat' dir='ltr'><strong>assignavit</strong></span> <span class='ocrx_word' id='word_1_576' title='bbox 1696 1221 1722 1247; x_wconf 92' lang='lat' dir='ltr'><strong>in</strong></span> <span class='ocrx_word' id='word_1_577' title='bbox 1737 1222 1822 1248; x_wconf 88' lang='lat' dir='ltr'><strong>eccle-</strong></span> 
     </span>
    </p>
   </div>
   <div class='ocr_carea' id='block_1_86' title="bbox 1029 1264 1823 1299">
    <p class='ocr_par' dir='ltr' id='par_1_86' title="bbox 1029 1264 1823 1299">
     <span class='ocr_line' id='line_1_86' title="bbox 1029 1264 1823 1299; baseline 0.004 -9"><span class='ocrx_word' id='word_1_578' title='bbox 1029 1264 1088 1296; x_wconf 81' lang='lat' dir='ltr'><strong>sia,</strong></span> <span class='ocrx_word' id='word_1_579' title='bbox 1114 1273 1173 1299; x_wconf 69' lang='lat' dir='ltr'><strong>qu.t.&#39;</strong></span> <span class='ocrx_word' id='word_1_580' title='bbox 1199 1265 1337 1291; x_wconf 74' lang='lat' dir='ltr'><strong>Anastasio</strong></span> <span class='ocrx_word' id='word_1_581' title='bbox 1367 1265 1519 1292; x_wconf 88' lang='lat' dir='ltr'><strong>vocabatur.</strong></span> <span class='ocrx_word' id='word_1_582' title='bbox 1546 1265 1586 1292; x_wconf 86' lang='lat' dir='ltr'><strong>Ad</strong></span> <span class='ocrx_word' id='word_1_583' title='bbox 1614 1266 1709 1292; x_wconf 79' lang='lat' dir='ltr'><strong>victum</strong></span> <span class='ocrx_word' id='word_1_584' title='bbox 1735 1271 1823 1293; x_wconf 87' lang='lat' dir='ltr'><strong>autem</strong></span> 
     </span>
    </p>
   </div>
   <div class='ocr_carea' id='block_1_87' title="bbox 1030 1309 1821 1345">
    <p class='ocr_par' dir='ltr' id='par_1_87' title="bbox 1030 1309 1821 1345">
     <span class='ocr_line' id='line_1_87' title="bbox 1030 1309 1821 1345; baseline 0.003 -9"><span class='ocrx_word' id='word_1_585' title='bbox 1030 1310 1180 1336; x_wconf 85' lang='lat' dir='ltr'><strong>necessaria</strong></span> <span class='ocrx_word' id='word_1_586' title='bbox 1192 1309 1256 1343; x_wconf 84' lang='lat' dir='ltr'><strong>ipsis</strong></span> <span class='ocrx_word' id='word_1_587' title='bbox 1264 1309 1470 1344; x_wconf 88' lang='lat' dir='ltr'><strong>suppeditabant</strong></span> <span class='ocrx_word' id='word_1_588' title='bbox 1483 1309 1609 1338; x_wconf 88' lang='lat' dir='ltr'><strong>mulieres</strong></span> <span class='ocrx_word' id='word_1_589' title='bbox 1622 1310 1742 1345; x_wconf 64' lang='lat' dir='ltr'><strong>quaedam</strong></span> <span class='ocrx_word' id='word_1_590' title='bbox 1759 1312 1821 1338; x_wconf 82' lang='lat' dir='ltr'><strong>reli-</strong></span> 
     </span>
    </p>
   </div>
   <div class='ocr_carea' id='block_1_88' title="bbox 1029 1356 1824 1391">
    <p class='ocr_par' dir='ltr' id='par_1_88' title="bbox 1029 1356 1824 1391">
     <span class='ocr_line' id='line_1_88' title="bbox 1029 1356 1824 1391; baseline 0.003 -9"><span class='ocrx_word' id='word_1_591' title='bbox 1029 1356 1128 1389; x_wconf 73' lang='lat' dir='ltr'><strong>giosaz;</strong></span> <span class='ocrx_word' id='word_1_592' title='bbox 1155 1356 1204 1391; x_wconf 90' lang='lat' dir='ltr'><strong>ipsi</strong></span> <span class='ocrx_word' id='word_1_593' title='bbox 1224 1364 1329 1391; x_wconf 88' lang='lat' dir='ltr'><strong>quoque</strong></span> <span class='ocrx_word' id='word_1_594' title='bbox 1349 1356 1470 1383; x_wconf 89' lang='lat' dir='ltr'><strong>nonnihil</strong></span> <span class='ocrx_word' id='word_1_595' title='bbox 1494 1356 1666 1384; x_wconf 78' lang='lat' dir='ltr'><strong>cmiferebant</strong></span> <span class='ocrx_word' id='word_1_596' title='bbox 1688 1365 1722 1384; x_wconf 78' lang='lat' dir='ltr'><strong>ex</strong></span> <span class='ocrx_word' id='word_1_597' title='bbox 1744 1365 1824 1391; x_wconf 84' lang='lat' dir='ltr'><strong>opere</strong></span> 
     </span>
    </p>
   </div>
   <div class='ocr_carea' id='block_1_89' title="bbox 1029 1401 1824 1437">
    <p class='ocr_par' dir='ltr' id='par_1_89' title="bbox 1029 1401 1824 1437">
     <span class='ocr_line' id='line_1_89' title="bbox 1029 1401 1824 1437; baseline 0.003 -9"><span class='ocrx_word' id='word_1_598' title='bbox 1029 1408 1162 1428; x_wconf 80' lang='lat' dir='ltr'><strong>manuum.</strong></span> <span class='ocrx_word' id='word_1_599' title='bbox 1190 1402 1272 1429; x_wconf 86' lang='lat' dir='ltr'><strong>Erant</strong></span> <span class='ocrx_word' id='word_1_600' title='bbox 1286 1405 1347 1429; x_wconf 86' lang='lat' dir='ltr'><strong>tunc</strong></span> <span class='ocrx_word' id='word_1_601' title='bbox 1366 1401 1595 1436; x_wconf 88' lang='lat' dir='ltr'><strong>Constantinopoli</strong></span> <span class='ocrx_word' id='word_1_602' title='bbox 1615 1403 1720 1437; x_wconf 89' lang='lat' dir='ltr'><strong>quidam</strong></span> <span class='ocrx_word' id='word_1_603' title='bbox 1736 1403 1824 1430; x_wconf 85' lang='lat' dir='ltr'><strong>Theo-</strong></span> 
     </span>
    </p>
   </div>
   <div class='ocr_carea' id='block_1_90' title="bbox 1028 1446 1822 1482">
    <p class='ocr_par' dir='ltr' id='par_1_90' title="bbox 1028 1446 1822 1482">
     <span class='ocr_line' id='line_1_90' title="bbox 1028 1446 1822 1482; baseline 0.003 -10"><span class='ocrx_word' id='word_1_604' title='bbox 1028 1446 1094 1482; x_wconf 88' lang='lat' dir='ltr'><strong>phili</strong></span> <span class='ocrx_word' id='word_1_605' title='bbox 1109 1447 1210 1479; x_wconf 81' lang='lat' dir='ltr'><strong>clerici,</strong></span> <span class='ocrx_word' id='word_1_606' title='bbox 1230 1447 1287 1481; x_wconf 78' lang='lat' dir='ltr'><strong>ejus</strong></span> <span class='ocrx_word' id='word_1_607' title='bbox 1303 1448 1407 1481; x_wconf 80' lang='lat' dir='ltr'><strong>negotia</strong></span> <span class='ocrx_word' id='word_1_608' title='bbox 1426 1452 1558 1482; x_wconf 72' lang='lat' dir='ltr'><strong>gerentes.</strong></span> <span class='ocrx_word' id='word_1_609' title='bbox 1576 1447 1622 1475; x_wconf 78' lang='lat' dir='ltr'><strong>IIEs</strong></span> <span class='ocrx_word' id='word_1_610' title='bbox 1636 1449 1727 1474; x_wconf 88' lang='lat' dir='ltr'><strong>accitis</strong></span> <span class='ocrx_word' id='word_1_611' title='bbox 1741 1448 1822 1475; x_wconf 80' lang='lat' dir='ltr'><strong>Joan-</strong></span> 
     </span>
    </p>
   </div>
   <div class='ocr_carea' id='block_1_91' title="bbox 1028 1492 1824 1527">
    <p class='ocr_par' dir='ltr' id='par_1_91' title="bbox 1028 1492 1824 1527">
     <span class='ocr_line' id='line_1_91' title="bbox 1028 1492 1824 1527; baseline 0 -8"><span class='ocrx_word' id='word_1_612' title='bbox 1028 1500 1074 1519; x_wconf 91' lang='lat' dir='ltr'><strong>nes</strong></span> <span class='ocrx_word' id='word_1_613' title='bbox 1090 1497 1257 1527; x_wconf 82' lang='lat' dir='ltr'><strong>percontatus</strong></span> <span class='ocrx_word' id='word_1_614' title='bbox 1269 1497 1319 1524; x_wconf 88' lang='lat' dir='ltr'><strong>est,</strong></span> <span class='ocrx_word' id='word_1_615' title='bbox 1331 1500 1364 1519; x_wconf 92' lang='lat' dir='ltr'><strong>an</strong></span> <span class='ocrx_word' id='word_1_616' title='bbox 1378 1492 1522 1519; x_wconf 81' lang='lat' dir='ltr'><strong>monachus</strong></span> <span class='ocrx_word' id='word_1_617' title='bbox 1536 1493 1599 1519; x_wconf 86' lang='lat' dir='ltr'><strong>istos</strong></span> <span class='ocrx_word' id='word_1_618' title='bbox 1613 1499 1730 1520; x_wconf 85' lang='lat' dir='ltr'><strong>nossent.</strong></span> <span class='ocrx_word' id='word_1_619' title='bbox 1744 1493 1782 1519; x_wconf 89' lang='lat' dir='ltr'><strong>Illi</strong></span> <span class='ocrx_word' id='word_1_620' title='bbox 1793 1501 1824 1520; x_wconf 82' lang='lat' dir='ltr'><strong>se</strong></span> 
     </span>
    </p>
   </div>
   <div class='ocr_carea' id='block_1_92' title="bbox 1027 1537 1822 1573">
    <p class='ocr_par' dir='ltr' id='par_1_92' title="bbox 1027 1537 1822 1573">
     <span class='ocr_line' id='line_1_92' title="bbox 1027 1537 1822 1573; baseline 0 -8"><span class='ocrx_word' id='word_1_621' title='bbox 1027 1537 1110 1572; x_wconf 86' lang='lat' dir='ltr'><strong>probe</strong></span> <span class='ocrx_word' id='word_1_622' title='bbox 1125 1538 1184 1565; x_wconf 90' lang='lat' dir='ltr'><strong>illos</strong></span> <span class='ocrx_word' id='word_1_623' title='bbox 1200 1539 1305 1564; x_wconf 83' lang='lat' dir='ltr'><strong>novisse</strong></span> <span class='ocrx_word' id='word_1_624' title='bbox 1326 1538 1459 1570; x_wconf 77' lang='lat' dir='ltr'><strong>dixerunt,</strong></span> <span class='ocrx_word' id='word_1_625' title='bbox 1481 1542 1509 1564; x_wconf 91' lang='lat' dir='ltr'><strong>et</strong></span> <span class='ocrx_word' id='word_1_626' title='bbox 1525 1537 1677 1564; x_wconf 86' lang='lat' dir='ltr'><strong>violentiam</strong></span> <span class='ocrx_word' id='word_1_627' title='bbox 1700 1545 1822 1573; x_wconf 78' lang='lat' dir='ltr'><strong>magnam</strong></span> 
     </span>
    </p>
   </div>
   <div class='ocr_carea' id='block_1_93' title="bbox 1028 1583 1821 1618">
    <p class='ocr_par' dir='ltr' id='par_1_93' title="bbox 1028 1583 1821 1618">
     <span class='ocr_line' id='line_1_93' title="bbox 1028 1583 1821 1618; baseline 0 -8"><span class='ocrx_word' id='word_1_628' title='bbox 1028 1591 1168 1618; x_wconf 89' lang='lat' dir='ltr'><strong>perpessos</strong></span> <span class='ocrx_word' id='word_1_629' title='bbox 1187 1591 1245 1611; x_wconf 82' lang='lat' dir='ltr'><strong>esse</strong></span> <span class='ocrx_word' id='word_1_630' title='bbox 1267 1583 1330 1610; x_wconf 72' lang='lat' dir='ltr'><strong>faSai</strong></span> <span class='ocrx_word' id='word_1_631' title='bbox 1352 1588 1422 1610; x_wconf 88' lang='lat' dir='ltr'><strong>sunt.</strong></span> <span class='ocrx_word' id='word_1_632' title='bbox 1440 1583 1477 1610; x_wconf 90' lang='lat' dir='ltr'><strong>De</strong></span> <span class='ocrx_word' id='word_1_633' title='bbox 1498 1587 1595 1610; x_wconf 64' lang='lat' dir='ltr'><strong>cancro</strong></span> <span class='ocrx_word' id='word_1_634' title='bbox 1615 1583 1743 1611; x_wconf 84' lang='lat' dir='ltr'><strong>Joannem</strong></span> <span class='ocrx_word' id='word_1_635' title='bbox 1763 1592 1821 1610; x_wconf 90' lang='lat' dir='ltr'><strong>mo-</strong></span> 
     </span>
    </p>
   </div>
   <div class='ocr_carea' id='block_1_94' title="bbox 1027 1628 1822 1662">
    <p class='ocr_par' dir='ltr' id='par_1_94' title="bbox 1027 1628 1822 1662">
     <span class='ocr_line' id='line_1_94' title="bbox 1027 1628 1822 1662; baseline 0.003 -7"><span class='ocrx_word' id='word_1_636' title='bbox 1027 1636 1118 1662; x_wconf 87' lang='lat' dir='ltr'><strong>nuere,</strong></span> <span class='ocrx_word' id='word_1_637' title='bbox 1137 1634 1165 1656; x_wconf 90' lang='lat' dir='ltr'><strong>ut</strong></span> <span class='ocrx_word' id='word_1_638' title='bbox 1185 1636 1217 1656; x_wconf 89' lang='lat' dir='ltr'><strong>ne</strong></span> <span class='ocrx_word' id='word_1_639' title='bbox 1239 1628 1298 1656; x_wconf 90' lang='lat' dir='ltr'><strong>illos</strong></span> <span class='ocrx_word' id='word_1_640' title='bbox 1317 1628 1349 1655; x_wconf 88' lang='lat' dir='ltr'><strong>ad</strong></span> <span class='ocrx_word' id='word_1_641' title='bbox 1371 1628 1585 1656; x_wconf 86' lang='lat' dir='ltr'><strong>communionem</strong></span> <span class='ocrx_word' id='word_1_642' title='bbox 1602 1629 1763 1662; x_wconf 84' lang='lat' dir='ltr'><strong>admitteret,</strong></span> <span class='ocrx_word' id='word_1_643' title='bbox 1788 1637 1822 1657; x_wconf 88' lang='lat' dir='ltr'><strong>ne</strong></span> 
     </span>
    </p>
   </div>
   <div class='ocr_carea' id='block_1_95' title="bbox 1027 1673 1822 1710">
    <p class='ocr_par' dir='ltr' id='par_1_95' title="bbox 1027 1673 1822 1710">
     <span class='ocr_line' id='line_1_95' title="bbox 1027 1673 1822 1710; baseline 0.004 -10"><span class='ocrx_word' id='word_1_644' title='bbox 1027 1673 1202 1708; x_wconf 85' lang='lat' dir='ltr'><strong>Theophilum</strong></span> <span class='ocrx_word' id='word_1_645' title='bbox 1222 1674 1412 1706; x_wconf 80' lang='lat' dir='ltr'><strong>exacerbaret;</strong></span> <span class='ocrx_word' id='word_1_646' title='bbox 1438 1681 1497 1702; x_wconf 90' lang='lat' dir='ltr'><strong>cum</strong></span> <span class='ocrx_word' id='word_1_647' title='bbox 1522 1674 1573 1701; x_wconf 84' lang='lat' dir='ltr'><strong>illis</strong></span> <span class='ocrx_word' id='word_1_648' title='bbox 1595 1680 1680 1702; x_wconf 74' lang='lat' dir='ltr'><strong>tamen</strong></span> <span class='ocrx_word' id='word_1_649' title='bbox 1708 1675 1822 1710; x_wconf 71' lang='lat' dir='ltr'><strong>benigne</strong></span> 
     </span>
    </p>
   </div>
   <div class='ocr_carea' id='block_1_96' title="bbox 1025 1721 1466 1756">
    <p class='ocr_par' dir='ltr' id='par_1_96' title="bbox 1025 1721 1466 1756">
     <span class='ocr_line' id='line_1_96' title="bbox 1025 1721 1466 1756; baseline -0.002 -8"><span class='ocrx_word' id='word_1_650' title='bbox 1025 1726 1126 1756; x_wconf 77' lang='lat' dir='ltr'><strong>ageret,</strong></span> <span class='ocrx_word' id='word_1_651' title='bbox 1141 1727 1170 1748; x_wconf 93' lang='lat' dir='ltr'><strong>ut</strong></span> <span class='ocrx_word' id='word_1_652' title='bbox 1179 1722 1289 1749; x_wconf 83' lang='lat' dir='ltr'><strong>decebat</strong></span> <span class='ocrx_word' id='word_1_653' title='bbox 1300 1721 1466 1755; x_wconf 86' lang='lat' dir='ltr'><strong>episcopum.</strong></span> 
     </span>
    </p>
   </div>
   <div class='ocr_carea' id='block_1_97' title="bbox 1062 1767 1820 1800">
    <p class='ocr_par' dir='ltr' id='par_1_97' title="bbox 1062 1767 1820 1800">
     <span class='ocr_line' id='line_1_97' title="bbox 1062 1767 1820 1800; baseline 0 -6"><span class='ocrx_word' id='word_1_654' title='bbox 1062 1767 1107 1794; x_wconf 88' lang='lat' dir='ltr'><strong>Sic</strong></span> <span class='ocrx_word' id='word_1_655' title='bbox 1124 1767 1240 1794; x_wconf 83' lang='lat' dir='ltr'><strong>Joannes</strong></span> <span class='ocrx_word' id='word_1_656' title='bbox 1260 1767 1319 1794; x_wconf 93' lang='lat' dir='ltr'><strong>illos</strong></span> <span class='ocrx_word' id='word_1_657' title='bbox 1335 1767 1368 1794; x_wconf 86' lang='lat' dir='ltr'><strong>ad</strong></span> <span class='ocrx_word' id='word_1_658' title='bbox 1390 1767 1605 1794; x_wconf 82' lang='lat' dir='ltr'><strong>conunuuioncm</strong></span> <span class='ocrx_word' id='word_1_659' title='bbox 1625 1775 1678 1794; x_wconf 90' lang='lat' dir='ltr'><strong>non</strong></span> <span class='ocrx_word' id='word_1_660' title='bbox 1697 1767 1820 1800; x_wconf 84' lang='lat' dir='ltr'><strong>admisit;</strong></span> 
     </span>
    </p>
   </div>
   <div class='ocr_carea' id='block_1_98' title="bbox 1026 1814 1821 1849">
    <p class='ocr_par' dir='ltr' id='par_1_98' title="bbox 1026 1814 1821 1849">
     <span class='ocr_line' id='line_1_98' title="bbox 1026 1814 1821 1849; baseline 0.001 -8"><span class='ocrx_word' id='word_1_661' title='bbox 1026 1814 1073 1841; x_wconf 86' lang='lat' dir='ltr'><strong>sed</strong></span> <span class='ocrx_word' id='word_1_662' title='bbox 1097 1814 1130 1841; x_wconf 87' lang='lat' dir='ltr'><strong>ad</strong></span> <span class='ocrx_word' id='word_1_663' title='bbox 1152 1814 1330 1849; x_wconf 87' lang='lat' dir='ltr'><strong>Theophilum</strong></span> <span class='ocrx_word' id='word_1_664' title='bbox 1356 1815 1472 1848; x_wconf 83' lang='lat' dir='ltr'><strong>scripsit,</strong></span> <span class='ocrx_word' id='word_1_665' title='bbox 1500 1822 1529 1842; x_wconf 92' lang='lat' dir='ltr'><strong>se</strong></span> <span class='ocrx_word' id='word_1_666' title='bbox 1554 1814 1636 1841; x_wconf 86' lang='lat' dir='ltr'><strong>filium</strong></span> <span class='ocrx_word' id='word_1_667' title='bbox 1662 1821 1687 1842; x_wconf 89' lang='lat' dir='ltr'><strong>et</strong></span> <span class='ocrx_word' id='word_1_668' title='bbox 1713 1818 1821 1842; x_wconf 82' lang='lat' dir='ltr'><strong>fratrem</strong></span> 
     </span>
    </p>
   </div>
   <div class='ocr_carea' id='block_1_99' title="bbox 1026 1859 1821 1894">
    <p class='ocr_par' dir='ltr' id='par_1_99' title="bbox 1026 1859 1821 1894">
     <span class='ocr_line' id='line_1_99' title="bbox 1026 1859 1821 1894; baseline 0.001 -8"><span class='ocrx_word' id='word_1_669' title='bbox 1026 1860 1108 1894; x_wconf 86' lang='lat' dir='ltr'><strong>ipsius</strong></span> <span class='ocrx_word' id='word_1_670' title='bbox 1121 1859 1223 1892; x_wconf 89' lang='lat' dir='ltr'><strong>dicens,</strong></span> <span class='ocrx_word' id='word_1_671' title='bbox 1239 1867 1335 1894; x_wconf 81' lang='lat' dir='ltr'><strong>rogans</strong></span> <span class='ocrx_word' id='word_1_672' title='bbox 1351 1859 1410 1886; x_wconf 89' lang='lat' dir='ltr'><strong>illos</strong></span> <span class='ocrx_word' id='word_1_673' title='bbox 1424 1859 1531 1886; x_wconf 89' lang='lat' dir='ltr'><strong>demum</strong></span> <span class='ocrx_word' id='word_1_674' title='bbox 1546 1860 1699 1887; x_wconf 87' lang='lat' dir='ltr'><strong>admitteret</strong></span> <span class='ocrx_word' id='word_1_675' title='bbox 1719 1865 1746 1887; x_wconf 93' lang='lat' dir='ltr'><strong>ct</strong></span> <span class='ocrx_word' id='word_1_676' title='bbox 1768 1868 1821 1887; x_wconf 89' lang='lat' dir='ltr'><strong>am-</strong></span> 
     </span>
    </p>
   </div>
   <div class='ocr_carea' id='block_1_100' title="bbox 1026 1904 1822 1940">
    <p class='ocr_par' dir='ltr' id='par_1_100' title="bbox 1026 1904 1822 1940">
     <span class='ocr_line' id='line_1_100' title="bbox 1026 1904 1822 1940; baseline 0.003 -10"><span class='ocrx_word' id='word_1_677' title='bbox 1026 1905 1194 1939; x_wconf 88' lang='lat' dir='ltr'><strong>plecteretur.</strong></span> <span class='ocrx_word' id='word_1_678' title='bbox 1208 1904 1234 1931; x_wconf 90' lang='lat' dir='ltr'><strong>Id</strong></span> <span class='ocrx_word' id='word_1_679' title='bbox 1249 1905 1354 1940; x_wconf 80' lang='lat' dir='ltr'><strong>negavit</strong></span> <span class='ocrx_word' id='word_1_680' title='bbox 1368 1904 1550 1938; x_wconf 82' lang='lat' dir='ltr'><strong>Theophilus;</strong></span> <span class='ocrx_word' id='word_1_681' title='bbox 1566 1905 1612 1931; x_wconf 88' lang='lat' dir='ltr'><strong>sed</strong></span> <span class='ocrx_word' id='word_1_682' title='bbox 1628 1905 1756 1939; x_wconf 83' lang='lat' dir='ltr'><strong>quosdam</strong></span> <span class='ocrx_word' id='word_1_683' title='bbox 1773 1905 1822 1932; x_wconf 89' lang='lat' dir='ltr'><strong>mi-</strong></span> 
     </span>
    </p>
   </div>
   <div class='ocr_carea' id='block_1_101' title="bbox 1025 1950 1821 1986">
    <p class='ocr_par' dir='ltr' id='par_1_101' title="bbox 1025 1950 1821 1986">
     <span class='ocr_line' id='line_1_101' title="bbox 1025 1950 1821 1986; baseline 0.001 -9"><span class='ocrx_word' id='word_1_684' title='bbox 1025 1951 1060 1978; x_wconf 86' lang='lat' dir='ltr'><strong>sit</strong></span> <span class='ocrx_word' id='word_1_685' title='bbox 1071 1950 1103 1977; x_wconf 89' lang='lat' dir='ltr'><strong>ad</strong></span> <span class='ocrx_word' id='word_1_686' title='bbox 1119 1951 1299 1977; x_wconf 87' lang='lat' dir='ltr'><strong>cuutentiosas</strong></span> <span class='ocrx_word' id='word_1_687' title='bbox 1313 1951 1455 1978; x_wconf 86' lang='lat' dir='ltr'><strong>verborum</strong></span> <span class='ocrx_word' id='word_1_688' title='bbox 1475 1958 1574 1985; x_wconf 76' lang='lat' dir='ltr'><strong>pugnas</strong></span> <span class='ocrx_word' id='word_1_689' title='bbox 1592 1951 1760 1984; x_wconf 85' lang='lat' dir='ltr'><strong>exercitatos,</strong></span> <span class='ocrx_word' id='word_1_690' title='bbox 1777 1952 1821 1986; x_wconf 88' lang='lat' dir='ltr'><strong>qui</strong></span> 
     </span>
    </p>
   </div>
   <div class='ocr_carea' id='block_1_102' title="bbox 1026 1995 1821 2031">
    <p class='ocr_par' dir='ltr' id='par_1_102' title="bbox 1026 1995 1821 2031">
     <span class='ocr_line' id='line_1_102' title="bbox 1026 1995 1821 2031; baseline 0 -8"><span class='ocrx_word' id='word_1_691' title='bbox 1026 1997 1142 2024; x_wconf 90' lang='lat' dir='ltr'><strong>libellum</strong></span> <span class='ocrx_word' id='word_1_692' title='bbox 1158 2004 1265 2031; x_wconf 89' lang='lat' dir='ltr'><strong>precum</strong></span> <span class='ocrx_word' id='word_1_693' title='bbox 1279 1997 1372 2024; x_wconf 86' lang='lat' dir='ltr'><strong>Joanni</strong></span> <span class='ocrx_word' id='word_1_694' title='bbox 1387 1995 1492 2028; x_wconf 75' lang='lat' dir='ltr'><strong>darent,</strong></span> <span class='ocrx_word' id='word_1_695' title='bbox 1513 1997 1657 2024; x_wconf 85' lang='lat' dir='ltr'><strong>mendaciis</strong></span> <span class='ocrx_word' id='word_1_696' title='bbox 1671 2001 1696 2024; x_wconf 91' lang='lat' dir='ltr'><strong>ct</strong></span> <span class='ocrx_word' id='word_1_697' title='bbox 1718 1997 1821 2023; x_wconf 80' lang='lat' dir='ltr'><strong>calum-</strong></span> 
     </span>
    </p>
   </div>
   <div class='ocr_carea' id='block_1_103' title="bbox 1026 2042 1821 2076">
    <p class='ocr_par' dir='ltr' id='par_1_103' title="bbox 1026 2042 1821 2076">
     <span class='ocr_line' id='line_1_103' title="bbox 1026 2042 1821 2076; baseline 0.001 -8"><span class='ocrx_word' id='word_1_698' title='bbox 1026 2042 1077 2069; x_wconf 92' lang='lat' dir='ltr'><strong>niis</strong></span> <span class='ocrx_word' id='word_1_699' title='bbox 1086 2042 1212 2070; x_wconf 89' lang='lat' dir='ltr'><strong>adversus</strong></span> <span class='ocrx_word' id='word_1_700' title='bbox 1226 2042 1372 2069; x_wconf 89' lang='lat' dir='ltr'><strong>monachos</strong></span> <span class='ocrx_word' id='word_1_701' title='bbox 1389 2042 1581 2076; x_wconf 82' lang='lat' dir='ltr'><strong>plenissimum,</strong></span> <span class='ocrx_word' id='word_1_702' title='bbox 1597 2048 1625 2069; x_wconf 90' lang='lat' dir='ltr'><strong>ut</strong></span> <span class='ocrx_word' id='word_1_703' title='bbox 1640 2042 1763 2069; x_wconf 82' lang='lat' dir='ltr'><strong>monachi</strong></span> <span class='ocrx_word' id='word_1_704' title='bbox 1784 2043 1821 2069; x_wconf 90' lang='lat' dir='ltr'><strong>illi</strong></span> 
     </span>
    </p>
   </div>
   <div class='ocr_carea' id='block_1_104' title="bbox 1026 2088 1819 2123">
    <p class='ocr_par' dir='ltr' id='par_1_104' title="bbox 1026 2088 1819 2123">
     <span class='ocr_line' id='line_1_104' title="bbox 1026 2088 1819 2123; baseline 0 -8"><span class='ocrx_word' id='word_1_705' title='bbox 1026 2089 1052 2115; x_wconf 90' lang='lat' dir='ltr'><strong>in</strong></span> <span class='ocrx_word' id='word_1_706' title='bbox 1076 2088 1175 2115; x_wconf 77' lang='lat' dir='ltr'><strong>Palatio</strong></span> <span class='ocrx_word' id='word_1_707' title='bbox 1189 2089 1263 2122; x_wconf 89' lang='lat' dir='ltr'><strong>quasi</strong></span> <span class='ocrx_word' id='word_1_708' title='bbox 1280 2088 1485 2123; x_wconf 63' lang='lat' dir='ltr'><strong>praestigiatores</strong></span> <span class='ocrx_word' id='word_1_709' title='bbox 1500 2088 1583 2123; x_wconf 77' lang='lat' dir='ltr'><strong>digito</strong></span> <span class='ocrx_word' id='word_1_710' title='bbox 1598 2093 1819 2116; x_wconf 76' lang='lat' dir='ltr'><strong>monstrarentur.</strong></span> 
     </span>
    </p>
   </div>
   <div class='ocr_carea' id='block_1_105' title="bbox 1026 2134 1820 2169">
    <p class='ocr_par' dir='ltr' id='par_1_105' title="bbox 1026 2134 1820 2169">
     <span class='ocr_line' id='line_1_105' title="bbox 1026 2134 1820 2169; baseline -0.001 -8"><span class='ocrx_word' id='word_1_711' title='bbox 1026 2134 1146 2162; x_wconf 77' lang='lat' dir='ltr'><strong>Monachi</strong></span> <span class='ocrx_word' id='word_1_712' title='bbox 1160 2142 1235 2166; x_wconf 86' lang='lat' dir='ltr'><strong>vero,</strong></span> <span class='ocrx_word' id='word_1_713' title='bbox 1248 2139 1276 2161; x_wconf 91' lang='lat' dir='ltr'><strong>ut</strong></span> <span class='ocrx_word' id='word_1_714' title='bbox 1291 2135 1413 2161; x_wconf 84' lang='lat' dir='ltr'><strong>viderunt</strong></span> <span class='ocrx_word' id='word_1_715' title='bbox 1427 2134 1527 2161; x_wconf 85' lang='lat' dir='ltr'><strong>nullam</strong></span> <span class='ocrx_word' id='word_1_716' title='bbox 1543 2134 1591 2161; x_wconf 83' lang='lat' dir='ltr'><strong>sibi</strong></span> <span class='ocrx_word' id='word_1_717' title='bbox 1608 2134 1748 2169; x_wconf 79' lang='lat' dir='ltr'><strong>Theophili</strong></span> <span class='ocrx_word' id='word_1_718' title='bbox 1764 2135 1820 2169; x_wconf 83' lang='lat' dir='ltr'><strong>pla-</strong></span> 
     </span>
    </p>
   </div>
   <div class='ocr_carea' id='block_1_106' title="bbox 1025 2180 1821 2214">
    <p class='ocr_par' dir='ltr' id='par_1_106' title="bbox 1025 2180 1821 2214">
     <span class='ocr_line' id='line_1_106' title="bbox 1025 2180 1821 2214; baseline 0.001 -8"><span class='ocrx_word' id='word_1_719' title='bbox 1025 2180 1102 2206; x_wconf 87' lang='lat' dir='ltr'><strong>candi</strong></span> <span class='ocrx_word' id='word_1_720' title='bbox 1125 2180 1192 2206; x_wconf 81' lang='lat' dir='ltr'><strong>viam</strong></span> <span class='ocrx_word' id='word_1_721' title='bbox 1218 2187 1369 2214; x_wconf 77' lang='lat' dir='ltr'><strong>superesse,</strong></span> <span class='ocrx_word' id='word_1_722' title='bbox 1393 2187 1423 2207; x_wconf 85' lang='lat' dir='ltr'><strong>se</strong></span> <span class='ocrx_word' id='word_1_723' title='bbox 1444 2184 1549 2214; x_wconf 83' lang='lat' dir='ltr'><strong>paratos</strong></span> <span class='ocrx_word' id='word_1_724' title='bbox 1568 2187 1628 2207; x_wconf 83' lang='lat' dir='ltr'><strong>esse</strong></span> <span class='ocrx_word' id='word_1_725' title='bbox 1647 2180 1765 2206; x_wconf 85' lang='lat' dir='ltr'><strong>dicentes</strong></span> <span class='ocrx_word' id='word_1_726' title='bbox 1788 2181 1821 2207; x_wconf 83' lang='lat' dir='ltr'><strong>ad</strong></span> 
     </span>
    </p>
   </div>
   <div class='ocr_carea' id='block_1_107' title="bbox 1026 2226 1820 2260">
    <p class='ocr_par' dir='ltr' id='par_1_107' title="bbox 1026 2226 1820 2260">
     <span class='ocr_line' id='line_1_107' title="bbox 1026 2226 1820 2260; baseline 0 -8"><span class='ocrx_word' id='word_1_727' title='bbox 1026 2234 1132 2253; x_wconf 90' lang='lat' dir='ltr'><strong>omnem</strong></span> <span class='ocrx_word' id='word_1_728' title='bbox 1147 2226 1240 2254; x_wconf 80' lang='lat' dir='ltr'><strong>falsam</strong></span> <span class='ocrx_word' id='word_1_729' title='bbox 1256 2226 1403 2253; x_wconf 83' lang='lat' dir='ltr'><strong>doctrinam</strong></span> <span class='ocrx_word' id='word_1_730' title='bbox 1417 2226 1698 2257; x_wconf 78' lang='lat' dir='ltr'><strong>anathematizamlam;</strong></span> <span class='ocrx_word' id='word_1_731' title='bbox 1719 2226 1820 2260; x_wconf 89' lang='lat' dir='ltr'><strong>suppli-</strong></span> 
     </span>
    </p>
   </div>
   <div class='ocr_carea' id='block_1_108' title="bbox 1025 2271 1820 2307">
    <p class='ocr_par' dir='ltr' id='par_1_108' title="bbox 1025 2271 1820 2307">
     <span class='ocr_line' id='line_1_108' title="bbox 1025 2271 1820 2307; baseline 0 -9"><span class='ocrx_word' id='word_1_732' title='bbox 1025 2280 1069 2299; x_wconf 89' lang='lat' dir='ltr'><strong>ces</strong></span> <span class='ocrx_word' id='word_1_733' title='bbox 1093 2272 1197 2299; x_wconf 88' lang='lat' dir='ltr'><strong>libellos</strong></span> <span class='ocrx_word' id='word_1_734' title='bbox 1217 2272 1312 2299; x_wconf 84' lang='lat' dir='ltr'><strong>Joanni</strong></span> <span class='ocrx_word' id='word_1_735' title='bbox 1333 2271 1458 2304; x_wconf 79' lang='lat' dir='ltr'><strong>offerunt,</strong></span> <span class='ocrx_word' id='word_1_736' title='bbox 1481 2272 1524 2299; x_wconf 84' lang='lat' dir='ltr'><strong>tibi</strong></span> <span class='ocrx_word' id='word_1_737' title='bbox 1543 2271 1683 2306; x_wconf 86' lang='lat' dir='ltr'><strong>Theophili</strong></span> <span class='ocrx_word' id='word_1_738' title='bbox 1703 2273 1820 2307; x_wconf 87' lang='lat' dir='ltr'><strong>tyranni-</strong></span> 
     </span>
    </p>
   </div>
   <div class='ocr_carea' id='block_1_109' title="bbox 1026 2318 1819 2352">
    <p class='ocr_par' dir='ltr' id='par_1_109' title="bbox 1026 2318 1819 2352">
     <span class='ocr_line' id='line_1_109' title="bbox 1026 2318 1819 2352; baseline 0.001 -8"><span class='ocrx_word' id='word_1_739' title='bbox 1026 2318 1085 2345; x_wconf 90' lang='lat' dir='ltr'><strong>dem</strong></span> <span class='ocrx_word' id='word_1_740' title='bbox 1107 2318 1196 2345; x_wconf 87' lang='lat' dir='ltr'><strong>multis</strong></span> <span class='ocrx_word' id='word_1_741' title='bbox 1215 2318 1411 2352; x_wconf 76' lang='lat' dir='ltr'><strong>exprimebaot,</strong></span> <span class='ocrx_word' id='word_1_742' title='bbox 1431 2318 1535 2352; x_wconf 86' lang='lat' dir='ltr'><strong>aliaque</strong></span> <span class='ocrx_word' id='word_1_743' title='bbox 1557 2318 1743 2352; x_wconf 68' lang='lat' dir='ltr'><strong>adjungebant,</strong></span> <span class='ocrx_word' id='word_1_744' title='bbox 1761 2326 1819 2352; x_wconf 68' lang='lat' dir='ltr'><strong>qua.</strong></span> 
     </span>
    </p>
   </div>
   <div class='ocr_carea' id='block_1_110' title="bbox 1027 2364 1818 2399">
    <p class='ocr_par' dir='ltr' id='par_1_110' title="bbox 1027 2364 1818 2399">
     <span class='ocr_line' id='line_1_110' title="bbox 1027 2364 1818 2399; baseline 0.001 -8"><span class='ocrx_word' id='word_1_745' title='bbox 1027 2364 1126 2392; x_wconf 85' lang='lat' dir='ltr'><strong>referre</strong></span> <span class='ocrx_word' id='word_1_746' title='bbox 1148 2365 1254 2399; x_wconf 76' lang='lat' dir='ltr'><strong>pudeat.</strong></span> <span class='ocrx_word' id='word_1_747' title='bbox 1276 2365 1344 2392; x_wconf 90' lang='lat' dir='ltr'><strong>Tum</strong></span> <span class='ocrx_word' id='word_1_748' title='bbox 1364 2364 1480 2391; x_wconf 89' lang='lat' dir='ltr'><strong>Joannes</strong></span> <span class='ocrx_word' id='word_1_749' title='bbox 1494 2368 1520 2391; x_wconf 91' lang='lat' dir='ltr'><strong>ct</strong></span> <span class='ocrx_word' id='word_1_750' title='bbox 1536 2372 1582 2399; x_wconf 86' lang='lat' dir='ltr'><strong>per</strong></span> <span class='ocrx_word' id='word_1_751' title='bbox 1601 2372 1630 2391; x_wconf 90' lang='lat' dir='ltr'><strong>se</strong></span> <span class='ocrx_word' id='word_1_752' title='bbox 1653 2370 1678 2391; x_wconf 88' lang='lat' dir='ltr'><strong>ct</strong></span> <span class='ocrx_word' id='word_1_753' title='bbox 1693 2372 1739 2399; x_wconf 91' lang='lat' dir='ltr'><strong>per</strong></span> <span class='ocrx_word' id='word_1_754' title='bbox 1753 2365 1818 2392; x_wconf 65' lang='lat' dir='ltr'><strong>aliud</strong></span> 
     </span>
    </p>
   </div>
   <div class='ocr_carea' id='block_1_111' title="bbox 1026 2411 1820 2447">
    <p class='ocr_par' dir='ltr' id='par_1_111' title="bbox 1026 2411 1820 2447">
     <span class='ocr_line' id='line_1_111' title="bbox 1026 2411 1820 2447; baseline 0 -8"><span class='ocrx_word' id='word_1_755' title='bbox 1026 2413 1163 2447; x_wconf 88' lang='lat' dir='ltr'><strong>episcopos</strong></span> <span class='ocrx_word' id='word_1_756' title='bbox 1176 2412 1297 2439; x_wconf 77' lang='lat' dir='ltr'><strong>hortatur</strong></span> <span class='ocrx_word' id='word_1_757' title='bbox 1310 2412 1369 2438; x_wconf 86' lang='lat' dir='ltr'><strong>illos</strong></span> <span class='ocrx_word' id='word_1_758' title='bbox 1384 2417 1411 2438; x_wconf 92' lang='lat' dir='ltr'><strong>ut</strong></span> <span class='ocrx_word' id='word_1_759' title='bbox 1425 2411 1486 2438; x_wconf 84' lang='lat' dir='ltr'><strong>talia</strong></span> <span class='ocrx_word' id='word_1_760' title='bbox 1498 2412 1531 2438; x_wconf 85' lang='lat' dir='ltr'><strong>de</strong></span> <span class='ocrx_word' id='word_1_761' title='bbox 1545 2411 1693 2446; x_wconf 79' lang='lat' dir='ltr'><strong>Theophila</strong></span> <span class='ocrx_word' id='word_1_762' title='bbox 1704 2412 1820 2439; x_wconf 80' lang='lat' dir='ltr'><strong>scribere</strong></span> 
     </span>
    </p>
   </div>
   <div class='ocr_carea' id='block_1_112' title="bbox 1026 2458 1820 2493">
    <p class='ocr_par' dir='ltr' id='par_1_112' title="bbox 1026 2458 1820 2493">
     <span class='ocr_line' id='line_1_112' title="bbox 1026 2458 1820 2493; baseline 0 -8"><span class='ocrx_word' id='word_1_763' title='bbox 1026 2459 1158 2492; x_wconf 80' lang='lat' dir='ltr'><strong>desinant,</strong></span> <span class='ocrx_word' id='word_1_764' title='bbox 1174 2463 1300 2493; x_wconf 89' lang='lat' dir='ltr'><strong>quantum</strong></span> <span class='ocrx_word' id='word_1_765' title='bbox 1317 2458 1378 2485; x_wconf 87' lang='lat' dir='ltr'><strong>hinc</strong></span> <span class='ocrx_word' id='word_1_766' title='bbox 1401 2458 1463 2484; x_wconf 83' lang='lat' dir='ltr'><strong>mali</strong></span> <span class='ocrx_word' id='word_1_767' title='bbox 1482 2461 1706 2492; x_wconf 86' lang='lat' dir='ltr'><strong>consequuturnm</strong></span> <span class='ocrx_word' id='word_1_768' title='bbox 1726 2458 1759 2485; x_wconf 82' lang='lat' dir='ltr'><strong>sit</strong></span> <span class='ocrx_word' id='word_1_769' title='bbox 1774 2459 1820 2485; x_wconf 85' lang='lat' dir='ltr'><strong>de-</strong></span> 
     </span>
    </p>
   </div>
   <div class='ocr_carea' id='block_1_113' title="bbox 1026 2503 1820 2539">
    <p class='ocr_par' dir='ltr' id='par_1_113' title="bbox 1026 2503 1820 2539">
     <span class='ocr_line' id='line_1_113' title="bbox 1026 2503 1820 2539; baseline -0.003 -7"><span class='ocrx_word' id='word_1_770' title='bbox 1026 2505 1130 2532; x_wconf 84' lang='lat' dir='ltr'><strong>clarans</strong></span> <span class='ocrx_word' id='word_1_771' title='bbox 1143 2513 1148 2530; x_wconf 85' lang='lat'>:</span> <span class='ocrx_word' id='word_1_772' title='bbox 1164 2503 1363 2538; x_wconf 70' lang='lat' dir='ltr'><strong>&#39;I‘heophiloque</strong></span> <span class='ocrx_word' id='word_1_773' title='bbox 1377 2503 1514 2537; x_wconf 84' lang='lat' dir='ltr'><strong>rescripsit</strong></span> <span class='ocrx_word' id='word_1_774' title='bbox 1528 2511 1638 2530; x_wconf 77' lang='lat' dir='ltr'><strong>narratis</strong></span> <span class='ocrx_word' id='word_1_775' title='bbox 1650 2503 1685 2530; x_wconf 92' lang='lat' dir='ltr'><strong>illi</strong></span> <span class='ocrx_word' id='word_1_776' title='bbox 1699 2511 1820 2539; x_wconf 72' lang='lat' dir='ltr'><strong>quaenam</strong></span> 
     </span>
    </p>
   </div>
   <div class='ocr_carea' id='block_1_114' title="bbox 1026 2549 1821 2584">
    <p class='ocr_par' dir='ltr' id='par_1_114' title="bbox 1026 2549 1821 2584">
     <span class='ocr_line' id='line_1_114' title="bbox 1026 2549 1821 2584; baseline -0.003 -6"><span class='ocrx_word' id='word_1_777' title='bbox 1026 2551 1148 2578; x_wconf 81' lang='lat' dir='ltr'><strong>monachi</strong></span> <span class='ocrx_word' id='word_1_778' title='bbox 1173 2551 1206 2578; x_wconf 91' lang='lat' dir='ltr'><strong>de</strong></span> <span class='ocrx_word' id='word_1_779' title='bbox 1228 2551 1286 2584; x_wconf 82' lang='lat' dir='ltr'><strong>ipso</strong></span> <span class='ocrx_word' id='word_1_780' title='bbox 1309 2550 1468 2584; x_wconf 85' lang='lat' dir='ltr'><strong>proferrent,</strong></span> <span class='ocrx_word' id='word_1_781' title='bbox 1492 2549 1691 2584; x_wconf 83' lang='lat' dir='ltr'><strong>testificansque</strong></span> <span class='ocrx_word' id='word_1_782' title='bbox 1713 2557 1742 2578; x_wconf 91' lang='lat' dir='ltr'><strong>se</strong></span> <span class='ocrx_word' id='word_1_783' title='bbox 1762 2550 1821 2577; x_wconf 80' lang='lat' dir='ltr'><strong>illos</strong></span> 
     </span>
    </p>
   </div>
   <div class='ocr_carea' id='block_1_115' title="bbox 1028 2595 1815 2630">
    <p class='ocr_par' dir='ltr' id='par_1_115' title="bbox 1028 2595 1815 2630">
     <span class='ocr_line' id='line_1_115' title="bbox 1028 2595 1815 2630; baseline -0.001 -7"><span class='ocrx_word' id='word_1_784' title='bbox 1028 2596 1125 2624; x_wconf 86' lang='lat' dir='ltr'><strong>frustra</strong></span> <span class='ocrx_word' id='word_1_785' title='bbox 1152 2596 1284 2623; x_wconf 89' lang='lat' dir='ltr'><strong>hortatum</strong></span> <span class='ocrx_word' id='word_1_786' title='bbox 1311 2603 1370 2622; x_wconf 87' lang='lat' dir='ltr'><strong>esse</strong></span> <span class='ocrx_word' id='word_1_787' title='bbox 1396 2600 1424 2622; x_wconf 92' lang='lat' dir='ltr'><strong>ut</strong></span> <span class='ocrx_word' id='word_1_788' title='bbox 1446 2595 1673 2630; x_wconf 82' lang='lat' dir='ltr'><strong>Constantinopoli</strong></span> <span class='ocrx_word' id='word_1_789' title='bbox 1698 2596 1815 2623; x_wconf 69' lang='lat' dir='ltr'><strong>discede-</strong></span> 
     </span>
    </p>
   </div>
   <div class='ocr_carea' id='block_1_116' title="bbox 1028 2642 1820 2677">
    <p class='ocr_par' dir='ltr' id='par_1_116' title="bbox 1028 2642 1820 2677">
     <span class='ocr_line' id='line_1_116' title="bbox 1028 2642 1820 2677; baseline -0.004 -7"><span class='ocrx_word' id='word_1_790' title='bbox 1028 2648 1101 2675; x_wconf 83' lang='lat' dir='ltr'><strong>rent;</strong></span> <span class='ocrx_word' id='word_1_791' title='bbox 1125 2648 1251 2670; x_wconf 72' lang='lat' dir='ltr'><strong>czeterum</strong></span> <span class='ocrx_word' id='word_1_792' title='bbox 1273 2649 1332 2677; x_wconf 59' lang='lat' dir='ltr'><strong>quas</strong></span> <span class='ocrx_word' id='word_1_793' title='bbox 1354 2642 1403 2669; x_wconf 87' lang='lat' dir='ltr'><strong>sibi</strong></span> <span class='ocrx_word' id='word_1_794' title='bbox 1427 2642 1552 2677; x_wconf 82' lang='lat' dir='ltr'><strong>expedire</strong></span> <span class='ocrx_word' id='word_1_795' title='bbox 1577 2642 1730 2668; x_wconf 79' lang='lat' dir='ltr'><strong>viderentur</strong></span> <span class='ocrx_word' id='word_1_796' title='bbox 1755 2642 1820 2668; x_wconf 81' lang='lat' dir='ltr'><strong>indi-</strong></span> 
     </span>
    </p>
   </div>
   <div class='ocr_carea' id='block_1_117' title="bbox 1025 2693 1106 2716">
    <p class='ocr_par' dir='ltr' id='par_1_117' title="bbox 1025 2693 1106 2716">
     <span class='ocr_line' id='line_1_117' title="bbox 1025 2693 1106 2716; baseline 0.012 -1"><span class='ocrx_word' id='word_1_797' title='bbox 1025 2693 1106 2716; x_wconf 80' lang='lat' dir='ltr'><strong>caret.</strong></span> 
     </span>
    </p>
   </div>
   <div class='ocr_carea' id='block_1_118' title="bbox 1061 2732 1822 2768">
    <p class='ocr_par' dir='ltr' id='par_1_118' title="bbox 1061 2732 1822 2768">
     <span class='ocr_line' id='line_1_118' title="bbox 1061 2732 1822 2768; baseline -0.003 -7"><span class='ocrx_word' id='word_1_798' title='bbox 1061 2734 1223 2768; x_wconf 82' lang='lat' dir='ltr'><strong>Theophilus</strong></span> <span class='ocrx_word' id='word_1_799' title='bbox 1235 2742 1308 2766; x_wconf 81' lang='lat' dir='ltr'><strong>vero,</strong></span> <span class='ocrx_word' id='word_1_800' title='bbox 1323 2735 1367 2768; x_wconf 91' lang='lat' dir='ltr'><strong>qui</strong></span> <span class='ocrx_word' id='word_1_801' title='bbox 1383 2734 1479 2761; x_wconf 85' lang='lat' dir='ltr'><strong>Joanni</strong></span> <span class='ocrx_word' id='word_1_802' title='bbox 1493 2739 1545 2760; x_wconf 87' lang='lat' dir='ltr'><strong>tam</strong></span> <span class='ocrx_word' id='word_1_803' title='bbox 1557 2733 1703 2763; x_wconf 81' lang='lat' dir='ltr'><strong>moderato,</strong></span> <span class='ocrx_word' id='word_1_804' title='bbox 1717 2732 1779 2766; x_wconf 85' lang='lat' dir='ltr'><strong>quin</strong></span> <span class='ocrx_word' id='word_1_805' title='bbox 1795 2738 1822 2760; x_wconf 83' lang='lat' dir='ltr'><strong>et</strong></span> 
     </span>
    </p>
   </div>
   <div class='ocr_carea' id='block_1_119' title="bbox 1024 2777 1821 2814">
    <p class='ocr_par' dir='ltr' id='par_1_119' title="bbox 1024 2777 1821 2814">
     <span class='ocr_line' id='line_1_119' title="bbox 1024 2777 1821 2814; baseline -0.001 -8"><span class='ocrx_word' id='word_1_806' title='bbox 1024 2779 1111 2806; x_wconf 82' lang='lat' dir='ltr'><strong>amico</strong></span> <span class='ocrx_word' id='word_1_807' title='bbox 1123 2780 1212 2806; x_wconf 86' lang='lat' dir='ltr'><strong>animo</strong></span> <span class='ocrx_word' id='word_1_808' title='bbox 1224 2787 1314 2806; x_wconf 83' lang='lat' dir='ltr'><strong>secum</strong></span> <span class='ocrx_word' id='word_1_809' title='bbox 1327 2779 1425 2814; x_wconf 80' lang='lat' dir='ltr'><strong>agenti,</strong></span> <span class='ocrx_word' id='word_1_810' title='bbox 1440 2781 1550 2814; x_wconf 81' lang='lat' dir='ltr'><strong>gratiam</strong></span> <span class='ocrx_word' id='word_1_811' title='bbox 1567 2778 1664 2804; x_wconf 77' lang='lat' dir='ltr'><strong>habere</strong></span> <span class='ocrx_word' id='word_1_812' title='bbox 1677 2777 1777 2810; x_wconf 86' lang='lat' dir='ltr'><strong>debuit,</strong></span> <span class='ocrx_word' id='word_1_813' title='bbox 1794 2779 1821 2805; x_wconf 90' lang='lat' dir='ltr'><strong>in</strong></span> 
     </span>
    </p>
   </div>
   <div class='ocr_carea' id='block_1_120' title="bbox 1027 2822 1821 2856">
    <p class='ocr_par' dir='ltr' id='par_1_120' title="bbox 1027 2822 1821 2856">
     <span class='ocr_line' id='line_1_120' title="bbox 1027 2822 1821 2856; baseline -0.001 -5"><span class='ocrx_word' id='word_1_814' title='bbox 1027 2825 1142 2852; x_wconf 79' lang='lat' dir='ltr'><strong>furorem</strong></span> <span class='ocrx_word' id='word_1_815' title='bbox 1166 2830 1251 2856; x_wconf 88' lang='lat' dir='ltr'><strong>actus,</strong></span> <span class='ocrx_word' id='word_1_816' title='bbox 1273 2825 1362 2851; x_wconf 83' lang='lat' dir='ltr'><strong>statim</strong></span> <span class='ocrx_word' id='word_1_817' title='bbox 1386 2825 1419 2851; x_wconf 89' lang='lat' dir='ltr'><strong>ab</strong></span> <span class='ocrx_word' id='word_1_818' title='bbox 1434 2825 1550 2852; x_wconf 61' lang='lat' dir='ltr'><strong>Ecclesia</strong></span> <span class='ocrx_word' id='word_1_819' title='bbox 1575 2822 1690 2850; x_wconf 77' lang='lat' dir='ltr'><strong>excludit</strong></span> <span class='ocrx_word' id='word_1_820' title='bbox 1711 2822 1821 2850; x_wconf 88' lang='lat' dir='ltr'><strong>Diosco-</strong></span> 
     </span>
    </p>
   </div>
   <div class='ocr_carea' id='block_1_121' title="bbox 1027 2866 1822 2904">
    <p class='ocr_par' dir='ltr' id='par_1_121' title="bbox 1027 2866 1822 2904">
     <span class='ocr_line' id='line_1_121' title="bbox 1027 2866 1822 2904; baseline -0.004 -7"><span class='ocrx_word' id='word_1_821' title='bbox 1027 2878 1085 2897; x_wconf 89' lang='lat' dir='ltr'><strong>rum</strong></span> <span class='ocrx_word' id='word_1_822' title='bbox 1103 2870 1266 2904; x_wconf 80' lang='lat' dir='ltr'><strong>episcopum,</strong></span> <span class='ocrx_word' id='word_1_823' title='bbox 1284 2876 1363 2904; x_wconf 87' lang='lat' dir='ltr'><strong>quem</strong></span> <span class='ocrx_word' id='word_1_824' title='bbox 1380 2876 1455 2898; x_wconf 85' lang='lat' dir='ltr'><strong>vocat</strong></span> <span class='ocrx_word' id='word_1_825' title='bbox 1476 2869 1619 2901; x_wconf 81' lang='lat' dir='ltr'><strong>Palladios,</strong></span> <span class='ocrx_word' id='word_1_826' title='bbox 1636 2866 1745 2895; x_wconf 84' lang='lat' dir='ltr'><strong>fratrem</strong></span> <span class='ocrx_word' id='word_1_827' title='bbox 1765 2875 1822 2895; x_wconf 90' lang='lat' dir='ltr'><strong>mo-</strong></span> 
     </span>
    </p>
   </div>
  </div>
