2034 3109
257 163 301 190 191
799 163 827 189 S.
847 163 983 192 JOANNlS
1002 164 1236 193 CHRYSOSTOMI
1258 167 1347 203 VlTA,

255 219 410 252 nachorutn,
425 219 469 254 qui
491 221 515 246 in
539 220 657 248 Ecclesia
676 224 809 250 senucrat,
828 224 854 246 et
866 220 959 247 Joanni
983 221 1038 254 epi-

253 272 335 300 scopo
349 265 406 292 hmo
420 266 511 293 scribit
527 275 535 294 :
551 266 664 292 Arbitror
683 266 797 301 equidem
817 273 867 292 non
889 266 1006 301 ignorare
1017 271 1040 292 te

259 320 377 339 runonum
392 311 553 339 Nicrznorum
568 312 703 345 decretum,
719 320 767 346 quo
789 312 910 344 sancitur,
934 319 965 338 ne
987 311 1039 346 epi-

254 365 344 391 scopus
356 356 424 384 litem
438 361 508 384 extra
520 357 583 391 fines
596 365 654 383 suos
665 357 762 392 judice:
775 364 785 384 .'
794 357 815 384 si
830 362 912 383 autem
926 357 1036 391 ignoras,

254 401 329 433 dixre,
346 407 368 428 et
380 410 395 428 α
411 402 500 428 libellis
512 401 630 428 adversus
644 410 682 428 tne
693 401 796 428 abstine.
814 401 881 428 Nam
896 402 918 428 si
927 401 1040 436 judicati

253 456 292 475 me
302 452 432 482 oporteret,
446 448 476 474 ab
486 447 616 483 (Egyptiis
627 448 748 481 episcopis
753 447 908 483 judicandus
916 456 981 479 sum,
990 455 1040 473 non

252 500 269 518 α
285 497 315 524 te,
330 493 373 528 qni
392 494 548 529 septuaginta
561 494 669 528 quinque
683 494 778 520 dierum
797 494 884 520 itinere
899 494 956 520 hinc
971 493 1037 520 abes.

288 538 326 565 Ex
343 538 384 565 his
397 546 459 566 vero
479 539 562 566 literis
576 539 661 573 palam
683 544 723 566 est
738 547 828 566 verum
850 547 909 566 esse
931 539 957 566 id
969 538 1038 573 quad

253 583 377 611 Socrates
399 583 477 611 refert
503 583 587 619 (Socr.
604 583 621 610 Ι.
641 584 666 611 6.
681 593 703 611 c.
720 584 758 619 9),
775 592 869 619 nempe
889 584 981 611 falsum
996 592 1040 610 ru-

258 636 359 656 morem
384 629 417 656 ad
434 637 512 656 aures
537 629 676 664 Theophili
703 631 830 664 perhilum
854 630 944 660 fuisse.
969 630 1039 664 quod

258 682 352 708 nempe
365 675 480 702 Joannes
494 675 553 702 illos
567 675 600 702 ad
615 683 688 702 saera
703 675 861 708 admisisset,
877 680 903 702 et
915 675 948 702 ad
962 683 1038 709 opem

256 720 307 746 iilis
323 719 459 747 ferendum
476 726 581 754 paratus
594 724 673 747 esset.
685 721 873 754 Quamobrem,
887 721 970 754 pergit
983 720 1037 751 ille,

252 765 414 799 Theophilus
437 770 508 793 totus
529 766 555 792 in
578 765 628 794 hoc
648 767 727 800 ccepit
751 767 912 799 incumbere,
936 770 964 792 ut
987 773 1039 792 non

251 811 331 838 modo
356 812 508 839 Dioscorum
536 816 563 838 et
586 812 712 838 Isidorutn
740 812 922 844 ulcisceretur,
945 819 1038 838 verum

253 858 333 884 etiam
346 857 473 884 Joannem
489 865 521 884 cx
537 858 679 893 episcopali
694 858 756 885 sede
767 858 905 892 dejiceret.
919 857 1039 892 Misitque

251 904 375 936 epistolas
390 903 422 930 ad
445 904 606 938 singularum
623 904 757 930 civitattnn
778 905 926 939 episcopos,
948 905 1038 930 consi-

252 948 316 974 lium
331 949 438 983 quidem
463 956 538 975 suum
561 949 706 982 occultans,
727 950 813 984 palam
827 957 890 977 vero
906 950 930 976 in
951 950 982 976 iis
998 957 1039 976 re-

251 994 420 1027 prehendens
431 995 511 1022 libros
524 995 654 1030 Origcnis.
666 1003 776 1029 quorum
789 1000 875 1022 tatnen
888 995 1039 1023 testimonio

251 1041 295 1066 diu
310 1046 370 1068 ante
393 1041 464 1068 illum
481 1042 640 1069 Athanasius
659 1046 750 1069 contra
770 1042 882 1070 Arianos
905 1050 966 1069 usus
981 1042 1038 1069 fuc-

251 1092 301 1113 rat.
322 1087 384 1114 llaec
406 1088 537 1120 Socrates,
562 1087 674 1122 idipsum
698 1087 753 1115 fere
774 1088 935 1115 Sozomenus
961 1088 1038 1115 habet

251 1132 366 1165 (Sozam.
385 1133 402 1159 Ι.
420 1133 446 1160 8.
461 1141 484 1160 ι.
501 1133 533 1160 1'2
543 1138 566 1160 et
583 1134 638 1169 15).

285 1178 400 1205 Joannes
414 1187 476 1206 vero
490 1184 597 1214 accepta
616 1180 735 1214 lectaque
751 1180 888 1214 Theophili
909 1180 1019 1215 cpistola
1030 1200 1037 1212 ,

251 1232 309 1250 eam
324 1232 404 1259 penes
418 1232 446 1252 se
459 1226 584 1252 servavit.
601 1225 635 1252 Et
647 1226 706 1260 quia
721 1226 882 1260 Theophilus
897 1227 1038 1254 monachos

251 1270 318 1296 alios
332 1270 380 1296 sibi
396 1270 515 1297 addictos
528 1270 773 1306 Constantinopolin
792 1272 899 1299 miserat
914 1273 957 1307 qui
978 1280 1039 1299 suas

251 1320 340 1349 partes
355 1319 508 1347 tuerentur,
524 1316 661 1343 monachis
677 1317 813 1352 utriusque
831 1317 914 1351 partis
928 1317 1038 1345 suadere

251 1365 361 1387 conatus
374 1365 414 1388 est
426 1361 632 1396 Chrysostomus
650 1367 675 1389 ut
697 1370 788 1397 pacein
803 1363 872 1390 inter
883 1372 912 1391 se
931 1364 1037 1391 inirent.

251 1406 352 1439 Quibus
371 1406 467 1433 auditis
487 1407 522 1434 illi
543 1408 675 1442 utrimque
694 1409 777 1443 magis
794 1410 940 1444 exasperati
957 1415 1019 1437 sunt
1031 1431 1037 1440 ,

250 1452 356 1479 Fratres
370 1453 475 1487 quidem
491 1453 572 1488 Longi
585 1458 612 1480 ut
626 1454 765 1490 Theophili
779 1456 917 1491 tyrannide
930 1463 1040 1491 oppres-

249 1497 289 1528 si;
304 1497 348 1524 alii
361 1505 424 1525 vero
436 1498 575 1531 dicebant,
592 1506 621 1526 se
637 1499 736 1534 absque
750 1500 887 1535 Theophili
908 1509 1038 1528 consensu

249 1547 275 1568 et
287 1542 364 1577 jussu
383 1543 532 1570 facultatem
549 1552 600 1570 non
615 1543 713 1572 habere
731 1545 852 1573 ineunda:
868 1547 949 1581 pacis.
965 1547 1039 1574 Tunc

249 1587 365 1616 Joannes
380 1588 489 1623 hujusce
504 1590 542 1616 rei
557 1597 646 1617 curam
661 1591 769 1617 omnino
782 1591 914 1626 deposuit.

285 1633 351 1660 Tum
372 1634 511 1665 monachi,
528 1635 572 1669 qui
587 1642 600 1661 a
616 1635 763 1670 Thenphilo
777 1636 845 1671 pulsi
865 1637 985 1668 fuerant,
1006 1637 1039 1664 li-

249 1678 333 1705 bellos
354 1679 468 1712 prolixos
484 1679 640 1712 ediderunt,
660 1681 735 1715 queis
758 1681 902 1708 monachos
922 1682 1040 1709 adversa:

250 1724 333 1757 partis
351 1729 482 1758 tamquam
499 1726 704 1753 calumniatores
725 1727 933 1762 propulsabant;
948 1732 1039 1755 contra

250 1769 426 1804 Theophilum
438 1771 518 1797 multa
531 1771 663 1804 dicebant,
676 1780 733 1806 qure
744 1773 866 1800 omnibus
880 1779 941 1800 nota
953 1778 1037 1801 erant.

249 1815 366 1843 Libellos
387 1821 475 1843 autem
498 1817 624 1852 Augustis
648 1818 797 1845 obtulerunt
811 1840 817 1851 ,
842 1819 1040 1854 Eudoxiamque

249 1861 446 1895 lmperatricem
461 1862 601 1895 adierunt,
617 1867 678 1890 tunc
699 1864 723 1890 in
746 1864 873 1899 martyrio
887 1865 914 1892 S.
929 1865 1040 1893 Joannis

248 1913 397 1936 versantem
416 1918 422 1936 :
438 1909 573 1944 ipsamque
587 1909 687 1945 precati
704 1914 782 1940 sunt.
803 1914 831 1937 ut
850 1910 1039 1938 monachorum

249 1954 368 1982 adversae
382 1955 464 1989 partis
475 1955 581 1982 libellus
592 1955 661 1989 apud
675 1955 816 1982 Pratfcctos
827 1956 1038 1988 cxaminarelur;

248 1999 411 2034 Theophilus
422 2008 486 2027 vero
499 2001 539 2027 vel
555 2001 652 2027 invitus
664 2001 781 2031 adesset.
796 2001 881 2036 deque
894 2001 938 2028 illo
950 2009 1039 2029 coram

248 2045 350 2072 Joanne
361 2045 535 2079 judicaretur.
551 2045 673 2073 Adtnissa
688 2047 873 2080 postulatione,
888 2047 1039 2074 mandatum

249 2090 313 2123 fuit,
330 2095 358 2117 ut
373 2091 536 2125 Theophilus
549 2099 640 2118 volens
653 2092 746 2119 nolens
756 2112 763 2125 ,
779 2092 910 2118 cxhibilus
927 2100 973 2126 per
985 2092 1040 2119 Ma-

248 2136 359 2171 gistrum
374 2144 462 2164 coram
478 2136 580 2163 Joanne
594 2136 744 2169 sisteretur,
759 2142 786 2163 ut
800 2145 906 2164 causam
922 2137 1038 2169 diceret;

248 2181 372 2209 monachi
394 2189 456 2209 vero
476 2182 595 2209 adversm
616 2182 698 2217 partis
713 2183 753 2210 vel
775 2184 919 2218 probarent
936 2191 966 2210 ea
981 2192 1039 2218 quin

247 2228 376 2256 adversus
391 2232 498 2256 sanctos
512 2224 592 2256 senes
612 2228 774 2263 protulerant
785 2249 791 2261 ,
807 2229 848 2256 vel
863 2229 1039 2256 calumniato-

247 2282 306 2302 rum
321 2282 413 2309 pinnas
426 2274 555 2302 subirent.

282 2320 310 2348 1ιι
324 2319 470 2348 monachos
485 2325 573 2347 autem
590 2328 603 2347 a
617 2319 766 2355 Theophilo
781 2321 877 2347 missos
896 2320 967 2355 leges
983 2321 1040 2356 qni-

246 2366 307 2394 dem
329 2366 479 2400 instabant,
502 2366 662 2400 illorttmque
681 2374 761 2393 causa
782 2366 956 2393 examinanda
979 2375 1039 2393 mox

246 2418 303 2439 erat
320 2421 326 2438 :
343 2413 380 2439 illi
403 2420 467 2440 vero
487 2417 611 2440 eventum
635 2412 726 2445 veriti,
749 2420 804 2439 rem
825 2412 924 2439 differri
947 2417 1040 2447 rogant

247 2466 330 2491 usque
343 2459 374 2484 ad
389 2459 530 2493 Theophili
545 2459 699 2489 adventum,
715 2459 758 2492 qui
776 2458 834 2484 illos
848 2457 1040 2485 suhornaverat

247 2509 271 2530 et
290 2503 394 2531 libellos
410 2504 564 2532 dictaverat.
581 2504 703 2532 Przefeeti
717 2512 779 2531 vero
793 2504 852 2531 illos
866 2505 890 2531 in
905 2512 1038 2532 carcerem

246 2548 416 2583 coniecerunt
429 2551 554 2584 usquead
566 2550 704 2585 Theophili
717 2551 869 2583 adventum,
882 2550 1001 2578 uolentes
1014 2551 1038 2576 in

247 2595 290 2621 tali
305 2602 384 2622 causa
398 2595 480 2623 vades
494 2596 623 2630 accipere.
641 2597 739 2624 llorum
754 2596 859 2631 quidam
874 2597 899 2623 in
913 2605 1020 2624 carcere
1030 2617 1036 2626 .

246 2641 280 2669 ob
293 2641 434 2676 Theophili
448 2642 577 2669 \‘enientis
593 2643 740 2670 tarditatem
756 2643 800 2669 diu
816 2643 924 2674 morati,
943 2643 1038 2670 mortui

245 2691 324 2718 sunt;
339 2687 384 2714 alii
401 2695 462 2714 vero
479 2693 536 2722 post
550 2687 689 2714 adventum
702 2687 850 2721 Theophili,
865 2687 891 2715 in
906 2692 1037 2722 postrema

246 2733 471 2768 interrogatione,
491 2737 623 2767 tamquam
641 2733 863 2766 calumniatores,
885 2733 1039 2761 Proconne-

246 2787 302 2805 sum
316 2787 330 2805 a
345 2779 478 2813 judiciints
493 2779 654 2814 relegantur.

281 2823 437 2858 Theophilus
450 2825 525 2851 libros
538 2825 653 2860 Origettis
666 2825 778 2851 damnat.
792 2840 824 2844 »-
838 2825 940 2853 Interea
952 2825 1039 2852 Theo-

246 2870 343 2904 philus,
357 2868 401 2904 qui
415 2871 472 2899 dira
488 2872 646 2899 molicnatur
660 2873 684 2898 in
699 2871 836 2904 Joannem,
853 2872 884 2898 ad
898 2873 1037 2907 episropos

1834 174 1883 202 IS!

1095 220 1191 254 ubique
1218 229 1313 249 omnes
1341 223 1462 258 scripsit,
1490 225 1570 253 libros
1594 226 1715 262 Origenis
1739 229 1881 263 incusans,

1094 265 1242 300 multosque
1254 267 1285 294 ad
1297 269 1454 296 sententiam
1470 277 1543 297 suam
1556 273 1685 306 pertraxit
1696 273 1810 308 (Sozam.
1825 275 1843 301 Ι.
1855 275 1881 303 8.

1093 318 1115 336 ε.
1132 310 1175 337 14.
1192 311 1264 338 Socr.
1279 312 1299 338 ι.
1314 312 1341 339 6.
1357 321 1380 339 c.
1395 314 1451 348 10).
1468 314 1619 350 Putansqne
1633 325 1729 352 magno
1743 318 1793 345 sibi
1807 327 1881 347 emo-

1093 353 1211 382 lumento
1232 355 1306 390 fore,
1326 358 1348 384 si
1371 358 1545 393 Epiphaniam
1558 381 1564 392 ,
1585 361 1727 389 Salaminis
1749 363 1775 390 in
1794 364 1882 399 Cypro

1092 400 1260 435 episcopum,
1279 403 1363 430 virum
1383 404 1576 432 sanctissimum
1595 411 1622 433 et
1639 407 1813 436 clarissimum
1825 430 1831 442 ,
1848 411 1880 437 ad

1093 451 1153 472 suas
1167 450 1255 480 partes
1269 447 1375 475 allicere
1389 454 1486 482 posset,
1504 458 1535 477 eo
1551 458 1646 478 nervos
1661 452 1881 482 industrite-totos

1092 491 1221 518 adhibuit.
1235 492 1309 520 Illum
1325 502 1389 521 vero
1403 495 1505 529 pridem
1523 495 1700 531 incusaverat,
1714 498 1785 533 quod
1799 499 1879 526 Deum

1093 535 1208 564 humana
1226 537 1308 565 forma
1326 539 1465 573 prteditnm
1486 548 1545 568 esse
1565 543 1728 576 opinaretur,
1746 552 1806 578 qua:
1825 550 1882 572 erat

1093 581 1202 609 hreresis
1220 583 1563 620 Anthropomorphitarum.
1587 586 1661 614 Tunc
1679 595 1760 622 vero,
1776 589 1797 615 si
1816 589 1881 616 ﬁdes

1093 628 1127 654 sit
1139 628 1241 656 Socrati
1253 634 1277 657 et
1291 630 1439 658 Sozomeno
1449 651 1456 664 ,
1471 639 1501 659 se
1513 632 1627 667 idipsum
1646 640 1676 660 ea
1695 634 1727 661 de
1740 642 1769 662 re
1783 636 1882 663 sentire

1092 673 1239 708 simulavit,
1254 679 1282 702 ut
1296 675 1470 710 Epiphaniam
1487 677 1536 704 sibi
1552 678 1715 706 conciliaret.
1732 679 1795 707 Erat
1810 680 1880 707 enim

1092 718 1254 754 Epiphanius
1268 721 1309 748 vir
1322 721 1418 755 pietate
1431 723 1599 757 conspicuus,
1616 724 1664 751 sed
1679 725 1722 758 qui
1741 733 1793 752 non
1808 734 1880 753 sem-

1092 771 1140 798 per
1169 766 1292 792 tutiorem
1322 767 1511 802 melioremque
1540 773 1640 802 partem
1667 770 1879 805 amplecteretur.

1092 809 1150 837 Jam
1166 811 1278 838 vidimus
1294 812 1318 838 in
1336 812 1393 839 Vita
1407 813 1559 845 Athanasii,
1576 822 1653 849 quam
1668 824 1737 843 anno
1755 817 1820 844 1698
1835 826 1882 852 pu-

1091 855 1186 882 blicam
1200 856 1318 888 fecimus,
1332 857 1507 892 Epiphaniam
1519 867 1578 886 eum
1588 860 1620 887 de
1630 860 1734 888 lileletio
1744 863 1796 896 agit
1807 863 1882 898 (Epi-

1091 901 1169 935 phan.
1182 901 1279 929 [heresi
1293 902 1347 938 68),
1359 904 1402 938 qui
1416 904 1547 932 Meletiani
1562 906 1711 934 schismatis
1722 913 1812 935 auctor
1823 908 1880 942 fuit,

1091 947 1189 982 quique
1204 955 1218 974 a
1231 947 1259 975 S.
1275 948 1353 975 Petro
1364 953 1490 984 martyre,
1504 950 1682 978 Alexandrino
1695 953 1816 986 prtesule,
1828 958 1854 980 et
1867 962 1881 981 a

1091 993 1199 1027 Synodo
1214 994 1356 1022 multorum
1373 996 1503 1023 scelerum
1522 1004 1601 1024 causa
1623 998 1761 1026 damnatus
1776 999 1881 1034 ἀερθείς

1091 1042 1185 1073 tusque
1206 1038 1306 1072 fuerat,
1331 1040 1392 1067 facti
1417 1041 1541 1068 invidiam
1566 1043 1644 1070 Petro
1667 1045 1776 1080 martyri
1798 1046 1883 1079 magis

1091 1091 1168 1118 quam
1184 1084 1290 1112 Meletio
1303 1085 1426 1113 conferre
1443 1096 1449 1113 :
1467 1087 1501 1114 ita
1522 1091 1550 1114 ut
1572 1088 1657 1122 palam
1676 1089 1708 1115 sit
1724 1097 1784 1116 enin
1804 1090 1882 1117 lilele-

1092 1129 1154 1156 tiani
1168 1130 1303 1165 cujusdam
1319 1130 1410 1159 fraude
1430 1132 1481 1159 tale
1501 1138 1678 1160 eonnncmum
1699 1134 1824 1166 edidisse,
1840 1135 1882 1162 cui

1091 1176 1236 1203 reclamant
1255 1184 1314 1203 cum
1334 1177 1478 1205 Athanasio
1497 1185 1592 1206 omnes
1615 1179 1793 1206 Eeclesiastici
1814 1180 1882 1207 srri-

1091 1226 1190 1257 ptores.

1127 1267 1157 1294 S.
1176 1268 1335 1303 Epiphanius
1351 1269 1426 1296 libros
1440 1269 1555 1305 Origenis
1571 1270 1619 1305 legi
1634 1270 1756 1305 prohibet.
1768 1285 1802 1290 —
1816 1271 1882 1298 Cum

1091 1314 1170 1340 sciret
1184 1318 1272 1341 autem
1292 1314 1456 1348 Theophilus
1471 1316 1646 1350 Epiphaniutn
1666 1316 1747 1343 libros
1762 1316 1883 1351 Origenis

1091 1360 1216 1392 aversari,
1231 1360 1263 1386 ad
1278 1368 1338 1387 eum
1353 1368 1458 1396 quoque
1471 1361 1562 1388 literas
1576 1361 1656 1393 misit,
1671 1362 1747 1396 queis
1759 1361 1885 1390 hortaba-

1092 1409 1133 1431 tur
1147 1405 1229 1438 illum,
1243 1409 1270 1432 ut
1283 1410 1309 1432 et
1323 1406 1378 1440 ipse
1392 1410 1486 1433 eontra
1498 1406 1619 1441 Origcnis
1632 1406 1715 1434 libros
1726 1408 1883 1434 sententiam

1091 1449 1182 1478 ferret.
1197 1450 1361 1485 Epiphanius
1376 1459 1449 1484 vero,
1466 1457 1557 1480 coacta
1572 1452 1729 1488 Cypriorum
1743 1454 1884 1488 episcopo-

1091 1505 1149 1523 rum
1168 1497 1292 1532 Synodo,
1307 1498 1427 1532 Origenis
1447 1498 1527 1526 libros
1543 1498 1592 1533 legi
1613 1499 1746 1533 prohibuit
1761 1506 1767 1527 ε
1783 1500 1884 1535 episto-

1092 1542 1183 1577 lasque
1198 1543 1269 1569 misit
1281 1548 1334 1569 tum
1352 1543 1383 1569 ad
1398 1544 1463 1570 alios
1477 1544 1626 1578 episcopos,
1641 1549 1695 1571 tum
1709 1544 1741 1571 ad
1755 1545 1884 1573 Constan-

1092 1589 1294 1624 tinopolitanum
1309 1589 1460 1623 prtesnlem,
1472 1590 1534 1624 quid
1547 1597 1562 1616 a
1574 1589 1670 1625 Cypria
1683 1590 1792 1625 Synodo
1802 1595 1898 1623 δίδως,

1093 1640 1146 1662 ιιιιιι
1158 1635 1251 1662 fuisset
1261 1635 1411 1669 declarans,
1422 1636 1617 1671 cohortansque
1629 1637 1696 1668 illos,
1710 1642 1737 1664 ut
1748 1637 1884 1672 Synodum

1092 1685 1269 1708 convocarent
1284 1681 1432 1715 eademque
1445 1681 1628 1708 decernerent.
1639 1682 1802 1716 Theophilus
1816 1691 1885 1718 quo-

1092 1734 1143 1761 que
1156 1733 1215 1753 cum
1229 1725 1362 1761 tEgyptiis
1379 1727 1510 1761 episcopis
1529 1727 1620 1754 eadem
1640 1732 1730 1754 contra
1744 1728 1885 1762 Origenein

1092 1773 1243 1806 constituit,
1260 1773 1404 1808 literasque
1418 1773 1489 1800 misit
1505 1772 1538 1800 ad
1553 1774 1692 1808 episcopos
1707 1779 1733 1800 et
1750 1774 1782 1800 ad
1802 1774 1885 1801 Joan-

1093 1827 1163 1851 nem,
1175 1824 1202 1846 nt
1212 1825 1238 1847 et
1249 1819 1286 1846 illi
1298 1819 1369 1853 paria
1382 1823 1547 1854 prrostareut.
1559 1819 1675 1846 Joannes
1686 1827 1748 1846 vero
1760 1819 1816 1846 hzrc
1827 1828 1885 1854 quae

1092 1866 1142 1892 sibi
1161 1865 1379 1900 significabantur
1400 1864 1593 1900 parvipcndens
1605 1885 1611 1897 ,
1629 1873 1708 1891 unam
1730 1865 1885 1892 instituendi

1092 1916 1119 1937 et
1136 1911 1310 1947 pia‘doctgina
1325 1910 1459 1938 imbuendi
1478 1911 1565 1945 populi
1580 1910 1630 1937 sibi
1646 1910 1780 1937 commissi
1795 1919 1885 1938 curam

1093 1955 1211 1989 gerebat,
1227 1961 1252 1982 et
1266 1950 1297 1982 ea
1313 1955 1338 1982 in
1354 1963 1384 1982 re
1397 1955 1537 1982 admodum
1552 1955 1671 1982 florebat.
1687 1955 1808 1987 insidias.
1820 1963 1886 1990 quas

1093 2000 1142 2027 sibi
1156 2000 1240 2034 parari
1255 2000 1377 2034 ignorare
1392 2008 1444 2027 non
1457 2005 1571 2035 poterat,
1583 2005 1755 2028 contemnere
1766 2009 1795 2028 se
1809 2009 1886 2036 posse

1094 2045 1202 2079 putabat
1212 2066 1219 2078 ,
1233 2046 1396 2072 conscientia
1412 2045 1476 2072 ninil
1490 2046 1630 2073 adversum
1645 2046 1813 2073 testificante.

1129 2090 1298 2117 Tillemonlio
1315 2091 1508 2126 adstipulamur
1521 2091 1568 2126 (Τ.
1585 2092 1611 2119 5.
1628 2100 1650 2118 c.
1665 2092 1735 2124 499)
1751 2093 1795 2127 qui
1812 2097 1884 2127 putat

1094 2136 1221 2163 llomilias
1240 2136 1307 2164 duas
1331 2137 1356 2163 in
1380 2137 1442 2164 illud
1464 2137 1562 2164 Psalmi
1579 2137 1631 2170 48,
1648 2136 1690 2164 Ne
1702 2138 1814 2164 timueris
1832 2146 1886 2164 cum

1093 2185 1161 2210 dives
1181 2185 1262 2220 factus
1282 2184 1357 2220 fuerit
1373 2184 1447 2210 homo
1459 2204 1466 2217 ,
1483 2189 1534 2210 etc.
1549 2204 1555 2216 ,
1571 2184 1622 2211 hoc
1640 2184 1748 2211 circiter
1767 2188 1887 2218 tempore

1094 2230 1196 2257 habitas
1216 2229 1307 2256 fuisse.
1331 2230 1358 2256 In
1381 2230 1465 2264 prima
1485 2237 1548 2257 vero
1573 2234 1711 2264 postquam
1731 2229 1886 2256 divitiarum

1093 2276 1236 2302 vanitatem
1258 2274 1452 2309 descripserat,
1467 2274 1537 2301 dicta
1557 2281 1603 2301 sua
1621 2274 1750 2309 exemplis
1763 2282 1886 2308 eompro~

1093 2321 1156 2349 bare
1177 2322 1278 2348 nititur.
1295 2320 1383 2348 Nostis
1396 2328 1438 2347 nos
1448 2342 1455 2352 ,
1472 2320 1570 2355 inquit,
1585 2320 1716 2346 innumera
1732 2321 1848 2355 exempla
1862 2320 1887 2346 in

1094 2367 1140 2393 hac
1154 2367 1214 2393 urbe
1228 2367 1294 2393 circa
1309 2367 1505 2401 intempestivam
1521 2366 1666 2400 hujusntoeli
1681 2365 1826 2391 divitiarum
1842 2366 1887 2400 ja-

1093 2419 1190 2440 cturmn
1207 2421 1216 2439 :
1230 2417 1252 2439 et
1271 2412 1411 2442 didicistis,
1432 2412 1527 2438 virente
1547 2419 1687 2446 possessore
1707 2411 1886 2446 possessionem

1094 2459 1195 2494 periisse
1212 2466 1219 2484 :
1234 2458 1377 2485 divitiarum
1391 2457 1455 2484 enim
1470 2457 1528 2491 ﬁnis
1542 2462 1576 2484 est
1591 2458 1695 2483 mutatio
1708 2457 1733 2482 in
1748 2463 1885 2491 pauperta-

1093 2511 1151 2532 tem.
1167 2504 1297 2540 Perpende
1309 2505 1384 2539 igitur
1395 2512 1469 2539 quatit
1481 2504 1558 2530 (iret-is
1574 2504 1605 2530 sit
1620 2503 1737 2538 temporis
1753 2504 1884 2537 possessio.

1094 2551 1161 2577 Nam
1182 2559 1308 2585 possessor
1327 2551 1385 2577 civit
1404 2554 1458 2584 post
1473 2550 1602 2584 jactur-am
1619 2549 1790 2584 possessionis.
1809 2549 1887 2582 Atque

1093 2597 1188 2623 utinam
1205 2596 1318 2631 periisset
1333 2596 1468 2630 possr’ssio,
1485 2603 1562 2629 neque
1576 2595 1601 2620 in
1617 2593 1750 2629 perniciem
1771 2595 1886 2621 traxisset

1092 2643 1174 2677 ipsum
1188 2642 1372 2678 possessorem!
1389 2641 1447 2668 Non
1461 2641 1581 2667 erraretis
1595 2641 1679 2675 igitur.
1695 2640 1717 2666 si
1736 2641 1832 2667 dixeris
1846 2641 1883 2667 di-

1091 2689 1162 2715 vitias
1175 2697 1227 2714 csse
1241 2688 1401 2715 domesticum
1414 2687 1550 2721 ingratum.
1564 2686 1754 2721 sanguinarium
1769 2691 1792 2712 ιιι
1808 2685 1886 2712 homi-

1091 2734 1184 2766 cidam,
1199 2733 1369 2765 domestirmn,
1383 2733 1426 2767 qui
1441 2733 1466 2758 in
1486 2732 1711 2758 remtuterationcnt
1727 2733 1787 2758 lirra
1804 2739 1886 2758 ιιι-τριιι

1091 2779 1176 2813 infert.
1194 2778 1242 2806 Ubi
1260 2778 1378 2812 Entropii
1394 2778 1454 2805 olim
1471 2782 1602 2812 potestate
1616 2782 1642 2804 et
1656 2777 1751 2811 opibus
1766 2776 1887 2804 florentis

1091 2825 1266 2852 calamitatem
1281 2830 1306 2852 et
1322 2832 1414 2852 necem
1434 2831 1643 2851 commemorare
1663 2823 1772 2850 omnino
1795 2823 1887 2850 viden-

1094 2876 1135 2898 lur
1149 2880 1155 2896 ε
1171 2878 1271 2898 necnon
1287 2871 1398 2898 aliorum
1414 2871 1568 2903 multorum,
1579 2871 1622 2905 qui
1636 2877 1684 2905 per
1697 2869 1753 2896 haec
1766 2875 1887 2904 tempora
