  <div class='ocr_page' id='page_1' title='image "/cluster/home/n/w/nwhite01/storage/ocr_20150623/47-48/njp.32101077772612/196.png"; bbox 0 0 2034 3109; ppageno 0'>
   <div class='ocr_carea' id='block_1_1' title="bbox 194 186 1220 226">
    <p class='ocr_par' dir='ltr' id='par_1_1' title="bbox 194 186 1220 226">
     <span class='ocr_line' id='line_1_1' title="bbox 194 186 1220 226; baseline -0.001 -9"><span class='ocrx_word' id='word_1_1' title='bbox 194 198 230 226; x_wconf 68' lang='grc' dir='ltr'><strong>,π</strong></span> <span class='ocrx_word' id='word_1_2' title='bbox 767 189 858 218; x_wconf 68' lang='lat' dir='ltr'><strong>nunc</strong></span> <span class='ocrx_word' id='word_1_3' title='bbox 878 186 1008 216; x_wconf 67' lang='lat' dir='ltr'><strong>annum</strong></span> <span class='ocrx_word' id='word_1_4' title='bbox 1027 187 1220 218; x_wconf 64' lang='lat' dir='ltr'><strong>sponsus.</strong></span> 
     </span>
    </p>
   </div>
   <div class='ocr_carea' id='block_1_2' title="bbox 192 247 962 288">
    <p class='ocr_par' dir='ltr' id='par_1_2' title="bbox 192 247 962 288">
     <span class='ocr_line' id='line_1_2' title="bbox 192 247 962 288; baseline -0.014 -6"><span class='ocrx_word' id='word_1_5' title='bbox 192 252 399 288; x_wconf 80' lang='lat' dir='ltr'><strong>Constantinopoli</strong></span> <span class='ocrx_word' id='word_1_6' title='bbox 420 252 533 279; x_wconf 61' lang='lat' dir='ltr'><strong>fortuna</strong></span> <span class='ocrx_word' id='word_1_7' title='bbox 550 247 755 277; x_wconf 75' lang='lat' dir='ltr'><strong>vicissitudinem</strong></span> <span class='ocrx_word' id='word_1_8' title='bbox 773 247 874 282; x_wconf 81' lang='lat' dir='ltr'><strong>experti</strong></span> <span class='ocrx_word' id='word_1_9' title='bbox 892 249 962 273; x_wconf 81' lang='lat' dir='ltr'><strong>sunt.</strong></span> 
     </span>
    </p>
   </div>
   <div class='ocr_carea' id='block_1_3' title="bbox 192 291 960 334">
    <p class='ocr_par' dir='ltr' id='par_1_3' title="bbox 192 291 960 334">
     <span class='ocr_line' id='line_1_3' title="bbox 192 291 960 334; baseline -0.014 -6"><span class='ocrx_word' id='word_1_10' title='bbox 192 301 298 334; x_wconf 78' lang='lat' dir='ltr'><strong>Quodque</strong></span> <span class='ocrx_word' id='word_1_11' title='bbox 319 295 584 326; x_wconf 71' lang='lat' dir='ltr'><strong>animadvertendum</strong></span> <span class='ocrx_word' id='word_1_12' title='bbox 599 293 647 330; x_wconf 86' lang='grc' dir='ltr'><strong>(Τ.</strong></span> <span class='ocrx_word' id='word_1_13' title='bbox 664 295 690 321; x_wconf 85' lang='grc'><strong>5.</strong></span> <span class='ocrx_word' id='word_1_14' title='bbox 710 301 732 320; x_wconf 79' lang='grc' dir='ltr'>ι.</span> <span class='ocrx_word' id='word_1_15' title='bbox 748 293 809 321; x_wconf 78' lang='grc'><strong>591.</strong></span> <span class='ocrx_word' id='word_1_16' title='bbox 828 297 851 320; x_wconf 82' lang='lat' dir='ltr'><strong>et</strong></span> <span class='ocrx_word' id='word_1_17' title='bbox 868 291 960 326; x_wconf 77' lang='lat' dir='ltr'><strong>seqq.),</strong></span> 
     </span>
    </p>
   </div>
   <div class='ocr_carea' id='block_1_4' title="bbox 194 337 962 380">
    <p class='ocr_par' dir='ltr' id='par_1_4' title="bbox 194 337 962 380">
     <span class='ocr_line' id='line_1_4' title="bbox 194 337 962 380; baseline -0.013 -6"><span class='ocrx_word' id='word_1_18' title='bbox 194 347 224 374; x_wconf 84' lang='lat' dir='ltr'><strong>hic</strong></span> <span class='ocrx_word' id='word_1_19' title='bbox 235 353 296 380; x_wconf 86' lang='lat' dir='ltr'><strong>pene</strong></span> <span class='ocrx_word' id='word_1_20' title='bbox 311 345 375 379; x_wconf 85' lang='lat' dir='ltr'><strong>ipsis</strong></span> <span class='ocrx_word' id='word_1_21' title='bbox 389 343 478 370; x_wconf 80' lang='lat' dir='ltr'><strong>verbis</strong></span> <span class='ocrx_word' id='word_1_22' title='bbox 491 342 572 369; x_wconf 89' lang='lat' dir='ltr'><strong>multa</strong></span> <span class='ocrx_word' id='word_1_23' title='bbox 590 341 703 376; x_wconf 90' lang='lat' dir='ltr'><strong>repetit,</strong></span> <span class='ocrx_word' id='word_1_24' title='bbox 717 346 776 374; x_wconf 65' lang='lat' dir='ltr'><strong>quae</strong></span> <span class='ocrx_word' id='word_1_25' title='bbox 790 339 815 365; x_wconf 93' lang='lat' dir='ltr'><strong>in</strong></span> <span class='ocrx_word' id='word_1_26' title='bbox 831 337 915 372; x_wconf 85' lang='lat' dir='ltr'><strong>prima</strong></span> <span class='ocrx_word' id='word_1_27' title='bbox 929 337 962 365; x_wconf 88' lang='lat' dir='ltr'><strong>de</strong></span> 
     </span>
    </p>
   </div>
   <div class='ocr_carea' id='block_1_5' title="bbox 194 383 962 426">
    <p class='ocr_par' dir='ltr' id='par_1_5' title="bbox 194 383 962 426">
     <span class='ocr_line' id='line_1_5' title="bbox 194 383 962 426; baseline -0.012 -7"><span class='ocrx_word' id='word_1_28' title='bbox 194 391 300 426; x_wconf 86' lang='lat' dir='ltr'><strong>Eutropio</strong></span> <span class='ocrx_word' id='word_1_29' title='bbox 313 389 423 417; x_wconf 86' lang='lat' dir='ltr'><strong>homilia</strong></span> <span class='ocrx_word' id='word_1_30' title='bbox 437 387 554 423; x_wconf 83' lang='lat' dir='ltr'><strong>pluribus</strong></span> <span class='ocrx_word' id='word_1_31' title='bbox 568 386 699 416; x_wconf 85' lang='lat' dir='ltr'><strong>dicuntur,</strong></span> <span class='ocrx_word' id='word_1_32' title='bbox 714 391 816 412; x_wconf 86' lang='lat' dir='ltr'><strong>necnon</strong></span> <span class='ocrx_word' id='word_1_33' title='bbox 831 383 905 411; x_wconf 90' lang='lat' dir='ltr'><strong>initio</strong></span> <span class='ocrx_word' id='word_1_34' title='bbox 920 390 962 410; x_wconf 83' lang='lat' dir='ltr'><strong>se-</strong></span> 
     </span>
    </p>
   </div>
   <div class='ocr_carea' id='block_1_6' title="bbox 192 428 961 471">
    <p class='ocr_par' dir='ltr' id='par_1_6' title="bbox 192 428 961 471">
     <span class='ocr_line' id='line_1_6' title="bbox 192 428 961 471; baseline -0.012 -8"><span class='ocrx_word' id='word_1_35' title='bbox 192 436 276 471; x_wconf 86' lang='lat' dir='ltr'><strong>quentis</strong></span> <span class='ocrx_word' id='word_1_36' title='bbox 290 435 405 462; x_wconf 75' lang='lat' dir='ltr'><strong>homilia:</strong></span> <span class='ocrx_word' id='word_1_37' title='bbox 423 433 457 460; x_wconf 88' lang='lat' dir='ltr'><strong>de</strong></span> <span class='ocrx_word' id='word_1_38' title='bbox 475 432 613 466; x_wconf 85' lang='lat' dir='ltr'><strong>Eutropio.</strong></span> <span class='ocrx_word' id='word_1_39' title='bbox 633 431 698 458; x_wconf 91' lang='lat' dir='ltr'><strong>Ilinc</strong></span> <span class='ocrx_word' id='word_1_40' title='bbox 714 430 793 457; x_wconf 87' lang='lat' dir='ltr'><strong>etiam</strong></span> <span class='ocrx_word' id='word_1_41' title='bbox 810 433 836 456; x_wconf 91' lang='lat' dir='ltr'><strong>et</strong></span> <span class='ocrx_word' id='word_1_42' title='bbox 853 436 884 455; x_wconf 81' lang='lat' dir='ltr'><strong>ex</strong></span> <span class='ocrx_word' id='word_1_43' title='bbox 904 428 961 454; x_wconf 84' lang='lat' dir='ltr'><strong>aliis</strong></span> 
     </span>
    </p>
   </div>
   <div class='ocr_carea' id='block_1_7' title="bbox 192 473 961 516">
    <p class='ocr_par' dir='ltr' id='par_1_7' title="bbox 192 473 961 516">
     <span class='ocr_line' id='line_1_7' title="bbox 192 473 961 516; baseline -0.009 -10"><span class='ocrx_word' id='word_1_44' title='bbox 192 489 276 516; x_wconf 82' lang='lat' dir='ltr'><strong>quoque</strong></span> <span class='ocrx_word' id='word_1_45' title='bbox 293 481 419 516; x_wconf 82' lang='lat' dir='ltr'><strong>probatur</strong></span> <span class='ocrx_word' id='word_1_46' title='bbox 435 478 504 505; x_wconf 86' lang='lat' dir='ltr'><strong>hanc</strong></span> <span class='ocrx_word' id='word_1_47' title='bbox 518 476 652 504; x_wconf 86' lang='lat' dir='ltr'><strong>homiliam</strong></span> <span class='ocrx_word' id='word_1_48' title='bbox 666 473 892 508; x_wconf 82' lang='lat' dir='ltr'><strong>Constantinopoli</strong></span> <span class='ocrx_word' id='word_1_49' title='bbox 910 473 961 499; x_wconf 89' lang='lat' dir='ltr'><strong>hoc</strong></span> 
     </span>
    </p>
   </div>
   <div class='ocr_carea' id='block_1_8' title="bbox 50 515 959 559">
    <p class='ocr_par' dir='ltr' id='par_1_8' title="bbox 50 515 959 559">
     <span class='ocr_line' id='line_1_8' title="bbox 50 515 959 559; baseline -0.014 -3"><span class='ocrx_word' id='word_1_50' title='bbox 50 515 57 547; x_wconf 68' lang='grc' dir='ltr'>ί</span> <span class='ocrx_word' id='word_1_51' title='bbox 192 515 276 554; x_wconf 75' lang='lat' dir='ltr'><strong>circiter</strong></span> <span class='ocrx_word' id='word_1_52' title='bbox 295 515 415 559; x_wconf 85' lang='lat' dir='ltr'><strong>tempore</strong></span> <span class='ocrx_word' id='word_1_53' title='bbox 429 523 527 552; x_wconf 88' lang='lat' dir='ltr'><strong>dictam</strong></span> <span class='ocrx_word' id='word_1_54' title='bbox 547 522 643 553; x_wconf 85' lang='lat' dir='ltr'><strong>fuisse,</strong></span> <span class='ocrx_word' id='word_1_55' title='bbox 659 525 687 548; x_wconf 91' lang='lat' dir='ltr'><strong>ut</strong></span> <span class='ocrx_word' id='word_1_56' title='bbox 704 520 792 547; x_wconf 85' lang='lat' dir='ltr'><strong>videas</strong></span> <span class='ocrx_word' id='word_1_57' title='bbox 808 519 832 546; x_wconf 94' lang='lat' dir='ltr'><strong>in</strong></span> <span class='ocrx_word' id='word_1_58' title='bbox 852 518 959 545; x_wconf 81' lang='lat' dir='ltr'><strong>Monito.</strong></span> 
     </span>
    </p>
   </div>
   <div class='ocr_carea' id='block_1_9' title="bbox 191 566 961 601">
    <p class='ocr_par' dir='ltr' id='par_1_9' title="bbox 191 566 961 601">
     <span class='ocr_line' id='line_1_9' title="bbox 191 566 961 601; baseline -0.014 -1"><span class='ocrx_word' id='word_1_59' title='bbox 191 573 213 600; x_wconf 94' lang='lat' dir='ltr'><strong>lu</strong></span> <span class='ocrx_word' id='word_1_60' title='bbox 230 573 270 600; x_wconf 81' lang='lat' dir='ltr'><strong>liae</strong></span> <span class='ocrx_word' id='word_1_61' title='bbox 289 571 396 599; x_wconf 88' lang='lat' dir='ltr'><strong>bomilia</strong></span> <span class='ocrx_word' id='word_1_62' title='bbox 419 569 586 597; x_wconf 90' lang='lat' dir='ltr'><strong>subindicare</strong></span> <span class='ocrx_word' id='word_1_63' title='bbox 599 567 702 594; x_wconf 87' lang='lat' dir='ltr'><strong>videtur</strong></span> <span class='ocrx_word' id='word_1_64' title='bbox 716 566 920 601; x_wconf 84' lang='lat' dir='ltr'><strong>Chrysostoutus</strong></span> <span class='ocrx_word' id='word_1_65' title='bbox 932 571 961 590; x_wconf 88' lang='lat' dir='ltr'><strong>se</strong></span> 
     </span>
    </p>
   </div>
   <div class='ocr_carea' id='block_1_10' title="bbox 55 613 709 650">
    <p class='ocr_par' dir='ltr' id='par_1_10' title="bbox 55 613 709 650">
     <span class='ocr_line' id='line_1_10' title="bbox 55 613 709 650; baseline -0.017 0"><span class='ocrx_word' id='word_1_66' title='bbox 55 647 56 650; x_wconf 48' lang='grc' dir='ltr'><strong>η</strong></span> <span class='ocrx_word' id='word_1_67' title='bbox 190 619 222 647; x_wconf 82' lang='lat' dir='ltr'><strong>bis</strong></span> <span class='ocrx_word' id='word_1_68' title='bbox 233 619 254 646; x_wconf 94' lang='lat' dir='ltr'><strong>in</strong></span> <span class='ocrx_word' id='word_1_69' title='bbox 267 617 432 646; x_wconf 87' lang='lat' dir='ltr'><strong>hebdomada</strong></span> <span class='ocrx_word' id='word_1_70' title='bbox 448 614 599 642; x_wconf 87' lang='lat' dir='ltr'><strong>coneionari</strong></span> <span class='ocrx_word' id='word_1_71' title='bbox 612 613 709 640; x_wconf 83' lang='lat' dir='ltr'><strong>solere.</strong></span> 
     </span>
    </p>
   </div>
   <div class='ocr_carea' id='block_1_11' title="bbox 54 657 963 703">
    <p class='ocr_par' dir='ltr' id='par_1_11' title="bbox 54 657 963 703">
     <span class='ocr_line' id='line_1_11' title="bbox 54 657 963 703; baseline -0.014 -8"><span class='ocrx_word' id='word_1_72' title='bbox 54 657 58 703; x_wconf 43' lang='grc' dir='ltr'><strong>ἶ</strong></span> <span class='ocrx_word' id='word_1_73' title='bbox 217 666 290 693; x_wconf 78' lang='lat' dir='ltr'><strong>Aliam</strong></span> <span class='ocrx_word' id='word_1_74' title='bbox 305 671 411 699; x_wconf 89' lang='lat' dir='ltr'><strong>quoque</strong></span> <span class='ocrx_word' id='word_1_75' title='bbox 426 663 451 690; x_wconf 91' lang='lat' dir='ltr'><strong>in</strong></span> <span class='ocrx_word' id='word_1_76' title='bbox 467 662 559 690; x_wconf 85' lang='lat' dir='ltr'><strong>eadem</strong></span> <span class='ocrx_word' id='word_1_77' title='bbox 573 659 653 687; x_wconf 89' lang='lat' dir='ltr'><strong>verba</strong></span> <span class='ocrx_word' id='word_1_78' title='bbox 668 660 694 686; x_wconf 90' lang='lat' dir='ltr'><strong>in</strong></span> <span class='ocrx_word' id='word_1_79' title='bbox 709 658 840 685; x_wconf 80' lang='lat' dir='ltr'><strong>Psalmum</strong></span> <span class='ocrx_word' id='word_1_80' title='bbox 852 657 885 684; x_wconf 64' lang='grc'><strong>68</strong></span> <span class='ocrx_word' id='word_1_81' title='bbox 898 663 963 683; x_wconf 87' lang='lat' dir='ltr'><strong>eon-</strong></span> 
     </span>
    </p>
   </div>
   <div class='ocr_carea' id='block_1_12' title="bbox 187 702 961 740">
    <p class='ocr_par' dir='ltr' id='par_1_12' title="bbox 187 702 961 740">
     <span class='ocr_line' id='line_1_12' title="bbox 187 702 961 740; baseline -0.013 -2"><span class='ocrx_word' id='word_1_82' title='bbox 187 712 273 738; x_wconf 70' lang='lat' dir='ltr'><strong>citnnem</strong></span> <span class='ocrx_word' id='word_1_83' title='bbox 288 710 378 737; x_wconf 86' lang='lat' dir='ltr'><strong>habuit</strong></span> <span class='ocrx_word' id='word_1_84' title='bbox 393 705 622 740; x_wconf 74' lang='lat' dir='ltr'><strong>Constantinopoli</strong></span> <span class='ocrx_word' id='word_1_85' title='bbox 638 706 663 731; x_wconf 92' lang='lat' dir='ltr'><strong>in</strong></span> <span class='ocrx_word' id='word_1_86' title='bbox 680 704 770 739; x_wconf 79' lang='lat' dir='ltr'><strong>Magna</strong></span> <span class='ocrx_word' id='word_1_87' title='bbox 791 702 902 730; x_wconf 68' lang='lat' dir='ltr'><strong>ecclesia</strong></span> <span class='ocrx_word' id='word_1_88' title='bbox 913 722 919 733; x_wconf 86' lang='lat'><strong>,</strong></span> <span class='ocrx_word' id='word_1_89' title='bbox 933 706 961 728; x_wconf 93' lang='lat' dir='ltr'><strong>ut</strong></span> 
     </span>
    </p>
   </div>
   <div class='ocr_carea' id='block_1_13' title="bbox 188 748 959 786">
    <p class='ocr_par' dir='ltr' id='par_1_13' title="bbox 188 748 959 786">
     <span class='ocr_line' id='line_1_13' title="bbox 188 748 959 786; baseline -0.014 -2"><span class='ocrx_word' id='word_1_90' title='bbox 188 758 209 784; x_wconf 87' lang='lat' dir='ltr'><strong>iu</strong></span> <span class='ocrx_word' id='word_1_91' title='bbox 223 757 289 784; x_wconf 92' lang='lat' dir='ltr'><strong>titulo</strong></span> <span class='ocrx_word' id='word_1_92' title='bbox 304 756 397 783; x_wconf 81' lang='lat' dir='ltr'><strong>fertur.</strong></span> <span class='ocrx_word' id='word_1_93' title='bbox 419 754 484 781; x_wconf 82' lang='lat' dir='ltr'><strong>Erat</strong></span> <span class='ocrx_word' id='word_1_94' title='bbox 504 757 591 779; x_wconf 86' lang='lat' dir='ltr'><strong>autem</strong></span> <span class='ocrx_word' id='word_1_95' title='bbox 611 751 703 786; x_wconf 83' lang='lat' dir='ltr'><strong>Magna</strong></span> <span class='ocrx_word' id='word_1_96' title='bbox 722 749 833 777; x_wconf 73' lang='lat' dir='ltr'><strong>ecclesia</strong></span> <span class='ocrx_word' id='word_1_97' title='bbox 854 748 913 779; x_wconf 85' lang='lat' dir='ltr'><strong>illa,</strong></span> <span class='ocrx_word' id='word_1_98' title='bbox 935 748 959 774; x_wconf 90' lang='lat' dir='ltr'><strong>in</strong></span> 
     </span>
    </p>
   </div>
   <div class='ocr_carea' id='block_1_14' title="bbox 184 794 960 838">
    <p class='ocr_par' dir='ltr' id='par_1_14' title="bbox 184 794 960 838">
     <span class='ocr_line' id='line_1_14' title="bbox 184 794 960 838; baseline -0.013 -9"><span class='ocrx_word' id='word_1_99' title='bbox 184 812 227 838; x_wconf 88' lang='lat' dir='ltr'><strong>qua</strong></span> <span class='ocrx_word' id='word_1_100' title='bbox 239 801 397 836; x_wconf 80' lang='lat' dir='ltr'><strong>frequentius</strong></span> <span class='ocrx_word' id='word_1_101' title='bbox 414 800 553 834; x_wconf 77' lang='lat' dir='ltr'><strong>episcopus</strong></span> <span class='ocrx_word' id='word_1_102' title='bbox 573 796 793 827; x_wconf 84' lang='lat' dir='ltr'><strong>eouciouabatur,</strong></span> <span class='ocrx_word' id='word_1_103' title='bbox 808 794 899 829; x_wconf 79' lang='lat' dir='ltr'><strong>Magna</strong></span> <span class='ocrx_word' id='word_1_104' title='bbox 913 801 960 828; x_wconf 67' lang='lat' dir='ltr'><strong>ap&lt;</strong></span> 
     </span>
    </p>
   </div>
   <div class='ocr_carea' id='block_1_15' title="bbox 183 840 962 884">
    <p class='ocr_par' dir='ltr' id='par_1_15' title="bbox 183 840 962 884">
     <span class='ocr_line' id='line_1_15' title="bbox 183 840 962 884; baseline -0.014 -9"><span class='ocrx_word' id='word_1_105' title='bbox 183 849 281 884; x_wconf 69' lang='lat' dir='ltr'><strong>peltata,</strong></span> <span class='ocrx_word' id='word_1_106' title='bbox 296 846 367 882; x_wconf 91' lang='lat' dir='ltr'><strong>quod</strong></span> <span class='ocrx_word' id='word_1_107' title='bbox 385 845 490 873; x_wconf 68' lang='lat' dir='ltr'><strong>carioris</strong></span> <span class='ocrx_word' id='word_1_108' title='bbox 504 843 616 878; x_wconf 88' lang='lat' dir='ltr'><strong>amplior</strong></span> <span class='ocrx_word' id='word_1_109' title='bbox 633 846 711 869; x_wconf 83' lang='lat' dir='ltr'><strong>esset.</strong></span> <span class='ocrx_word' id='word_1_110' title='bbox 728 840 906 867; x_wconf 88' lang='lat' dir='ltr'><strong>Concionatus</strong></span> <span class='ocrx_word' id='word_1_111' title='bbox 920 843 962 866; x_wconf 89' lang='lat' dir='ltr'><strong>est</strong></span> 
     </span>
    </p>
   </div>
   <div class='ocr_carea' id='block_1_16' title="bbox 181 885 960 928">
    <p class='ocr_par' dir='ltr' id='par_1_16' title="bbox 181 885 960 928">
     <span class='ocr_line' id='line_1_16' title="bbox 181 885 960 928; baseline -0.014 -7"><span class='ocrx_word' id='word_1_112' title='bbox 181 899 272 925; x_wconf 87' lang='lat' dir='ltr'><strong>autem,</strong></span> <span class='ocrx_word' id='word_1_113' title='bbox 289 897 430 928; x_wconf 79' lang='lat' dir='ltr'><strong>postquam</strong></span> <span class='ocrx_word' id='word_1_114' title='bbox 451 891 516 917; x_wconf 88' lang='lat' dir='ltr'><strong>alius</strong></span> <span class='ocrx_word' id='word_1_115' title='bbox 535 897 566 916; x_wconf 69' lang='lat' dir='ltr'><strong>ex</strong></span> <span class='ocrx_word' id='word_1_116' title='bbox 591 892 697 922; x_wconf 76' lang='lat' dir='ltr'><strong>recepto</strong></span> <span class='ocrx_word' id='word_1_117' title='bbox 719 894 793 913; x_wconf 80' lang='lat' dir='ltr'><strong>tnure</strong></span> <span class='ocrx_word' id='word_1_118' title='bbox 815 885 960 912; x_wconf 86' lang='lat' dir='ltr'><strong>orationem</strong></span> 
     </span>
    </p>
   </div>
   <div class='ocr_carea' id='block_1_17' title="bbox 182 932 960 971">
    <p class='ocr_par' dir='ltr' id='par_1_17' title="bbox 182 932 960 971">
     <span class='ocr_line' id='line_1_17' title="bbox 182 932 960 971; baseline -0.012 -4"><span class='ocrx_word' id='word_1_119' title='bbox 182 940 313 971; x_wconf 73' lang='lat' dir='ltr'><strong>habuerat,</strong></span> <span class='ocrx_word' id='word_1_120' title='bbox 333 938 517 966; x_wconf 82' lang='lat' dir='ltr'><strong>brevissimam</strong></span> <span class='ocrx_word' id='word_1_121' title='bbox 535 935 657 970; x_wconf 90' lang='lat' dir='ltr'><strong>quidem,</strong></span> <span class='ocrx_word' id='word_1_122' title='bbox 673 933 718 961; x_wconf 90' lang='lat' dir='ltr'><strong>sed</strong></span> <span class='ocrx_word' id='word_1_123' title='bbox 734 941 791 968; x_wconf 63' lang='lat' dir='ltr'><strong>quae</strong></span> <span class='ocrx_word' id='word_1_124' title='bbox 811 932 960 959; x_wconf 87' lang='lat' dir='ltr'><strong>auditorum</strong></span> 
     </span>
    </p>
   </div>
   <div class='ocr_carea' id='block_1_18' title="bbox 53 977 960 1016">
    <p class='ocr_par' dir='ltr' id='par_1_18' title="bbox 53 977 960 1016">
     <span class='ocr_line' id='line_1_18' title="bbox 53 977 960 1016; baseline -0.011 -3"><span class='ocrx_word' id='word_1_125' title='bbox 53 1001 56 1013; x_wconf 91' lang='lat' dir='ltr'><strong>l</strong></span> <span class='ocrx_word' id='word_1_126' title='bbox 182 985 260 1012; x_wconf 75' lang='lat' dir='ltr'><strong>laudes</strong></span> <span class='ocrx_word' id='word_1_127' title='bbox 278 987 431 1013; x_wconf 82' lang='lat' dir='ltr'><strong>meruerat,</strong></span> <span class='ocrx_word' id='word_1_128' title='bbox 446 987 471 1010; x_wconf 84' lang='lat' dir='ltr'><strong>et</strong></span> <span class='ocrx_word' id='word_1_129' title='bbox 490 989 503 1008; x_wconf 86' lang='lat' dir='ltr'><strong>a</strong></span> <span class='ocrx_word' id='word_1_130' title='bbox 517 981 707 1016; x_wconf 76' lang='lat' dir='ltr'><strong>Chrysostomo</strong></span> <span class='ocrx_word' id='word_1_131' title='bbox 727 983 754 1005; x_wconf 90' lang='lat' dir='ltr'><strong>ut</strong></span> <span class='ocrx_word' id='word_1_132' title='bbox 776 978 862 1013; x_wconf 77' lang='lat' dir='ltr'><strong>magni</strong></span> <span class='ocrx_word' id='word_1_133' title='bbox 883 977 960 1012; x_wconf 85' lang='lat' dir='ltr'><strong>pretii</strong></span> 
     </span>
    </p>
   </div>
   <div class='ocr_carea' id='block_1_19' title="bbox 180 1023 961 1059">
    <p class='ocr_par' dir='ltr' id='par_1_19' title="bbox 180 1023 961 1059">
     <span class='ocr_line' id='line_1_19' title="bbox 180 1023 961 1059; baseline -0.013 -1"><span class='ocrx_word' id='word_1_134' title='bbox 180 1030 325 1057; x_wconf 58' lang='lat' dir='ltr'><strong>celebratur.</strong></span> <span class='ocrx_word' id='word_1_135' title='bbox 342 1029 403 1056; x_wconf 80' lang='lat' dir='ltr'><strong>Post</strong></span> <span class='ocrx_word' id='word_1_136' title='bbox 418 1027 545 1055; x_wconf 89' lang='lat' dir='ltr'><strong>tumultus</strong></span> <span class='ocrx_word' id='word_1_137' title='bbox 559 1033 622 1052; x_wconf 86' lang='lat' dir='ltr'><strong>vero</strong></span> <span class='ocrx_word' id='word_1_138' title='bbox 636 1024 762 1059; x_wconf 88' lang='lat' dir='ltr'><strong>quosdam</strong></span> <span class='ocrx_word' id='word_1_139' title='bbox 776 1023 961 1049; x_wconf 79' lang='lat' dir='ltr'><strong>Constantino-</strong></span> 
     </span>
    </p>
   </div>
   <div class='ocr_carea' id='block_1_20' title="bbox 181 1067 961 1109">
    <p class='ocr_par' dir='ltr' id='par_1_20' title="bbox 181 1067 961 1109">
     <span class='ocr_line' id='line_1_20' title="bbox 181 1067 961 1109; baseline -0.014 -6"><span class='ocrx_word' id='word_1_140' title='bbox 181 1076 298 1109; x_wconf 84' lang='lat' dir='ltr'><strong>politanos</strong></span> <span class='ocrx_word' id='word_1_141' title='bbox 312 1073 510 1108; x_wconf 84' lang='lat' dir='ltr'><strong>pronuntiatam</strong></span> <span class='ocrx_word' id='word_1_142' title='bbox 526 1071 606 1098; x_wconf 80' lang='lat' dir='ltr'><strong>fuisse</strong></span> <span class='ocrx_word' id='word_1_143' title='bbox 619 1070 687 1096; x_wconf 90' lang='lat' dir='ltr'><strong>hanc</strong></span> <span class='ocrx_word' id='word_1_144' title='bbox 700 1068 832 1095; x_wconf 86' lang='lat' dir='ltr'><strong>homiliam</strong></span> <span class='ocrx_word' id='word_1_145' title='bbox 845 1067 961 1102; x_wconf 74' lang='lat' dir='ltr'><strong>Chryso-</strong></span> 
     </span>
    </p>
   </div>
   <div class='ocr_carea' id='block_1_21' title="bbox 181 1114 962 1151">
    <p class='ocr_par' dir='ltr' id='par_1_21' title="bbox 181 1114 962 1151">
     <span class='ocr_line' id='line_1_21' title="bbox 181 1114 962 1151; baseline -0.013 -4"><span class='ocrx_word' id='word_1_146' title='bbox 181 1125 270 1147; x_wconf 75' lang='lat' dir='ltr'><strong>ntomus</strong></span> <span class='ocrx_word' id='word_1_147' title='bbox 282 1119 332 1146; x_wconf 85' lang='lat' dir='ltr'><strong>sub</strong></span> <span class='ocrx_word' id='word_1_148' title='bbox 345 1119 448 1146; x_wconf 89' lang='lat' dir='ltr'><strong>initium</strong></span> <span class='ocrx_word' id='word_1_149' title='bbox 459 1117 546 1144; x_wconf 86' lang='lat' dir='ltr'><strong>docet.</strong></span> <span class='ocrx_word' id='word_1_150' title='bbox 562 1116 614 1151; x_wconf 77' lang='lat' dir='ltr'><strong>Age</strong></span> <span class='ocrx_word' id='word_1_151' title='bbox 624 1123 693 1149; x_wconf 79' lang='lat' dir='ltr'><strong>ergo,</strong></span> <span class='ocrx_word' id='word_1_152' title='bbox 706 1114 798 1148; x_wconf 82' lang='lat' dir='ltr'><strong>inquit,</strong></span> <span class='ocrx_word' id='word_1_153' title='bbox 810 1121 855 1139; x_wconf 84' lang='lat' dir='ltr'><strong>nos</strong></span> <span class='ocrx_word' id='word_1_154' title='bbox 865 1120 962 1146; x_wconf 84' lang='lat' dir='ltr'><strong>quoque</strong></span> 
     </span>
    </p>
   </div>
   <div class='ocr_carea' id='block_1_22' title="bbox 181 1158 960 1199">
    <p class='ocr_par' dir='ltr' id='par_1_22' title="bbox 181 1158 960 1199">
     <span class='ocr_line' id='line_1_22' title="bbox 181 1158 960 1199; baseline -0.01 -8"><span class='ocrx_word' id='word_1_155' title='bbox 181 1166 320 1191; x_wconf 84' lang='lat' dir='ltr'><strong>ttuuultuum</strong></span> <span class='ocrx_word' id='word_1_156' title='bbox 332 1164 375 1199; x_wconf 86' lang='lat' dir='ltr'><strong>qui</strong></span> <span class='ocrx_word' id='word_1_157' title='bbox 386 1165 443 1199; x_wconf 85' lang='lat' dir='ltr'><strong>jam</strong></span> <span class='ocrx_word' id='word_1_158' title='bbox 458 1162 628 1196; x_wconf 78' lang='lat' dir='ltr'><strong>contigerunt,</strong></span> <span class='ocrx_word' id='word_1_159' title='bbox 643 1160 752 1194; x_wconf 79' lang='lat' dir='ltr'><strong>procella</strong></span> <span class='ocrx_word' id='word_1_160' title='bbox 768 1158 880 1189; x_wconf 79' lang='lat' dir='ltr'><strong>liberati,</strong></span> <span class='ocrx_word' id='word_1_161' title='bbox 894 1163 960 1183; x_wconf 82' lang='lat' dir='ltr'><strong>tam-</strong></span> 
     </span>
    </p>
   </div>
   <div class='ocr_carea' id='block_1_23' title="bbox 180 1205 960 1244">
    <p class='ocr_par' dir='ltr' id='par_1_23' title="bbox 180 1205 960 1244">
     <span class='ocr_line' id='line_1_23' title="bbox 180 1205 960 1244; baseline -0.01 -7"><span class='ocrx_word' id='word_1_162' title='bbox 180 1219 246 1243; x_wconf 81' lang='lat' dir='ltr'><strong>quam</strong></span> <span class='ocrx_word' id='word_1_163' title='bbox 258 1210 398 1244; x_wconf 82' lang='lat' dir='ltr'><strong>ﬂuvialibus</strong></span> <span class='ocrx_word' id='word_1_164' title='bbox 405 1208 555 1244; x_wconf 82' lang='lat' dir='ltr'><strong>quibusdam</strong></span> <span class='ocrx_word' id='word_1_165' title='bbox 565 1207 635 1241; x_wconf 88' lang='lat' dir='ltr'><strong>aquis</strong></span> <span class='ocrx_word' id='word_1_166' title='bbox 645 1213 718 1232; x_wconf 81' lang='lat' dir='ltr'><strong>aures</strong></span> <span class='ocrx_word' id='word_1_167' title='bbox 734 1210 830 1231; x_wconf 80' lang='lat' dir='ltr'><strong>nostras</strong></span> <span class='ocrx_word' id='word_1_168' title='bbox 844 1205 960 1230; x_wconf 73' lang='lat' dir='ltr'><strong>lectiones</strong></span> 
     </span>
    </p>
   </div>
   <div class='ocr_carea' id='block_1_24' title="bbox 181 1249 961 1289">
    <p class='ocr_par' dir='ltr' id='par_1_24' title="bbox 181 1249 961 1289">
     <span class='ocr_line' id='line_1_24' title="bbox 181 1249 961 1289; baseline -0.01 -7"><span class='ocrx_word' id='word_1_169' title='bbox 181 1255 359 1289; x_wconf 74' lang='lat' dir='ltr'><strong>Scriptumrum</strong></span> <span class='ocrx_word' id='word_1_170' title='bbox 372 1254 516 1280; x_wconf 79' lang='lat' dir='ltr'><strong>abluantus.</strong></span> <span class='ocrx_word' id='word_1_171' title='bbox 531 1253 566 1279; x_wconf 90' lang='lat' dir='ltr'><strong>De</strong></span> <span class='ocrx_word' id='word_1_172' title='bbox 580 1259 632 1287; x_wconf 90' lang='lat' dir='ltr'><strong>quo</strong></span> <span class='ocrx_word' id='word_1_173' title='bbox 647 1251 760 1278; x_wconf 89' lang='lat' dir='ltr'><strong>tumulttt</strong></span> <span class='ocrx_word' id='word_1_174' title='bbox 775 1254 802 1276; x_wconf 87' lang='lat' dir='ltr'><strong>ct</strong></span> <span class='ocrx_word' id='word_1_175' title='bbox 821 1249 961 1284; x_wconf 84' lang='lat' dir='ltr'><strong>perturba-</strong></span> 
     </span>
    </p>
   </div>
   <div class='ocr_carea' id='block_1_25' title="bbox 180 1294 961 1334">
    <p class='ocr_par' dir='ltr' id='par_1_25' title="bbox 180 1294 961 1334">
     <span class='ocr_line' id='line_1_25' title="bbox 180 1294 961 1334; baseline -0.006 -8"><span class='ocrx_word' id='word_1_176' title='bbox 180 1300 285 1328; x_wconf 84' lang='lat' dir='ltr'><strong>tionibus</strong></span> <span class='ocrx_word' id='word_1_177' title='bbox 305 1300 426 1334; x_wconf 59' lang='lat' dir='ltr'><strong>quaedam</strong></span> <span class='ocrx_word' id='word_1_178' title='bbox 447 1299 512 1325; x_wconf 87' lang='lat' dir='ltr'><strong>dicit</strong></span> <span class='ocrx_word' id='word_1_179' title='bbox 528 1298 607 1324; x_wconf 86' lang='lat' dir='ltr'><strong>etiam</strong></span> <span class='ocrx_word' id='word_1_180' title='bbox 624 1296 744 1323; x_wconf 81' lang='lat' dir='ltr'><strong>inferius.</strong></span> <span class='ocrx_word' id='word_1_181' title='bbox 760 1295 892 1322; x_wconf 82' lang='lat' dir='ltr'><strong>Putaverit</strong></span> <span class='ocrx_word' id='word_1_182' title='bbox 909 1294 961 1321; x_wconf 88' lang='lat' dir='ltr'><strong>for-</strong></span> 
     </span>
    </p>
   </div>
   <div class='ocr_carea' id='block_1_26' title="bbox 181 1340 961 1380">
    <p class='ocr_par' dir='ltr' id='par_1_26' title="bbox 181 1340 961 1380">
     <span class='ocr_line' id='line_1_26' title="bbox 181 1340 961 1380; baseline -0.008 -8"><span class='ocrx_word' id='word_1_183' title='bbox 181 1350 239 1372; x_wconf 78' lang='lat' dir='ltr'><strong>lasse</strong></span> <span class='ocrx_word' id='word_1_184' title='bbox 253 1345 383 1380; x_wconf 77' lang='lat' dir='ltr'><strong>quispiam</strong></span> <span class='ocrx_word' id='word_1_185' title='bbox 407 1344 450 1370; x_wconf 89' lang='lat' dir='ltr'><strong>hic</strong></span> <span class='ocrx_word' id='word_1_186' title='bbox 470 1343 510 1377; x_wconf 90' lang='lat' dir='ltr'><strong>agi</strong></span> <span class='ocrx_word' id='word_1_187' title='bbox 531 1343 564 1369; x_wconf 90' lang='lat' dir='ltr'><strong>de</strong></span> <span class='ocrx_word' id='word_1_188' title='bbox 581 1343 670 1376; x_wconf 87' lang='lat' dir='ltr'><strong>priore</strong></span> <span class='ocrx_word' id='word_1_189' title='bbox 685 1341 777 1368; x_wconf 76' lang='lat' dir='ltr'><strong>exsilio</strong></span> <span class='ocrx_word' id='word_1_190' title='bbox 788 1361 795 1373; x_wconf 87' lang='lat'><strong>,</strong></span> <span class='ocrx_word' id='word_1_191' title='bbox 809 1340 878 1375; x_wconf 90' lang='lat' dir='ltr'><strong>quod</strong></span> <span class='ocrx_word' id='word_1_192' title='bbox 891 1348 961 1366; x_wconf 88' lang='lat' dir='ltr'><strong>anno</strong></span> 
     </span>
    </p>
   </div>
   <div class='ocr_carea' id='block_1_27' title="bbox 180 1386 960 1425">
    <p class='ocr_par' dir='ltr' id='par_1_27' title="bbox 180 1386 960 1425">
     <span class='ocr_line' id='line_1_27' title="bbox 180 1386 960 1425; baseline -0.009 -7"><span class='ocrx_word' id='word_1_193' title='bbox 180 1391 224 1418; x_wconf 60' lang='lat'><strong>£03</strong></span> <span class='ocrx_word' id='word_1_194' title='bbox 234 1391 344 1425; x_wconf 74' lang='lat' dir='ltr'><strong>contigit</strong></span> <span class='ocrx_word' id='word_1_195' title='bbox 356 1399 362 1416; x_wconf 90' lang='lat'><strong>:</strong></span> <span class='ocrx_word' id='word_1_196' title='bbox 376 1395 402 1417; x_wconf 91' lang='lat' dir='ltr'><strong>at</strong></span> <span class='ocrx_word' id='word_1_197' title='bbox 415 1389 541 1416; x_wconf 84' lang='lat' dir='ltr'><strong>libentius</strong></span> <span class='ocrx_word' id='word_1_198' title='bbox 555 1388 691 1415; x_wconf 88' lang='lat' dir='ltr'><strong>crederem</strong></span> <span class='ocrx_word' id='word_1_199' title='bbox 707 1387 748 1414; x_wconf 90' lang='lat' dir='ltr'><strong>hic</strong></span> <span class='ocrx_word' id='word_1_200' title='bbox 762 1387 832 1421; x_wconf 86' lang='lat' dir='ltr'><strong>loqui</strong></span> <span class='ocrx_word' id='word_1_201' title='bbox 848 1386 960 1421; x_wconf 82' lang='lat' dir='ltr'><strong>Chryso-</strong></span> 
     </span>
    </p>
   </div>
   <div class='ocr_carea' id='block_1_28' title="bbox 179 1432 960 1469">
    <p class='ocr_par' dir='ltr' id='par_1_28' title="bbox 179 1432 960 1469">
     <span class='ocr_line' id='line_1_28' title="bbox 179 1432 960 1469; baseline -0.005 -7"><span class='ocrx_word' id='word_1_202' title='bbox 179 1443 279 1464; x_wconf 72' lang='lat' dir='ltr'><strong>stomum</strong></span> <span class='ocrx_word' id='word_1_203' title='bbox 298 1437 334 1463; x_wconf 88' lang='lat' dir='ltr'><strong>de</strong></span> <span class='ocrx_word' id='word_1_204' title='bbox 353 1437 432 1463; x_wconf 86' lang='lat' dir='ltr'><strong>rebus</strong></span> <span class='ocrx_word' id='word_1_205' title='bbox 448 1435 576 1469; x_wconf 79' lang='lat' dir='ltr'><strong>Eutropii,</strong></span> <span class='ocrx_word' id='word_1_206' title='bbox 593 1435 708 1468; x_wconf 85' lang='lat' dir='ltr'><strong>itemque</strong></span> <span class='ocrx_word' id='word_1_207' title='bbox 722 1433 856 1460; x_wconf 84' lang='lat' dir='ltr'><strong>Aureliani</strong></span> <span class='ocrx_word' id='word_1_208' title='bbox 873 1438 899 1460; x_wconf 87' lang='lat' dir='ltr'><strong>et</strong></span> <span class='ocrx_word' id='word_1_209' title='bbox 912 1432 960 1460; x_wconf 88' lang='lat' dir='ltr'><strong>Sa-</strong></span> 
     </span>
    </p>
   </div>
   <div class='ocr_carea' id='block_1_29' title="bbox 179 1477 961 1516">
    <p class='ocr_par' dir='ltr' id='par_1_29' title="bbox 179 1477 961 1516">
     <span class='ocr_line' id='line_1_29' title="bbox 179 1477 961 1516; baseline -0.005 -9"><span class='ocrx_word' id='word_1_210' title='bbox 179 1482 264 1508; x_wconf 83' lang='lat' dir='ltr'><strong>turniui</strong></span> <span class='ocrx_word' id='word_1_211' title='bbox 279 1481 440 1516; x_wconf 84' lang='lat' dir='ltr'><strong>optimatum</strong></span> <span class='ocrx_word' id='word_1_212' title='bbox 451 1501 459 1513; x_wconf 86' lang='lat'><strong>,</strong></span> <span class='ocrx_word' id='word_1_213' title='bbox 473 1480 516 1515; x_wconf 90' lang='lat' dir='ltr'><strong>qui</strong></span> <span class='ocrx_word' id='word_1_214' title='bbox 529 1479 620 1506; x_wconf 74' lang='lat' dir='ltr'><strong>Gainze</strong></span> <span class='ocrx_word' id='word_1_215' title='bbox 633 1486 712 1514; x_wconf 81' lang='lat' dir='ltr'><strong>opera</strong></span> <span class='ocrx_word' id='word_1_216' title='bbox 726 1483 752 1506; x_wconf 89' lang='lat' dir='ltr'><strong>et</strong></span> <span class='ocrx_word' id='word_1_217' title='bbox 766 1478 877 1505; x_wconf 90' lang='lat' dir='ltr'><strong>tumultu</strong></span> <span class='ocrx_word' id='word_1_218' title='bbox 895 1477 961 1512; x_wconf 91' lang='lat' dir='ltr'><strong>pulsi</strong></span> 
     </span>
    </p>
   </div>
   <div class='ocr_carea' id='block_1_30' title="bbox 177 1523 963 1560">
    <p class='ocr_par' dir='ltr' id='par_1_30' title="bbox 177 1523 963 1560">
     <span class='ocr_line' id='line_1_30' title="bbox 177 1523 963 1560; baseline -0.003 -8"><span class='ocrx_word' id='word_1_219' title='bbox 177 1527 266 1553; x_wconf 87' lang='lat' dir='ltr'><strong>suntin</strong></span> <span class='ocrx_word' id='word_1_220' title='bbox 279 1527 416 1557; x_wconf 83' lang='lat' dir='ltr'><strong>exsiliunt,</strong></span> <span class='ocrx_word' id='word_1_221' title='bbox 431 1525 517 1560; x_wconf 89' lang='lat' dir='ltr'><strong>deque</strong></span> <span class='ocrx_word' id='word_1_222' title='bbox 529 1525 621 1552; x_wconf 77' lang='lat' dir='ltr'><strong>Caina:</strong></span> <span class='ocrx_word' id='word_1_223' title='bbox 635 1524 800 1555; x_wconf 78' lang='lat' dir='ltr'><strong>defectione;</strong></span> <span class='ocrx_word' id='word_1_224' title='bbox 816 1523 904 1558; x_wconf 87' lang='lat' dir='ltr'><strong>sicque</strong></span> <span class='ocrx_word' id='word_1_225' title='bbox 916 1531 963 1550; x_wconf 88' lang='lat' dir='ltr'><strong>an-</strong></span> 
     </span>
    </p>
   </div>
   <div class='ocr_carea' id='block_1_31' title="bbox 177 1562 962 1605">
    <p class='ocr_par' dir='ltr' id='par_1_31' title="bbox 177 1562 962 1605">
     <span class='ocr_line' id='line_1_31' title="bbox 177 1562 962 1605; baseline -0.001 -9"><span class='ocrx_word' id='word_1_226' title='bbox 177 1579 207 1598; x_wconf 89' lang='lat' dir='ltr'><strong>no</strong></span> <span class='ocrx_word' id='word_1_227' title='bbox 218 1572 274 1605; x_wconf 66' lang='grc'><strong>601,</strong></span> <span class='ocrx_word' id='word_1_228' title='bbox 289 1572 336 1599; x_wconf 85' lang='lat' dir='ltr'><strong>vel</strong></span> <span class='ocrx_word' id='word_1_229' title='bbox 350 1572 412 1603; x_wconf 70' lang='lat'><strong>402,</strong></span> <span class='ocrx_word' id='word_1_230' title='bbox 429 1571 517 1598; x_wconf 89' lang='lat' dir='ltr'><strong>habita</strong></span> <span class='ocrx_word' id='word_1_231' title='bbox 533 1570 611 1598; x_wconf 64' lang='lat' dir='ltr'><strong>Mrit</strong></span> <span class='ocrx_word' id='word_1_232' title='bbox 625 1569 681 1597; x_wconf 74' lang='lat' dir='ltr'><strong>hzcc</strong></span> <span class='ocrx_word' id='word_1_233' title='bbox 692 1569 795 1602; x_wconf 87' lang='lat' dir='ltr'><strong>concio,</strong></span> <span class='ocrx_word' id='word_1_234' title='bbox 808 1562 858 1596; x_wconf 79' lang='lat' dir='ltr'><strong>etsi</strong></span> <span class='ocrx_word' id='word_1_235' title='bbox 871 1568 895 1595; x_wconf 90' lang='lat' dir='ltr'><strong>id</strong></span> <span class='ocrx_word' id='word_1_236' title='bbox 909 1576 962 1595; x_wconf 82' lang='lat' dir='ltr'><strong>non</strong></span> 
     </span>
    </p>
   </div>
   <div class='ocr_carea' id='block_1_32' title="bbox 175 1611 963 1643">
    <p class='ocr_par' dir='ltr' id='par_1_32' title="bbox 175 1611 963 1643">
     <span class='ocr_line' id='line_1_32' title="bbox 175 1611 963 1643; baseline -0.004 -2"><span class='ocrx_word' id='word_1_237' title='bbox 175 1616 277 1642; x_wconf 86' lang='lat' dir='ltr'><strong>omnino</strong></span> <span class='ocrx_word' id='word_1_238' title='bbox 288 1619 397 1643; x_wconf 84' lang='lat' dir='ltr'><strong>certum</strong></span> <span class='ocrx_word' id='word_1_239' title='bbox 411 1618 463 1640; x_wconf 85' lang='lat' dir='ltr'><strong>est.</strong></span> <span class='ocrx_word' id='word_1_240' title='bbox 482 1613 529 1640; x_wconf 88' lang='lat' dir='ltr'><strong>llic</strong></span> <span class='ocrx_word' id='word_1_241' title='bbox 538 1620 581 1640; x_wconf 88' lang='lat' dir='ltr'><strong>res</strong></span> <span class='ocrx_word' id='word_1_242' title='bbox 594 1619 688 1639; x_wconf 88' lang='lat' dir='ltr'><strong>omnes</strong></span> <span class='ocrx_word' id='word_1_243' title='bbox 702 1611 832 1638; x_wconf 88' lang='lat' dir='ltr'><strong>humanas</strong></span> <span class='ocrx_word' id='word_1_244' title='bbox 843 1611 963 1638; x_wconf 81' lang='lat' dir='ltr'><strong>umbram</strong></span> 
     </span>
    </p>
   </div>
   <div class='ocr_carea' id='block_1_33' title="bbox 178 1658 964 1692">
    <p class='ocr_par' dir='ltr' id='par_1_33' title="bbox 178 1658 964 1692">
     <span class='ocr_line' id='line_1_33' title="bbox 178 1658 964 1692; baseline -0.003 -6"><span class='ocrx_word' id='word_1_245' title='bbox 178 1669 231 1688; x_wconf 79' lang='lat' dir='ltr'><strong>esse</strong></span> <span class='ocrx_word' id='word_1_246' title='bbox 242 1662 313 1689; x_wconf 87' lang='lat' dir='ltr'><strong>dicit.</strong></span> <span class='ocrx_word' id='word_1_247' title='bbox 330 1661 435 1688; x_wconf 80' lang='lat' dir='ltr'><strong>Luxum</strong></span> <span class='ocrx_word' id='word_1_248' title='bbox 451 1666 515 1685; x_wconf 83' lang='lat' dir='ltr'><strong>vero</strong></span> <span class='ocrx_word' id='word_1_249' title='bbox 530 1658 889 1692; x_wconf 84' lang='lat' dir='ltr'><strong>Constantinopolitanorum</strong></span> <span class='ocrx_word' id='word_1_250' title='bbox 904 1664 964 1684; x_wconf 85' lang='lat' dir='ltr'><strong>nus-</strong></span> 
     </span>
    </p>
   </div>
   <div class='ocr_carea' id='block_1_34' title="bbox 175 1703 964 1743">
    <p class='ocr_par' dir='ltr' id='par_1_34' title="bbox 175 1703 964 1743">
     <span class='ocr_line' id='line_1_34' title="bbox 175 1703 964 1743; baseline -0.004 -10"><span class='ocrx_word' id='word_1_251' title='bbox 175 1715 246 1741; x_wconf 88' lang='lat' dir='ltr'><strong>quam</strong></span> <span class='ocrx_word' id='word_1_252' title='bbox 258 1709 292 1735; x_wconf 85' lang='lat' dir='ltr'><strong>ita</strong></span> <span class='ocrx_word' id='word_1_253' title='bbox 302 1707 446 1743; x_wconf 84' lang='lat' dir='ltr'><strong>speciatim</strong></span> <span class='ocrx_word' id='word_1_254' title='bbox 459 1706 609 1740; x_wconf 81' lang='lat' dir='ltr'><strong>descripsit,</strong></span> <span class='ocrx_word' id='word_1_255' title='bbox 623 1710 649 1732; x_wconf 89' lang='lat' dir='ltr'><strong>et</strong></span> <span class='ocrx_word' id='word_1_256' title='bbox 659 1709 799 1739; x_wconf 86' lang='lat' dir='ltr'><strong>postquam</strong></span> <span class='ocrx_word' id='word_1_257' title='bbox 809 1703 964 1731; x_wconf 81' lang='lat' dir='ltr'><strong>ostenderat</strong></span> 
     </span>
    </p>
   </div>
   <div class='ocr_carea' id='block_1_35' title="bbox 175 1749 964 1789">
    <p class='ocr_par' dir='ltr' id='par_1_35' title="bbox 175 1749 964 1789">
     <span class='ocr_line' id='line_1_35' title="bbox 175 1749 964 1789; baseline -0.004 -10"><span class='ocrx_word' id='word_1_258' title='bbox 175 1760 245 1787; x_wconf 83' lang='lat' dir='ltr'><strong>quam</strong></span> <span class='ocrx_word' id='word_1_259' title='bbox 260 1753 381 1789; x_wconf 74' lang='lat' dir='ltr'><strong>fugitiva:</strong></span> <span class='ocrx_word' id='word_1_260' title='bbox 395 1753 450 1780; x_wconf 88' lang='lat' dir='ltr'><strong>sint</strong></span> <span class='ocrx_word' id='word_1_261' title='bbox 466 1759 531 1786; x_wconf 86' lang='lat' dir='ltr'><strong>opes</strong></span> <span class='ocrx_word' id='word_1_262' title='bbox 546 1756 573 1778; x_wconf 89' lang='lat' dir='ltr'><strong>et</strong></span> <span class='ocrx_word' id='word_1_263' title='bbox 585 1751 694 1782; x_wconf 63' lang='lat' dir='ltr'><strong>divitias,</strong></span> <span class='ocrx_word' id='word_1_264' title='bbox 711 1749 869 1777; x_wconf 88' lang='lat' dir='ltr'><strong>concionem</strong></span> <span class='ocrx_word' id='word_1_265' title='bbox 891 1749 964 1777; x_wconf 84' lang='lat' dir='ltr'><strong>clau-</strong></span> 
     </span>
    </p>
   </div>
   <div class='ocr_carea' id='block_1_36' title="bbox 172 1797 569 1833">
    <p class='ocr_par' dir='ltr' id='par_1_36' title="bbox 172 1797 569 1833">
     <span class='ocr_line' id='line_1_36' title="bbox 172 1797 569 1833; baseline 0.003 -10"><span class='ocrx_word' id='word_1_266' title='bbox 172 1797 206 1824; x_wconf 83' lang='lat' dir='ltr'><strong>dit</strong></span> <span class='ocrx_word' id='word_1_267' title='bbox 221 1799 262 1833; x_wconf 82' lang='grc' dir='ltr'><strong>(Τ.</strong></span> <span class='ocrx_word' id='word_1_268' title='bbox 279 1800 306 1826; x_wconf 84' lang='grc'><strong>5.</strong></span> <span class='ocrx_word' id='word_1_269' title='bbox 319 1799 372 1826; x_wconf 84' lang='lat' dir='ltr'><strong>col.</strong></span> <span class='ocrx_word' id='word_1_270' title='bbox 388 1799 440 1826; x_wconf 80' lang='grc'><strong>515</strong></span> <span class='ocrx_word' id='word_1_271' title='bbox 456 1803 478 1824; x_wconf 80' lang='grc' dir='ltr'><strong>ιι</strong></span> <span class='ocrx_word' id='word_1_272' title='bbox 493 1797 569 1832; x_wconf 82' lang='lat' dir='ltr'><strong>sqq.).</strong></span> 
     </span>
    </p>
   </div>
   <div class='ocr_carea' id='block_1_37' title="bbox 202 1843 965 1880">
    <p class='ocr_par' dir='ltr' id='par_1_37' title="bbox 202 1843 965 1880">
     <span class='ocr_line' id='line_1_37' title="bbox 202 1843 965 1880; baseline -0.001 -8"><span class='ocrx_word' id='word_1_273' title='bbox 202 1844 231 1872; x_wconf 89' lang='lat' dir='ltr'><strong>S.</strong></span> <span class='ocrx_word' id='word_1_274' title='bbox 248 1844 417 1880; x_wconf 78' lang='lat' dir='ltr'><strong>Epiphanius</strong></span> <span class='ocrx_word' id='word_1_275' title='bbox 429 1844 665 1878; x_wconf 79' lang='lat' dir='ltr'><strong>Constantinopolin</strong></span> <span class='ocrx_word' id='word_1_276' title='bbox 679 1844 755 1871; x_wconf 72' lang='lat' dir='ltr'><strong>venit.</strong></span> <span class='ocrx_word' id='word_1_277' title='bbox 769 1859 803 1864; x_wconf 95' lang='lat'><strong><em>—</em></strong></span> <span class='ocrx_word' id='word_1_278' title='bbox 814 1844 862 1871; x_wconf 83' lang='lat' dir='ltr'><strong>liis</strong></span> <span class='ocrx_word' id='word_1_279' title='bbox 874 1843 916 1871; x_wconf 89' lang='lat' dir='ltr'><strong>vel</strong></span> <span class='ocrx_word' id='word_1_280' title='bbox 929 1843 965 1871; x_wconf 92' lang='lat' dir='ltr'><strong>si-</strong></span> 
     </span>
    </p>
   </div>
   <div class='ocr_carea' id='block_1_38' title="bbox 169 1889 964 1924">
    <p class='ocr_par' dir='ltr' id='par_1_38' title="bbox 169 1889 964 1924">
     <span class='ocr_line' id='line_1_38' title="bbox 169 1889 964 1924; baseline 0.001 -9"><span class='ocrx_word' id='word_1_281' title='bbox 169 1890 270 1917; x_wconf 74' lang='lat' dir='ltr'><strong>milibus</strong></span> <span class='ocrx_word' id='word_1_282' title='bbox 283 1891 464 1918; x_wconf 89' lang='lat' dir='ltr'><strong>concionibus</strong></span> <span class='ocrx_word' id='word_1_283' title='bbox 477 1890 565 1923; x_wconf 82' lang='lat' dir='ltr'><strong>(Anno</strong></span> <span class='ocrx_word' id='word_1_284' title='bbox 579 1889 649 1924; x_wconf 72' lang='grc'><strong>405)</strong></span> <span class='ocrx_word' id='word_1_285' title='bbox 661 1889 782 1924; x_wconf 78' lang='lat' dir='ltr'><strong>egregius</strong></span> <span class='ocrx_word' id='word_1_286' title='bbox 795 1889 837 1916; x_wconf 90' lang='lat' dir='ltr'><strong>ille</strong></span> <span class='ocrx_word' id='word_1_287' title='bbox 848 1889 964 1916; x_wconf 87' lang='lat' dir='ltr'><strong>Joannes</strong></span> 
     </span>
    </p>
   </div>
   <div class='ocr_carea' id='block_1_39' title="bbox 164 1935 964 1970">
    <p class='ocr_par' dir='ltr' id='par_1_39' title="bbox 164 1935 964 1970">
     <span class='ocr_line' id='line_1_39' title="bbox 164 1935 964 1970; baseline 0.001 -9"><span class='ocrx_word' id='word_1_288' title='bbox 164 1937 231 1969; x_wconf 70' lang='lat' dir='ltr'><strong>gregi</strong></span> <span class='ocrx_word' id='word_1_289' title='bbox 246 1944 296 1963; x_wconf 86' lang='lat' dir='ltr'><strong>suo</strong></span> <span class='ocrx_word' id='word_1_290' title='bbox 313 1936 452 1970; x_wconf 87' lang='lat' dir='ltr'><strong>pascendo</strong></span> <span class='ocrx_word' id='word_1_291' title='bbox 466 1935 632 1969; x_wconf 77' lang='lat' dir='ltr'><strong>advigilabat.</strong></span> <span class='ocrx_word' id='word_1_292' title='bbox 647 1935 811 1970; x_wconf 87' lang='lat' dir='ltr'><strong>Theophilus</strong></span> <span class='ocrx_word' id='word_1_293' title='bbox 825 1943 888 1962; x_wconf 88' lang='lat' dir='ltr'><strong>vero</strong></span> <span class='ocrx_word' id='word_1_294' title='bbox 901 1935 964 1962; x_wconf 79' lang='lat' dir='ltr'><strong>Ale-</strong></span> 
     </span>
    </p>
   </div>
   <div class='ocr_carea' id='block_1_40' title="bbox 165 1977 964 2015">
    <p class='ocr_par' dir='ltr' id='par_1_40' title="bbox 165 1977 964 2015">
     <span class='ocr_line' id='line_1_40' title="bbox 165 1977 964 2015; baseline 0.001 -9"><span class='ocrx_word' id='word_1_295' title='bbox 165 1977 308 2009; x_wconf 75' lang='lat' dir='ltr'><strong>xandrinus</strong></span> <span class='ocrx_word' id='word_1_296' title='bbox 324 1983 433 2009; x_wconf 83' lang='lat' dir='ltr'><strong>interea</strong></span> <span class='ocrx_word' id='word_1_297' title='bbox 447 1988 551 2008; x_wconf 87' lang='lat' dir='ltr'><strong>omnem</strong></span> <span class='ocrx_word' id='word_1_298' title='bbox 564 1980 678 2015; x_wconf 87' lang='lat' dir='ltr'><strong>lapidem</strong></span> <span class='ocrx_word' id='word_1_299' title='bbox 693 1980 834 2012; x_wconf 79' lang='lat' dir='ltr'><strong>movebat,</strong></span> <span class='ocrx_word' id='word_1_300' title='bbox 850 1985 878 2007; x_wconf 93' lang='lat' dir='ltr'><strong>ut</strong></span> <span class='ocrx_word' id='word_1_301' title='bbox 892 1980 964 2007; x_wconf 93' lang='lat' dir='ltr'><strong>illum</strong></span> 
     </span>
    </p>
   </div>
   <div class='ocr_carea' id='block_1_41' title="bbox 161 2025 963 2060">
    <p class='ocr_par' dir='ltr' id='par_1_41' title="bbox 161 2025 963 2060">
     <span class='ocr_line' id='line_1_41' title="bbox 161 2025 963 2060; baseline 0 -9"><span class='ocrx_word' id='word_1_302' title='bbox 161 2033 175 2050; x_wconf 85' lang='lat' dir='ltr'><strong>e</strong></span> <span class='ocrx_word' id='word_1_303' title='bbox 188 2026 251 2053; x_wconf 81' lang='lat' dir='ltr'><strong>sedc</strong></span> <span class='ocrx_word' id='word_1_304' title='bbox 267 2035 316 2054; x_wconf 83' lang='lat' dir='ltr'><strong>sua</strong></span> <span class='ocrx_word' id='word_1_305' title='bbox 333 2026 484 2054; x_wconf 86' lang='lat' dir='ltr'><strong>detrudere</strong></span> <span class='ocrx_word' id='word_1_306' title='bbox 501 2030 599 2058; x_wconf 83' lang='lat' dir='ltr'><strong>posset.</strong></span> <span class='ocrx_word' id='word_1_307' title='bbox 623 2025 772 2060; x_wconf 88' lang='lat' dir='ltr'><strong>Epiphanio</strong></span> <span class='ocrx_word' id='word_1_308' title='bbox 791 2029 883 2052; x_wconf 86' lang='lat' dir='ltr'><strong>auctor</strong></span> <span class='ocrx_word' id='word_1_309' title='bbox 902 2025 963 2056; x_wconf 78' lang='lat' dir='ltr'><strong>fuit,</strong></span> 
     </span>
    </p>
   </div>
   <div class='ocr_carea' id='block_1_42' title="bbox 162 2069 963 2106">
    <p class='ocr_par' dir='ltr' id='par_1_42' title="bbox 162 2069 963 2106">
     <span class='ocr_line' id='line_1_42' title="bbox 162 2069 963 2106; baseline 0.002 -12"><span class='ocrx_word' id='word_1_310' title='bbox 162 2074 187 2095; x_wconf 89' lang='lat' dir='ltr'><strong>nt</strong></span> <span class='ocrx_word' id='word_1_311' title='bbox 199 2079 257 2098; x_wconf 88' lang='lat' dir='ltr'><strong>cum</strong></span> <span class='ocrx_word' id='word_1_312' title='bbox 271 2072 336 2099; x_wconf 88' lang='lat' dir='ltr'><strong>aliis</strong></span> <span class='ocrx_word' id='word_1_313' title='bbox 357 2071 495 2106; x_wconf 74' lang='lat' dir='ltr'><strong>episcopis</strong></span> <span class='ocrx_word' id='word_1_314' title='bbox 511 2070 757 2104; x_wconf 82' lang='lat' dir='ltr'><strong>Constantinopolin</strong></span> <span class='ocrx_word' id='word_1_315' title='bbox 773 2078 801 2097; x_wconf 88' lang='lat' dir='ltr'><strong>se</strong></span> <span class='ocrx_word' id='word_1_316' title='bbox 814 2069 963 2101; x_wconf 86' lang='lat' dir='ltr'><strong>conferret,</strong></span> 
     </span>
    </p>
   </div>
   <div class='ocr_carea' id='block_1_43' title="bbox 157 2114 963 2150">
    <p class='ocr_par' dir='ltr' id='par_1_43' title="bbox 157 2114 963 2150">
     <span class='ocr_line' id='line_1_43' title="bbox 157 2114 963 2150; baseline 0.002 -11"><span class='ocrx_word' id='word_1_317' title='bbox 157 2114 216 2141; x_wconf 88' lang='lat' dir='ltr'><strong>dum</strong></span> <span class='ocrx_word' id='word_1_318' title='bbox 232 2116 292 2150; x_wconf 87' lang='lat' dir='ltr'><strong>ipse</strong></span> <span class='ocrx_word' id='word_1_319' title='bbox 307 2116 343 2144; x_wconf 87' lang='lat' dir='ltr'><strong>ad</strong></span> <span class='ocrx_word' id='word_1_320' title='bbox 367 2116 441 2144; x_wconf 86' lang='lat' dir='ltr'><strong>idem</strong></span> <span class='ocrx_word' id='word_1_321' title='bbox 462 2116 512 2142; x_wconf 90' lang='lat' dir='ltr'><strong>iter</strong></span> <span class='ocrx_word' id='word_1_322' title='bbox 530 2115 725 2150; x_wconf 88' lang='lat' dir='ltr'><strong>suscipiendum</strong></span> <span class='ocrx_word' id='word_1_323' title='bbox 741 2123 770 2142; x_wconf 90' lang='lat' dir='ltr'><strong>se</strong></span> <span class='ocrx_word' id='word_1_324' title='bbox 785 2116 963 2150; x_wconf 79' lang='lat' dir='ltr'><strong>comparabat.</strong></span> 
     </span>
    </p>
   </div>
   <div class='ocr_carea' id='block_1_44' title="bbox 157 2159 964 2196">
    <p class='ocr_par' dir='ltr' id='par_1_44' title="bbox 157 2159 964 2196">
     <span class='ocr_line' id='line_1_44' title="bbox 157 2159 964 2196; baseline 0.001 -10"><span class='ocrx_word' id='word_1_325' title='bbox 157 2159 228 2188; x_wconf 75' lang='lat' dir='ltr'><strong>&quot;aud</strong></span> <span class='ocrx_word' id='word_1_326' title='bbox 247 2162 338 2189; x_wconf 90' lang='lat' dir='ltr'><strong>multo</strong></span> <span class='ocrx_word' id='word_1_327' title='bbox 362 2165 432 2196; x_wconf 86' lang='lat' dir='ltr'><strong>post</strong></span> <span class='ocrx_word' id='word_1_328' title='bbox 453 2161 615 2196; x_wconf 81' lang='lat' dir='ltr'><strong>Epiphanius</strong></span> <span class='ocrx_word' id='word_1_329' title='bbox 631 2168 664 2188; x_wconf 85' lang='lat' dir='ltr'><strong>ex</strong></span> <span class='ocrx_word' id='word_1_330' title='bbox 685 2161 769 2187; x_wconf 85' lang='lat' dir='ltr'><strong>insula</strong></span> <span class='ocrx_word' id='word_1_331' title='bbox 789 2161 876 2196; x_wconf 73' lang='lat' dir='ltr'><strong>Cypro</strong></span> <span class='ocrx_word' id='word_1_332' title='bbox 893 2160 964 2188; x_wconf 88' lang='lat' dir='ltr'><strong>Con-</strong></span> 
     </span>
    </p>
   </div>
   <div class='ocr_carea' id='block_1_45' title="bbox 154 2205 965 2241">
    <p class='ocr_par' dir='ltr' id='par_1_45' title="bbox 154 2205 965 2241">
     <span class='ocr_line' id='line_1_45' title="bbox 154 2205 965 2241; baseline 0.004 -11"><span class='ocrx_word' id='word_1_333' title='bbox 154 2206 349 2241; x_wconf 78' lang='lat' dir='ltr'><strong>stantinopolin</strong></span> <span class='ocrx_word' id='word_1_334' title='bbox 366 2207 455 2238; x_wconf 85' lang='lat' dir='ltr'><strong>venit,</strong></span> <span class='ocrx_word' id='word_1_335' title='bbox 469 2206 619 2241; x_wconf 76' lang='lat' dir='ltr'><strong>exemplum</strong></span> <span class='ocrx_word' id='word_1_336' title='bbox 633 2205 745 2233; x_wconf 84' lang='lat' dir='ltr'><strong>atl‘erens</strong></span> <span class='ocrx_word' id='word_1_337' title='bbox 755 2206 895 2241; x_wconf 83' lang='lat' dir='ltr'><strong>Synodalis</strong></span> <span class='ocrx_word' id='word_1_338' title='bbox 905 2213 965 2233; x_wconf 87' lang='lat' dir='ltr'><strong>sen-</strong></span> 
     </span>
    </p>
   </div>
   <div class='ocr_carea' id='block_1_46' title="bbox 152 2251 964 2287">
    <p class='ocr_par' dir='ltr' id='par_1_46' title="bbox 152 2251 964 2287">
     <span class='ocr_line' id='line_1_46' title="bbox 152 2251 964 2287; baseline 0.002 -11"><span class='ocrx_word' id='word_1_339' title='bbox 152 2251 236 2278; x_wconf 60' lang='lat' dir='ltr'><strong>tentia!</strong></span> <span class='ocrx_word' id='word_1_340' title='bbox 247 2272 255 2283; x_wconf 87' lang='lat'><strong>,</strong></span> <span class='ocrx_word' id='word_1_341' title='bbox 274 2260 332 2287; x_wconf 85' lang='lat' dir='ltr'><strong>qua</strong></span> <span class='ocrx_word' id='word_1_342' title='bbox 356 2252 452 2279; x_wconf 87' lang='lat' dir='ltr'><strong>libros</strong></span> <span class='ocrx_word' id='word_1_343' title='bbox 470 2251 590 2286; x_wconf 86' lang='lat' dir='ltr'><strong>Origonis</strong></span> <span class='ocrx_word' id='word_1_344' title='bbox 607 2251 797 2284; x_wconf 86' lang='lat' dir='ltr'><strong>damnaverat;</strong></span> <span class='ocrx_word' id='word_1_345' title='bbox 812 2256 840 2279; x_wconf 90' lang='lat' dir='ltr'><strong>et</strong></span> <span class='ocrx_word' id='word_1_346' title='bbox 859 2259 917 2279; x_wconf 95' lang='lat' dir='ltr'><strong>cum</strong></span> <span class='ocrx_word' id='word_1_347' title='bbox 932 2252 964 2278; x_wconf 89' lang='lat' dir='ltr'><strong>ad</strong></span> 
     </span>
    </p>
   </div>
   <div class='ocr_carea' id='block_1_47' title="bbox 151 2295 963 2331">
    <p class='ocr_par' dir='ltr' id='par_1_47' title="bbox 151 2295 963 2331">
     <span class='ocr_line' id='line_1_47' title="bbox 151 2295 963 2331; baseline 0.004 -11"><span class='ocrx_word' id='word_1_348' title='bbox 151 2297 308 2331; x_wconf 87' lang='lat' dir='ltr'><strong>martyrium</strong></span> <span class='ocrx_word' id='word_1_349' title='bbox 324 2305 379 2325; x_wconf 87' lang='lat' dir='ltr'><strong>seu</strong></span> <span class='ocrx_word' id='word_1_350' title='bbox 398 2296 543 2323; x_wconf 86' lang='lat' dir='ltr'><strong>ecclesiam</strong></span> <span class='ocrx_word' id='word_1_351' title='bbox 557 2295 584 2324; x_wconf 87' lang='lat' dir='ltr'><strong>S.</strong></span> <span class='ocrx_word' id='word_1_352' title='bbox 598 2296 707 2324; x_wconf 85' lang='lat' dir='ltr'><strong>Joannis</strong></span> <span class='ocrx_word' id='word_1_353' title='bbox 719 2297 864 2331; x_wconf 84' lang='lat' dir='ltr'><strong>appulisset</strong></span> <span class='ocrx_word' id='word_1_354' title='bbox 877 2297 963 2331; x_wconf 76' lang='lat' dir='ltr'><strong>(Socr.</strong></span> 
     </span>
    </p>
   </div>
   <div class='ocr_carea' id='block_1_48' title="bbox 145 2341 966 2378">
    <p class='ocr_par' dir='ltr' id='par_1_48' title="bbox 145 2341 966 2378">
     <span class='ocr_line' id='line_1_48' title="bbox 145 2341 966 2378; baseline 0.005 -12"><span class='ocrx_word' id='word_1_355' title='bbox 145 2341 162 2367; x_wconf 85' lang='grc' dir='ltr'>ι.</span> <span class='ocrx_word' id='word_1_356' title='bbox 176 2342 202 2368; x_wconf 85' lang='lat'><strong>6.</strong></span> <span class='ocrx_word' id='word_1_357' title='bbox 225 2352 250 2370; x_wconf 82' lang='lat' dir='ltr'><strong>c.</strong></span> <span class='ocrx_word' id='word_1_358' title='bbox 268 2343 323 2378; x_wconf 72' lang='grc'><strong>12)</strong></span> <span class='ocrx_word' id='word_1_359' title='bbox 337 2364 346 2376; x_wconf 91' lang='grc'><em>,</em></span> <span class='ocrx_word' id='word_1_360' title='bbox 365 2350 439 2377; x_wconf 68' lang='lat' dir='ltr'><strong>qua:</strong></span> <span class='ocrx_word' id='word_1_361' title='bbox 462 2347 560 2377; x_wconf 81' lang='lat' dir='ltr'><strong>septem</strong></span> <span class='ocrx_word' id='word_1_362' title='bbox 581 2350 706 2377; x_wconf 84' lang='lat' dir='ltr'><strong>passuum</strong></span> <span class='ocrx_word' id='word_1_363' title='bbox 723 2342 840 2370; x_wconf 88' lang='lat' dir='ltr'><strong>millibus</strong></span> <span class='ocrx_word' id='word_1_364' title='bbox 854 2342 888 2369; x_wconf 89' lang='lat' dir='ltr'><strong>ab</strong></span> <span class='ocrx_word' id='word_1_365' title='bbox 901 2343 966 2370; x_wconf 87' lang='lat' dir='ltr'><strong>urbe</strong></span> 
     </span>
    </p>
   </div>
   <div class='ocr_carea' id='block_1_49' title="bbox 143 2385 966 2423">
    <p class='ocr_par' dir='ltr' id='par_1_49' title="bbox 143 2385 966 2423">
     <span class='ocr_line' id='line_1_49' title="bbox 143 2385 966 2423; baseline 0.001 -10"><span class='ocrx_word' id='word_1_366' title='bbox 143 2385 273 2421; x_wconf 81' lang='lat' dir='ltr'><strong>distabat,</strong></span> <span class='ocrx_word' id='word_1_367' title='bbox 290 2396 308 2417; x_wconf 86' lang='lat' dir='ltr'><strong>e</strong></span> <span class='ocrx_word' id='word_1_368' title='bbox 327 2388 401 2416; x_wconf 83' lang='lat' dir='ltr'><strong>navi</strong></span> <span class='ocrx_word' id='word_1_369' title='bbox 426 2395 553 2422; x_wconf 77' lang='lat' dir='ltr'><strong>egressus</strong></span> <span class='ocrx_word' id='word_1_370' title='bbox 564 2409 570 2419; x_wconf 84' lang='lat'><strong>,</strong></span> <span class='ocrx_word' id='word_1_371' title='bbox 585 2387 620 2415; x_wconf 88' lang='lat' dir='ltr'><strong>ibi</strong></span> <span class='ocrx_word' id='word_1_372' title='bbox 640 2388 749 2423; x_wconf 80' lang='lat' dir='ltr'><strong>synaxin</strong></span> <span class='ocrx_word' id='word_1_373' title='bbox 764 2388 907 2415; x_wconf 87' lang='lat' dir='ltr'><strong>celebravit</strong></span> <span class='ocrx_word' id='word_1_374' title='bbox 917 2409 924 2419; x_wconf 92' lang='lat'><strong>,</strong></span> <span class='ocrx_word' id='word_1_375' title='bbox 939 2393 966 2415; x_wconf 89' lang='lat' dir='ltr'><strong>et</strong></span> 
     </span>
    </p>
   </div>
   <div class='ocr_carea' id='block_1_50' title="bbox 138 2432 966 2469">
    <p class='ocr_par' dir='ltr' id='par_1_50' title="bbox 138 2432 966 2469">
     <span class='ocr_line' id='line_1_50' title="bbox 138 2432 966 2469; baseline 0.004 -12"><span class='ocrx_word' id='word_1_376' title='bbox 138 2432 264 2460; x_wconf 83' lang='lat' dir='ltr'><strong>ordinato</strong></span> <span class='ocrx_word' id='word_1_377' title='bbox 274 2433 388 2461; x_wconf 81' lang='lat' dir='ltr'><strong>ibidem</strong></span> <span class='ocrx_word' id='word_1_378' title='bbox 403 2433 535 2465; x_wconf 84' lang='lat' dir='ltr'><strong>diacono,</strong></span> <span class='ocrx_word' id='word_1_379' title='bbox 545 2433 570 2460; x_wconf 92' lang='lat' dir='ltr'><strong>in</strong></span> <span class='ocrx_word' id='word_1_380' title='bbox 582 2433 672 2461; x_wconf 91' lang='lat' dir='ltr'><strong>urbem</strong></span> <span class='ocrx_word' id='word_1_381' title='bbox 685 2434 819 2469; x_wconf 79' lang='lat' dir='ltr'><strong>ingressus</strong></span> <span class='ocrx_word' id='word_1_382' title='bbox 829 2437 878 2461; x_wconf 88' lang='lat' dir='ltr'><strong>est.</strong></span> <span class='ocrx_word' id='word_1_383' title='bbox 890 2433 966 2461; x_wconf 78' lang='lat' dir='ltr'><strong>Joan-</strong></span> 
     </span>
    </p>
   </div>
   <div class='ocr_carea' id='block_1_51' title="bbox 139 2479 966 2514">
    <p class='ocr_par' dir='ltr' id='par_1_51' title="bbox 139 2479 966 2514">
     <span class='ocr_line' id='line_1_51' title="bbox 139 2479 966 2514; baseline 0.001 -9"><span class='ocrx_word' id='word_1_384' title='bbox 139 2485 181 2505; x_wconf 77' lang='lat' dir='ltr'><strong>nes</strong></span> <span class='ocrx_word' id='word_1_385' title='bbox 192 2480 245 2507; x_wconf 87' lang='lat' dir='ltr'><strong>etsi</strong></span> <span class='ocrx_word' id='word_1_386' title='bbox 258 2485 367 2508; x_wconf 86' lang='lat' dir='ltr'><strong>contra</strong></span> <span class='ocrx_word' id='word_1_387' title='bbox 386 2479 477 2514; x_wconf 77' lang='lat' dir='ltr'><strong>leges</strong></span> <span class='ocrx_word' id='word_1_388' title='bbox 489 2479 680 2508; x_wconf 85' lang='lat' dir='ltr'><strong>ecclesiasticas</strong></span> <span class='ocrx_word' id='word_1_389' title='bbox 695 2480 729 2506; x_wconf 88' lang='lat' dir='ltr'><strong>ita</strong></span> <span class='ocrx_word' id='word_1_390' title='bbox 745 2481 841 2507; x_wconf 88' lang='lat' dir='ltr'><strong>factum</strong></span> <span class='ocrx_word' id='word_1_391' title='bbox 856 2487 914 2507; x_wconf 86' lang='lat' dir='ltr'><strong>esse</strong></span> <span class='ocrx_word' id='word_1_392' title='bbox 928 2480 966 2506; x_wconf 86' lang='lat' dir='ltr'><strong>vi-</strong></span> 
     </span>
    </p>
   </div>
   <div class='ocr_carea' id='block_1_52' title="bbox 138 2521 966 2560">
    <p class='ocr_par' dir='ltr' id='par_1_52' title="bbox 138 2521 966 2560">
     <span class='ocr_line' id='line_1_52' title="bbox 138 2521 966 2560; baseline 0.002 -11"><span class='ocrx_word' id='word_1_393' title='bbox 138 2521 210 2550; x_wconf 69' lang='lat' dir='ltr'><strong>Iebat</strong></span> <span class='ocrx_word' id='word_1_394' title='bbox 223 2532 232 2557; x_wconf 89' lang='lat'><strong>;</strong></span> <span class='ocrx_word' id='word_1_395' title='bbox 247 2526 274 2552; x_wconf 91' lang='lat' dir='ltr'><strong>id</strong></span> <span class='ocrx_word' id='word_1_396' title='bbox 289 2531 392 2553; x_wconf 79' lang='lat' dir='ltr'><strong>tamen</strong></span> <span class='ocrx_word' id='word_1_397' title='bbox 406 2529 529 2560; x_wconf 79' lang='lat' dir='ltr'><strong>propter</strong></span> <span class='ocrx_word' id='word_1_398' title='bbox 538 2525 586 2552; x_wconf 91' lang='lat' dir='ltr'><strong>viri</strong></span> <span class='ocrx_word' id='word_1_399' title='bbox 599 2525 773 2552; x_wconf 78' lang='lat' dir='ltr'><strong>reverentiam</strong></span> <span class='ocrx_word' id='word_1_400' title='bbox 783 2525 966 2558; x_wconf 74' lang='lat' dir='ltr'><strong>dissimulans,</strong></span> 
     </span>
    </p>
   </div>
   <div class='ocr_carea' id='block_1_53' title="bbox 131 2566 964 2603">
    <p class='ocr_par' dir='ltr' id='par_1_53' title="bbox 131 2566 964 2603">
     <span class='ocr_line' id='line_1_53' title="bbox 131 2566 964 2603; baseline 0.004 -9"><span class='ocrx_word' id='word_1_401' title='bbox 131 2566 316 2603; x_wconf 75' lang='lat' dir='ltr'><strong>Epiphaniam</strong></span> <span class='ocrx_word' id='word_1_402' title='bbox 335 2575 369 2597; x_wconf 92' lang='lat' dir='ltr'><strong>ut</strong></span> <span class='ocrx_word' id='word_1_403' title='bbox 387 2571 419 2597; x_wconf 88' lang='lat' dir='ltr'><strong>in</strong></span> <span class='ocrx_word' id='word_1_404' title='bbox 437 2569 549 2597; x_wconf 70' lang='lat' dir='ltr'><strong>mdibus</strong></span> <span class='ocrx_word' id='word_1_405' title='bbox 561 2571 615 2598; x_wconf 83' lang='lat' dir='ltr'><strong>suis</strong></span> <span class='ocrx_word' id='word_1_406' title='bbox 633 2570 812 2598; x_wconf 80' lang='lat' dir='ltr'><strong>diversaretur</strong></span> <span class='ocrx_word' id='word_1_407' title='bbox 829 2571 964 2597; x_wconf 82' lang='lat' dir='ltr'><strong>invitabat.</strong></span> 
     </span>
    </p>
   </div>
   <div class='ocr_carea' id='block_1_54' title="bbox 121 2611 965 2652">
    <p class='ocr_par' dir='ltr' id='par_1_54' title="bbox 121 2611 965 2652">
     <span class='ocr_line' id='line_1_54' title="bbox 121 2611 965 2652; baseline 0.005 -13"><span class='ocrx_word' id='word_1_408' title='bbox 121 2611 169 2641; x_wconf 84' lang='lat' dir='ltr'><strong>Ille</strong></span> <span class='ocrx_word' id='word_1_409' title='bbox 182 2623 257 2649; x_wconf 86' lang='lat' dir='ltr'><strong>vero,</strong></span> <span class='ocrx_word' id='word_1_410' title='bbox 277 2622 309 2644; x_wconf 89' lang='lat' dir='ltr'><strong>ut</strong></span> <span class='ocrx_word' id='word_1_411' title='bbox 325 2625 394 2644; x_wconf 86' lang='lat' dir='ltr'><strong>rem</strong></span> <span class='ocrx_word' id='word_1_412' title='bbox 416 2616 581 2650; x_wconf 72' lang='lat' dir='ltr'><strong>Theophila</strong></span> <span class='ocrx_word' id='word_1_413' title='bbox 594 2621 694 2652; x_wconf 75' lang='lat' dir='ltr'><strong>gratam</strong></span> <span class='ocrx_word' id='word_1_414' title='bbox 710 2616 818 2650; x_wconf 88' lang='lat' dir='ltr'><strong>faceret,</strong></span> <span class='ocrx_word' id='word_1_415' title='bbox 832 2616 901 2644; x_wconf 88' lang='lat' dir='ltr'><strong>aliud</strong></span> <span class='ocrx_word' id='word_1_416' title='bbox 915 2617 965 2644; x_wconf 86' lang='lat' dir='ltr'><strong>sibi</strong></span> 
     </span>
    </p>
   </div>
   <div class='ocr_carea' id='block_1_55' title="bbox 117 2657 966 2698">
    <p class='ocr_par' dir='ltr' id='par_1_55' title="bbox 117 2657 966 2698">
     <span class='ocr_line' id='line_1_55' title="bbox 117 2657 966 2698; baseline 0.006 -13"><span class='ocrx_word' id='word_1_417' title='bbox 117 2657 292 2690; x_wconf 63' lang='lat' dir='ltr'><strong>domicilium</strong></span> <span class='ocrx_word' id='word_1_418' title='bbox 322 2663 470 2697; x_wconf 85' lang='lat' dir='ltr'><strong>delegit,</strong></span> <span class='ocrx_word' id='word_1_419' title='bbox 503 2663 668 2698; x_wconf 84' lang='lat' dir='ltr'><strong>collectisque</strong></span> <span class='ocrx_word' id='word_1_420' title='bbox 692 2663 815 2690; x_wconf 87' lang='lat' dir='ltr'><strong>omnibus</strong></span> <span class='ocrx_word' id='word_1_421' title='bbox 836 2664 881 2698; x_wconf 88' lang='lat' dir='ltr'><strong>qui</strong></span> <span class='ocrx_word' id='word_1_422' title='bbox 904 2668 966 2690; x_wconf 93' lang='lat' dir='ltr'><strong>tunc</strong></span> 
     </span>
    </p>
   </div>
   <div class='ocr_carea' id='block_1_56' title="bbox 122 2703 967 2744">
    <p class='ocr_par' dir='ltr' id='par_1_56' title="bbox 122 2703 967 2744">
     <span class='ocr_line' id='line_1_56' title="bbox 122 2703 967 2744; baseline 0.007 -14"><span class='ocrx_word' id='word_1_423' title='bbox 122 2703 374 2744; x_wconf 72' lang='lat' dir='ltr'><strong>Constantinopoli</strong></span> <span class='ocrx_word' id='word_1_424' title='bbox 404 2710 508 2735; x_wconf 78' lang='lat' dir='ltr'><strong>erant</strong></span> <span class='ocrx_word' id='word_1_425' title='bbox 525 2708 660 2744; x_wconf 77' lang='lat' dir='ltr'><strong>episcopis,</strong></span> <span class='ocrx_word' id='word_1_426' title='bbox 676 2707 872 2736; x_wconf 84' lang='lat' dir='ltr'><strong>damnationem</strong></span> <span class='ocrx_word' id='word_1_427' title='bbox 886 2709 967 2736; x_wconf 78' lang='lat' dir='ltr'><strong>libro-</strong></span> 
     </span>
    </p>
   </div>
   <div class='ocr_carea' id='block_1_57' title="bbox 117 2751 966 2790">
    <p class='ocr_par' dir='ltr' id='par_1_57' title="bbox 117 2751 966 2790">
     <span class='ocr_line' id='line_1_57' title="bbox 117 2751 966 2790; baseline 0.007 -14"><span class='ocrx_word' id='word_1_428' title='bbox 117 2757 174 2778; x_wconf 88' lang='lat' dir='ltr'><strong>rum</strong></span> <span class='ocrx_word' id='word_1_429' title='bbox 188 2753 330 2788; x_wconf 76' lang='lat' dir='ltr'><strong>Origenis</strong></span> <span class='ocrx_word' id='word_1_430' title='bbox 345 2755 388 2781; x_wconf 87' lang='lat' dir='ltr'><strong>ab</strong></span> <span class='ocrx_word' id='word_1_431' title='bbox 399 2761 437 2780; x_wconf 87' lang='lat' dir='ltr'><strong>se</strong></span> <span class='ocrx_word' id='word_1_432' title='bbox 452 2751 592 2787; x_wconf 82' lang='lat' dir='ltr'><strong>prolatam</strong></span> <span class='ocrx_word' id='word_1_433' title='bbox 606 2755 668 2789; x_wconf 88' lang='lat' dir='ltr'><strong>ipsis</strong></span> <span class='ocrx_word' id='word_1_434' title='bbox 679 2754 793 2782; x_wconf 87' lang='lat' dir='ltr'><strong>ostendit</strong></span> <span class='ocrx_word' id='word_1_435' title='bbox 802 2763 832 2782; x_wconf 89' lang='lat' dir='ltr'><strong>ac</strong></span> <span class='ocrx_word' id='word_1_436' title='bbox 843 2755 914 2790; x_wconf 81' lang='lat' dir='ltr'><strong>legit.</strong></span> <span class='ocrx_word' id='word_1_437' title='bbox 929 2755 966 2782; x_wconf 86' lang='lat' dir='ltr'><strong>Ac</strong></span> 
     </span>
    </p>
   </div>
   <div class='ocr_carea' id='block_1_58' title="bbox 116 2798 965 2834">
    <p class='ocr_par' dir='ltr' id='par_1_58' title="bbox 116 2798 965 2834">
     <span class='ocr_line' id='line_1_58' title="bbox 116 2798 965 2834; baseline 0.008 -14"><span class='ocrx_word' id='word_1_438' title='bbox 116 2798 242 2826; x_wconf 86' lang='lat' dir='ltr'><strong>nonnulli</strong></span> <span class='ocrx_word' id='word_1_439' title='bbox 267 2799 402 2834; x_wconf 87' lang='lat' dir='ltr'><strong>quidem</strong></span> <span class='ocrx_word' id='word_1_440' title='bbox 435 2798 562 2825; x_wconf 87' lang='lat' dir='ltr'><strong>illorum</strong></span> <span class='ocrx_word' id='word_1_441' title='bbox 582 2799 614 2826; x_wconf 89' lang='lat' dir='ltr'><strong>ob</strong></span> <span class='ocrx_word' id='word_1_442' title='bbox 635 2800 772 2834; x_wconf 88' lang='lat' dir='ltr'><strong>Epiphanii</strong></span> <span class='ocrx_word' id='word_1_443' title='bbox 792 2801 965 2828; x_wconf 90' lang='lat' dir='ltr'><strong>reverentiam</strong></span> 
     </span>
    </p>
   </div>
   <div class='ocr_carea' id='block_1_59' title="bbox 117 2839 967 2877">
    <p class='ocr_par' dir='ltr' id='par_1_59' title="bbox 117 2839 967 2877">
     <span class='ocr_line' id='line_1_59' title="bbox 117 2839 967 2877; baseline 0.008 -10"><span class='ocrx_word' id='word_1_444' title='bbox 117 2839 178 2868; x_wconf 87' lang='lat' dir='ltr'><strong>huic</strong></span> <span class='ocrx_word' id='word_1_445' title='bbox 190 2844 312 2872; x_wconf 89' lang='lat' dir='ltr'><strong>decreto</strong></span> <span class='ocrx_word' id='word_1_446' title='bbox 334 2844 608 2877; x_wconf 80' lang='lat' dir='ltr'><strong>subscripserunt;</strong></span> <span class='ocrx_word' id='word_1_447' title='bbox 621 2845 693 2872; x_wconf 90' lang='lat' dir='ltr'><strong>multi</strong></span> <span class='ocrx_word' id='word_1_448' title='bbox 709 2853 771 2872; x_wconf 86' lang='lat' dir='ltr'><strong>vero</strong></span> <span class='ocrx_word' id='word_1_449' title='bbox 787 2845 812 2872; x_wconf 87' lang='lat' dir='ltr'><strong>id</strong></span> <span class='ocrx_word' id='word_1_450' title='bbox 826 2845 913 2873; x_wconf 86' lang='lat' dir='ltr'><strong>facere</strong></span> <span class='ocrx_word' id='word_1_451' title='bbox 926 2854 967 2874; x_wconf 75' lang='grc' dir='ltr'><strong>Γε-</strong></span> 
     </span>
    </p>
   </div>
   <div class='ocr_carea' id='block_1_60' title="bbox 119 2890 967 2925">
    <p class='ocr_par' dir='ltr' id='par_1_60' title="bbox 119 2890 967 2925">
     <span class='ocr_line' id='line_1_60' title="bbox 119 2890 967 2925; baseline 0.009 -13"><span class='ocrx_word' id='word_1_452' title='bbox 119 2891 249 2918; x_wconf 75' lang='lat' dir='ltr'><strong>msarunl</strong></span> <span class='ocrx_word' id='word_1_453' title='bbox 266 2900 273 2918; x_wconf 90' lang='lat'>:</span> <span class='ocrx_word' id='word_1_454' title='bbox 291 2899 330 2919; x_wconf 82' lang='lat' dir='ltr'><strong>ex</strong></span> <span class='ocrx_word' id='word_1_455' title='bbox 346 2897 491 2925; x_wconf 85' lang='lat' dir='ltr'><strong>quorum</strong></span> <span class='ocrx_word' id='word_1_456' title='bbox 511 2895 624 2917; x_wconf 79' lang='lat' dir='ltr'><strong>numero</strong></span> <span class='ocrx_word' id='word_1_457' title='bbox 637 2890 682 2917; x_wconf 88' lang='lat' dir='ltr'><strong>fuit</strong></span> <span class='ocrx_word' id='word_1_458' title='bbox 697 2891 850 2920; x_wconf 85' lang='lat' dir='ltr'><strong>Theotimus</strong></span> <span class='ocrx_word' id='word_1_459' title='bbox 865 2893 967 2925; x_wconf 82' lang='lat' dir='ltr'><strong>episco-</strong></span> 
     </span>
    </p>
   </div>
   <div class='ocr_carea' id='block_1_61' title="bbox 1755 195 1804 222">
    <p class='ocr_par' dir='ltr' id='par_1_61' title="bbox 1755 195 1804 222">
     <span class='ocr_line' id='line_1_61' title="bbox 1755 195 1804 222; baseline 0.02 -2"><span class='ocrx_word' id='word_1_460' title='bbox 1755 195 1804 222; x_wconf 70' lang='lat' dir='ltr'><strong>IN</strong></span> 
     </span>
    </p>
   </div>
   <div class='ocr_carea' id='block_1_62' title="bbox 1017 247 1806 285">
    <p class='ocr_par' dir='ltr' id='par_1_62' title="bbox 1017 247 1806 285">
     <span class='ocr_line' id='line_1_62' title="bbox 1017 247 1806 285; baseline 0.008 -11"><span class='ocrx_word' id='word_1_461' title='bbox 1017 255 1067 283; x_wconf 78' lang='lat' dir='ltr'><strong>pus</strong></span> <span class='ocrx_word' id='word_1_462' title='bbox 1081 247 1206 284; x_wconf 76' lang='lat' dir='ltr'><strong>Scythite,</strong></span> <span class='ocrx_word' id='word_1_463' title='bbox 1218 249 1263 284; x_wconf 88' lang='lat' dir='ltr'><strong>qui</strong></span> <span class='ocrx_word' id='word_1_464' title='bbox 1277 248 1423 284; x_wconf 82' lang='lat' dir='ltr'><strong>Epiphanio</strong></span> <span class='ocrx_word' id='word_1_465' title='bbox 1435 250 1582 285; x_wconf 80' lang='lat' dir='ltr'><strong>respondit,</strong></span> <span class='ocrx_word' id='word_1_466' title='bbox 1595 251 1665 278; x_wconf 86' lang='lat' dir='ltr'><strong>nolle</strong></span> <span class='ocrx_word' id='word_1_467' title='bbox 1679 259 1707 279; x_wconf 88' lang='lat' dir='ltr'><strong>se</strong></span> <span class='ocrx_word' id='word_1_468' title='bbox 1723 253 1806 281; x_wconf 82' lang='lat' dir='ltr'><strong>vlrum</strong></span> 
     </span>
    </p>
   </div>
   <div class='ocr_carea' id='block_1_63' title="bbox 1012 292 1804 331">
    <p class='ocr_par' dir='ltr' id='par_1_63' title="bbox 1012 292 1804 331">
     <span class='ocr_line' id='line_1_63' title="bbox 1012 292 1804 331; baseline 0.006 -12"><span class='ocrx_word' id='word_1_469' title='bbox 1012 292 1066 328; x_wconf 84' lang='lat' dir='ltr'><strong>jam</strong></span> <span class='ocrx_word' id='word_1_470' title='bbox 1080 293 1125 320; x_wconf 91' lang='lat' dir='ltr'><strong>diu</strong></span> <span class='ocrx_word' id='word_1_471' title='bbox 1140 294 1182 328; x_wconf 91' lang='lat' dir='ltr'><strong>pie</strong></span> <span class='ocrx_word' id='word_1_472' title='bbox 1195 293 1348 322; x_wconf 88' lang='lat' dir='ltr'><strong>defunctum</strong></span> <span class='ocrx_word' id='word_1_473' title='bbox 1360 295 1518 322; x_wconf 89' lang='lat' dir='ltr'><strong>contumelia</strong></span> <span class='ocrx_word' id='word_1_474' title='bbox 1531 295 1646 329; x_wconf 80' lang='lat' dir='ltr'><strong>afﬁcere,</strong></span> <span class='ocrx_word' id='word_1_475' title='bbox 1658 304 1738 331; x_wconf 87' lang='lat' dir='ltr'><strong>seque</strong></span> <span class='ocrx_word' id='word_1_476' title='bbox 1749 305 1804 324; x_wconf 88' lang='lat' dir='ltr'><strong>rem</strong></span> 
     </span>
    </p>
   </div>
   <div class='ocr_carea' id='block_1_64' title="bbox 1014 337 1807 376">
    <p class='ocr_par' dir='ltr' id='par_1_64' title="bbox 1014 337 1807 376">
     <span class='ocr_line' id='line_1_64' title="bbox 1014 337 1807 376; baseline 0.005 -12"><span class='ocrx_word' id='word_1_477' title='bbox 1014 337 1121 372; x_wconf 89' lang='lat' dir='ltr'><strong>impiam</strong></span> <span class='ocrx_word' id='word_1_478' title='bbox 1136 338 1264 366; x_wconf 80' lang='lat' dir='ltr'><strong>facturum</strong></span> <span class='ocrx_word' id='word_1_479' title='bbox 1276 343 1378 373; x_wconf 87' lang='lat' dir='ltr'><strong>putare,</strong></span> <span class='ocrx_word' id='word_1_480' title='bbox 1390 346 1412 366; x_wconf 76' lang='grc' dir='ltr'>ει</span> <span class='ocrx_word' id='word_1_481' title='bbox 1423 347 1453 367; x_wconf 87' lang='lat' dir='ltr'><strong>ea</strong></span> <span class='ocrx_word' id='word_1_482' title='bbox 1466 340 1666 373; x_wconf 79' lang='lat' dir='ltr'><strong>condemnaret,</strong></span> <span class='ocrx_word' id='word_1_483' title='bbox 1680 349 1739 376; x_wconf 63' lang='lat' dir='ltr'><strong>quae</strong></span> <span class='ocrx_word' id='word_1_484' title='bbox 1753 350 1807 369; x_wconf 83' lang='lat' dir='ltr'><strong>ma-</strong></span> 
     </span>
    </p>
   </div>
   <div class='ocr_carea' id='block_1_65' title="bbox 1011 383 1807 420">
    <p class='ocr_par' dir='ltr' id='par_1_65' title="bbox 1011 383 1807 420">
     <span class='ocr_line' id='line_1_65' title="bbox 1011 383 1807 420; baseline 0.004 -10"><span class='ocrx_word' id='word_1_485' title='bbox 1011 383 1084 417; x_wconf 85' lang='lat' dir='ltr'><strong>jores</strong></span> <span class='ocrx_word' id='word_1_486' title='bbox 1095 383 1134 410; x_wconf 86' lang='lat' dir='ltr'><strong>sui</strong></span> <span class='ocrx_word' id='word_1_487' title='bbox 1146 390 1198 411; x_wconf 90' lang='lat' dir='ltr'><strong>non</strong></span> <span class='ocrx_word' id='word_1_488' title='bbox 1212 384 1428 418; x_wconf 86' lang='lat' dir='ltr'><strong>reprobaverant.</strong></span> <span class='ocrx_word' id='word_1_489' title='bbox 1441 384 1569 412; x_wconf 62' lang='lat' dir='ltr'><strong>[Nimirum</strong></span> <span class='ocrx_word' id='word_1_490' title='bbox 1582 386 1688 420; x_wconf 85' lang='lat' dir='ltr'><strong>putabat</strong></span> <span class='ocrx_word' id='word_1_491' title='bbox 1699 392 1807 413; x_wconf 80' lang='lat' dir='ltr'><strong>sanctus</strong></span> 
     </span>
    </p>
   </div>
   <div class='ocr_carea' id='block_1_66' title="bbox 1013 430 1807 465">
    <p class='ocr_par' dir='ltr' id='par_1_66' title="bbox 1013 430 1807 465">
     <span class='ocr_line' id='line_1_66' title="bbox 1013 430 1807 465; baseline 0.003 -9"><span class='ocrx_word' id='word_1_492' title='bbox 1013 430 1054 456; x_wconf 94' lang='lat' dir='ltr'><strong>vir</strong></span> <span class='ocrx_word' id='word_1_493' title='bbox 1067 437 1119 456; x_wconf 93' lang='lat' dir='ltr'><strong>non</strong></span> <span class='ocrx_word' id='word_1_494' title='bbox 1132 430 1211 456; x_wconf 86' lang='lat' dir='ltr'><strong>unius</strong></span> <span class='ocrx_word' id='word_1_495' title='bbox 1225 434 1324 457; x_wconf 71' lang='lat' dir='ltr'><strong>Lautum</strong></span> <span class='ocrx_word' id='word_1_496' title='bbox 1337 430 1455 465; x_wconf 89' lang='lat' dir='ltr'><strong>episcopi</strong></span> <span class='ocrx_word' id='word_1_497' title='bbox 1469 437 1528 458; x_wconf 87' lang='lat' dir='ltr'><strong>esse</strong></span> <span class='ocrx_word' id='word_1_498' title='bbox 1542 430 1580 458; x_wconf 88' lang='lat' dir='ltr'><strong>sic</strong></span> <span class='ocrx_word' id='word_1_499' title='bbox 1595 435 1713 458; x_wconf 83' lang='lat' dir='ltr'><strong>veterum</strong></span> <span class='ocrx_word' id='word_1_500' title='bbox 1726 431 1807 459; x_wconf 64' lang='lat' dir='ltr'><strong>libros</strong></span> 
     </span>
    </p>
   </div>
   <div class='ocr_carea' id='block_1_67' title="bbox 1015 475 1806 509">
    <p class='ocr_par' dir='ltr' id='par_1_67' title="bbox 1015 475 1806 509">
     <span class='ocr_line' id='line_1_67' title="bbox 1015 475 1806 509; baseline 0.004 -8"><span class='ocrx_word' id='word_1_501' title='bbox 1015 475 1191 509; x_wconf 88' lang='lat' dir='ltr'><strong>proscribere,</strong></span> <span class='ocrx_word' id='word_1_502' title='bbox 1205 475 1252 502; x_wconf 88' lang='lat' dir='ltr'><strong>sed</strong></span> <span class='ocrx_word' id='word_1_503' title='bbox 1268 475 1292 502; x_wconf 92' lang='lat' dir='ltr'><strong>id</strong></span> <span class='ocrx_word' id='word_1_504' title='bbox 1306 475 1338 502; x_wconf 88' lang='lat' dir='ltr'><strong>ad</strong></span> <span class='ocrx_word' id='word_1_505' title='bbox 1350 480 1430 502; x_wconf 88' lang='lat' dir='ltr'><strong>totam</strong></span> <span class='ocrx_word' id='word_1_506' title='bbox 1447 476 1590 503; x_wconf 88' lang='lat' dir='ltr'><strong>Ecclesiam</strong></span> <span class='ocrx_word' id='word_1_507' title='bbox 1605 477 1631 503; x_wconf 93' lang='lat' dir='ltr'><strong>in</strong></span> <span class='ocrx_word' id='word_1_508' title='bbox 1646 485 1726 504; x_wconf 88' lang='lat' dir='ltr'><strong>unum</strong></span> <span class='ocrx_word' id='word_1_509' title='bbox 1743 485 1806 504; x_wconf 35' lang='lat' dir='ltr'><strong>cua‘</strong></span> 
     </span>
    </p>
   </div>
   <div class='ocr_carea' id='block_1_68' title="bbox 1014 522 1240 556">
    <p class='ocr_par' dir='ltr' id='par_1_68' title="bbox 1014 522 1240 556">
     <span class='ocr_line' id='line_1_68' title="bbox 1014 522 1240 556; baseline 0.009 -9"><span class='ocrx_word' id='word_1_510' title='bbox 1014 525 1082 548; x_wconf 83' lang='lat' dir='ltr'><strong>ctam</strong></span> <span class='ocrx_word' id='word_1_511' title='bbox 1099 522 1240 556; x_wconf 82' lang='lat' dir='ltr'><strong>pertinere.</strong></span> 
     </span>
    </p>
   </div>
   <div class='ocr_carea' id='block_1_69' title="bbox 1049 567 1804 605">
    <p class='ocr_par' dir='ltr' id='par_1_69' title="bbox 1049 567 1804 605">
     <span class='ocr_line' id='line_1_69' title="bbox 1049 567 1804 605; baseline 0.003 -10"><span class='ocrx_word' id='word_1_512' title='bbox 1049 567 1165 596; x_wconf 83' lang='lat' dir='ltr'><strong>Joannes</strong></span> <span class='ocrx_word' id='word_1_513' title='bbox 1187 576 1267 601; x_wconf 89' lang='lat' dir='ltr'><strong>vero,</strong></span> <span class='ocrx_word' id='word_1_514' title='bbox 1287 568 1337 595; x_wconf 89' lang='lat' dir='ltr'><strong>etsi</strong></span> <span class='ocrx_word' id='word_1_515' title='bbox 1357 573 1447 596; x_wconf 86' lang='lat' dir='ltr'><strong>contra</strong></span> <span class='ocrx_word' id='word_1_516' title='bbox 1463 569 1668 596; x_wconf 83' lang='lat' dir='ltr'><strong>ecclesiasticam</strong></span> <span class='ocrx_word' id='word_1_517' title='bbox 1687 570 1804 605; x_wconf 83' lang='lat' dir='ltr'><strong>regulam</strong></span> 
     </span>
    </p>
   </div>
   <div class='ocr_carea' id='block_1_70' title="bbox 1014 613 1804 649">
    <p class='ocr_par' dir='ltr' id='par_1_70' title="bbox 1014 613 1804 649">
     <span class='ocr_line' id='line_1_70' title="bbox 1014 613 1804 649; baseline 0.004 -9"><span class='ocrx_word' id='word_1_518' title='bbox 1014 613 1071 641; x_wconf 76' lang='lat' dir='ltr'><strong>lucc</strong></span> <span class='ocrx_word' id='word_1_519' title='bbox 1084 614 1117 641; x_wconf 91' lang='lat' dir='ltr'><strong>ab</strong></span> <span class='ocrx_word' id='word_1_520' title='bbox 1131 614 1278 649; x_wconf 85' lang='lat' dir='ltr'><strong>Epiphanio</strong></span> <span class='ocrx_word' id='word_1_521' title='bbox 1292 615 1346 641; x_wconf 85' lang='lat' dir='ltr'><strong>ﬁeri</strong></span> <span class='ocrx_word' id='word_1_522' title='bbox 1362 615 1484 648; x_wconf 88' lang='lat' dir='ltr'><strong>videbat,</strong></span> <span class='ocrx_word' id='word_1_523' title='bbox 1501 615 1655 643; x_wconf 87' lang='lat' dir='ltr'><strong>hortabatur</strong></span> <span class='ocrx_word' id='word_1_524' title='bbox 1670 620 1757 642; x_wconf 88' lang='lat' dir='ltr'><strong>tamen</strong></span> <span class='ocrx_word' id='word_1_525' title='bbox 1771 617 1804 643; x_wconf 87' lang='lat' dir='ltr'><strong>il-</strong></span> 
     </span>
    </p>
   </div>
   <div class='ocr_carea' id='block_1_71' title="bbox 1014 659 1805 695">
    <p class='ocr_par' dir='ltr' id='par_1_71' title="bbox 1014 659 1805 695">
     <span class='ocr_line' id='line_1_71' title="bbox 1014 659 1805 695; baseline 0.005 -10"><span class='ocrx_word' id='word_1_526' title='bbox 1014 659 1067 686; x_wconf 93' lang='lat' dir='ltr'><strong>lum</strong></span> <span class='ocrx_word' id='word_1_527' title='bbox 1086 664 1114 687; x_wconf 89' lang='lat' dir='ltr'><strong>ut</strong></span> <span class='ocrx_word' id='word_1_528' title='bbox 1136 660 1162 687; x_wconf 89' lang='lat' dir='ltr'><strong>in</strong></span> <span class='ocrx_word' id='word_1_529' title='bbox 1184 661 1326 695; x_wconf 89' lang='lat' dir='ltr'><strong>episcopali</strong></span> <span class='ocrx_word' id='word_1_530' title='bbox 1341 660 1420 688; x_wconf 86' lang='lat' dir='ltr'><strong>domo</strong></span> <span class='ocrx_word' id='word_1_531' title='bbox 1439 667 1568 689; x_wconf 89' lang='lat' dir='ltr'><strong>maneret.</strong></span> <span class='ocrx_word' id='word_1_532' title='bbox 1585 661 1681 689; x_wconf 63' lang='lat' dir='ltr'><strong>\‘erum</strong></span> <span class='ocrx_word' id='word_1_533' title='bbox 1697 662 1740 690; x_wconf 87' lang='lat' dir='ltr'><strong>ille</strong></span> <span class='ocrx_word' id='word_1_534' title='bbox 1754 670 1805 689; x_wconf 92' lang='lat' dir='ltr'><strong>non</strong></span> 
     </span>
    </p>
   </div>
   <div class='ocr_carea' id='block_1_72' title="bbox 1014 707 1805 742">
    <p class='ocr_par' dir='ltr' id='par_1_72' title="bbox 1014 707 1805 742">
     <span class='ocr_line' id='line_1_72' title="bbox 1014 707 1805 742; baseline 0.001 -9"><span class='ocrx_word' id='word_1_535' title='bbox 1014 714 1168 733; x_wconf 86' lang='lat' dir='ltr'><strong>mansurum</strong></span> <span class='ocrx_word' id='word_1_536' title='bbox 1182 714 1212 734; x_wconf 87' lang='lat' dir='ltr'><strong>se</strong></span> <span class='ocrx_word' id='word_1_537' title='bbox 1226 714 1285 734; x_wconf 89' lang='lat' dir='ltr'><strong>cum</strong></span> <span class='ocrx_word' id='word_1_538' title='bbox 1301 707 1356 738; x_wconf 86' lang='lat' dir='ltr'><strong>illo,</strong></span> <span class='ocrx_word' id='word_1_539' title='bbox 1374 715 1459 742; x_wconf 89' lang='lat' dir='ltr'><strong>neque</strong></span> <span class='ocrx_word' id='word_1_540' title='bbox 1477 712 1645 742; x_wconf 86' lang='lat' dir='ltr'><strong>precaturum</strong></span> <span class='ocrx_word' id='word_1_541' title='bbox 1663 707 1737 739; x_wconf 80' lang='lat' dir='ltr'><strong>dixit,</strong></span> <span class='ocrx_word' id='word_1_542' title='bbox 1755 709 1805 734; x_wconf 83' lang='lat' dir='ltr'><strong>nisi</strong></span> 
     </span>
    </p>
   </div>
   <div class='ocr_carea' id='block_1_73' title="bbox 1016 751 1805 787">
    <p class='ocr_par' dir='ltr' id='par_1_73' title="bbox 1016 751 1805 787">
     <span class='ocr_line' id='line_1_73' title="bbox 1016 751 1805 787; baseline 0.001 -8"><span class='ocrx_word' id='word_1_543' title='bbox 1016 752 1170 780; x_wconf 73' lang='lat' dir='ltr'><strong>Diosrorum</strong></span> <span class='ocrx_word' id='word_1_544' title='bbox 1185 751 1332 787; x_wconf 86' lang='lat' dir='ltr'><strong>fratresque</strong></span> <span class='ocrx_word' id='word_1_545' title='bbox 1345 752 1401 787; x_wconf 80' lang='lat' dir='ltr'><strong>ejus</strong></span> <span class='ocrx_word' id='word_1_546' title='bbox 1414 760 1429 779; x_wconf 87' lang='lat' dir='ltr'><strong>e</strong></span> <span class='ocrx_word' id='word_1_547' title='bbox 1443 753 1548 780; x_wconf 82' lang='lat' dir='ltr'><strong>civitate</strong></span> <span class='ocrx_word' id='word_1_548' title='bbox 1568 753 1692 786; x_wconf 85' lang='lat' dir='ltr'><strong>pelleret,</strong></span> <span class='ocrx_word' id='word_1_549' title='bbox 1707 758 1733 780; x_wconf 92' lang='lat' dir='ltr'><strong>et</strong></span> <span class='ocrx_word' id='word_1_550' title='bbox 1750 753 1805 787; x_wconf 87' lang='lat' dir='ltr'><strong>ipso</strong></span> 
     </span>
    </p>
   </div>
   <div class='ocr_carea' id='block_1_74' title="bbox 1013 798 1805 833">
    <p class='ocr_par' dir='ltr' id='par_1_74' title="bbox 1013 798 1805 833">
     <span class='ocr_line' id='line_1_74' title="bbox 1013 798 1805 833; baseline 0.001 -9"><span class='ocrx_word' id='word_1_551' title='bbox 1013 798 1227 825; x_wconf 89' lang='lat' dir='ltr'><strong>condenmationi</strong></span> <span class='ocrx_word' id='word_1_552' title='bbox 1247 798 1374 825; x_wconf 85' lang='lat' dir='ltr'><strong>librorum</strong></span> <span class='ocrx_word' id='word_1_553' title='bbox 1389 798 1511 833; x_wconf 79' lang='lat' dir='ltr'><strong>Origenis</strong></span> <span class='ocrx_word' id='word_1_554' title='bbox 1525 806 1604 825; x_wconf 84' lang='lat' dir='ltr'><strong>manu</strong></span> <span class='ocrx_word' id='word_1_555' title='bbox 1621 799 1725 833; x_wconf 88' lang='lat' dir='ltr'><strong>propria</strong></span> <span class='ocrx_word' id='word_1_556' title='bbox 1740 799 1805 826; x_wconf 80' lang='lat' dir='ltr'><strong>sub-</strong></span> 
     </span>
    </p>
   </div>
   <div class='ocr_carea' id='block_1_75' title="bbox 1013 843 1804 874">
    <p class='ocr_par' dir='ltr' id='par_1_75' title="bbox 1013 843 1804 874">
     <span class='ocr_line' id='line_1_75' title="bbox 1013 843 1804 874; baseline 0 -3"><span class='ocrx_word' id='word_1_557' title='bbox 1013 844 1150 872; x_wconf 87' lang='lat' dir='ltr'><strong>scriberet.</strong></span> <span class='ocrx_word' id='word_1_558' title='bbox 1166 844 1232 871; x_wconf 91' lang='lat' dir='ltr'><strong>Cum</strong></span> <span class='ocrx_word' id='word_1_559' title='bbox 1254 849 1342 872; x_wconf 76' lang='lat' dir='ltr'><strong>autern</strong></span> <span class='ocrx_word' id='word_1_560' title='bbox 1364 844 1480 872; x_wconf 80' lang='lat' dir='ltr'><strong>Joannes</strong></span> <span class='ocrx_word' id='word_1_561' title='bbox 1500 844 1524 871; x_wconf 91' lang='lat' dir='ltr'><strong>id</strong></span> <span class='ocrx_word' id='word_1_562' title='bbox 1546 844 1634 872; x_wconf 88' lang='lat' dir='ltr'><strong>facere</strong></span> <span class='ocrx_word' id='word_1_563' title='bbox 1649 843 1746 874; x_wconf 86' lang='lat' dir='ltr'><strong>nollet.</strong></span> <span class='ocrx_word' id='word_1_564' title='bbox 1764 845 1804 871; x_wconf 89' lang='lat' dir='ltr'><strong>ni-</strong></span> 
     </span>
    </p>
   </div>
   <div class='ocr_carea' id='block_1_76' title="bbox 1014 889 1805 925">
    <p class='ocr_par' dir='ltr' id='par_1_76' title="bbox 1014 889 1805 925">
     <span class='ocr_line' id='line_1_76' title="bbox 1014 889 1805 925; baseline 0.001 -9"><span class='ocrx_word' id='word_1_565' title='bbox 1014 889 1103 924; x_wconf 85' lang='lat' dir='ltr'><strong>hilque</strong></span> <span class='ocrx_word' id='word_1_566' title='bbox 1124 894 1224 917; x_wconf 88' lang='lat' dir='ltr'><strong>temere</strong></span> <span class='ocrx_word' id='word_1_567' title='bbox 1245 890 1374 924; x_wconf 83' lang='lat' dir='ltr'><strong>agendum</strong></span> <span class='ocrx_word' id='word_1_568' title='bbox 1395 898 1454 918; x_wconf 84' lang='lat' dir='ltr'><strong>esse</strong></span> <span class='ocrx_word' id='word_1_569' title='bbox 1474 891 1574 918; x_wconf 86' lang='lat' dir='ltr'><strong>diceret</strong></span> <span class='ocrx_word' id='word_1_570' title='bbox 1593 896 1655 918; x_wconf 83' lang='lat' dir='ltr'><strong>ante</strong></span> <span class='ocrx_word' id='word_1_571' title='bbox 1673 890 1805 925; x_wconf 74' lang='lat' dir='ltr'><strong>generalis</strong></span> 
     </span>
    </p>
   </div>
   <div class='ocr_carea' id='block_1_77' title="bbox 1013 935 1806 971">
    <p class='ocr_par' dir='ltr' id='par_1_77' title="bbox 1013 935 1806 971">
     <span class='ocr_line' id='line_1_77' title="bbox 1013 935 1806 971; baseline -0.001 -10"><span class='ocrx_word' id='word_1_572' title='bbox 1013 935 1122 962; x_wconf 83' lang='lat' dir='ltr'><strong>Concilii</strong></span> <span class='ocrx_word' id='word_1_573' title='bbox 1133 935 1331 967; x_wconf 77' lang='lat' dir='ltr'><strong>definitionem;</strong></span> <span class='ocrx_word' id='word_1_574' title='bbox 1345 935 1454 963; x_wconf 84' lang='lat' dir='ltr'><strong>Joannis</strong></span> <span class='ocrx_word' id='word_1_575' title='bbox 1466 936 1564 963; x_wconf 82' lang='lat' dir='ltr'><strong>inimici</strong></span> <span class='ocrx_word' id='word_1_576' title='bbox 1577 936 1646 963; x_wconf 86' lang='lat' dir='ltr'><strong>aliud</strong></span> <span class='ocrx_word' id='word_1_577' title='bbox 1659 935 1806 971; x_wconf 85' lang='lat' dir='ltr'><strong>Epiphanio</strong></span> 
     </span>
    </p>
   </div>
   <div class='ocr_carea' id='block_1_78' title="bbox 1013 980 1805 1016">
    <p class='ocr_par' dir='ltr' id='par_1_78' title="bbox 1013 980 1805 1016">
     <span class='ocr_line' id='line_1_78' title="bbox 1013 980 1805 1016; baseline 0.003 -9"><span class='ocrx_word' id='word_1_578' title='bbox 1013 985 1210 1015; x_wconf 78' lang='lat' dir='ltr'><strong>suggesserunt.</strong></span> <span class='ocrx_word' id='word_1_579' title='bbox 1225 980 1290 1007; x_wconf 90' lang='lat' dir='ltr'><strong>Cum</strong></span> <span class='ocrx_word' id='word_1_580' title='bbox 1303 981 1458 1008; x_wconf 83' lang='lat' dir='ltr'><strong>celebranda</strong></span> <span class='ocrx_word' id='word_1_581' title='bbox 1472 982 1580 1016; x_wconf 74' lang='lat' dir='ltr'><strong>synaxis</strong></span> <span class='ocrx_word' id='word_1_582' title='bbox 1594 987 1664 1009; x_wconf 84' lang='lat' dir='ltr'><strong>esset</strong></span> <span class='ocrx_word' id='word_1_583' title='bbox 1680 981 1705 1008; x_wconf 87' lang='lat' dir='ltr'><strong>in</strong></span> <span class='ocrx_word' id='word_1_584' title='bbox 1720 982 1805 1010; x_wconf 85' lang='lat' dir='ltr'><strong>eccle-</strong></span> 
     </span>
    </p>
   </div>
   <div class='ocr_carea' id='block_1_79' title="bbox 1013 1025 1805 1061">
    <p class='ocr_par' dir='ltr' id='par_1_79' title="bbox 1013 1025 1805 1061">
     <span class='ocr_line' id='line_1_79' title="bbox 1013 1025 1805 1061; baseline 0.003 -9"><span class='ocrx_word' id='word_1_585' title='bbox 1013 1026 1050 1052; x_wconf 91' lang='lat' dir='ltr'><strong>sia</strong></span> <span class='ocrx_word' id='word_1_586' title='bbox 1067 1025 1253 1060; x_wconf 86' lang='lat' dir='ltr'><strong>Apostolorum</strong></span> <span class='ocrx_word' id='word_1_587' title='bbox 1266 1047 1273 1058; x_wconf 92' lang='lat'><strong>,</strong></span> <span class='ocrx_word' id='word_1_588' title='bbox 1297 1026 1444 1061; x_wconf 76' lang='lat' dir='ltr'><strong>Epiphanio</strong></span> <span class='ocrx_word' id='word_1_589' title='bbox 1459 1031 1485 1053; x_wconf 93' lang='lat' dir='ltr'><strong>ut</strong></span> <span class='ocrx_word' id='word_1_590' title='bbox 1507 1028 1532 1053; x_wconf 92' lang='lat' dir='ltr'><strong>in</strong></span> <span class='ocrx_word' id='word_1_591' title='bbox 1551 1027 1665 1054; x_wconf 91' lang='lat' dir='ltr'><strong>medium</strong></span> <span class='ocrx_word' id='word_1_592' title='bbox 1687 1026 1805 1061; x_wconf 87' lang='lat' dir='ltr'><strong>prodiret</strong></span> 
     </span>
    </p>
   </div>
   <div class='ocr_carea' id='block_1_80' title="bbox 1013 1072 1804 1107">
    <p class='ocr_par' dir='ltr' id='par_1_80' title="bbox 1013 1072 1804 1107">
     <span class='ocr_line' id='line_1_80' title="bbox 1013 1072 1804 1107; baseline 0.001 -9"><span class='ocrx_word' id='word_1_593' title='bbox 1013 1075 1153 1098; x_wconf 80' lang='lat' dir='ltr'><strong>suaserunt</strong></span> <span class='ocrx_word' id='word_1_594' title='bbox 1163 1091 1170 1103; x_wconf 92' lang='lat'><strong>,</strong></span> <span class='ocrx_word' id='word_1_595' title='bbox 1185 1076 1211 1098; x_wconf 87' lang='lat' dir='ltr'><strong>ct</strong></span> <span class='ocrx_word' id='word_1_596' title='bbox 1225 1079 1314 1098; x_wconf 90' lang='lat' dir='ltr'><strong>coram</strong></span> <span class='ocrx_word' id='word_1_597' title='bbox 1329 1072 1452 1098; x_wconf 78' lang='lat' dir='ltr'><strong>universo</strong></span> <span class='ocrx_word' id='word_1_598' title='bbox 1471 1072 1566 1106; x_wconf 87' lang='lat' dir='ltr'><strong>populo</strong></span> <span class='ocrx_word' id='word_1_599' title='bbox 1581 1072 1706 1107; x_wconf 82' lang='lat' dir='ltr'><strong>Origenis.</strong></span> <span class='ocrx_word' id='word_1_600' title='bbox 1722 1072 1804 1099; x_wconf 80' lang='lat' dir='ltr'><strong>libros</strong></span> 
     </span>
    </p>
   </div>
   <div class='ocr_carea' id='block_1_81' title="bbox 1013 1117 1803 1150">
    <p class='ocr_par' dir='ltr' id='par_1_81' title="bbox 1013 1117 1803 1150">
     <span class='ocr_line' id='line_1_81' title="bbox 1013 1117 1803 1150; baseline 0.001 -7"><span class='ocrx_word' id='word_1_601' title='bbox 1013 1117 1219 1150; x_wconf 84' lang='lat' dir='ltr'><strong>condemnaret,</strong></span> <span class='ocrx_word' id='word_1_602' title='bbox 1235 1118 1388 1144; x_wconf 86' lang='lat' dir='ltr'><strong>Dioscorum</strong></span> <span class='ocrx_word' id='word_1_603' title='bbox 1402 1125 1462 1144; x_wconf 90' lang='lat' dir='ltr'><strong>cum</strong></span> <span class='ocrx_word' id='word_1_604' title='bbox 1477 1118 1531 1144; x_wconf 88' lang='lat' dir='ltr'><strong>suis</strong></span> <span class='ocrx_word' id='word_1_605' title='bbox 1546 1117 1786 1145; x_wconf 79' lang='lat' dir='ltr'><strong>exeommunicaret</strong></span> <span class='ocrx_word' id='word_1_606' title='bbox 1796 1138 1803 1148; x_wconf 86' lang='lat'><strong>.</strong></span> 
     </span>
    </p>
   </div>
   <div class='ocr_carea' id='block_1_82' title="bbox 1013 1164 1804 1199">
    <p class='ocr_par' dir='ltr' id='par_1_82' title="bbox 1013 1164 1804 1199">
     <span class='ocr_line' id='line_1_82' title="bbox 1013 1164 1804 1199; baseline 0.003 -9"><span class='ocrx_word' id='word_1_607' title='bbox 1013 1168 1039 1190; x_wconf 90' lang='lat' dir='ltr'><strong>et</strong></span> <span class='ocrx_word' id='word_1_608' title='bbox 1051 1164 1179 1190; x_wconf 89' lang='lat' dir='ltr'><strong>Joannem</strong></span> <span class='ocrx_word' id='word_1_609' title='bbox 1195 1169 1285 1198; x_wconf 91' lang='lat' dir='ltr'><strong>utpote</strong></span> <span class='ocrx_word' id='word_1_610' title='bbox 1303 1164 1354 1191; x_wconf 86' lang='lat' dir='ltr'><strong>illis</strong></span> <span class='ocrx_word' id='word_1_611' title='bbox 1374 1164 1505 1192; x_wconf 79' lang='lat' dir='ltr'><strong>faventem</strong></span> <span class='ocrx_word' id='word_1_612' title='bbox 1527 1165 1726 1199; x_wconf 81' lang='lat' dir='ltr'><strong>perstringerct.</strong></span> <span class='ocrx_word' id='word_1_613' title='bbox 1743 1164 1804 1192; x_wconf 57' lang='lat' dir='ltr'><strong>llaec</strong></span> 
     </span>
    </p>
   </div>
   <div class='ocr_carea' id='block_1_83' title="bbox 1013 1208 1804 1244">
    <p class='ocr_par' dir='ltr' id='par_1_83' title="bbox 1013 1208 1804 1244">
     <span class='ocr_line' id='line_1_83' title="bbox 1013 1208 1804 1244; baseline 0.003 -9"><span class='ocrx_word' id='word_1_614' title='bbox 1013 1208 1106 1235; x_wconf 84' lang='lat' dir='ltr'><strong>Joanni</strong></span> <span class='ocrx_word' id='word_1_615' title='bbox 1127 1209 1242 1236; x_wconf 78' lang='lat' dir='ltr'><strong>nuntiata</strong></span> <span class='ocrx_word' id='word_1_616' title='bbox 1257 1213 1319 1236; x_wconf 86' lang='lat' dir='ltr'><strong>sunt</strong></span> <span class='ocrx_word' id='word_1_617' title='bbox 1329 1230 1336 1241; x_wconf 86' lang='lat'><strong>,</strong></span> <span class='ocrx_word' id='word_1_618' title='bbox 1351 1210 1394 1244; x_wconf 90' lang='lat' dir='ltr'><strong>qui</strong></span> <span class='ocrx_word' id='word_1_619' title='bbox 1410 1209 1537 1244; x_wconf 85' lang='lat' dir='ltr'><strong>postridie</strong></span> <span class='ocrx_word' id='word_1_620' title='bbox 1552 1209 1699 1244; x_wconf 88' lang='lat' dir='ltr'><strong>Epiphanio</strong></span> <span class='ocrx_word' id='word_1_621' title='bbox 1716 1209 1804 1237; x_wconf 88' lang='lat' dir='ltr'><strong>eccle-</strong></span> 
     </span>
    </p>
   </div>
   <div class='ocr_carea' id='block_1_84' title="bbox 1013 1255 1804 1290">
    <p class='ocr_par' dir='ltr' id='par_1_84' title="bbox 1013 1255 1804 1290">
     <span class='ocr_line' id='line_1_84' title="bbox 1013 1255 1804 1290; baseline 0.001 -9"><span class='ocrx_word' id='word_1_622' title='bbox 1013 1255 1078 1281; x_wconf 88' lang='lat' dir='ltr'><strong>siam</strong></span> <span class='ocrx_word' id='word_1_623' title='bbox 1087 1255 1140 1289; x_wconf 86' lang='lat' dir='ltr'><strong>jam</strong></span> <span class='ocrx_word' id='word_1_624' title='bbox 1152 1255 1273 1290; x_wconf 80' lang='lat' dir='ltr'><strong>ingrcs-o</strong></span> <span class='ocrx_word' id='word_1_625' title='bbox 1286 1263 1331 1289; x_wconf 90' lang='lat' dir='ltr'><strong>per</strong></span> <span class='ocrx_word' id='word_1_626' title='bbox 1342 1255 1514 1290; x_wconf 83' lang='lat' dir='ltr'><strong>Serapionem</strong></span> <span class='ocrx_word' id='word_1_627' title='bbox 1528 1255 1584 1283; x_wconf 79' lang='lat' dir='ltr'><strong>bzcc</strong></span> <span class='ocrx_word' id='word_1_628' title='bbox 1596 1255 1737 1290; x_wconf 73' lang='lat' dir='ltr'><strong>signiﬁcari</strong></span> <span class='ocrx_word' id='word_1_629' title='bbox 1747 1256 1804 1290; x_wconf 86' lang='lat' dir='ltr'><strong>jus-</strong></span> 
     </span>
    </p>
   </div>
   <div class='ocr_carea' id='block_1_85' title="bbox 1013 1300 1805 1336">
    <p class='ocr_par' dir='ltr' id='par_1_85' title="bbox 1013 1300 1805 1336">
     <span class='ocr_line' id='line_1_85' title="bbox 1013 1300 1805 1336; baseline 0 -9"><span class='ocrx_word' id='word_1_630' title='bbox 1013 1301 1047 1327; x_wconf 85' lang='lat' dir='ltr'><strong>sit</strong></span> <span class='ocrx_word' id='word_1_631' title='bbox 1063 1310 1068 1327; x_wconf 96' lang='lat'>:</span> <span class='ocrx_word' id='word_1_632' title='bbox 1084 1300 1154 1335; x_wconf 90' lang='lat' dir='ltr'><strong>quod</strong></span> <span class='ocrx_word' id='word_1_633' title='bbox 1168 1308 1261 1334; x_wconf 89' lang='lat' dir='ltr'><strong>nempe</strong></span> <span class='ocrx_word' id='word_1_634' title='bbox 1275 1301 1317 1328; x_wconf 90' lang='lat' dir='ltr'><strong>ille</strong></span> <span class='ocrx_word' id='word_1_635' title='bbox 1333 1301 1413 1328; x_wconf 89' lang='lat' dir='ltr'><strong>multa</strong></span> <span class='ocrx_word' id='word_1_636' title='bbox 1426 1306 1517 1328; x_wconf 85' lang='lat' dir='ltr'><strong>contra</strong></span> <span class='ocrx_word' id='word_1_637' title='bbox 1532 1301 1636 1336; x_wconf 79' lang='lat' dir='ltr'><strong>regulas</strong></span> <span class='ocrx_word' id='word_1_638' title='bbox 1649 1306 1750 1336; x_wconf 80' lang='lat' dir='ltr'><strong>ageret,</strong></span> <span class='ocrx_word' id='word_1_639' title='bbox 1761 1301 1805 1336; x_wconf 89' lang='lat' dir='ltr'><strong>qui</strong></span> 
     </span>
    </p>
   </div>
   <div class='ocr_carea' id='block_1_86' title="bbox 1014 1345 1804 1381">
    <p class='ocr_par' dir='ltr' id='par_1_86' title="bbox 1014 1345 1804 1381">
     <span class='ocr_line' id='line_1_86' title="bbox 1014 1345 1804 1381; baseline 0.001 -9"><span class='ocrx_word' id='word_1_640' title='bbox 1014 1346 1038 1372; x_wconf 91' lang='lat' dir='ltr'><strong>iu</strong></span> <span class='ocrx_word' id='word_1_641' title='bbox 1055 1345 1174 1373; x_wconf 89' lang='lat' dir='ltr'><strong>ecclesiis</strong></span> <span class='ocrx_word' id='word_1_642' title='bbox 1188 1346 1258 1376; x_wconf 89' lang='lat' dir='ltr'><strong>suis,</strong></span> <span class='ocrx_word' id='word_1_643' title='bbox 1272 1353 1301 1373; x_wconf 84' lang='lat' dir='ltr'><strong>se</strong></span> <span class='ocrx_word' id='word_1_644' title='bbox 1315 1346 1414 1377; x_wconf 91' lang='lat' dir='ltr'><strong>inscio,</strong></span> <span class='ocrx_word' id='word_1_645' title='bbox 1430 1346 1622 1374; x_wconf 77' lang='lat' dir='ltr'><strong>Ordinationem</strong></span> <span class='ocrx_word' id='word_1_646' title='bbox 1637 1346 1748 1378; x_wconf 86' lang='lat' dir='ltr'><strong>fecerit;</strong></span> <span class='ocrx_word' id='word_1_647' title='bbox 1761 1347 1804 1381; x_wconf 92' lang='lat' dir='ltr'><strong>qui</strong></span> 
     </span>
    </p>
   </div>
   <div class='ocr_carea' id='block_1_87' title="bbox 1014 1391 1805 1425">
    <p class='ocr_par' dir='ltr' id='par_1_87' title="bbox 1014 1391 1805 1425">
     <span class='ocr_line' id='line_1_87' title="bbox 1014 1391 1805 1425; baseline 0.001 -7"><span class='ocrx_word' id='word_1_648' title='bbox 1014 1391 1115 1425; x_wconf 83' lang='lat' dir='ltr'><strong>injussu</strong></span> <span class='ocrx_word' id='word_1_649' title='bbox 1137 1398 1185 1418; x_wconf 86' lang='lat' dir='ltr'><strong>suo</strong></span> <span class='ocrx_word' id='word_1_650' title='bbox 1207 1391 1232 1418; x_wconf 89' lang='lat' dir='ltr'><strong>in</strong></span> <span class='ocrx_word' id='word_1_651' title='bbox 1257 1391 1348 1418; x_wconf 85' lang='lat' dir='ltr'><strong>iisdem</strong></span> <span class='ocrx_word' id='word_1_652' title='bbox 1372 1391 1492 1418; x_wconf 86' lang='lat' dir='ltr'><strong>ecclesiis</strong></span> <span class='ocrx_word' id='word_1_653' title='bbox 1516 1392 1655 1418; x_wconf 86' lang='lat' dir='ltr'><strong>missarum</strong></span> <span class='ocrx_word' id='word_1_654' title='bbox 1679 1392 1805 1420; x_wconf 88' lang='lat' dir='ltr'><strong>solemnia</strong></span> 
     </span>
    </p>
   </div>
   <div class='ocr_carea' id='block_1_88' title="bbox 1013 1435 1805 1470">
    <p class='ocr_par' dir='ltr' id='par_1_88' title="bbox 1013 1435 1805 1470">
     <span class='ocr_line' id='line_1_88' title="bbox 1013 1435 1805 1470; baseline 0.001 -8"><span class='ocrx_word' id='word_1_655' title='bbox 1013 1436 1172 1467; x_wconf 66' lang='lat' dir='ltr'><strong>etrlebrarit;</strong></span> <span class='ocrx_word' id='word_1_656' title='bbox 1191 1436 1234 1470; x_wconf 89' lang='lat' dir='ltr'><strong>qui</strong></span> <span class='ocrx_word' id='word_1_657' title='bbox 1256 1435 1319 1462; x_wconf 90' lang='lat' dir='ltr'><strong>olim</strong></span> <span class='ocrx_word' id='word_1_658' title='bbox 1343 1436 1469 1463; x_wconf 88' lang='lat' dir='ltr'><strong>invitatus</strong></span> <span class='ocrx_word' id='word_1_659' title='bbox 1492 1435 1536 1463; x_wconf 91' lang='lat' dir='ltr'><strong>illo</strong></span> <span class='ocrx_word' id='word_1_660' title='bbox 1559 1437 1651 1464; x_wconf 85' lang='lat' dir='ltr'><strong>venire.</strong></span> <span class='ocrx_word' id='word_1_661' title='bbox 1675 1437 1805 1469; x_wconf 88' lang='lat' dir='ltr'><strong>noluerit,</strong></span> 
     </span>
    </p>
   </div>
   <div class='ocr_carea' id='block_1_89' title="bbox 1014 1482 1805 1517">
    <p class='ocr_par' dir='ltr' id='par_1_89' title="bbox 1014 1482 1805 1517">
     <span class='ocr_line' id='line_1_89' title="bbox 1014 1482 1805 1517; baseline -0.001 -7"><span class='ocrx_word' id='word_1_662' title='bbox 1014 1491 1083 1510; x_wconf 90' lang='lat' dir='ltr'><strong>nunc</strong></span> <span class='ocrx_word' id='word_1_663' title='bbox 1100 1490 1165 1510; x_wconf 85' lang='lat' dir='ltr'><strong>vero</strong></span> <span class='ocrx_word' id='word_1_664' title='bbox 1180 1482 1204 1509; x_wconf 89' lang='lat' dir='ltr'><strong>id</strong></span> <span class='ocrx_word' id='word_1_665' title='bbox 1220 1483 1269 1509; x_wconf 86' lang='lat' dir='ltr'><strong>sibi</strong></span> <span class='ocrx_word' id='word_1_666' title='bbox 1291 1482 1348 1517; x_wconf 87' lang='lat' dir='ltr'><strong>ipse</strong></span> <span class='ocrx_word' id='word_1_667' title='bbox 1368 1483 1526 1516; x_wconf 81' lang='lat' dir='ltr'><strong>permiserit.</strong></span> <span class='ocrx_word' id='word_1_668' title='bbox 1541 1483 1640 1510; x_wconf 88' lang='lat' dir='ltr'><strong>Cavere</strong></span> <span class='ocrx_word' id='word_1_669' title='bbox 1659 1487 1745 1510; x_wconf 67' lang='lat' dir='ltr'><strong>autem</strong></span> <span class='ocrx_word' id='word_1_670' title='bbox 1762 1490 1805 1509; x_wconf 83' lang='lat' dir='ltr'><strong>ro-</strong></span> 
     </span>
    </p>
   </div>
   <div class='ocr_carea' id='block_1_90' title="bbox 1013 1528 1433 1564">
    <p class='ocr_par' dir='ltr' id='par_1_90' title="bbox 1013 1528 1433 1564">
     <span class='ocr_line' id='line_1_90' title="bbox 1013 1528 1433 1564; baseline -0.002 -9"><span class='ocrx_word' id='word_1_671' title='bbox 1013 1529 1091 1564; x_wconf 77' lang='lat' dir='ltr'><strong>gabat</strong></span> <span class='ocrx_word' id='word_1_672' title='bbox 1105 1536 1138 1556; x_wconf 86' lang='lat' dir='ltr'><strong>ne</strong></span> <span class='ocrx_word' id='word_1_673' title='bbox 1153 1528 1279 1555; x_wconf 85' lang='lat' dir='ltr'><strong>tumultus</strong></span> <span class='ocrx_word' id='word_1_674' title='bbox 1297 1528 1433 1555; x_wconf 78' lang='lat' dir='ltr'><strong>excitaret.</strong></span> 
     </span>
    </p>
   </div>
   <div class='ocr_carea' id='block_1_91' title="bbox 1051 1573 1805 1609">
    <p class='ocr_par' dir='ltr' id='par_1_91' title="bbox 1051 1573 1805 1609">
     <span class='ocr_line' id='line_1_91' title="bbox 1051 1573 1805 1609; baseline -0.001 -8"><span class='ocrx_word' id='word_1_675' title='bbox 1051 1574 1082 1601; x_wconf 89' lang='lat' dir='ltr'><strong>S.</strong></span> <span class='ocrx_word' id='word_1_676' title='bbox 1100 1573 1258 1609; x_wconf 72' lang='lat' dir='ltr'><strong>Epiphanius</strong></span> <span class='ocrx_word' id='word_1_677' title='bbox 1272 1574 1387 1600; x_wconf 86' lang='lat' dir='ltr'><strong>moritur.</strong></span> <span class='ocrx_word' id='word_1_678' title='bbox 1402 1589 1438 1594; x_wconf 89' lang='lat'><strong><em>—</em></strong></span> <span class='ocrx_word' id='word_1_679' title='bbox 1453 1573 1499 1600; x_wconf 88' lang='lat' dir='ltr'><strong>llis</strong></span> <span class='ocrx_word' id='word_1_680' title='bbox 1510 1573 1606 1600; x_wconf 86' lang='lat' dir='ltr'><strong>auditis</strong></span> <span class='ocrx_word' id='word_1_681' title='bbox 1622 1574 1729 1601; x_wconf 89' lang='lat' dir='ltr'><strong>territtls</strong></span> <span class='ocrx_word' id='word_1_682' title='bbox 1743 1573 1805 1609; x_wconf 79' lang='lat' dir='ltr'><strong>Epi-</strong></span> 
     </span>
    </p>
   </div>
   <div class='ocr_carea' id='block_1_92' title="bbox 1016 1618 1807 1654">
    <p class='ocr_par' dir='ltr' id='par_1_92' title="bbox 1016 1618 1807 1654">
     <span class='ocr_line' id='line_1_92' title="bbox 1016 1618 1807 1654; baseline 0.001 -9"><span class='ocrx_word' id='word_1_683' title='bbox 1016 1619 1128 1654; x_wconf 83' lang='lat' dir='ltr'><strong>phanius</strong></span> <span class='ocrx_word' id='word_1_684' title='bbox 1140 1640 1146 1651; x_wconf 89' lang='lat'><strong>,</strong></span> <span class='ocrx_word' id='word_1_685' title='bbox 1164 1619 1197 1645; x_wconf 90' lang='lat' dir='ltr'><strong>ab</strong></span> <span class='ocrx_word' id='word_1_686' title='bbox 1211 1619 1324 1646; x_wconf 83' lang='lat' dir='ltr'><strong>ecclesia</strong></span> <span class='ocrx_word' id='word_1_687' title='bbox 1339 1619 1476 1650; x_wconf 88' lang='lat' dir='ltr'><strong>discessit,</strong></span> <span class='ocrx_word' id='word_1_688' title='bbox 1490 1623 1516 1646; x_wconf 87' lang='lat' dir='ltr'><strong>et</strong></span> <span class='ocrx_word' id='word_1_689' title='bbox 1531 1619 1564 1646; x_wconf 88' lang='lat' dir='ltr'><strong>de</strong></span> <span class='ocrx_word' id='word_1_690' title='bbox 1576 1618 1678 1646; x_wconf 85' lang='lat' dir='ltr'><strong>Joanne</strong></span> <span class='ocrx_word' id='word_1_691' title='bbox 1692 1619 1807 1654; x_wconf 82' lang='lat' dir='ltr'><strong>graviter</strong></span> 
     </span>
    </p>
   </div>
   <div class='ocr_carea' id='block_1_93' title="bbox 1015 1663 1808 1700">
    <p class='ocr_par' dir='ltr' id='par_1_93' title="bbox 1015 1663 1808 1700">
     <span class='ocr_line' id='line_1_93' title="bbox 1015 1663 1808 1700; baseline 0.003 -10"><span class='ocrx_word' id='word_1_692' title='bbox 1015 1669 1176 1699; x_wconf 85' lang='lat' dir='ltr'><strong>conquestus</strong></span> <span class='ocrx_word' id='word_1_693' title='bbox 1187 1685 1196 1696; x_wconf 90' lang='lat'><strong>,</strong></span> <span class='ocrx_word' id='word_1_694' title='bbox 1210 1663 1325 1700; x_wconf 83' lang='lat' dir='ltr'><strong>Cyprum</strong></span> <span class='ocrx_word' id='word_1_695' title='bbox 1340 1664 1517 1699; x_wconf 82' lang='lat' dir='ltr'><strong>adnavigavit.</strong></span> <span class='ocrx_word' id='word_1_696' title='bbox 1534 1665 1616 1691; x_wconf 88' lang='lat' dir='ltr'><strong>Erant</strong></span> <span class='ocrx_word' id='word_1_697' title='bbox 1630 1666 1674 1699; x_wconf 88' lang='lat' dir='ltr'><strong>qui</strong></span> <span class='ocrx_word' id='word_1_698' title='bbox 1689 1664 1808 1692; x_wconf 75' lang='lat' dir='ltr'><strong>dicerent</strong></span> 
     </span>
    </p>
   </div>
   <div class='ocr_carea' id='block_1_94' title="bbox 1016 1709 1807 1745">
    <p class='ocr_par' dir='ltr' id='par_1_94' title="bbox 1016 1709 1807 1745">
     <span class='ocr_line' id='line_1_94' title="bbox 1016 1709 1807 1745; baseline -0.001 -8"><span class='ocrx_word' id='word_1_699' title='bbox 1016 1709 1212 1745; x_wconf 81' lang='lat' dir='ltr'><strong>Epiphaniam,</strong></span> <span class='ocrx_word' id='word_1_700' title='bbox 1234 1717 1296 1736; x_wconf 91' lang='lat' dir='ltr'><strong>cum</strong></span> <span class='ocrx_word' id='word_1_701' title='bbox 1319 1709 1406 1737; x_wconf 92' lang='lat' dir='ltr'><strong>navim</strong></span> <span class='ocrx_word' id='word_1_702' title='bbox 1428 1717 1622 1737; x_wconf 85' lang='lat' dir='ltr'><strong>conscensurus</strong></span> <span class='ocrx_word' id='word_1_703' title='bbox 1641 1714 1731 1743; x_wconf 86' lang='lat' dir='ltr'><strong>esset,</strong></span> <span class='ocrx_word' id='word_1_704' title='bbox 1752 1709 1807 1737; x_wconf 80' lang='lat' dir='ltr'><strong>lucc</strong></span> 
     </span>
    </p>
   </div>
   <div class='ocr_carea' id='block_1_95' title="bbox 1015 1754 1808 1790">
    <p class='ocr_par' dir='ltr' id='par_1_95' title="bbox 1015 1754 1808 1790">
     <span class='ocr_line' id='line_1_95' title="bbox 1015 1754 1808 1790; baseline 0.001 -8"><span class='ocrx_word' id='word_1_705' title='bbox 1015 1754 1109 1782; x_wconf 87' lang='lat' dir='ltr'><strong>Joanni</strong></span> <span class='ocrx_word' id='word_1_706' title='bbox 1129 1754 1321 1782; x_wconf 80' lang='lat' dir='ltr'><strong>denuntiasse:</strong></span> <span class='ocrx_word' id='word_1_707' title='bbox 1341 1755 1425 1790; x_wconf 89' lang='lat' dir='ltr'><strong>Spero</strong></span> <span class='ocrx_word' id='word_1_708' title='bbox 1444 1759 1470 1782; x_wconf 90' lang='lat' dir='ltr'><strong>te</strong></span> <span class='ocrx_word' id='word_1_709' title='bbox 1494 1763 1547 1782; x_wconf 93' lang='lat' dir='ltr'><strong>non</strong></span> <span class='ocrx_word' id='word_1_710' title='bbox 1569 1755 1724 1783; x_wconf 89' lang='lat' dir='ltr'><strong>moriturum</strong></span> <span class='ocrx_word' id='word_1_711' title='bbox 1748 1763 1808 1783; x_wconf 80' lang='lat' dir='ltr'><strong>esse</strong></span> 
     </span>
    </p>
   </div>
   <div class='ocr_carea' id='block_1_96' title="bbox 1016 1800 1807 1835">
    <p class='ocr_par' dir='ltr' id='par_1_96' title="bbox 1016 1800 1807 1835">
     <span class='ocr_line' id='line_1_96' title="bbox 1016 1800 1807 1835; baseline 0 -7"><span class='ocrx_word' id='word_1_712' title='bbox 1016 1801 1188 1835; x_wconf 85' lang='lat' dir='ltr'><strong>episcopum;</strong></span> <span class='ocrx_word' id='word_1_713' title='bbox 1210 1800 1392 1835; x_wconf 85' lang='lat' dir='ltr'><strong>Joanncmque</strong></span> <span class='ocrx_word' id='word_1_714' title='bbox 1414 1801 1528 1828; x_wconf 84' lang='lat' dir='ltr'><strong>vicissim</strong></span> <span class='ocrx_word' id='word_1_715' title='bbox 1551 1801 1588 1828; x_wconf 92' lang='lat' dir='ltr'><strong>illi</strong></span> <span class='ocrx_word' id='word_1_716' title='bbox 1611 1801 1781 1835; x_wconf 89' lang='lat' dir='ltr'><strong>respondisse</strong></span> <span class='ocrx_word' id='word_1_717' title='bbox 1800 1811 1807 1828; x_wconf 88' lang='lat'><strong>:</strong></span> 
     </span>
    </p>
   </div>
   <div class='ocr_carea' id='block_1_97' title="bbox 1017 1845 1807 1880">
    <p class='ocr_par' dir='ltr' id='par_1_97' title="bbox 1017 1845 1807 1880">
     <span class='ocr_line' id='line_1_97' title="bbox 1017 1845 1807 1880; baseline 0.001 -7"><span class='ocrx_word' id='word_1_718' title='bbox 1017 1845 1102 1879; x_wconf 85' lang='lat' dir='ltr'><strong>Spero</strong></span> <span class='ocrx_word' id='word_1_719' title='bbox 1117 1851 1142 1873; x_wconf 87' lang='lat' dir='ltr'><strong>te</strong></span> <span class='ocrx_word' id='word_1_720' title='bbox 1162 1853 1214 1872; x_wconf 91' lang='lat' dir='ltr'><strong>non</strong></span> <span class='ocrx_word' id='word_1_721' title='bbox 1230 1850 1417 1880; x_wconf 89' lang='lat' dir='ltr'><strong>perventurum</strong></span> <span class='ocrx_word' id='word_1_722' title='bbox 1432 1853 1492 1873; x_wconf 82' lang='lat' dir='ltr'><strong>esse</strong></span> <span class='ocrx_word' id='word_1_723' title='bbox 1510 1846 1535 1873; x_wconf 91' lang='lat' dir='ltr'><strong>in</strong></span> <span class='ocrx_word' id='word_1_724' title='bbox 1556 1846 1678 1880; x_wconf 87' lang='lat' dir='ltr'><strong>patriam.</strong></span> <span class='ocrx_word' id='word_1_725' title='bbox 1693 1847 1733 1873; x_wconf 81' lang='lat' dir='ltr'><strong>An</strong></span> <span class='ocrx_word' id='word_1_726' title='bbox 1746 1854 1807 1874; x_wconf 78' lang='lat' dir='ltr'><strong>vera</strong></span> 
     </span>
    </p>
   </div>
   <div class='ocr_carea' id='block_1_98' title="bbox 1018 1889 1808 1925">
    <p class='ocr_par' dir='ltr' id='par_1_98' title="bbox 1018 1889 1808 1925">
     <span class='ocr_line' id='line_1_98' title="bbox 1018 1889 1808 1925; baseline 0.001 -8"><span class='ocrx_word' id='word_1_727' title='bbox 1018 1891 1133 1917; x_wconf 80' lang='lat' dir='ltr'><strong>narratio</strong></span> <span class='ocrx_word' id='word_1_728' title='bbox 1147 1890 1181 1917; x_wconf 91' lang='lat' dir='ltr'><strong>sit</strong></span> <span class='ocrx_word' id='word_1_729' title='bbox 1195 1890 1315 1917; x_wconf 89' lang='lat' dir='ltr'><strong>dubitant</strong></span> <span class='ocrx_word' id='word_1_730' title='bbox 1329 1889 1453 1917; x_wconf 87' lang='lat' dir='ltr'><strong>Socrates</strong></span> <span class='ocrx_word' id='word_1_731' title='bbox 1465 1894 1493 1917; x_wconf 89' lang='lat' dir='ltr'><strong>et</strong></span> <span class='ocrx_word' id='word_1_732' title='bbox 1506 1890 1681 1918; x_wconf 86' lang='lat' dir='ltr'><strong>Sozomenus.</strong></span> <span class='ocrx_word' id='word_1_733' title='bbox 1698 1890 1808 1925; x_wconf 78' lang='lat' dir='ltr'><strong>Utrique</strong></span> 
     </span>
    </p>
   </div>
   <div class='ocr_carea' id='block_1_99' title="bbox 1017 1934 1808 1970">
    <p class='ocr_par' dir='ltr' id='par_1_99' title="bbox 1017 1934 1808 1970">
     <span class='ocr_line' id='line_1_99' title="bbox 1017 1934 1808 1970; baseline 0 -8"><span class='ocrx_word' id='word_1_734' title='bbox 1017 1939 1089 1962; x_wconf 88' lang='lat' dir='ltr'><strong>certe</strong></span> <span class='ocrx_word' id='word_1_735' title='bbox 1104 1934 1254 1969; x_wconf 75' lang='lat' dir='ltr'><strong>huiusmodi</strong></span> <span class='ocrx_word' id='word_1_736' title='bbox 1270 1935 1357 1962; x_wconf 84' lang='lat' dir='ltr'><strong>exitus</strong></span> <span class='ocrx_word' id='word_1_737' title='bbox 1371 1935 1480 1970; x_wconf 88' lang='lat' dir='ltr'><strong>contigit</strong></span> <span class='ocrx_word' id='word_1_738' title='bbox 1494 1943 1501 1960; x_wconf 73' lang='grc' dir='ltr'><em>τ</em></span> <span class='ocrx_word' id='word_1_739' title='bbox 1516 1942 1576 1962; x_wconf 91' lang='lat' dir='ltr'><strong>nam</strong></span> <span class='ocrx_word' id='word_1_740' title='bbox 1590 1943 1676 1970; x_wconf 88' lang='lat' dir='ltr'><strong>neque</strong></span> <span class='ocrx_word' id='word_1_741' title='bbox 1692 1936 1808 1970; x_wconf 84' lang='lat' dir='ltr'><strong>Epipha-</strong></span> 
     </span>
    </p>
   </div>
   <div class='ocr_carea' id='block_1_100' title="bbox 1011 1979 1809 2016">
    <p class='ocr_par' dir='ltr' id='par_1_100' title="bbox 1011 1979 1809 2016">
     <span class='ocr_line' id='line_1_100' title="bbox 1011 1979 1809 2016; baseline 0.001 -9"><span class='ocrx_word' id='word_1_742' title='bbox 1011 1981 1078 2007; x_wconf 74' lang='lat' dir='ltr'><strong>‘nius</strong></span> <span class='ocrx_word' id='word_1_743' title='bbox 1089 1980 1114 2007; x_wconf 93' lang='lat' dir='ltr'><strong>in</strong></span> <span class='ocrx_word' id='word_1_744' title='bbox 1126 1980 1242 2016; x_wconf 73' lang='lat' dir='ltr'><strong>Cyprum</strong></span> <span class='ocrx_word' id='word_1_745' title='bbox 1254 1980 1370 2014; x_wconf 87' lang='lat' dir='ltr'><strong>appulit;</strong></span> <span class='ocrx_word' id='word_1_746' title='bbox 1382 1984 1441 2015; x_wconf 85' lang='lat' dir='ltr'><strong>post</strong></span> <span class='ocrx_word' id='word_1_747' title='bbox 1451 1979 1596 2007; x_wconf 76' lang='lat' dir='ltr'><strong>diseesSum</strong></span> <span class='ocrx_word' id='word_1_748' title='bbox 1607 1980 1809 2012; x_wconf 74' lang='lat' dir='ltr'><strong>enimmorluus</strong></span> 
     </span>
    </p>
   </div>
   <div class='ocr_carea' id='block_1_101' title="bbox 1018 2025 1809 2061">
    <p class='ocr_par' dir='ltr' id='par_1_101' title="bbox 1018 2025 1809 2061">
     <span class='ocr_line' id='line_1_101' title="bbox 1018 2025 1809 2061; baseline 0 -7"><span class='ocrx_word' id='word_1_749' title='bbox 1018 2031 1059 2054; x_wconf 87' lang='lat' dir='ltr'><strong>est</strong></span> <span class='ocrx_word' id='word_1_750' title='bbox 1073 2027 1098 2053; x_wconf 87' lang='lat' dir='ltr'><strong>in</strong></span> <span class='ocrx_word' id='word_1_751' title='bbox 1116 2026 1176 2053; x_wconf 91' lang='lat' dir='ltr'><strong>navi</strong></span> <span class='ocrx_word' id='word_1_752' title='bbox 1191 2035 1198 2053; x_wconf 85' lang='lat'>:</span> <span class='ocrx_word' id='word_1_753' title='bbox 1214 2025 1331 2053; x_wconf 89' lang='lat' dir='ltr'><strong>Joannes</strong></span> <span class='ocrx_word' id='word_1_754' title='bbox 1345 2033 1408 2053; x_wconf 89' lang='lat' dir='ltr'><strong>vero</strong></span> <span class='ocrx_word' id='word_1_755' title='bbox 1423 2030 1514 2060; x_wconf 86' lang='lat' dir='ltr'><strong>postea</strong></span> <span class='ocrx_word' id='word_1_756' title='bbox 1535 2033 1566 2053; x_wconf 79' lang='lat' dir='ltr'><strong>cx</strong></span> <span class='ocrx_word' id='word_1_757' title='bbox 1587 2026 1729 2061; x_wconf 83' lang='lat' dir='ltr'><strong>episcopali</strong></span> <span class='ocrx_word' id='word_1_758' title='bbox 1745 2027 1809 2054; x_wconf 81' lang='lat' dir='ltr'><strong>sede</strong></span> 
     </span>
    </p>
   </div>
   <div class='ocr_carea' id='block_1_102' title="bbox 1019 2070 1808 2107">
    <p class='ocr_par' dir='ltr' id='par_1_102' title="bbox 1019 2070 1808 2107">
     <span class='ocr_line' id='line_1_102' title="bbox 1019 2070 1808 2107; baseline 0 -9"><span class='ocrx_word' id='word_1_759' title='bbox 1019 2072 1108 2107; x_wconf 89' lang='lat' dir='ltr'><strong>pulsus</strong></span> <span class='ocrx_word' id='word_1_760' title='bbox 1125 2076 1183 2104; x_wconf 87' lang='lat' dir='ltr'><strong>est,</strong></span> <span class='ocrx_word' id='word_1_761' title='bbox 1203 2075 1282 2106; x_wconf 87' lang='lat' dir='ltr'><strong>atque</strong></span> <span class='ocrx_word' id='word_1_762' title='bbox 1298 2071 1325 2098; x_wconf 94' lang='lat' dir='ltr'><strong>in</strong></span> <span class='ocrx_word' id='word_1_763' title='bbox 1343 2071 1428 2098; x_wconf 82' lang='lat' dir='ltr'><strong>exsilii</strong></span> <span class='ocrx_word' id='word_1_764' title='bbox 1445 2071 1502 2098; x_wconf 91' lang='lat' dir='ltr'><strong>loco</strong></span> <span class='ocrx_word' id='word_1_765' title='bbox 1521 2070 1590 2098; x_wconf 90' lang='lat' dir='ltr'><strong>diem</strong></span> <span class='ocrx_word' id='word_1_766' title='bbox 1608 2071 1701 2099; x_wconf 77' lang='lat' dir='ltr'><strong>clausit</strong></span> <span class='ocrx_word' id='word_1_767' title='bbox 1718 2076 1808 2099; x_wconf 78' lang='lat' dir='ltr'><strong>extre-</strong></span> 
     </span>
    </p>
   </div>
   <div class='ocr_carea' id='block_1_103' title="bbox 1018 2125 1101 2144">
    <p class='ocr_par' dir='ltr' id='par_1_103' title="bbox 1018 2125 1101 2144">
     <span class='ocr_line' id='line_1_103' title="bbox 1018 2125 1101 2144; baseline -0.012 0"><span class='ocrx_word' id='word_1_768' title='bbox 1018 2125 1101 2144; x_wconf 73' lang='lat' dir='ltr'><strong>milli].</strong></span> 
     </span>
    </p>
   </div>
   <div class='ocr_carea' id='block_1_104' title="bbox 1054 2161 1807 2198">
    <p class='ocr_par' dir='ltr' id='par_1_104' title="bbox 1054 2161 1807 2198">
     <span class='ocr_line' id='line_1_104' title="bbox 1054 2161 1807 2198; baseline 0.001 -10"><span class='ocrx_word' id='word_1_769' title='bbox 1054 2162 1306 2190; x_wconf 80' lang='lat' dir='ltr'><strong>AddilSozomenus</strong></span> <span class='ocrx_word' id='word_1_770' title='bbox 1321 2161 1443 2197; x_wconf 68' lang='lat' dir='ltr'><strong>(Sozam.</strong></span> <span class='ocrx_word' id='word_1_771' title='bbox 1457 2161 1476 2189; x_wconf 86' lang='grc' dir='ltr'><strong>Ι.</strong></span> <span class='ocrx_word' id='word_1_772' title='bbox 1492 2162 1518 2189; x_wconf 87' lang='grc'><strong>8.</strong></span> <span class='ocrx_word' id='word_1_773' title='bbox 1535 2170 1559 2189; x_wconf 84' lang='lat' dir='ltr'><strong>c.</strong></span> <span class='ocrx_word' id='word_1_774' title='bbox 1577 2161 1624 2198; x_wconf 78' lang='lat' dir='ltr'><strong>l5)</strong></span> <span class='ocrx_word' id='word_1_775' title='bbox 1638 2161 1807 2189; x_wconf 86' lang='lat' dir='ltr'><strong>Ammonium</strong></span> 
     </span>
    </p>
   </div>
   <div class='ocr_carea' id='block_1_105' title="bbox 1019 2206 1810 2242">
    <p class='ocr_par' dir='ltr' id='par_1_105' title="bbox 1019 2206 1810 2242">
     <span class='ocr_line' id='line_1_105' title="bbox 1019 2206 1810 2242; baseline 0 -8"><span class='ocrx_word' id='word_1_776' title='bbox 1019 2211 1182 2242; x_wconf 75' lang='lat' dir='ltr'><strong>emterosque</strong></span> <span class='ocrx_word' id='word_1_777' title='bbox 1203 2207 1311 2234; x_wconf 80' lang='lat' dir='ltr'><strong>Fratres</strong></span> <span class='ocrx_word' id='word_1_778' title='bbox 1330 2206 1435 2242; x_wconf 84' lang='lat' dir='ltr'><strong>Longos</strong></span> <span class='ocrx_word' id='word_1_779' title='bbox 1454 2206 1630 2242; x_wconf 86' lang='lat' dir='ltr'><strong>Epiphanium</strong></span> <span class='ocrx_word' id='word_1_780' title='bbox 1652 2207 1765 2238; x_wconf 87' lang='lat' dir='ltr'><strong>adiisse,</strong></span> <span class='ocrx_word' id='word_1_781' title='bbox 1778 2214 1810 2234; x_wconf 86' lang='lat' dir='ltr'><strong>ac</strong></span> 
     </span>
    </p>
   </div>
   <div class='ocr_carea' id='block_1_106' title="bbox 1018 2251 1808 2287">
    <p class='ocr_par' dir='ltr' id='par_1_106' title="bbox 1018 2251 1808 2287">
     <span class='ocr_line' id='line_1_106' title="bbox 1018 2251 1808 2287; baseline 0.001 -9"><span class='ocrx_word' id='word_1_782' title='bbox 1018 2252 1172 2287; x_wconf 61' lang='lat' dir='ltr'><strong>quaesivisse</strong></span> <span class='ocrx_word' id='word_1_783' title='bbox 1187 2251 1220 2278; x_wconf 89' lang='lat' dir='ltr'><strong>ab</strong></span> <span class='ocrx_word' id='word_1_784' title='bbox 1235 2252 1279 2278; x_wconf 92' lang='lat' dir='ltr'><strong>illo</strong></span> <span class='ocrx_word' id='word_1_785' title='bbox 1289 2251 1351 2286; x_wconf 91' lang='lat' dir='ltr'><strong>quid</strong></span> <span class='ocrx_word' id='word_1_786' title='bbox 1364 2259 1450 2279; x_wconf 74' lang='lat' dir='ltr'><strong>causa:</strong></span> <span class='ocrx_word' id='word_1_787' title='bbox 1461 2257 1530 2279; x_wconf 88' lang='lat' dir='ltr'><strong>esset</strong></span> <span class='ocrx_word' id='word_1_788' title='bbox 1544 2259 1592 2279; x_wconf 90' lang='lat' dir='ltr'><strong>cur</strong></span> <span class='ocrx_word' id='word_1_789' title='bbox 1605 2252 1675 2286; x_wconf 87' lang='lat' dir='ltr'><strong>ipsos</strong></span> <span class='ocrx_word' id='word_1_790' title='bbox 1686 2257 1714 2279; x_wconf 89' lang='lat' dir='ltr'><strong>ut</strong></span> <span class='ocrx_word' id='word_1_791' title='bbox 1724 2252 1808 2279; x_wconf 78' lang='lat' dir='ltr'><strong>luere-</strong></span> 
     </span>
    </p>
   </div>
   <div class='ocr_carea' id='block_1_107' title="bbox 1021 2296 1810 2332">
    <p class='ocr_par' dir='ltr' id='par_1_107' title="bbox 1021 2296 1810 2332">
     <span class='ocr_line' id='line_1_107' title="bbox 1021 2296 1810 2332; baseline -0.001 -7"><span class='ocrx_word' id='word_1_792' title='bbox 1021 2298 1087 2326; x_wconf 88' lang='lat' dir='ltr'><strong>tieos</strong></span> <span class='ocrx_word' id='word_1_793' title='bbox 1113 2297 1239 2330; x_wconf 87' lang='lat' dir='ltr'><strong>haberet;</strong></span> <span class='ocrx_word' id='word_1_794' title='bbox 1264 2305 1324 2324; x_wconf 92' lang='lat' dir='ltr'><strong>cum</strong></span> <span class='ocrx_word' id='word_1_795' title='bbox 1348 2296 1530 2332; x_wconf 78' lang='lat' dir='ltr'><strong>respondisset</strong></span> <span class='ocrx_word' id='word_1_796' title='bbox 1551 2297 1713 2331; x_wconf 83' lang='lat' dir='ltr'><strong>Epiphanius</strong></span> <span class='ocrx_word' id='word_1_797' title='bbox 1734 2304 1764 2324; x_wconf 86' lang='lat' dir='ltr'><strong>se</strong></span> <span class='ocrx_word' id='word_1_798' title='bbox 1783 2297 1810 2324; x_wconf 90' lang='lat' dir='ltr'><strong>id</strong></span> 
     </span>
    </p>
   </div>
   <div class='ocr_carea' id='block_1_108' title="bbox 1019 2336 1809 2378">
    <p class='ocr_par' dir='ltr' id='par_1_108' title="bbox 1019 2336 1809 2378">
     <span class='ocr_line' id='line_1_108' title="bbox 1019 2336 1809 2378; baseline -0.003 -7"><span class='ocrx_word' id='word_1_799' title='bbox 1019 2343 1109 2371; x_wconf 91' lang='lat' dir='ltr'><strong>auditu</strong></span> <span class='ocrx_word' id='word_1_800' title='bbox 1121 2343 1265 2378; x_wconf 84' lang='lat' dir='ltr'><strong>accepisse,</strong></span> <span class='ocrx_word' id='word_1_801' title='bbox 1278 2342 1446 2369; x_wconf 84' lang='lat' dir='ltr'><strong>Ammonium</strong></span> <span class='ocrx_word' id='word_1_802' title='bbox 1457 2349 1487 2369; x_wconf 90' lang='lat' dir='ltr'><strong>ea</strong></span> <span class='ocrx_word' id='word_1_803' title='bbox 1501 2342 1526 2369; x_wconf 93' lang='lat' dir='ltr'><strong>in</strong></span> <span class='ocrx_word' id='word_1_804' title='bbox 1540 2341 1720 2369; x_wconf 82' lang='lat' dir='ltr'><strong>defensionem</strong></span> <span class='ocrx_word' id='word_1_805' title='bbox 1735 2336 1809 2370; x_wconf 69' lang='lat' dir='ltr'><strong>suam</strong></span> 
     </span>
    </p>
   </div>
   <div class='ocr_carea' id='block_1_109' title="bbox 1019 2386 1810 2424">
    <p class='ocr_par' dir='ltr' id='par_1_109' title="bbox 1019 2386 1810 2424">
     <span class='ocr_line' id='line_1_109' title="bbox 1019 2386 1810 2424; baseline -0.003 -8"><span class='ocrx_word' id='word_1_806' title='bbox 1019 2389 1170 2424; x_wconf 89' lang='lat' dir='ltr'><strong>protulisse,</strong></span> <span class='ocrx_word' id='word_1_807' title='bbox 1185 2395 1245 2422; x_wconf 68' lang='lat' dir='ltr'><strong>qum</strong></span> <span class='ocrx_word' id='word_1_808' title='bbox 1258 2388 1344 2423; x_wconf 91' lang='lat' dir='ltr'><strong>ipsum</strong></span> <span class='ocrx_word' id='word_1_809' title='bbox 1361 2387 1489 2414; x_wconf 90' lang='lat' dir='ltr'><strong>leniorem</strong></span> <span class='ocrx_word' id='word_1_810' title='bbox 1505 2386 1678 2420; x_wconf 83' lang='lat' dir='ltr'><strong>reddiderint,</strong></span> <span class='ocrx_word' id='word_1_811' title='bbox 1692 2394 1723 2414; x_wconf 85' lang='lat' dir='ltr'><strong>ac</strong></span> <span class='ocrx_word' id='word_1_812' title='bbox 1735 2387 1810 2414; x_wconf 87' lang='lat' dir='ltr'><strong>brevi</strong></span> 
     </span>
    </p>
   </div>
   <div class='ocr_carea' id='block_1_110' title="bbox 1020 2431 1802 2470">
    <p class='ocr_par' dir='ltr' id='par_1_110' title="bbox 1020 2431 1802 2470">
     <span class='ocr_line' id='line_1_110' title="bbox 1020 2431 1802 2470; baseline -0.003 -8"><span class='ocrx_word' id='word_1_813' title='bbox 1020 2439 1112 2470; x_wconf 85' lang='lat' dir='ltr'><strong>postea</strong></span> <span class='ocrx_word' id='word_1_814' title='bbox 1125 2433 1241 2470; x_wconf 86' lang='lat' dir='ltr'><strong>Cyprum</strong></span> <span class='ocrx_word' id='word_1_815' title='bbox 1256 2433 1405 2468; x_wconf 82' lang='lat' dir='ltr'><strong>navigasse,</strong></span> <span class='ocrx_word' id='word_1_816' title='bbox 1420 2432 1475 2459; x_wconf 85' lang='lat' dir='ltr'><strong>sive</strong></span> <span class='ocrx_word' id='word_1_817' title='bbox 1489 2432 1560 2467; x_wconf 92' lang='lat' dir='ltr'><strong>quod</strong></span> <span class='ocrx_word' id='word_1_818' title='bbox 1573 2431 1802 2468; x_wconf 88' lang='lat' dir='ltr'><strong>Constantinopoli</strong></span> 
     </span>
    </p>
   </div>
   <div class='ocr_carea' id='block_1_111' title="bbox 1020 2478 1812 2514">
    <p class='ocr_par' dir='ltr' id='par_1_111' title="bbox 1020 2478 1812 2514">
     <span class='ocr_line' id='line_1_111' title="bbox 1020 2478 1812 2514; baseline -0.001 -7"><span class='ocrx_word' id='word_1_819' title='bbox 1020 2485 1088 2507; x_wconf 70' lang='lat' dir='ltr'><strong>tante</strong></span> <span class='ocrx_word' id='word_1_820' title='bbox 1108 2478 1277 2514; x_wconf 76' lang='lat' dir='ltr'><strong>profectionis</strong></span> <span class='ocrx_word' id='word_1_821' title='bbox 1297 2478 1382 2513; x_wconf 89' lang='lat' dir='ltr'><strong>ipsum</strong></span> <span class='ocrx_word' id='word_1_822' title='bbox 1402 2478 1552 2512; x_wconf 76' lang='lat' dir='ltr'><strong>pcenitcret,</strong></span> <span class='ocrx_word' id='word_1_823' title='bbox 1575 2478 1630 2505; x_wconf 87' lang='lat' dir='ltr'><strong>sive</strong></span> <span class='ocrx_word' id='word_1_824' title='bbox 1649 2478 1720 2513; x_wconf 92' lang='lat' dir='ltr'><strong>quod</strong></span> <span class='ocrx_word' id='word_1_825' title='bbox 1742 2478 1812 2506; x_wconf 71' lang='lat' dir='ltr'><strong>Deus</strong></span> 
     </span>
    </p>
   </div>
   <div class='ocr_carea' id='block_1_112' title="bbox 1020 2523 1810 2558">
    <p class='ocr_par' dir='ltr' id='par_1_112' title="bbox 1020 2523 1810 2558">
     <span class='ocr_line' id='line_1_112' title="bbox 1020 2523 1810 2558; baseline -0.004 -4"><span class='ocrx_word' id='word_1_826' title='bbox 1020 2531 1132 2554; x_wconf 88' lang='lat' dir='ltr'><strong>mortem</strong></span> <span class='ocrx_word' id='word_1_827' title='bbox 1146 2533 1221 2552; x_wconf 87' lang='lat' dir='ltr'><strong>suam</strong></span> <span class='ocrx_word' id='word_1_828' title='bbox 1237 2525 1308 2552; x_wconf 90' lang='lat' dir='ltr'><strong>brevi</strong></span> <span class='ocrx_word' id='word_1_829' title='bbox 1323 2524 1436 2551; x_wconf 88' lang='lat' dir='ltr'><strong>futuram</strong></span> <span class='ocrx_word' id='word_1_830' title='bbox 1452 2524 1500 2558; x_wconf 87' lang='lat' dir='ltr'><strong>ipsi</strong></span> <span class='ocrx_word' id='word_1_831' title='bbox 1516 2525 1727 2558; x_wconf 72' lang='lat' dir='ltr'><strong>prmnuntiasset.</strong></span> <span class='ocrx_word' id='word_1_832' title='bbox 1744 2523 1810 2551; x_wconf 88' lang='lat' dir='ltr'><strong>Cum</strong></span> 
     </span>
    </p>
   </div>
   <div class='ocr_carea' id='block_1_113' title="bbox 1020 2569 1810 2605">
    <p class='ocr_par' dir='ltr' id='par_1_113' title="bbox 1020 2569 1810 2605">
     <span class='ocr_line' id='line_1_113' title="bbox 1020 2569 1810 2605; baseline -0.004 -5"><span class='ocrx_word' id='word_1_833' title='bbox 1020 2578 1106 2600; x_wconf 89' lang='lat' dir='ltr'><strong>autem</strong></span> <span class='ocrx_word' id='word_1_834' title='bbox 1118 2572 1205 2599; x_wconf 87' lang='lat' dir='ltr'><strong>navim</strong></span> <span class='ocrx_word' id='word_1_835' title='bbox 1216 2578 1410 2598; x_wconf 85' lang='lat' dir='ltr'><strong>conscensurus</strong></span> <span class='ocrx_word' id='word_1_836' title='bbox 1423 2573 1504 2602; x_wconf 86' lang='lat' dir='ltr'><strong>esset,</strong></span> <span class='ocrx_word' id='word_1_837' title='bbox 1516 2569 1657 2604; x_wconf 85' lang='lat' dir='ltr'><strong>episcopis,</strong></span> <span class='ocrx_word' id='word_1_838' title='bbox 1670 2570 1714 2605; x_wconf 89' lang='lat' dir='ltr'><strong>qui</strong></span> <span class='ocrx_word' id='word_1_839' title='bbox 1725 2570 1810 2605; x_wconf 86' lang='lat' dir='ltr'><strong>ipsum</strong></span> 
     </span>
    </p>
   </div>
   <div class='ocr_carea' id='block_1_114' title="bbox 1019 2615 1811 2651">
    <p class='ocr_par' dir='ltr' id='par_1_114' title="bbox 1019 2615 1811 2651">
     <span class='ocr_line' id='line_1_114' title="bbox 1019 2615 1811 2651; baseline -0.004 -5"><span class='ocrx_word' id='word_1_840' title='bbox 1019 2619 1052 2646; x_wconf 83' lang='lat' dir='ltr'><strong>ad</strong></span> <span class='ocrx_word' id='word_1_841' title='bbox 1075 2619 1148 2646; x_wconf 90' lang='lat' dir='ltr'><strong>littus</strong></span> <span class='ocrx_word' id='word_1_842' title='bbox 1169 2624 1253 2651; x_wconf 90' lang='lat' dir='ltr'><strong>usque</strong></span> <span class='ocrx_word' id='word_1_843' title='bbox 1274 2616 1428 2651; x_wconf 86' lang='lat' dir='ltr'><strong>prosequuti</strong></span> <span class='ocrx_word' id='word_1_844' title='bbox 1450 2615 1565 2648; x_wconf 84' lang='lat' dir='ltr'><strong>fuerant,</strong></span> <span class='ocrx_word' id='word_1_845' title='bbox 1585 2616 1683 2643; x_wconf 81' lang='lat' dir='ltr'><strong>dixisse</strong></span> <span class='ocrx_word' id='word_1_846' title='bbox 1707 2615 1811 2644; x_wconf 85' lang='lat' dir='ltr'><strong>fertur:</strong></span> 
     </span>
    </p>
   </div>
   <div class='ocr_carea' id='block_1_115' title="bbox 1019 2654 1828 2695">
    <p class='ocr_par' dir='ltr' id='par_1_115' title="bbox 1019 2654 1828 2695">
     <span class='ocr_line' id='line_1_115' title="bbox 1019 2654 1828 2695; baseline -0.006 -4"><span class='ocrx_word' id='word_1_847' title='bbox 1019 2663 1120 2691; x_wconf 83' lang='lat' dir='ltr'><strong>Urbem</strong></span> <span class='ocrx_word' id='word_1_848' title='bbox 1131 2662 1205 2689; x_wconf 88' lang='lat' dir='ltr'><strong>vobis</strong></span> <span class='ocrx_word' id='word_1_849' title='bbox 1219 2666 1246 2688; x_wconf 85' lang='lat' dir='ltr'><strong>et</strong></span> <span class='ocrx_word' id='word_1_850' title='bbox 1260 2661 1386 2688; x_wconf 82' lang='lat' dir='ltr'><strong>Palatium</strong></span> <span class='ocrx_word' id='word_1_851' title='bbox 1403 2665 1430 2688; x_wconf 86' lang='lat' dir='ltr'><strong>et.</strong></span> <span class='ocrx_word' id='word_1_852' title='bbox 1443 2668 1549 2688; x_wconf 85' lang='lat' dir='ltr'><strong>scenam</strong></span> <span class='ocrx_word' id='word_1_853' title='bbox 1563 2661 1702 2695; x_wconf 86' lang='lat' dir='ltr'><strong>relinquo:</strong></span> <span class='ocrx_word' id='word_1_854' title='bbox 1720 2664 1810 2694; x_wconf 80' lang='lat' dir='ltr'><strong>atque,</strong></span> <span class='ocrx_word' id='word_1_855' title='bbox 1826 2654 1828 2657; x_wconf 68' lang='grc'><em>’</em></span> 
     </span>
    </p>
   </div>
   <div class='ocr_carea' id='block_1_116' title="bbox 1020 2707 1811 2743">
    <p class='ocr_par' dir='ltr' id='par_1_116' title="bbox 1020 2707 1811 2743">
     <span class='ocr_line' id='line_1_116' title="bbox 1020 2707 1811 2743; baseline -0.005 -6"><span class='ocrx_word' id='word_1_856' title='bbox 1020 2715 1048 2737; x_wconf 89' lang='grc' dir='ltr'><strong>ιιι</strong></span> <span class='ocrx_word' id='word_1_857' title='bbox 1068 2709 1193 2739; x_wconf 76' lang='lat' dir='ltr'><strong>diximus,</strong></span> <span class='ocrx_word' id='word_1_858' title='bbox 1212 2713 1352 2743; x_wconf 86' lang='lat' dir='ltr'><strong>antequam</strong></span> <span class='ocrx_word' id='word_1_859' title='bbox 1371 2707 1485 2742; x_wconf 77' lang='lat' dir='ltr'><strong>Cyprum</strong></span> <span class='ocrx_word' id='word_1_860' title='bbox 1505 2707 1670 2739; x_wconf 88' lang='lat' dir='ltr'><strong>advenisset,</strong></span> <span class='ocrx_word' id='word_1_861' title='bbox 1691 2712 1811 2733; x_wconf 86' lang='lat' dir='ltr'><strong>mortuus</strong></span> 
     </span>
    </p>
   </div>
   <div class='ocr_carea' id='block_1_117' title="bbox 1020 2760 1070 2783">
    <p class='ocr_par' dir='ltr' id='par_1_117' title="bbox 1020 2760 1070 2783">
     <span class='ocr_line' id='line_1_117' title="bbox 1020 2760 1070 2783; baseline -0.02 0"><span class='ocrx_word' id='word_1_862' title='bbox 1020 2760 1070 2783; x_wconf 88' lang='lat' dir='ltr'><strong>est.</strong></span> 
     </span>
    </p>
   </div>
   <div class='ocr_carea' id='block_1_118' title="bbox 1055 2797 1812 2835">
    <p class='ocr_par' dir='ltr' id='par_1_118' title="bbox 1055 2797 1812 2835">
     <span class='ocr_line' id='line_1_118' title="bbox 1055 2797 1812 2835; baseline -0.001 -8"><span class='ocrx_word' id='word_1_863' title='bbox 1055 2800 1174 2828; x_wconf 66' lang='lat' dir='ltr'><strong>Eudoxio</strong></span> <span class='ocrx_word' id='word_1_864' title='bbox 1187 2800 1300 2835; x_wconf 78' lang='lat' dir='ltr'><strong>Augusta</strong></span> <span class='ocrx_word' id='word_1_865' title='bbox 1310 2799 1336 2826; x_wconf 80' lang='lat' dir='ltr'><strong>in</strong></span> <span class='ocrx_word' id='word_1_866' title='bbox 1350 2798 1556 2834; x_wconf 80' lang='lat' dir='ltr'><strong>C/trysostonvum</strong></span> <span class='ocrx_word' id='word_1_867' title='bbox 1575 2797 1684 2824; x_wconf 81' lang='lat' dir='ltr'><strong>incensa.</strong></span> <span class='ocrx_word' id='word_1_868' title='bbox 1698 2812 1734 2818; x_wconf 95' lang='lat'>—</span> <span class='ocrx_word' id='word_1_869' title='bbox 1748 2797 1812 2826; x_wconf 79' lang='lat' dir='ltr'><strong>Post</strong></span> 
     </span>
    </p>
   </div>
   <div class='ocr_carea' id='block_1_119' title="bbox 1021 2844 1812 2882">
    <p class='ocr_par' dir='ltr' id='par_1_119' title="bbox 1021 2844 1812 2882">
     <span class='ocr_line' id='line_1_119' title="bbox 1021 2844 1812 2882; baseline -0.003 -8"><span class='ocrx_word' id='word_1_870' title='bbox 1021 2846 1160 2882; x_wconf 85' lang='lat' dir='ltr'><strong>Epiphanii</strong></span> <span class='ocrx_word' id='word_1_871' title='bbox 1185 2846 1348 2876; x_wconf 78' lang='lat' dir='ltr'><strong>discessum.</strong></span> <span class='ocrx_word' id='word_1_872' title='bbox 1372 2844 1482 2879; x_wconf 85' lang='lat' dir='ltr'><strong>contigit</strong></span> <span class='ocrx_word' id='word_1_873' title='bbox 1496 2849 1523 2872; x_wconf 91' lang='lat' dir='ltr'><strong>ut</strong></span> <span class='ocrx_word' id='word_1_874' title='bbox 1537 2844 1652 2872; x_wconf 81' lang='lat' dir='ltr'><strong>Joannes</strong></span> <span class='ocrx_word' id='word_1_875' title='bbox 1670 2852 1718 2878; x_wconf 89' lang='lat' dir='ltr'><strong>pro</strong></span> <span class='ocrx_word' id='word_1_876' title='bbox 1737 2851 1812 2872; x_wconf 83' lang='lat' dir='ltr'><strong>more</strong></span> 
     </span>
    </p>
   </div>
   <div class='ocr_carea' id='block_1_120' title="bbox 1023 2889 1810 2924">
    <p class='ocr_par' dir='ltr' id='par_1_120' title="bbox 1023 2889 1810 2924">
     <span class='ocr_line' id='line_1_120' title="bbox 1023 2889 1810 2924; baseline -0.005 -3"><span class='ocrx_word' id='word_1_877' title='bbox 1023 2902 1070 2921; x_wconf 86' lang='lat' dir='ltr'><strong>suo</strong></span> <span class='ocrx_word' id='word_1_878' title='bbox 1089 2891 1262 2923; x_wconf 88' lang='lat' dir='ltr'><strong>concionaus,</strong></span> <span class='ocrx_word' id='word_1_879' title='bbox 1281 2896 1371 2919; x_wconf 89' lang='lat' dir='ltr'><strong>contra</strong></span> <span class='ocrx_word' id='word_1_880' title='bbox 1396 2891 1521 2918; x_wconf 83' lang='lat' dir='ltr'><strong>mulieres</strong></span> <span class='ocrx_word' id='word_1_881' title='bbox 1541 2890 1620 2917; x_wconf 78' lang='lat' dir='ltr'><strong>multa</strong></span> <span class='ocrx_word' id='word_1_882' title='bbox 1641 2889 1810 2924; x_wconf 80' lang='lat' dir='ltr'><strong>profunderet</strong></span> 
     </span>
    </p>
   </div>
  </div>
