2032 3110
232 161 285 190 195

231 217 328 247 (Socr.
343 230 360 241 ..
377 214 403 240 6.
424 221 447 239 ι.
461 213 513 248 15)
529 221 536 239 :
552 217 579 239 et
597 219 659 238 vero
682 218 751 244 stupe
770 211 842 236 ilum
860 210 973 237 vidimus
991 211 1018 250 in

231 259 404 287 concionibus
415 259 554 285 mulierum
569 258 669 290 luxum,
686 256 780 283 fastum
794 260 941 290 cmteraque
957 255 1018 282 vitia

231 306 419 333 insectantem.
435 304 587 331 Orationem
603 305 638 330 ita
654 303 746 338 vulgus
760 303 873 337 excepit,
889 311 918 328 ac
929 303 951 328 si
965 303 1019 328 Au-

229 356 335 385 gustam
350 350 393 378 ille
407 349 604 384 perstringerct.
626 348 647 375 Τ
650 355 700 375 une
719 348 752 380 ii,
772 348 815 382 qui
831 347 1019 382 Chrysostomo

231 395 327 422 infensi
341 399 432 427 erant,
451 402 508 421 rem
529 394 562 420 ad
582 395 725 428 Augustam
749 394 876 420 referunt.
891 393 936 420 llla
951 392 1019 427 apud

231 440 419 474 Imperatorem
431 445 586 475 conquesta,
603 439 777 474 Theophilum
793 447 886 474 urgere
898 439 978 474 coepit
991 443 1021 466 ut

230 485 426 520 quamprimum
439 485 542 512 veniret
554 489 580 512 et
592 484 727 520 Synodutn
740 489 922 519 congregaret.
939 483 965 511 ld
979 492 1021 511 nc-

231 530 296 565 gotii
315 532 395 557 etiam
411 530 583 564 promovebat
605 530 763 557 Severianus
784 529 938 556 Gabalensis
950 549 956 561 ,
977 529 1020 563 qui

231 583 292 602 cum
308 575 500 610 Chrysostomo
513 575 635 602 simulate
654 575 839 602 reconciliatus
859 575 955 601 nullam
976 581 1021 602 ne-

232 622 349 656 gligebat
363 622 412 656 ipsi
428 622 541 649 nocettdi
554 621 731 648 occasionem.
749 621 828 647 Erant
841 621 884 646 alii
900 621 974 646 multi
989 628 1020 647 ex

234 667 313 694 tilcro
325 675 385 701 erga
398 667 527 694 Joannem
538 667 607 694 male
617 666 713 698 aﬂ‘ecti,
727 671 754 692 ut
766 666 886 695 vidimus,
897 666 940 700 qui
953 665 1022 699 apttd

235 712 411 746 Theophilum
437 712 585 744 instabant,
610 716 637 738 ut
656 710 811 746 quantocius
830 710 940 737 veniret.
965 709 1023 744 ipse

235 764 297 783 \ero
312 757 416 783 tandem
432 757 563 790 profectus
576 761 616 783 est
631 755 776 790 (Chrysosi.
795 756 828 781 ad
846 754 934 781 Innoc.
956 759 973 780 ι.
995 755 1021 781 5.

237 811 260 830 τ.
275 803 327 830 550
343 802 369 836 ),
383 806 410 829 et
423 809 481 829 cum
497 801 607 836 jubentc
620 801 780 835 lit-peratore
793 801 865 826 solus
879 801 966 826 venire
978 800 1024 826 de-

237 847 355 879 limsset,
376 855 435 874 cum
457 847 546 874 multis
567 852 655 873 tamen
678 846 735 872 aliis
759 846 889 880 episcopis
903 845 982 877 venit,
998 849 1024 871 et

236 892 335 920 dixisse
348 892 451 920 fertur:
464 892 490 919 lu
504 892 662 920 Comitatum
680 892 841 927 proﬁciscor,
859 897 886 918 ut
896 891 1023 918 Joannem

237 941 381 975 deponalll-
399 938 484 975 Quam
497 948 553 968 rem
568 938 594 968 in
609 937 689 976 Lycia
697 947 803 974 quoque
819 938 944 974 repetiit;
960 944 1022 963 nam

237 987 353 1015 pedestri
366 986 460 1014 itinere
476 985 671 1013 Chalcedoncm
685 985 766 1017 venit,
781 984 920 1020 Egyptios
936 989 1024 1011 autem

237 1034 375 1066 episcopos
386 1032 631 1066 Constantinopolin
645 1031 864 1066 navigarejussit.
876 1030 1022 1058 Chalcedo-

237 1086 296 1104 nem
318 1082 406 1104 autem
428 1085 487 1104 cum
502 1078 627 1110 venisset,
648 1085 680 1104 eo
702 1084 730 1103 se
754 1076 921 1102 contulerunt
945 1075 1025 1102 etiam

237 1122 280 1149 alii
291 1122 418 1157 episcOpi,
436 1127 491 1149 tttttt
504 1131 518 1149 a
531 1122 678 1156 Theophilo
694 1127 747 1148 tum
762 1121 795 1148 ab
809 1122 968 1156 ltnperatore
979 1128 1024 1147 ac-

235 1168 282 1196 citi
300 1177 306 1194 :
323 1176 420 1196 venere
445 1176 549 1203 quoque
573 1168 688 1203 {Egyptii
711 1168 833 1203 (Sozam.
856 1168 872 1193 l.
893 1167 919 1194 8.
941 1176 962 1193 ε.
981 1167 1023 1194 16.

239 1215 313 1241 Sacr.
329 1214 347 1240 l.
363 1214 387 1241 6.
402 1223 424 1240 c.
439 1214 472 1241 15
483 1213 503 1249 ).
524 1214 643 1248 Cumque
658 1214 771 1240 universi
792 1213 869 1239 simul
889 1214 1027 1240 convenis~

238 1264 308 1292 sent,
323 1260 390 1286 inter
409 1267 439 1286 se
458 1259 644 1286 consultabant
657 1267 708 1293 qua
725 1259 825 1286 ratione
841 1259 905 1293 ipsis
917 1265 1027 1286 conatus

237 1304 367 1331 adversus
378 1304 506 1331 Joannem
521 1312 552 1332 ex
565 1310 626 1331 voto
638 1305 803 1332 succederet.
817 1305 880 1331 Erat
895 1309 957 1331 tunc
971 1306 1027 1339 epi-

238 1357 335 1384 scopus
349 1350 523 1378 Chalcedonis
542 1351 654 1386 Cyrinus
666 1371 673 1383 ,
694 1358 791 1385 genere
806 1350 961 1386 IEgyptius,
982 1351 1027 1385 qui

240 1395 321 1422 multa
345 1400 437 1423 contra
459 1395 587 1423 Joannem
613 1396 808 1428 deblaterabat,
831 1396 939 1430 impiutn
955 1396 1027 1423 illum

238 1448 353 1473 vocans,
367 1445 534 1476 arrogantem
546 1445 572 1468 et
587 1441 790 1473 inexorabilem,
804 1449 859 1468 rem
875 1445 975 1475 gratam
990 1441 1028 1467 fa-

236 1487 311 1512 ciens
330 1486 390 1513 aliis
409 1486 540 1522 episcopis
558 1486 667 1513 Joannis
682 1486 804 1513 inimicis.
827 1486 879 1513 Sed
894 1485 1028 1513 Maruthas

237 1530 434 1565 Mesopotamia:
443 1532 594 1567 episcopus,
610 1531 678 1558 forte
692 1531 854 1566 imprudens,
871 1531 964 1566 pedem
980 1531 1030 1567 Uy-

237 1576 289 1603 rini
303 1577 422 1604 calcavit.
445 1577 489 1604 llle
510 1585 542 1604 co
556 1577 663 1604 vulnere
683 1577 797 1612 graviter
816 1577 943 1610 allectus,
959 1576 1029 1604 (Jon-

236 1622 426 1656 stantinopolin
445 1630 504 1649 cmn
519 1623 628 1657 reliquis
643 1623 774 1657 episcopis
791 1622 962 1649 transfretare
976 1631 1028 1649 non

238 1668 336 1701 potuit;
351 1668 397 1694 sed
409 1668 464 1702 ipse
478 1669 574 1695 mansit
589 1668 767 1700 Chalcedone,
784 1669 874 1695 czcteri
886 1676 948 1695 vero
959 1668 1029 1696 Cou-

238 1713 427 1747 stantinopolin
441 1713 610 1747 trajecerant.
626 1713 682 1740 Etsi
698 1721 777 1748 porro
791 1721 823 1740 ex
838 1713 942 1740 clericis
957 1715 1028 1740 Con-

238 1757 480 1791 stantinopolitanis
494 1758 566 1784 multi
578 1762 654 1784 erant
663 1758 757 1784 .loanni
770 1758 874 1790 infensi,
886 1758 956 1793 quod
967 1759 1029 1785 vitia

238 1809 332 1829 eorum
347 1802 516 1837 redargueret
529 1808 553 1830 et
570 1804 712 1831 emendare
723 1809 871 1838 satageret;
888 1805 974 1831 nullus
990 1810 1028 1832 ta.

237 1859 299 1878 Incn
312 1859 326 1878 c
338 1851 414 1878 Clero
427 1851 532 1878 obviam
547 1851 693 1886 Theophilo
705 1852 786 1884 venit,
801 1860 886 1886 neque
903 1852 1029 1878 honorem

237 1903 392 1925 consuetum
405 1898 453 1932 ipsi
464 1898 597 1928 exhibuit;
611 1898 695 1933 palam
707 1898 776 1924 enim
788 1898 897 1925 Joannis
907 1898 1030 1925 inimicus

237 1944 431 1984 agnoscebatur
443 1953 449 1970 :
466 1943 534 1970 unde
548 1943 668 1970 fortassis
681 1943 777 1974 evenit,
789 1942 870 1977 utqui
885 1943 956 1977 paria
969 1950 1030 1969 cmn

238 1989 284 2016 illo
295 1988 454 2021 sentiebant,
471 1997 522 2015 non
536 1989 664 2016 auderent
677 1995 766 2016 coram
781 1988 885 2022 populo,
897 1995 959 2022 erga
972 1995 1030 2015 san-

238 2039 310 2061 ctum
333 2034 472 2069 prmsnlem
495 2034 593 2068 optime
616 2033 729 2067 aﬂ'ccto,
753 2034 875 2068 concepti
903 2033 1030 2060 adversus

239 2080 312 2106 illum
339 2079 392 2106 odii
415 2079 487 2114 signa
509 2079 582 2106 dare.
608 2079 706 2107 Verum
729 2083 816 2106 nauta:
841 2079 1028 2112 Alexandrini,

239 2132 350 2159 quorum
365 2124 541 2151 frumentarim
553 2133 633 2152 naves
643 2125 710 2152 forte
721 2125 840 2157 aderant,
854 2124 946 2151 faustis
957 2124 1030 2151 illmn

239 2170 472 2197 acclamationibus
486 2177 624 2205 excepere.

273 2215 429 2251 Theophilus
461 2216 693 2250 Constantinopolin
719 2216 794 2242 rcuit.
812 2230 847 2235 —
868 2215 1031 2250 Theophilus

237 2270 311 2296 ergo,
331 2261 374 2296 qui
390 2268 455 2287 auro
471 2265 495 2287 et
508 2261 629 2295 pretiosis
645 2261 723 2287 rebus
742 2260 905 2295 [Egyptiacis
921 2267 945 2287 et
960 2261 1032 2287 Iridi-

239 2315 277 2333 t'..S
288 2311 399 2334 onustus
408 2306 542 2338 veniebat,
556 2310 584 2333 ut
595 2305 695 2332 amicos
708 2306 756 2332 sibi
773 2311 888 2340 pararet,
905 2307 1033 2333 Constan-

244 2350 372 2384 tinopolin
385 2349 520 2384 ingressus
532 2353 572 2375 est
583 2356 675 2374 mense
688 2348 794 2374 circiter
805 2347 895 2374 Jtntio.
908 2349 1034 2376 llortatus

243 2403 284 2424 υηι
299 2397 373 2424 illum
385 2397 512 2429 Joannes,
526 2402 554 2422 ut
567 2396 635 2430 apud
647 2403 676 2422 se
689 2396 870 2422 diversaretur
886 2403 946 2422 cum
966 2397 1032 2428 suis,

243 2443 269 2469 in
286 2443 452 2470 domicilium
469 2450 564 2477 nempe
578 2448 735 2477 apparatum
751 2447 778 2469 et
799 2443 958 2470 necessariis
974 2451 1033 2470 om-

243 2490 321 2516 nibus
338 2490 494 2516 instructum
505 2490 621 2525 (Pallad.
631 2499 656 2524 μ.
668 2490 710 2517 64.
722 2490 779 2525 65).
788 2489 886 2517 Benuit
898 2491 953 2523 ille,
966 2495 1034 2517 etne

243 2538 268 2563 in
285 2536 426 2564 ecclesiam
442 2537 548 2570 quidem
566 2537 666 2572 ingredi
684 2537 779 2569 voluit;
795 2537 841 2564 sed
857 2537 881 2564 in
891 2536 1032 2572 quamdam

243 2581 409 2616 lniperialcm
426 2582 533 2609 domum
543 2583 652 2611 divertit
664 2583 806 2619 (Chrysost.
821 2584 853 2610 ad
866 2584 958 2610 lnnoc.
976 2589 994 2610 ι.
1004 2584 1032 2612 3.

242 2628 363 2656 0550.1.
375 2628 391 2656 5
401 2634 424 2656 et
435 2629 511 2665 δαίμ),
524 2639 582 2665 qua:
592 2630 744 2658 Placidiana
756 2630 960 2665 appellabatur:
979 2631 1033 2658 imo

243 2677 373 2704 .‘oanttetn
396 2683 538 2710 numquam
564 2674 653 2702 videre
671 2673 712 2701 vel
735 2673 830 2709 alloqui
850 2673 940 2700 voluit.
956 2672 1033 2706 Smpe

244 2724 315 2751 illum
337 2721 452 2750 Joannes
474 2721 560 2756 rogari
583 2720 684 2748 curavit
706 2727 739 2746 an
762 2719 823 2753 quid
844 2718 951 2745 fecisset
966 2718 1032 2753 ipse,

244 2770 310 2798 nttwl
327 2769 361 2795 illi
377 2767 548 2802 displiceret,
565 2773 594 2793 se
615 2766 647 2792 ad
671 2765 757 2791 omnia
774 2763 937 2791 emendanda
954 2770 1031 2797 para-

245 2818 299 2840 tum
315 2822 373 2840 esse
387 2821 558 2844 asseterans;
583 2812 628 2839 sed
647 2811 742 2837 obnixe
757 2811 912 2844 supplicanti
934 2818 966 2837 ne
989 2818 1032 2836 re-

253 2860 385 2895 sponlerc
413 2859 523 2893 quidem
562 2857 606 2884 ille
640 2856 768 2889 ngnatus
793 2859 852 2884 est;
881 2863 940 2888 qua-
971 2862 1037 2879 sane

780 154 807 182 S.
828 154 966 187 JOANNIS
980 154 1212 183 CIIRYSOSTOMI
1233 152 1323 185 V'iTA,
1805 151 1853 183 196

1073 210 1189 235 ferocem
1206 209 1340 236 hominem
1354 212 1380 235 et
1393 207 1585 236 intractabilem
1599 207 1681 235 fuisse
1695 211 1816 240 arguunt-

1111 254 1213 282 lnterea
1224 260 1351 290 urgebant
1366 255 1505 290 Theophili
1528 261 1705 289 accusatores,
1726 260 1769 290 qut
1790 256 1858 283 irru-

1075 303 1212 337 ptionem,
1241 303 1326 329 caedes
1351 307 1377 329 et
1399 302 1450 328 alia
1474 303 1611 330 innumera
1635 302 1683 336 ipsi
1703 302 1859 336 objicicbant

1076 346 1191 382 (Pallad.
1209 357 1234 382 ρ.
1254 347 1297 374 12.
1315 347 1376 382 15).
1392 347 1447 380 Qua
1461 356 1489 374 re
1502 353 1636 382 contperta
1653 348 1797 382 Imperator
1809 349 1860 374 Ar-

1075 392 1165 419 caditts
1186 392 1313 419 Joannem
1336 393 1473 420 advocavit
1487 393 1632 428 (Chrysosl.
1648 394 1681 420 ad
1695 393 1784 420 quat.
1801 398 1818 418 ι.
1833 394 1860 420 ὅ.

1079 446 1101 463 c.
1117 437 1164 463 551
1177 437 1196 472 ),
1207 437 1338 472 jussitque
1352 437 1423 464 illum
1437 437 1470 464 de
1485 445 1564 465 causa
1580 438 1717 473 Theophili
1731 438 1859 472 judicare,

1074 491 1152 517 quem
1173 488 1201 509 ιιι
1222 483 1362 510 scelestum
1384 484 1460 510 multi
1484 483 1649 511 incusabant.
1670 483 1785 511 Joatmcs
1799 492 1861 511 vero

1076 536 1127 554 non
1143 528 1174 554 ad
1189 536 1217 555 se
1233 530 1365 563 pertinere
1378 528 1443 555 dixit
1453 529 1486 555 de
1496 528 1634 563 Theophili
1647 529 1861 563 gestisjudiciutn

1076 574 1153 603 ferre,
1173 573 1219 599 sed
1233 573 1264 600 ad
1280 573 1463 608 [Egyptiorum
1483 575 1624 608 pricsulum
1638 574 1773 609 Synodum
1789 584 1795 601 :
1810 583 1862 602 non

1076 619 1144 652 quod
1160 619 1293 653 ignoraret
1307 619 1351 646 ille
1367 627 1444 652 posse
1462 619 1646 653 Theophilum,
1663 620 1712 647 etsi
1724 620 1861 654 pra-sulem

1075 664 1302 696 Alexandrinum,
1325 673 1339 690 a
1361 664 1479 691 Concilio
1504 664 1675 692 Orientalium
1700 666 1815 700 generali
1837 666 1862 693 in

1075 717 1181 735 causam
1195 710 1280 736 vocari
1292 714 1318 736 et
1329 709 1462 743 damnari;
1478 710 1524 737 sed
1537 718 1569 738 ex
1583 711 1720 746 Theophili
1732 712 1820 746 gestis,
1831 719 1861 740 ex

1077 754 1108 780 iis
1123 762 1218 789 nempe
1231 762 1289 789 quae
1304 761 1502 788 praecesserant,
1519 764 1552 782 ex
1564 757 1678 783 ntotibus
1692 764 1758 791 quos
1773 757 1859 784 tracte-

1077 807 1126 826 nus
1139 800 1326 830 coneitaverat,
1337 808 1370 826 ex
1380 799 1482 827 vafritie
1494 805 1520 827 et
1534 801 1677 829 calliditate
1689 810 1738 835 qua
1749 802 1789 828 vel
1801 809 1863 828 auio

1077 849 1103 870 et
1119 845 1288 876 muneribus,
1303 845 1345 872 vel
1364 846 1421 872 aliis
1441 846 1540 873 artibus
1560 847 1656 872 multos
1673 847 1723 873 sibi
1737 847 1862 873 concilia-

1077 896 1161 924 verat,
1174 891 1352 926 prospiciebat
1366 891 1481 919 Joanncs
1496 892 1552 919 fore
1566 897 1612 926 ut,
1627 893 1649 919 si
1663 893 1824 927 ’l‘heophilus
1839 894 1864 920 in

1077 935 1187 974 Synodo
1200 936 1380 970 damnaretur,
1393 945 1534 972 numquam
1549 938 1593 965 ille
1605 938 1802 972 acquiesceret,
1819 939 1865 966 sed

1079 985 1198 1020 ingentes
1213 985 1304 1013 turbas
1317 985 1499 1013 concitaturus
1511 987 1591 1010 esset.

1113 1031 1276 1066 Theophilus
1296 1035 1388 1059 contra
1407 1032 1474 1058 nihil
1495 1039 1547 1058 non
1571 1033 1665 1068 agebat
1687 1033 1717 1060 ut
1738 1028 1866 1060 Joannem

1079 1085 1131 1104 non
1151 1077 1231 1104 tnodo
1248 1077 1378 1113 pelleret,
1401 1077 1446 1105 sed
1471 1082 1496 1105 et
1516 1079 1571 1113 ipsa
1591 1079 1644 1105 vita
1669 1079 1799 1114 privaret,
1823 1079 1866 1106 in-

1078 1122 1134 1156 qttit
1157 1122 1288 1149 Palladius
1308 1122 1358 1157 (ρ.
1373 1123 1408 1150 65
1425 1121 1453 1157 ),
1476 1124 1570 1157 partim
1593 1123 1731 1159 largitione
1757 1124 1812 1150 auri
1840 1128 1869 1151 et

1079 1175 1218 1196 munerum
1232 1169 1393 1203 potentiores
1407 1169 1456 1196 sibi
1469 1169 1623 1201 concilians,
1639 1170 1734 1204 partim
1751 1170 1869 1196 lautiori-

1080 1215 1129 1241 bus
1143 1214 1227 1248 cpulis
1240 1214 1307 1248 gulae
1319 1213 1423 1241 deditos
1435 1214 1554 1241 alliciens
1563 1234 1570 1247 ,
1585 1215 1681 1249 partim
1696 1214 1829 1241 blanditiis
1841 1219 1869 1242 et

1079 1267 1126 1294 spe
1146 1259 1254 1293 majoris
1272 1259 1407 1293 dignitatis
1420 1259 1529 1286 clericos
1551 1259 1584 1285 ad
1602 1267 1663 1286 suas
1679 1265 1766 1293 partes
1780 1259 1863 1286 abdu-

1079 1312 1152 1333 cens.
1168 1305 1233 1332 Cum
1245 1305 1325 1332 sciret
1337 1309 1425 1331 autem
1439 1304 1566 1332 diaconos
1579 1305 1655 1336 duos,
1667 1305 1778 1332 alterum
1791 1305 1867 1332 adul-

1081 1351 1149 1383 terii,
1165 1350 1279 1378 alterum
1301 1349 1434 1377 homicidii
1456 1357 1535 1377 causa
1548 1358 1562 1377 a
1576 1351 1678 1378 Joanne
1696 1350 1729 1377 ab
1750 1350 1869 1377 Ecclesia

1080 1396 1179 1430 ejectos
1202 1395 1298 1427 fuisse;
1322 1395 1406 1422 suasit
1425 1395 1475 1422 illis
1492 1400 1520 1422 ut
1533 1395 1636 1422 libellos
1648 1395 1774 1422 adversus
1787 1395 1870 1422 Joan-

1081 1450 1141 1469 nem
1155 1441 1292 1474 oil'errent,
1303 1441 1436 1475 pollicitus
1450 1449 1479 1469 se
1493 1442 1552 1469 illos
1565 1442 1591 1468 in
1606 1442 1744 1476 pristinum
1758 1442 1869 1476 gradum

1080 1492 1105 1513 et
1117 1487 1290 1514 ministerium
1303 1487 1487 1514 restituturum
1498 1495 1566 1515 esse.
1578 1486 1615 1514 Illi
1630 1495 1685 1513 rem
1695 1487 1871 1514 libentissime

1081 1533 1194 1566 amplexi
1219 1538 1280 1560 sunt
1291 1553 1298 1565 ,
1319 1532 1474 1567 libellosque
1488 1533 1537 1568 ipsi
1551 1533 1714 1565 obtulerunt,
1728 1540 1794 1567 quos
1814 1533 1873 1567 ipse

1081 1579 1246 1613 Theophilus
1264 1579 1418 1611 dictaverat,
1436 1579 1461 1606 in
1478 1579 1574 1614 quibus
1591 1585 1686 1605 cxetera
1702 1579 1790 1604 omnia
1806 1578 1871 1605 falsa

1082 1629 1108 1651 et
1120 1625 1296 1659 supposititia,
1311 1632 1390 1650 unum
1403 1629 1490 1651 autern
1505 1629 1604 1651 tantutn
1616 1631 1707 1650 verum
1721 1628 1788 1655 crat,
1801 1623 1871 1657 quod

1083 1678 1178 1704 llClllpC
1199 1669 1315 1696 Joannes
1336 1677 1428 1696 UlllﬂCS
1450 1674 1578 1702 moneret,
1593 1673 1620 1696 ut
1636 1673 1694 1703 [1051.
1705 1670 1873 1696 ροιιιιιιυηίο-

1082 1724 1152 1748 nem,
1165 1723 1260 1750 aquam
1271 1721 1317 1742 aut
1332 1716 1464 1750 pastillum
1478 1715 1658 1750 degustat-ent,
1670 1723 1704 1743 ne
1717 1723 1776 1742 cum
1789 1714 1872 1741 saliva

1083 1767 1127 1789 aut
1140 1761 1233 1796 pituita
1253 1769 1267 1788 c
1287 1761 1408 1795 symbolo
1421 1761 1584 1787 Sucramcnti
1597 1760 1696 1795 aliquid
1709 1765 1806 1794 printer
1820 1767 1870 1786 vo-

1082 1808 1209 1835 luntatem
1221 1811 1394 1841 exspuerctur
1409 1814 1415 1831 :
1430 1805 1500 1840 quod
1513 1809 1539 1832 et
1550 1805 1605 1839 ipse
1618 1805 1738 1832 faciebat.
1753 1805 1817 1838 Qu:e
1830 1812 1874 1832 res

1083 1858 1155 1880 certe
1169 1852 1233 1879 nulli
1248 1852 1332 1885 culpa:
1342 1850 1454 1877 obnoxia
1468 1850 1615 1877 videbatur.

1120 1897 1242 1932 Acceptis
1263 1896 1359 1923 libellis
1378 1894 1539 1929 'l‘heOphilus
1559 1895 1584 1921 in
1605 1895 1760 1929 Eugraphia:
1773 1894 1872 1922 a'dibus

1084 1942 1242 1976 colloquium
1252 1941 1342 1967 ltahuit
1353 1947 1412 1967 cum
1421 1940 1574 1972 Severiano,
1588 1939 1719 1966 Antiocho
1728 1943 1754 1966 et
1764 1939 1864 1966 Acacio

1085 1987 1242 2021 ueterisque
1265 1985 1374 2013 Joannis
1401 1985 1534 2017 inimicis,
1559 1985 1604 2020 qui
1628 1992 1696 2019 pene
1721 1992 1814 2011 onmes
1840 1991 1873 2012 ex

1084 2031 1193 2060 Joannis
1208 2031 1314 2058 monitis
1327 2031 1397 2064 juste
1412 2030 1584 2064 modesteque
1596 2029 1664 2056 datis
1677 2049 1684 2061 ,
1699 2028 1828 2056 adversus
1843 2030 1874 2056 il.

1085 2079 1138 2106 lum
1153 2077 1294 2105 exulcerati
1309 2081 1396 2104 erant.
1417 2076 1493 2103 Unus
1506 2083 1570 2103 vero
1589 2083 1622 2102 ex
1640 2075 1671 2102 iis
1687 2075 1730 2110 qui
1746 2075 1873 2108 aderant,

1084 2124 1143 2152 aliis
1158 2123 1286 2158 suggessit
1301 2127 1328 2149 ut
1344 2121 1424 2149 libelli
1447 2121 1573 2148 darentur
1591 2120 1755 2155 imperatori,
1771 2125 1799 2147 ut
1814 2121 1873 2154 ipse

1085 2171 1213 2197 Joannem
1228 2169 1269 2195 vel
1283 2168 1392 2195 invitum
1407 2167 1439 2193 ad
1453 2167 1590 2202 Synodum
1608 2174 1637 2194 se
1652 2166 1745 2193 sistere
1756 2169 1876 2200 cogeret.

1086 2215 1151 2247 Quia
1166 2221 1239 2245 tero,
1254 2217 1282 2239 ut
1292 2213 1387 2246 szepius
1400 2212 1561 2246 experientia
1576 2216 1740 2245 compertum
1754 2210 1812 2243 fuit,
1829 2218 1880 2236 au-

1086 2268 1143 2286 ram
1155 2259 1241 2285 omnia
1258 2265 1338 2294 prona
1351 2257 1489 2291 faciliaque
1503 2256 1604 2288 reddit;
1622 2257 1671 2283 hac
1688 2257 1727 2282 via
1743 2256 1882 2290 Theophi-

1085 2306 1125 2332 lus
1140 2305 1261 2333 clTeccrat
1279 2310 1306 2332 ut
1319 2304 1395 2330 aulici
1410 2303 1485 2329 multi
1501 2311 1547 2337 pro
1566 2310 1595 2330 se
1614 2307 1722 2334 starent,
1744 2307 1823 2337 atque
1838 2301 1882 2330 sic

1085 2362 1142 2387 quze
1154 2352 1178 2378 in
1192 2351 1288 2386 Optatis
1301 2351 1348 2378 sibi
1363 2355 1439 2378 erant
1452 2350 1609 2384 impetravit.

1122 2397 1241 2432 Synodua
1251 2396 1284 2422 ad
1297 2396 1430 2429 Qttercuut.
1444 2411 1477 2415 —
1493 2395 1548 2422 Etsi
1561 2403 1623 2422 vero
1635 2393 1803 2429 imperatoris
1813 2401 1885 2421 con-

1086 2450 1166 2470 sensu
1179 2447 1205 2470 et
1217 2442 1293 2477 jussu
1307 2441 1363 2468 fulti
1377 2441 1540 2475 Theophilus
1550 2446 1576 2467 et
1586 2441 1651 2467 socii
1663 2439 1805 2475 (Clirysosl.
1817 2444 1837 2466 ι.
1849 2439 1886 2466 5.

1088 2498 1111 2515 τ.
1127 2489 1177 2516 445
1190 2487 1198 2522 )
1210 2508 1216 2518 .
1233 2496 1284 2515 non
1298 2487 1354 2513 ausi
1369 2491 1429 2513 sunt
1445 2491 1531 2512 tamen
1549 2486 1617 2512 intra
1633 2485 1724 2512 urbem
1743 2484 1889 2511 Constan-

1087 2534 1214 2567 tinopolin
1229 2532 1362 2568 Synodum
1377 2539 1486 2566 cogere,
1503 2536 1529 2557 ut
1549 2539 1582 2558 tte
1603 2530 1706 2565 plebem
1719 2529 1816 2565 pastori
1828 2536 1892 2557 suo

1087 2580 1291 2608 addietissimam
1305 2583 1518 2607 commoverent,
1539 2582 1565 2604 et
1584 2577 1722 2604 adversum
1737 2584 1765 2602 se
1781 2575 1875 2602 tumul

1087 2631 1142 2653 tum
1159 2626 1321 2656 excitarent;
1346 2632 1430 2660 neque
1451 2629 1535 2651 ttttutn
1557 2623 1606 2649 sibi
1627 2624 1682 2649 fore
1706 2622 1840 2656 putabant,
1861 2622 1894 2649 si

1087 2671 1242 2701 calumnias,
1256 2677 1321 2706 quas
1335 2669 1392 2696 falsi
1407 2669 1564 2695 convincere
1577 2668 1652 2694 facile
1668 2672 1736 2698 erat,
1751 2666 1776 2692 in
1791 2665 1898 2694 medio

1088 2716 1267 2750 Imperatoriat
1287 2715 1360 2742 urbis
1375 2713 1534 2749 proferrent.
1557 2712 1719 2746 Theophilus
1740 2711 1816 2746 igitur
1831 2718 1896 2745 per

1088 2767 1143 2789 tres
1167 2761 1346 2789 hebdomadas
1368 2759 1595 2794 Constantinopoli
1617 2763 1796 2785 connnoratus
1817 2755 1902 2790 (So-

1087 2815 1153 2834 zam.
1170 2807 1188 2834 ι.
1204 2806 1230 2835 8.
1246 2815 1259 2834 ι
1284 2807 1350 2841 17),
1372 2814 1433 2834 cum
1456 2805 1516 2832 aliis
1539 2812 1628 2832 secum
1649 2800 1905 2831 consentientihus

1092 2853 1225 2886 epist-opis
1244 2842 1440 2878 Chalcedonem
1458 2849 1576 2884 perrexit
1593 2847 1708 2881 indeque
1733 2847 1765 2872 al
1788 2847 1897 2877 Quer-
