2032 3110
191 130 239 158 197

189 195 258 219 ctun,
271 185 448 216 Chalcedonis
460 184 649 214 suburbanum.
665 184 690 210 in
712 183 822 211 ceclesia
841 181 888 209 SS.
905 182 977 216 Apo-

189 219 317 260 stolorum
333 232 402 258 Petri
416 235 443 256 et
459 223 542 262 Pauli,
558 237 640 264 quam
652 228 760 255 Ruiinus
775 232 958 254 construxerat
971 248 977 259 ,

190 277 324 314 Syuodum
336 277 451 311 collegit,
463 281 560 303 etcum
576 275 682 308 Acacio,
693 274 837 302 Severiano
852 278 878 300 et
893 273 980 300 Antio-

190 324 238 351 cho
250 323 370 355 iniquum
383 322 546 357 propositum
560 320 685 354 explevit.

222 369 294 396 Nihil
318 369 354 395 ibi
375 368 409 395 de
430 367 551 401 Origeuis
567 365 671 400 scriptis
693 365 718 391 in
739 364 826 391 tnedio
850 364 978 398 prolattnn

191 416 246 448 fuit,
260 415 326 442 nihil
339 414 372 441 de
385 413 521 440 Fratribus
534 413 630 446 Longis
643 411 784 438 Ammonio
798 415 825 438 et
838 410 907 442 aliis,
921 418 979 444 qua:

192 466 276 488 tamen
297 467 347 486 una
370 459 499 485 hactenus
519 457 667 491 TheOphilo
688 457 793 483 fuerant
812 456 978 490 qtterelarntu

191 513 268 534 causa
283 515 289 531 :
305 513 356 539 pax
373 503 441 531 facta
465 510 526 530 cum
548 503 600 530 illis
620 506 685 529 erat.
709 501 902 528 Consceleratis
920 508 980 528 sese

191 551 310 586 adjunxit
323 550 447 585 Cyrinus,
463 548 638 576 Chalcedonis
656 549 806 582 episcopus,
822 555 900 581 quem
914 546 979 572 vidi-

192 605 249 624 mus
269 605 302 624 ex
323 596 466 630 improviso
489 594 616 621 Maruthze
635 601 726 628 gressu
748 593 820 627 pedis
843 593 980 619 dolonibus

192 643 366 674 laborantem,
379 641 424 675 qui
436 646 498 668 tunc
511 648 559 667 nec
573 640 657 666 morbi
671 639 762 666 dolore
775 638 942 673 pra-peditus,
953 638 979 664 in

191 688 317 715 Joannem
332 694 380 714 ccu
394 686 479 713 hostis
499 685 641 712 insurrexit
663 684 785 720 (Sozam.
799 684 817 710 ι.
833 684 859 710 8.
875 691 898 709 c.
914 683 946 710 16
957 683 978 718 ).

193 733 256 760 Illud
269 740 343 763 vero.
356 736 383 758 ut
395 731 508 765 carptim
523 730 618 762 dicam,
630 737 682 757 non
695 730 802 763 impune
815 729 876 756 fecit
890 738 895 754 :
911 733 980 763 post-

191 785 220 810 ea
241 778 310 804 enim
333 784 394 804 cum
414 776 484 803 male
506 775 631 806 haberet,
645 782 706 802 crus
720 775 744 801 ci
760 781 832 808 smpe
844 782 858 800 a
871 774 980 801 medicis

191 824 333 850 dissectum
347 827 397 850 est.
411 821 606 856 Superveniens
619 821 690 848 enim
702 820 813 855 putredo
827 825 909 847 totum
921 827 980 847 cor-

190 876 240 904 pus
252 868 460 902 deposcebatur;
474 866 541 894 adeo
558 871 586 894 ut
600 866 668 893 alter
677 873 782 901 quoque
794 873 841 900 pes
853 866 920 893 idem
935 873 980 900 pa-

191 918 291 940 teretur
304 921 333 940 ex
350 916 439 939 mutua
455 912 554 939 doloris
568 911 816 943 communicatione,
831 915 912 946 atque
925 919 979 938 non

189 959 273 986 multo
291 962 351 992 post
368 959 393 985 in
406 958 543 985 doloribus
554 957 699 985 exstinctus
713 962 762 985 est.
783 957 823 984 Ad
847 957 981 992 Theophi«

189 1004 244 1030 lum
260 1004 324 1030 item
337 1003 434 1030 defecit
448 1003 546 1030 Paulus
561 1002 747 1035 Heracleotes,
768 1002 812 1038 qui
828 1010 879 1029 non
897 1002 979 1030 semel

191 1057 205 1076 a
221 1049 325 1076 Joanne
345 1049 370 1075 in
391 1048 504 1083 negotiis
523 1048 656 1075 adhibitus
676 1047 770 1075 fuerat.
793 1047 860 1081 Quid
873 1047 894 1073 si
909 1047 980 1074 dica-

191 1102 260 1125 mus,
280 1101 340 1119 cum
363 1093 513 1127 Thcophilo
533 1097 626 1126 patruo
648 1099 697 1119 suo
717 1091 832 1119 adfuisse
853 1091 979 1126 Cyrillum

191 1139 322 1174 juvenem.
336 1139 380 1173 qui
396 1143 486 1172 postea
500 1137 647 1171 Theophilo
661 1137 797 1170 successit,
812 1144 842 1163 ac
861 1136 979 1163 doctrina

192 1185 417 1219 sanctimoniaque
429 1183 543 1211 celebris
558 1183 622 1210 fuit?

227 1227 419 1257 Criminationes
443 1233 531 1255 contra
553 1227 756 1262 C/trysoslomum
777 1226 876 1253 oblatae.
892 1241 927 1245 —
947 1225 979 1252 lli

190 1275 269 1304 simul
279 1274 394 1309 judices,
409 1278 577 1301 accusatores
591 1277 618 1300 et
637 1277 717 1299 testes
736 1276 827 1304 erant,
842 1271 884 1298 vel
900 1276 980 1298 testes

191 1322 270 1349 falsos
287 1321 448 1349 advocarant
470 1319 597 1355 (Photius
617 1317 737 1346 Bibliotlt.
752 1317 808 1344 cod.
825 1317 896 1351 ιιι).
916 1316 981 1344 Tre-

190 1367 274 1394 decim
291 1366 349 1392 haec
361 1365 508 1392 actionibus
522 1368 626 1398 peracta
642 1368 703 1390 sunt
715 1373 722 1390 :
734 1362 871 1390 duodecim
885 1369 980 1399 nempe

189 1415 281 1438 contra
297 1411 428 1438 Joannem
448 1409 558 1444 prolata:
578 1413 657 1442 sunt,
680 1409 756 1435 tertia
771 1408 874 1436 decima
888 1412 979 1435 contra

191 1456 351 1487 lleraeliden
364 1460 431 1487 erat,
447 1462 526 1489 quem
543 1454 664 1488 Ephesiis
675 1453 719 1480 ille
729 1453 863 1481 ordinarat
876 1453 981 1488 cpisco-

187 1509 248 1535 pum
264 1510 271 1528 :
288 1500 365 1535 cujus
380 1505 468 1526 tamen
482 1499 674 1534 depositionem
687 1498 829 1531 invalidam
848 1498 959 1525 reddere
970 1518 978 1530 ,

185 1546 245 1572 aliis
257 1545 397 1573 nonnullis
412 1543 623 1579 prohibentibus,
639 1543 745 1570 minimc
760 1547 909 1577 potuerunt.
925 1543 979 1570 lle-

184 1591 294 1618 raclidac
304 1594 395 1616 autem
406 1594 544 1616 accusator
556 1589 604 1615 fuit
615 1588 752 1620 Macarius,
765 1587 912 1622 Magnetum
922 1588 980 1621 epi-

182 1643 292 1670 scopus.
329 1634 439 1661 Joannis
462 1641 526 1661 vero
557 1633 737 1668 Chrysostomi
768 1636 905 1659 accusator
934 1631 982 1658 fuit

181 1681 301 1707 Joannes
319 1681 462 1712 Diaconus,
479 1679 595 1714 episcopi
615 1678 655 1705 sui
675 1678 759 1713 palam
773 1677 866 1709 hostis,
879 1677 923 1712 qui
938 1685 981 1704 se-

180 1732 296 1761 quentes
312 1726 516 1753 criminationes
534 1724 559 1751 iu
581 1724 707 1751 Joannem
721 1723 873 1758 episcopum
884 1723 979 1749 attulit.

216 1772 256 1798 1ο.
279 1771 363 1804 Quod
378 1778 406 1797 se
419 1779 434 1798 e
449 1771 589 1797 diaconatu
603 1769 756 1802 amovisset,
770 1769 831 1803 quia
847 1769 903 1803 ipse
917 1776 982 1803 ρυε-

176 1824 235 1843 rum
249 1824 336 1843 suum
354 1816 529 1842 domesticum
541 1815 734 1841 verberaverat.

210 1861 252 1888 2'.
269 1860 356 1895 Quod
371 1859 488 1887 Joannes
500 1859 605 1894 quidam
619 1859 762 1886 Monachus
774 1858 849 1893 jussu
863 1857 920 1892 ejus
933 1865 980 1884 va-

171 1906 315 1940 pulasset,
347 1908 536 1939 raptatusque,
562 1910 593 1930 ac
615 1910 674 1930 cum
699 1903 869 1930 dacmoniacis
888 1908 981 1930 catena

170 1951 260 1978 ferrea
273 1948 451 1977 constrictus
467 1948 567 1975 fuisset.

204 1996 247 2023 5°.
263 1995 353 2029 Quod
367 1993 534 2021 cimcliorum
550 1991 698 2029 (Ecclesiae)
714 1999 835 2027 magnam
849 1992 904 2018 vim
917 1999 982 2018 ven-

165 2042 294 2069 didisset.

199 2088 242 2115 4°.
259 2086 349 2120 Quod
379 2090 527 2116 marmora,
547 2090 605 2118 quae
625 2082 762 2110 Nectarius
783 2082 926 2116 reliquerat
948 2081 980 2108 ad

161 2135 324 2161 ornandam
349 2135 460 2158 sancta:
481 2128 624 2156 Anastasitc
646 2128 786 2156 ecclesiam
797 2149 804 2161 ,
819 2128 875 2162 ipse
889 2127 980 2154 vcndi-

160 2181 243 2206 di'l’ll.

193 2226 236 2253 5⁸.
264 2225 357 2258 Quod
388 2221 506 2249 clericos
527 2220 672 2256 appellaret
685 2218 761 2253 viles,
777 2223 925 2254 corruptos,
941 2219 982 2244 iu-

156 2273 248 2304 utilcs,
269 2269 409 2298 triobola
416 2275 468 2294 res.

190 2318 233 2344 6⁸.
259 2315 352 2350 Quod
381 2313 417 2341 S.
440 2312 613 2347 Epiphanium
627 2311 738 2340 delirum
759 2309 939 2347 appellaverit,
957 2313 984 2336 et

151 2370 270 2397 parvum
287 2358 490 2388 daemonium.

187 2409 228 2434 7'.
243 2406 334 2441 Quod
353 2402 518 2432 Severiano
532 2401 638 2429 insidias
650 2401 791 2431 struxerit,
807 2399 920 2426 incitatis
939 2399 984 2426 ad-

147 2461 248 2481 versus
268 2453 357 2479 illum
375 2448 511 2476 decanis.

181 2499 224 2525 8°.
251 2496 342 2532 Quod
361 2497 480 2522 contra
495 2492 594 2519 clerum
615 2491 708 2519 librum
727 2489 906 2526 sycophantiis
928 2489 983 2523 ple-

142 2553 208 2571 nutn
224 2542 407 2578 scripserit.

178 2591 222 2618 9‘.
239 2589 330 2623 Quod
350 2586 458 2614 totius
478 2583 539 2610 cieri
552 2589 680 2611 conventu
695 2583 779 2614 facto,
794 2586 848 2609 tres
860 2581 985 2608 diaconos

138 2636 253 2668 citarit,
280 2633 460 2661 Acacium,
492 2627 633 2663 Edaphium
652 2634 677 2655 et
697 2628 842 2658 Joannem,
864 2631 890 2653 et
912 2626 985 2660 quasi

137 2681 292 2708 humemle
326 2684 428 2706 suum
464 2673 548 2700 furati
574 2678 677 2706 essent,
699 2673 847 2704 accusarit,
865 2679 986 2707 qna'reus

137 2733 231 2754 utrum
250 2728 288 2754 ad
307 2726 412 2753 alium
430 2720 559 2752 aliquem
571 2728 644 2747 usum
660 2720 721 2747 illud
737 2719 879 2753 cepissent.

174 2773 235 2801 10⁸.
254 2771 348 2807 Quod
366 2764 557 2796 Antonium,
571 2765 746 2798 sepulcrorum
758 2763 910 2790 violatorem
925 2770 987 2790 con-

137 2820 189 2846 vict
196 2828 242 2846 uin
249 2840 257 2852 ,
275 2818 478 2852 episcopum
502 2808 668 2836 ordinaverit.

773 125 863 155 NUNC
882 125 1015 153 PRIMUM
1035 125 1229 154 ADORNATA.

1771 133 1821 161 {93

1071 181 1124 209 Μ’.
1141 183 1215 216 Quod
1229 183 1356 211 Joannem
1369 185 1493 213 comitem
1518 187 1543 213 in
1563 187 1675 215 militum
1691 189 1821 218 seditione

1035 227 1189 260 prodiderit.

1071 273 1124 299 ιφ.
1151 274 1225 306 Quod
1250 282 1335 310 neque
1354 275 1379 302 in
1400 276 1538 304 ecclesiam
1558 278 1718 312 ingrediens,
1737 287 1823 315 neque

1034 318 1135 350 exiens,
1148 324 1309 352 precaretur.

1069 363 1124 390 15°.
1136 363 1213 397 Quod
1226 365 1283 392 sine
1294 366 1370 393 altari
1382 366 1553 395 diaconorum
1567 373 1593 396 et
1604 370 1821 406 presbyterorum

1033 409 1214 437 ordinationes
1228 410 1328 438 fecerit.

1069 453 1123 481 14⁸.
1138 454 1214 487 Quod
1229 463 1278 482 una
1292 456 1457 485 ordinatione
1469 463 1582 493 quatuor
1590 460 1670 488 simul
1681 461 1821 496 episc0pos

1033 501 1141 527 crearit.

1069 545 1124 572 15⁸.
1137 545 1213 579 Quod
1223 547 1348 575 mulieres
1357 548 1512 583 susciperet,
1524 550 1596 578 solus
1605 558 1665 579 cum
1679 552 1752 584 solis,
1764 553 1822 580 aliis

1033 591 1156 618 omnibus
1169 591 1240 619 foras
1254 593 1367 620 emissis.

1070 636 1125 663 lluc
1148 638 1280 671 respicere
1302 638 1405 666 videtur
1426 640 1496 674 quod
1517 641 1554 666 ait
1575 640 1779 676 Chrysostomus
1796 644 1823 670 in

1033 682 1150 716 Epistula
1177 684 1209 710 ad
1231 684 1381 718 (Syriacum,
1399 690 1470 712 tomo
1489 687 1589 714 tertio:
1615 687 1678 719 Quin
1700 697 1739 715 me
1760 698 1825 723 quo-

1032 736 1079 762 que
1106 737 1164 755 cum
1197 729 1299 756 muliere
1332 731 1494 761 concubuisse
1528 732 1701 759 criminantur.
1732 733 1823 761 Eruite

1033 781 1126 807 corpus
1153 782 1255 807 meum,
1275 779 1299 802 ιι
1328 776 1494 802 membrorum
1521 778 1736 811 mortiﬁcationem
1766 787 1824 814 rep:

1032 819 1108 845 rictis.

1069 864 1123 891 lti'.
1137 864 1212 898 Quod
1226 865 1406 894 lnereditatem
1417 874 1430 893 a
1441 866 1538 894 Thecla
1550 868 1667 896 relictam
1680 877 1726 903 per
1736 869 1824 897 Theo-

1036 908 1125 935 dulum
1142 910 1297 936 vendiderit.

1069 953 1124 980 17".
1142 953 1217 987 Quod
1247 955 1372 983 Ecclesia:
1401 955 1503 984 reditus
1531 965 1610 985 nemo
1641 960 1743 986 noverit
1772 967 1825 994 quo

1033 1002 1139 1029 abeant.

1069 1047 1125 1074 l8‘.
1141 1047 1215 1080 Quod
1227 1049 1407 1083 Serapionem,
1418 1049 1444 1076 in
1457 1050 1557 1078 crimen
1570 1055 1700 1084 vocatum.
1715 1053 1826 1088 presby-

1034 1096 1118 1118 terum
1132 1092 1303 1120 ortlinavcrit.

1072 1138 1125 1166 19'.
1142 1139 1216 1172 Quod
1231 1146 1288 1171 eos,
1302 1140 1344 1174 qui
1360 1147 1419 1167 cum
1433 1144 1488 1168 toto
1502 1141 1566 1171 orbe
1576 1143 1823 1177 communieahant,

1033 1183 1115 1217 ipsius
1129 1184 1257 1210 sententia
1276 1185 1393 1212 inclusos
1405 1189 1432 1212 et
1445 1185 1469 1212 in
1484 1193 1590 1213 carcere
1604 1187 1741 1214 defunctos
1757 1195 1823 1214 cun-

1035 1229 1192 1263 tempscrit;
1208 1230 1242 1256 ita
1265 1235 1291 1257 ut
1307 1238 1341 1258 ne
1356 1238 1466 1265 corpora
1486 1232 1591 1266 quidem
1607 1233 1722 1267 ipsorum
1737 1234 1825 1268 sepul-

1035 1279 1101 1301 tura:
1116 1275 1242 1303 mandare
1256 1276 1376 1310 dignatus
1391 1277 1435 1304 sit.

1069 1319 1126 1346 20°.
1143 1320 1217 1353 Quod
1232 1322 1427 1349 sanctissimum
1442 1323 1567 1351 Acacium
1583 1323 1676 1358 injuria
1689 1324 1823 1357 olfecerit,

1034 1369 1060 1391 et
1075 1371 1108 1391 ne
1121 1365 1154 1392 ad
1169 1365 1329 1399 colloquium
1344 1367 1450 1401 quidem
1467 1368 1551 1401 ipsum
1573 1369 1719 1396 admiserit.

1068 1409 1124 1437 21⁸.
1147 1410 1222 1444 Quod
1248 1412 1420 1448 Porphyrium
1444 1414 1628 1448 presbyterum
1643 1415 1780 1450 Eutropio,
1798 1421 1825 1444 ut

1033 1455 1060 1484 in
1075 1456 1194 1483 exsilium
1211 1457 1364 1490 pelleretur,
1385 1458 1530 1484 tradiderit.

1069 1501 1124 1528 22".
1141 1501 1215 1534 Quod
1230 1501 1372 1529 Venerium
1396 1503 1456 1530 item
1477 1504 1659 1539 presbyterum
1679 1513 1739 1531 cum
1758 1513 1823 1533 cou—

1035 1545 1143 1572 tumclia
1160 1547 1240 1573 multa
1257 1547 1402 1574 tradiderit.

1069 1589 1126 1618 Ξδῖ
1152 1591 1227 1623 Quod
1250 1591 1287 1618 illi
1311 1592 1358 1618 soli
1382 1592 1504 1619 halncum
1528 1594 1713 1627 succendatur,
1732 1600 1760 1623 et
1780 1597 1823 1623 ubi

1033 1634 1147 1668 laverit,
1171 1636 1298 1671 Serapion
1329 1638 1427 1664 aditum
1459 1639 1572 1672 claudat,
1602 1645 1629 1667 ut
1655 1641 1722 1668 alius
1746 1650 1825 1670 nemo

1034 1679 1113 1707 lavet.

1067 1725 1126 1754 24⁸.
1141 1726 1216 1760 Quod
1230 1727 1287 1754 sine
1303 1728 1412 1755 testibus
1425 1729 1522 1756 multos
1535 1729 1671 1758 ordinarit.

1070 1771 1129 1800 25'.
1146 1773 1220 1806 Quod
1235 1773 1307 1800 solus
1325 1774 1385 1800 edat
1400 1775 1615 1809 intemperanter,
1627 1776 1770 1812 Cyclopum
1786 1779 1824 1805 vi-

1035 1821 1088 1844 tam
1102 1825 1194 1852 agens.

1063 1862 1124 1889 $6".
1141 1863 1215 1895 Quod
1238 1863 1293 1897 ipse
1306 1869 1421 1896 accuset,
1436 1864 1520 1897 sitque
1535 1865 1609 1891 testis
1625 1869 1651 1892 et
1661 1865 1751 1899 jndex.
1768 1867 1825 1894 Pla-

1037 1914 1153 1942 numquc
1167 1907 1192 1934 id
1207 1915 1266 1935 esse
1279 1915 1311 1935 ex
1332 1908 1374 1940 iis,
1389 1916 1447 1943 qua:
1471 1917 1530 1936 cum
1552 1909 1676 1945 Martyrio
1690 1912 1824 1945 protodia-

1036 1958 1113 1984 cono,
1133 1957 1159 1979 et
1180 1952 1355 1986 Prohmresio,
1372 1953 1457 1988 Lycia:
1471 1954 1604 1989 episcopo,
1619 1961 1691 1989 gesta
1707 1956 1824 1984 referu‘n-

1035 2001 1085 2023 tur.

1069 2041 1128 2067 ἓν.
1157 2041 1234 2074 Quod
1260 2042 1424 2070 Memnonem
1448 2044 1472 2069 in
1495 2044 1607 2071 ecclesia
1638 2045 1824 2079 Apostolorum

1034 2093 1121 2120 pugno
1137 2087 1304 2120 percusserit,
1320 2092 1346 2114 et
1367 2088 1493 2123 sanguine
1505 2096 1538 2115 ex
1553 2096 1598 2116 ore
1618 2095 1750 2123 manante,
1765 2099 1824 2127 my—

1035 2130 1115 2156 steria
1132 2135 1220 2157 tamen
1234 2131 1368 2158 obtulerit.

1071 2176 1130 2202 28'.
1147 2176 1222 2209 Quod
1249 2177 1273 2203 in
1299 2178 1393 2204 throno
1416 2183 1556 2205 exucrelur
1577 2183 1603 2206 et
1623 2179 1782 2212 iuducretur,
1798 2186 1824 2208 et

1037 2220 1169 2254 pastillum
1184 2221 1283 2247 ederct.

1070 2265 1126 2291 29°.
1142 2265 1216 2298 Quod
1230 2266 1360 2300 episcopis
1379 2267 1413 2293 ab
1425 2275 1453 2294 se
1467 2267 1595 2295 ordinatis
1608 2269 1731 2302 pecunias
1747 2269 1825 2304 largi-

1036 2315 1118 2341 retur,
1132 2314 1160 2336 ut
1172 2318 1219 2344 per
1234 2311 1292 2337 illos
1306 2310 1409 2337 Clerum
1424 2312 1595 2346 opprimeret.

1072 2354 1264 2389 Cltrysostomus
1273 2355 1308 2381 ad
1321 2355 1453 2389 Synod/tm
1480 2360 1585 2382 vocatm
1595 2355 1697 2382 abnuit.
1709 2372 1743 2378 -
1779 2358 1824 2384 llis

1037 2399 1132 2425 oblatis
1151 2401 1347 2426 accusationum
1363 2400 1502 2434 capitibus,
1517 2400 1677 2435 Theophilus
1691 2407 1717 2428 et
1736 2405 1823 2431 ueteri

1037 2446 1153 2480 cpi<copi
1169 2445 1305 2480 Synoduui
1317 2447 1518 2478 constituentes,
1533 2447 1660 2473 Joannem
1672 2448 1786 2475 citarunt
1798 2454 1825 2476 ut

1037 2491 1071 2516 atl
1083 2490 1217 2524 Synodum
1232 2495 1397 2524 compareret
1420 2490 1537 2524 (Pliott'us
1550 2499 1575 2526 ρ.
1590 2492 1624 2519 ὺὸ
1637 2497 1659 2518 et
1672 2501 1740 2528 seqq.
1757 2493 1819 2520 Pul-

1038 2536 1089 2562 lad.
1119 2535 1243 2570 Dialog.).
1268 2535 1350 2562 Erant
1370 2541 1431 2563 tunc
1451 2544 1509 2563 cum
1529 2536 1631 2564 Joanne
1653 2539 1824 2574 quadraginta

1039 2581 1163 2616 episcopi,
1188 2580 1311 2607 sedentes
1333 2581 1358 2607 in
1385 2582 1497 2608 triclinio
1523 2583 1665 2618 episcepii,
1691 2589 1825 2619 stupentes

1038 2626 1171 2659 quomodo
1192 2633 1261 2656 reus,
1278 2629 1304 2652 et
1321 2631 1427 2660 propter
1448 2627 1556 2653 crimina
1577 2628 1647 2654 solus
1663 2629 1695 2655 ad
1710 2628 1825 2655 Comita-

1041 2675 1093 2697 tmn
1109 2675 1135 2696 et
1156 2670 1318 2705 lmperialem
1338 2671 1469 2699 civitatem
1491 2672 1581 2699 venire
1599 2673 1699 2707 jussus,
1714 2682 1772 2700 cum
1789 2679 1825 2702 tot

1039 2717 1170 2750 episcopis
1183 2717 1332 2744 advenisset
1347 2726 1353 2743 :
1370 2725 1421 2751 quo
1444 2722 1520 2752 pacto
1535 2719 1679 2753 principum
1694 2723 1719 2746 ct
1741 2721 1825 2754 magi”

1040 2766 1168 2788 stratuum
1193 2762 1336 2789 sententias
1357 2762 1443 2789 subito
1466 2767 1671 2795 commutasset.
1695 2764 1824 2800 plerisque

1041 2811 1073 2834 de
1088 2807 1165 2834 (Ilcro
1181 2808 1228 2842 ipsi
1243 2808 1426 2834 aunncntibus.
1446 2808 1539 2834 \‘erum
1564 2815 1628 2834 auro
1642 2808 1728 2836 omnia
1743 2817 1823 2843 prona
