  <div class='ocr_page' id='page_1' title='image "/cluster/home/n/w/nwhite01/storage/ocr_20150623/47-48/njp.32101077772612/199.png"; bbox 0 0 2032 3110; ppageno 0'>
   <div class='ocr_carea' id='block_1_1' title="bbox 217 150 270 178">
    <p class='ocr_par' dir='ltr' id='par_1_1' title="bbox 217 150 270 178">
     <span class='ocr_line' id='line_1_1' title="bbox 217 150 270 178; baseline 0 0"><span class='ocrx_word' id='word_1_1' title='bbox 217 150 270 178; x_wconf 71' lang='grc'><strong>191)</strong></span> 
     </span>
    </p>
   </div>
   <div class='ocr_carea' id='block_1_2' title="bbox 214 199 1008 238">
    <p class='ocr_par' dir='ltr' id='par_1_2' title="bbox 214 199 1008 238">
     <span class='ocr_line' id='line_1_2' title="bbox 214 199 1008 238; baseline -0.015 -1"><span class='ocrx_word' id='word_1_2' title='bbox 214 216 241 238; x_wconf 83' lang='lat' dir='ltr'><strong>et</strong></span> <span class='ocrx_word' id='word_1_3' title='bbox 255 208 340 236; x_wconf 79' lang='lat' dir='ltr'><strong>facilia</strong></span> <span class='ocrx_word' id='word_1_4' title='bbox 361 206 516 234; x_wconf 88' lang='lat' dir='ltr'><strong>redduntur.</strong></span> <span class='ocrx_word' id='word_1_5' title='bbox 533 204 635 231; x_wconf 86' lang='lat' dir='ltr'><strong>Interea</strong></span> <span class='ocrx_word' id='word_1_6' title='bbox 657 209 722 229; x_wconf 86' lang='lat' dir='ltr'><strong>vero</strong></span> <span class='ocrx_word' id='word_1_7' title='bbox 743 201 861 228; x_wconf 79' lang='lat' dir='ltr'><strong>Joannes</strong></span> <span class='ocrx_word' id='word_1_8' title='bbox 873 208 887 226; x_wconf 91' lang='lat' dir='ltr'><strong>a</strong></span> <span class='ocrx_word' id='word_1_9' title='bbox 901 199 1008 234; x_wconf 74' lang='lat' dir='ltr'><strong>Synoda</strong></span> 
     </span>
    </p>
   </div>
   <div class='ocr_carea' id='block_1_3' title="bbox 213 246 1012 288">
    <p class='ocr_par' dir='ltr' id='par_1_3' title="bbox 213 246 1012 288">
     <span class='ocr_line' id='line_1_3' title="bbox 213 246 1012 288; baseline -0.014 -5"><span class='ocrx_word' id='word_1_10' title='bbox 213 257 246 283; x_wconf 84' lang='lat' dir='ltr'><strong>ad</strong></span> <span class='ocrx_word' id='word_1_11' title='bbox 263 255 395 288; x_wconf 90' lang='lat' dir='ltr'><strong>Quercum</strong></span> <span class='ocrx_word' id='word_1_12' title='bbox 411 253 507 279; x_wconf 89' lang='lat' dir='ltr'><strong>citatur</strong></span> <span class='ocrx_word' id='word_1_13' title='bbox 517 255 546 279; x_wconf 80' lang='lat' dir='ltr'><strong>et</strong></span> <span class='ocrx_word' id='word_1_14' title='bbox 556 256 710 284; x_wconf 80' lang='lat' dir='ltr'><strong>comparere</strong></span> <span class='ocrx_word' id='word_1_15' title='bbox 721 247 838 283; x_wconf 86' lang='lat' dir='ltr'><strong>jubctur.</strong></span> <span class='ocrx_word' id='word_1_16' title='bbox 858 246 1012 281; x_wconf 83' lang='lat' dir='ltr'><strong>Respondet</strong></span> 
     </span>
    </p>
   </div>
   <div class='ocr_carea' id='block_1_4' title="bbox 215 292 1010 333">
    <p class='ocr_par' dir='ltr' id='par_1_4' title="bbox 215 292 1010 333">
     <span class='ocr_line' id='line_1_4' title="bbox 215 292 1010 333; baseline -0.014 -5"><span class='ocrx_word' id='word_1_17' title='bbox 215 301 258 328; x_wconf 87' lang='lat' dir='ltr'><strong>ille</strong></span> <span class='ocrx_word' id='word_1_18' title='bbox 273 310 280 326; x_wconf 89' lang='lat'><strong>:</strong></span> <span class='ocrx_word' id='word_1_19' title='bbox 298 299 328 328; x_wconf 89' lang='lat' dir='ltr'><strong>Si</strong></span> <span class='ocrx_word' id='word_1_20' title='bbox 341 305 441 333; x_wconf 75' lang='lat' dir='ltr'><strong>apertos</strong></span> <span class='ocrx_word' id='word_1_21' title='bbox 455 298 537 324; x_wconf 79' lang='lat' dir='ltr'><strong>hostes</strong></span> <span class='ocrx_word' id='word_1_22' title='bbox 549 304 580 323; x_wconf 72' lang='lat' dir='ltr'><strong>ex</strong></span> <span class='ocrx_word' id='word_1_23' title='bbox 596 294 714 330; x_wconf 83' lang='lat' dir='ltr'><strong>judicttm</strong></span> <span class='ocrx_word' id='word_1_24' title='bbox 729 293 817 320; x_wconf 81' lang='lat' dir='ltr'><strong>ordine</strong></span> <span class='ocrx_word' id='word_1_25' title='bbox 827 292 1010 324; x_wconf 69' lang='lat' dir='ltr'><strong>submovet-itis,</strong></span> 
     </span>
    </p>
   </div>
   <div class='ocr_carea' id='block_1_5' title="bbox 214 340 1009 382">
    <p class='ocr_par' dir='ltr' id='par_1_5' title="bbox 214 340 1009 382">
     <span class='ocr_line' id='line_1_5' title="bbox 214 340 1009 382; baseline -0.014 -8"><span class='ocrx_word' id='word_1_26' title='bbox 214 351 307 382; x_wconf 71' lang='lat' dir='ltr'><strong>pl&#39;tl’SlO</strong></span> <span class='ocrx_word' id='word_1_27' title='bbox 332 354 398 377; x_wconf 82' lang='lat' dir='ltr'><strong>sum,</strong></span> <span class='ocrx_word' id='word_1_28' title='bbox 426 352 513 379; x_wconf 73' lang='lat' dir='ltr'><strong>meque</strong></span> <span class='ocrx_word' id='word_1_29' title='bbox 536 342 640 373; x_wconf 82' lang='lat' dir='ltr'><strong>sistam;</strong></span> <span class='ocrx_word' id='word_1_30' title='bbox 656 345 693 372; x_wconf 87' lang='lat' dir='ltr'><strong>ut,</strong></span> <span class='ocrx_word' id='word_1_31' title='bbox 710 340 732 367; x_wconf 76' lang='lat' dir='ltr'><strong>si</strong></span> <span class='ocrx_word' id='word_1_32' title='bbox 754 340 810 375; x_wconf 79' lang='lat' dir='ltr'><strong>quis</strong></span> <span class='ocrx_word' id='word_1_33' title='bbox 836 348 874 365; x_wconf 80' lang='lat' dir='ltr'><strong>me</strong></span> <span class='ocrx_word' id='word_1_34' title='bbox 889 343 986 365; x_wconf 80' lang='lat' dir='ltr'><strong>accttscl</strong></span> <span class='ocrx_word' id='word_1_35' title='bbox 1002 359 1009 371; x_wconf 81' lang='lat'><strong>,</strong></span> 
     </span>
    </p>
   </div>
   <div class='ocr_carea' id='block_1_6' title="bbox 213 385 1011 420">
    <p class='ocr_par' dir='ltr' id='par_1_6' title="bbox 213 385 1011 420">
     <span class='ocr_line' id='line_1_6' title="bbox 213 385 1011 420; baseline -0.01 -2"><span class='ocrx_word' id='word_1_36' title='bbox 213 399 317 418; x_wconf 67' lang='lat' dir='ltr'><strong>causam</strong></span> <span class='ocrx_word' id='word_1_37' title='bbox 329 391 411 417; x_wconf 85' lang='lat' dir='ltr'><strong>dicam</strong></span> <span class='ocrx_word' id='word_1_38' title='bbox 424 398 433 416; x_wconf 90' lang='lat'><em>:</em></span> <span class='ocrx_word' id='word_1_39' title='bbox 447 391 485 416; x_wconf 84' lang='lat' dir='ltr'><strong>sin</strong></span> <span class='ocrx_word' id='word_1_40' title='bbox 504 389 532 415; x_wconf 76' lang='lat' dir='ltr'><strong>id</strong></span> <span class='ocrx_word' id='word_1_41' title='bbox 545 388 628 420; x_wconf 77' lang='lat' dir='ltr'><strong>facere</strong></span> <span class='ocrx_word' id='word_1_42' title='bbox 641 385 844 417; x_wconf 64' lang='lat' dir='ltr'><strong>detractam-itis,</strong></span> <span class='ocrx_word' id='word_1_43' title='bbox 860 386 954 419; x_wconf 78' lang='lat' dir='ltr'><strong>quoties</strong></span> <span class='ocrx_word' id='word_1_44' title='bbox 973 385 1011 410; x_wconf 63' lang='grc' dir='ltr'><strong>τὶς</strong></span> 
     </span>
    </p>
   </div>
   <div class='ocr_carea' id='block_1_7' title="bbox 213 430 1010 470">
    <p class='ocr_par' dir='ltr' id='par_1_7' title="bbox 213 430 1010 470">
     <span class='ocr_line' id='line_1_7' title="bbox 213 430 1010 470; baseline -0.01 -7"><span class='ocrx_word' id='word_1_45' title='bbox 213 437 307 469; x_wconf 46' lang='lat' dir='ltr'><strong>labilis,</strong></span> <span class='ocrx_word' id='word_1_46' title='bbox 323 436 386 463; x_wconf 82' lang='lat' dir='ltr'><strong><em>nihil</em></strong></span> <span class='ocrx_word' id='word_1_47' title='bbox 400 435 545 470; x_wconf 73' lang='lat' dir='ltr'><strong>proﬁciatis.</strong></span> <span class='ocrx_word' id='word_1_48' title='bbox 563 433 601 460; x_wconf 91' lang='lat' dir='ltr'><strong>Illi</strong></span> <span class='ocrx_word' id='word_1_49' title='bbox 621 440 685 459; x_wconf 84' lang='lat' dir='ltr'><strong>vero</strong></span> <span class='ocrx_word' id='word_1_50' title='bbox 699 439 765 467; x_wconf 85' lang='lat' dir='ltr'><strong>quos</strong></span> <span class='ocrx_word' id='word_1_51' title='bbox 784 430 888 458; x_wconf 82' lang='lat' dir='ltr'><strong>excludi</strong></span> <span class='ocrx_word' id='word_1_52' title='bbox 905 430 1010 456; x_wconf 86' lang='lat' dir='ltr'><strong>volebat</strong></span> 
     </span>
    </p>
   </div>
   <div class='ocr_carea' id='block_1_8' title="bbox 213 476 1010 516">
    <p class='ocr_par' dir='ltr' id='par_1_8' title="bbox 213 476 1010 516">
     <span class='ocr_line' id='line_1_8' title="bbox 213 476 1010 516; baseline -0.01 -7"><span class='ocrx_word' id='word_1_53' title='bbox 213 487 290 509; x_wconf 69' lang='lat' dir='ltr'><strong>erant</strong></span> <span class='ocrx_word' id='word_1_54' title='bbox 321 481 501 516; x_wconf 85' lang='lat' dir='ltr'><strong>Theophilus,</strong></span> <span class='ocrx_word' id='word_1_55' title='bbox 524 478 702 511; x_wconf 81' lang='lat' dir='ltr'><strong>Severianus,</strong></span> <span class='ocrx_word' id='word_1_56' title='bbox 727 477 839 504; x_wconf 87' lang='lat' dir='ltr'><strong>Aeacius</strong></span> <span class='ocrx_word' id='word_1_57' title='bbox 869 480 896 503; x_wconf 84' lang='lat' dir='ltr'><strong>et</strong></span> <span class='ocrx_word' id='word_1_58' title='bbox 919 476 1010 502; x_wconf 82' lang='lat' dir='ltr'><strong>Antio-</strong></span> 
     </span>
    </p>
   </div>
   <div class='ocr_carea' id='block_1_9' title="bbox 213 529 290 555">
    <p class='ocr_par' dir='ltr' id='par_1_9' title="bbox 213 529 290 555">
     <span class='ocr_line' id='line_1_9' title="bbox 213 529 290 555; baseline 0.013 -1"><span class='ocrx_word' id='word_1_59' title='bbox 213 529 290 555; x_wconf 80' lang='lat' dir='ltr'><strong>t-lnts.</strong></span> 
     </span>
    </p>
   </div>
   <div class='ocr_carea' id='block_1_10' title="bbox 252 566 1010 605">
    <p class='ocr_par' dir='ltr' id='par_1_10' title="bbox 252 566 1010 605">
     <span class='ocr_line' id='line_1_10' title="bbox 252 566 1010 605; baseline -0.015 -2"><span class='ocrx_word' id='word_1_60' title='bbox 252 575 342 602; x_wconf 82' lang='lat' dir='ltr'><strong>Primo</strong></span> <span class='ocrx_word' id='word_1_61' title='bbox 361 573 546 601; x_wconf 87' lang='lat' dir='ltr'><strong>examinarunt</strong></span> <span class='ocrx_word' id='word_1_62' title='bbox 567 575 647 605; x_wconf 89' lang='lat' dir='ltr'><strong>caput</strong></span> <span class='ocrx_word' id='word_1_63' title='bbox 668 570 782 604; x_wconf 87' lang='lat' dir='ltr'><strong>primum</strong></span> <span class='ocrx_word' id='word_1_64' title='bbox 802 573 829 595; x_wconf 92' lang='lat' dir='ltr'><strong>et</strong></span> <span class='ocrx_word' id='word_1_65' title='bbox 843 566 987 595; x_wconf 89' lang='lat' dir='ltr'><strong>secundutn</strong></span> <span class='ocrx_word' id='word_1_66' title='bbox 1003 586 1010 598; x_wconf 92' lang='lat'><strong>,</strong></span> 
     </span>
    </p>
   </div>
   <div class='ocr_carea' id='block_1_11' title="bbox 216 614 1012 657">
    <p class='ocr_par' dir='ltr' id='par_1_11' title="bbox 216 614 1012 657">
     <span class='ocr_line' id='line_1_11' title="bbox 216 614 1012 657; baseline -0.01 -10"><span class='ocrx_word' id='word_1_67' title='bbox 216 629 276 657; x_wconf 74' lang='lat' dir='ltr'><strong>qua:</strong></span> <span class='ocrx_word' id='word_1_68' title='bbox 297 621 425 649; x_wconf 79' lang='lat' dir='ltr'><strong>Joannem</strong></span> <span class='ocrx_word' id='word_1_69' title='bbox 440 619 579 646; x_wconf 82' lang='lat' dir='ltr'><strong>diaconum</strong></span> <span class='ocrx_word' id='word_1_70' title='bbox 594 622 620 645; x_wconf 91' lang='lat' dir='ltr'><strong>et</strong></span> <span class='ocrx_word' id='word_1_71' title='bbox 632 617 762 644; x_wconf 83' lang='lat' dir='ltr'><strong>Joannem</strong></span> <span class='ocrx_word' id='word_1_72' title='bbox 777 614 934 642; x_wconf 90' lang='lat' dir='ltr'><strong>Monachum</strong></span> <span class='ocrx_word' id='word_1_73' title='bbox 950 621 1012 648; x_wconf 78' lang='lat' dir='ltr'><strong>spe—</strong></span> 
     </span>
    </p>
   </div>
   <div class='ocr_carea' id='block_1_12' title="bbox 217 659 1014 699">
    <p class='ocr_par' dir='ltr' id='par_1_12' title="bbox 217 659 1014 699">
     <span class='ocr_line' id='line_1_12' title="bbox 217 659 1014 699; baseline -0.014 -4"><span class='ocrx_word' id='word_1_74' title='bbox 217 668 334 695; x_wconf 81' lang='lat' dir='ltr'><strong>ctabant.</strong></span> <span class='ocrx_word' id='word_1_75' title='bbox 350 667 416 694; x_wconf 91' lang='lat' dir='ltr'><strong>Hinc</strong></span> <span class='ocrx_word' id='word_1_76' title='bbox 431 668 569 699; x_wconf 65' lang='lat' dir='ltr'><strong>coeperunt</strong></span> <span class='ocrx_word' id='word_1_77' title='bbox 580 667 672 690; x_wconf 87' lang='lat' dir='ltr'><strong>contra</strong></span> <span class='ocrx_word' id='word_1_78' title='bbox 686 661 844 688; x_wconf 84' lang='lat' dir='ltr'><strong>Heracliden</strong></span> <span class='ocrx_word' id='word_1_79' title='bbox 859 659 966 694; x_wconf 86' lang='lat' dir='ltr'><strong>Ephesi,</strong></span> <span class='ocrx_word' id='word_1_80' title='bbox 987 662 1014 685; x_wconf 87' lang='lat' dir='ltr'><strong>ct</strong></span> 
     </span>
    </p>
   </div>
   <div class='ocr_carea' id='block_1_13' title="bbox 219 706 1012 746">
    <p class='ocr_par' dir='ltr' id='par_1_13' title="bbox 219 706 1012 746">
     <span class='ocr_line' id='line_1_13' title="bbox 219 706 1012 746; baseline -0.014 -4"><span class='ocrx_word' id='word_1_81' title='bbox 219 715 365 742; x_wconf 81' lang='lat' dir='ltr'><strong>I&#39;alladium</strong></span> <span class='ocrx_word' id='word_1_82' title='bbox 381 711 574 746; x_wconf 89' lang='lat' dir='ltr'><strong>llelcnopoleos</strong></span> <span class='ocrx_word' id='word_1_83' title='bbox 587 711 727 744; x_wconf 83' lang='lat' dir='ltr'><strong>episcopos</strong></span> <span class='ocrx_word' id='word_1_84' title='bbox 740 707 883 742; x_wconf 87' lang='lat' dir='ltr'><strong>inquirere.</strong></span> <span class='ocrx_word' id='word_1_85' title='bbox 896 706 1012 733; x_wconf 84' lang='lat' dir='ltr'><strong>Joannes</strong></span> 
     </span>
    </p>
   </div>
   <div class='ocr_carea' id='block_1_14' title="bbox 217 754 1012 792">
    <p class='ocr_par' dir='ltr' id='par_1_14' title="bbox 217 754 1012 792">
     <span class='ocr_line' id='line_1_14' title="bbox 217 754 1012 792; baseline -0.014 -5"><span class='ocrx_word' id='word_1_86' title='bbox 217 768 282 787; x_wconf 87' lang='lat' dir='ltr'><strong>vero</strong></span> <span class='ocrx_word' id='word_1_87' title='bbox 304 758 458 790; x_wconf 82' lang='lat' dir='ltr'><strong>Monachus,</strong></span> <span class='ocrx_word' id='word_1_88' title='bbox 479 757 524 792; x_wconf 89' lang='lat' dir='ltr'><strong>qui</strong></span> <span class='ocrx_word' id='word_1_89' title='bbox 548 756 572 783; x_wconf 93' lang='lat' dir='ltr'><strong>in</strong></span> <span class='ocrx_word' id='word_1_90' title='bbox 589 754 706 782; x_wconf 90' lang='lat' dir='ltr'><strong>secundo</strong></span> <span class='ocrx_word' id='word_1_91' title='bbox 719 754 804 787; x_wconf 89' lang='lat' dir='ltr'><strong>capite</strong></span> <span class='ocrx_word' id='word_1_92' title='bbox 817 759 896 786; x_wconf 84' lang='lat' dir='ltr'><strong>supra</strong></span> <span class='ocrx_word' id='word_1_93' title='bbox 911 758 1012 778; x_wconf 83' lang='lat' dir='ltr'><strong>memo-</strong></span> 
     </span>
    </p>
   </div>
   <div class='ocr_carea' id='block_1_15' title="bbox 219 795 1012 836">
    <p class='ocr_par' dir='ltr' id='par_1_15' title="bbox 219 795 1012 836">
     <span class='ocr_line' id='line_1_15' title="bbox 219 795 1012 836; baseline -0.015 -3"><span class='ocrx_word' id='word_1_94' title='bbox 219 813 307 836; x_wconf 85' lang='lat' dir='ltr'><strong>ratur,</strong></span> <span class='ocrx_word' id='word_1_95' title='bbox 330 804 446 831; x_wconf 84' lang='lat' dir='ltr'><strong>libellum</strong></span> <span class='ocrx_word' id='word_1_96' title='bbox 473 802 577 834; x_wconf 72' lang='lat' dir='ltr'><strong>obtulit,</strong></span> <span class='ocrx_word' id='word_1_97' title='bbox 601 807 729 827; x_wconf 83' lang='lat' dir='ltr'><strong>accusans</strong></span> <span class='ocrx_word' id='word_1_98' title='bbox 753 797 919 828; x_wconf 79' lang='lat' dir='ltr'><strong>Heracliden,</strong></span> <span class='ocrx_word' id='word_1_99' title='bbox 944 795 1012 831; x_wconf 88' lang='lat' dir='ltr'><strong>quod</strong></span> 
     </span>
    </p>
   </div>
   <div class='ocr_carea' id='block_1_16' title="bbox 217 841 1013 885">
    <p class='ocr_par' dir='ltr' id='par_1_16' title="bbox 217 841 1013 885">
     <span class='ocr_line' id='line_1_16' title="bbox 217 841 1013 885; baseline -0.013 -9"><span class='ocrx_word' id='word_1_100' title='bbox 217 850 368 885; x_wconf 78' lang='lat' dir='ltr'><strong>()rigcnisla</strong></span> <span class='ocrx_word' id='word_1_101' title='bbox 382 853 461 880; x_wconf 75' lang='lat' dir='ltr'><strong>esset,</strong></span> <span class='ocrx_word' id='word_1_102' title='bbox 476 853 501 874; x_wconf 94' lang='lat' dir='ltr'><strong>ct</strong></span> <span class='ocrx_word' id='word_1_103' title='bbox 522 846 591 881; x_wconf 86' lang='lat' dir='ltr'><strong>quod</strong></span> <span class='ocrx_word' id='word_1_104' title='bbox 605 846 732 872; x_wconf 70' lang='lat' dir='ltr'><strong>Catsarea:</strong></span> <span class='ocrx_word' id='word_1_105' title='bbox 746 844 893 871; x_wconf 49' lang='lat' dir='ltr'><strong>Palaestittre</strong></span> <span class='ocrx_word' id='word_1_106' title='bbox 907 842 932 868; x_wconf 95' lang='lat' dir='ltr'><strong>in</strong></span> <span class='ocrx_word' id='word_1_107' title='bbox 945 841 1013 867; x_wconf 76' lang='lat' dir='ltr'><strong>furto</strong></span> 
     </span>
    </p>
   </div>
   <div class='ocr_carea' id='block_1_17' title="bbox 219 885 1013 930">
    <p class='ocr_par' dir='ltr' id='par_1_17' title="bbox 219 885 1013 930">
     <span class='ocr_line' id='line_1_17' title="bbox 219 885 1013 930; baseline -0.014 -8"><span class='ocrx_word' id='word_1_108' title='bbox 219 895 401 930; x_wconf 78' lang='lat' dir='ltr'><strong>tit-prehensus</strong></span> <span class='ocrx_word' id='word_1_109' title='bbox 417 893 519 924; x_wconf 75' lang='lat' dir='ltr'><strong>fuisset,</strong></span> <span class='ocrx_word' id='word_1_110' title='bbox 536 891 651 926; x_wconf 81' lang='lat' dir='ltr'><strong>Aquilini</strong></span> <span class='ocrx_word' id='word_1_111' title='bbox 666 889 769 916; x_wconf 90' lang='lat' dir='ltr'><strong>diaconi</strong></span> <span class='ocrx_word' id='word_1_112' title='bbox 791 889 947 915; x_wconf 77' lang='lat' dir='ltr'><strong>vestimenta</strong></span> <span class='ocrx_word' id='word_1_113' title='bbox 972 885 1013 911; x_wconf 86' lang='lat' dir='ltr'><strong>l&#39;n-</strong></span> 
     </span>
    </p>
   </div>
   <div class='ocr_carea' id='block_1_18' title="bbox 219 931 1014 974">
    <p class='ocr_par' dir='ltr' id='par_1_18' title="bbox 219 931 1014 974">
     <span class='ocr_line' id='line_1_18' title="bbox 219 931 1014 974; baseline -0.015 -6"><span class='ocrx_word' id='word_1_114' title='bbox 219 946 314 968; x_wconf 83' lang='lat' dir='ltr'><strong>ratus:</strong></span> <span class='ocrx_word' id='word_1_115' title='bbox 331 944 353 966; x_wconf 85' lang='lat' dir='ltr'><strong>et</strong></span> <span class='ocrx_word' id='word_1_116' title='bbox 375 939 487 974; x_wconf 78' lang='lat' dir='ltr'><strong>quamvis</strong></span> <span class='ocrx_word' id='word_1_117' title='bbox 511 937 569 964; x_wconf 87' lang='lat' dir='ltr'><strong>talis</strong></span> <span class='ocrx_word' id='word_1_118' title='bbox 593 941 672 967; x_wconf 75' lang='lat' dir='ltr'><strong>esset,</strong></span> <span class='ocrx_word' id='word_1_119' title='bbox 697 934 793 969; x_wconf 90' lang='lat' dir='ltr'><strong>inquit,</strong></span> <span class='ocrx_word' id='word_1_120' title='bbox 809 933 921 960; x_wconf 83' lang='lat' dir='ltr'><strong>Joannes</strong></span> <span class='ocrx_word' id='word_1_121' title='bbox 942 931 1014 957; x_wconf 84' lang='lat' dir='ltr'><strong>illum</strong></span> 
     </span>
    </p>
   </div>
   <div class='ocr_carea' id='block_1_19' title="bbox 219 976 1014 1020">
    <p class='ocr_par' dir='ltr' id='par_1_19' title="bbox 219 976 1014 1020">
     <span class='ocr_line' id='line_1_19' title="bbox 219 976 1014 1020; baseline -0.014 -7"><span class='ocrx_word' id='word_1_122' title='bbox 219 985 315 1019; x_wconf 73' lang='lat' dir='ltr'><strong>Epltcsi</strong></span> <span class='ocrx_word' id='word_1_123' title='bbox 330 981 618 1020; x_wconf 72' lang='lat' dir='ltr'><strong>cpiscopumordinaril.</strong></span> <span class='ocrx_word' id='word_1_124' title='bbox 632 980 779 1007; x_wconf 83' lang='lat' dir='ltr'><strong>Accusabat</strong></span> <span class='ocrx_word' id='word_1_125' title='bbox 794 982 921 1012; x_wconf 70' lang='lat' dir='ltr'><strong>prmtcrea</strong></span> <span class='ocrx_word' id='word_1_126' title='bbox 934 976 1014 1004; x_wconf 85' lang='lat' dir='ltr'><strong>Joan-</strong></span> 
     </span>
    </p>
   </div>
   <div class='ocr_carea' id='block_1_20' title="bbox 219 1022 1013 1064">
    <p class='ocr_par' dir='ltr' id='par_1_20' title="bbox 219 1022 1013 1064">
     <span class='ocr_line' id='line_1_20' title="bbox 219 1022 1013 1064; baseline -0.013 -7"><span class='ocrx_word' id='word_1_127' title='bbox 219 1039 290 1064; x_wconf 88' lang='lat' dir='ltr'><strong>netn,</strong></span> <span class='ocrx_word' id='word_1_128' title='bbox 307 1029 377 1064; x_wconf 87' lang='lat' dir='ltr'><strong>quod</strong></span> <span class='ocrx_word' id='word_1_129' title='bbox 394 1028 474 1055; x_wconf 90' lang='lat' dir='ltr'><strong>multa</strong></span> <span class='ocrx_word' id='word_1_130' title='bbox 490 1027 558 1053; x_wconf 81' lang='lat' dir='ltr'><strong>mala</strong></span> <span class='ocrx_word' id='word_1_131' title='bbox 586 1025 661 1061; x_wconf 73' lang='grc' dir='ltr'><strong>(Ηιῑνε</strong></span> <span class='ocrx_word' id='word_1_132' title='bbox 680 1025 766 1051; x_wconf 77' lang='lat' dir='ltr'><strong>vitiata</strong></span> <span class='ocrx_word' id='word_1_133' title='bbox 780 1024 906 1057; x_wconf 70' lang='lat' dir='ltr'><strong>videntur)</strong></span> <span class='ocrx_word' id='word_1_134' title='bbox 921 1022 1013 1055; x_wconf 76' lang='lat' dir='ltr'><strong>Orige-</strong></span> 
     </span>
    </p>
   </div>
   <div class='ocr_carea' id='block_1_21' title="bbox 219 1067 1014 1108">
    <p class='ocr_par' dir='ltr' id='par_1_21' title="bbox 219 1067 1014 1108">
     <span class='ocr_line' id='line_1_21' title="bbox 219 1067 1014 1108; baseline -0.015 -4"><span class='ocrx_word' id='word_1_135' title='bbox 219 1078 346 1105; x_wconf 85' lang='lat' dir='ltr'><strong>nistarum</strong></span> <span class='ocrx_word' id='word_1_136' title='bbox 361 1082 440 1103; x_wconf 88' lang='lat' dir='ltr'><strong>causa</strong></span> <span class='ocrx_word' id='word_1_137' title='bbox 454 1080 548 1108; x_wconf 88' lang='lat' dir='ltr'><strong>passus</strong></span> <span class='ocrx_word' id='word_1_138' title='bbox 562 1076 643 1104; x_wconf 91' lang='lat' dir='ltr'><strong>esset,</strong></span> <span class='ocrx_word' id='word_1_139' title='bbox 659 1078 706 1105; x_wconf 87' lang='lat' dir='ltr'><strong>per</strong></span> <span class='ocrx_word' id='word_1_140' title='bbox 731 1070 915 1104; x_wconf 85' lang='lat' dir='ltr'><strong>Serapionem,</strong></span> <span class='ocrx_word' id='word_1_141' title='bbox 931 1067 1014 1102; x_wconf 85' lang='lat' dir='ltr'><strong>quod-</strong></span> 
     </span>
    </p>
   </div>
   <div class='ocr_carea' id='block_1_22' title="bbox 217 1115 1013 1158">
    <p class='ocr_par' dir='ltr' id='par_1_22' title="bbox 217 1115 1013 1158">
     <span class='ocr_line' id='line_1_22' title="bbox 217 1115 1013 1158; baseline -0.013 -9"><span class='ocrx_word' id='word_1_142' title='bbox 217 1131 269 1158; x_wconf 89' lang='lat' dir='ltr'><strong>qne</strong></span> <span class='ocrx_word' id='word_1_143' title='bbox 300 1123 372 1149; x_wconf 84' lang='lat' dir='ltr'><strong>illum</strong></span> <span class='ocrx_word' id='word_1_144' title='bbox 406 1121 533 1148; x_wconf 88' lang='lat' dir='ltr'><strong>misisset.</strong></span> <span class='ocrx_word' id='word_1_145' title='bbox 569 1119 670 1146; x_wconf 88' lang='lat' dir='ltr'><strong>Horum</strong></span> <span class='ocrx_word' id='word_1_146' title='bbox 703 1117 840 1151; x_wconf 70' lang='lat' dir='ltr'><strong>prtemisso</strong></span> <span class='ocrx_word' id='word_1_147' title='bbox 870 1115 1013 1147; x_wconf 80' lang='lat' dir='ltr'><strong>examine,</strong></span> 
     </span>
    </p>
   </div>
   <div class='ocr_carea' id='block_1_23' title="bbox 218 1161 1012 1203">
    <p class='ocr_par' dir='ltr' id='par_1_23' title="bbox 218 1161 1012 1203">
     <span class='ocr_line' id='line_1_23' title="bbox 218 1161 1012 1203; baseline -0.013 -8"><span class='ocrx_word' id='word_1_148' title='bbox 218 1168 370 1203; x_wconf 85' lang='lat' dir='ltr'><strong>inquisitum</strong></span> <span class='ocrx_word' id='word_1_149' title='bbox 385 1171 425 1193; x_wconf 86' lang='lat' dir='ltr'><strong>est</strong></span> <span class='ocrx_word' id='word_1_150' title='bbox 437 1165 532 1192; x_wconf 89' lang='lat' dir='ltr'><strong>deinde</strong></span> <span class='ocrx_word' id='word_1_151' title='bbox 548 1165 573 1190; x_wconf 91' lang='lat' dir='ltr'><strong>in</strong></span> <span class='ocrx_word' id='word_1_152' title='bbox 590 1166 669 1197; x_wconf 87' lang='lat' dir='ltr'><strong>caput</strong></span> <span class='ocrx_word' id='word_1_153' title='bbox 681 1169 781 1189; x_wconf 89' lang='lat' dir='ltr'><strong>nonum</strong></span> <span class='ocrx_word' id='word_1_154' title='bbox 795 1161 992 1187; x_wconf 81' lang='lat' dir='ltr'><strong>accusationum</strong></span> <span class='ocrx_word' id='word_1_155' title='bbox 1005 1180 1012 1192; x_wconf 90' lang='lat'><strong>,</strong></span> 
     </span>
    </p>
   </div>
   <div class='ocr_carea' id='block_1_24' title="bbox 219 1204 1014 1247">
    <p class='ocr_par' dir='ltr' id='par_1_24' title="bbox 219 1204 1014 1247">
     <span class='ocr_line' id='line_1_24' title="bbox 219 1204 1014 1247; baseline -0.01 -9"><span class='ocrx_word' id='word_1_156' title='bbox 219 1212 288 1247; x_wconf 88' lang='lat' dir='ltr'><strong>quod</strong></span> <span class='ocrx_word' id='word_1_157' title='bbox 303 1217 358 1238; x_wconf 86' lang='lat' dir='ltr'><strong>tres</strong></span> <span class='ocrx_word' id='word_1_158' title='bbox 371 1211 498 1237; x_wconf 77' lang='lat' dir='ltr'><strong>diaconos</strong></span> <span class='ocrx_word' id='word_1_159' title='bbox 513 1209 545 1236; x_wconf 93' lang='lat' dir='ltr'><strong>de</strong></span> <span class='ocrx_word' id='word_1_160' title='bbox 562 1208 631 1234; x_wconf 79' lang='lat' dir='ltr'><strong>furto</strong></span> <span class='ocrx_word' id='word_1_161' title='bbox 646 1206 790 1233; x_wconf 82' lang='lat' dir='ltr'><strong>Itumeralis</strong></span> <span class='ocrx_word' id='word_1_162' title='bbox 804 1205 844 1232; x_wconf 89' lang='lat' dir='ltr'><strong>sui</strong></span> <span class='ocrx_word' id='word_1_163' title='bbox 864 1204 1014 1232; x_wconf 73' lang='lat' dir='ltr'><strong>accusavis~</strong></span> 
     </span>
    </p>
   </div>
   <div class='ocr_carea' id='block_1_25' title="bbox 219 1251 1015 1291">
    <p class='ocr_par' dir='ltr' id='par_1_25' title="bbox 219 1251 1015 1291">
     <span class='ocr_line' id='line_1_25' title="bbox 219 1251 1015 1291; baseline -0.009 -8"><span class='ocrx_word' id='word_1_164' title='bbox 219 1262 258 1284; x_wconf 76' lang='lat' dir='ltr'><strong>set</strong></span> <span class='ocrx_word' id='word_1_165' title='bbox 270 1265 277 1288; x_wconf 82' lang='lat'><strong>;</strong></span> <span class='ocrx_word' id='word_1_166' title='bbox 293 1261 319 1284; x_wconf 87' lang='lat' dir='ltr'><strong>et</strong></span> <span class='ocrx_word' id='word_1_167' title='bbox 332 1256 487 1291; x_wconf 64' lang='lat' dir='ltr'><strong>vigesimum</strong></span> <span class='ocrx_word' id='word_1_168' title='bbox 501 1254 654 1288; x_wconf 79' lang='lat' dir='ltr'><strong>septimum,</strong></span> <span class='ocrx_word' id='word_1_169' title='bbox 667 1252 736 1287; x_wconf 86' lang='lat' dir='ltr'><strong>quod</strong></span> <span class='ocrx_word' id='word_1_170' title='bbox 750 1251 915 1278; x_wconf 82' lang='lat' dir='ltr'><strong>Memnonem</strong></span> <span class='ocrx_word' id='word_1_171' title='bbox 927 1259 1015 1286; x_wconf 80' lang='lat' dir='ltr'><strong>pugno</strong></span> 
     </span>
    </p>
   </div>
   <div class='ocr_carea' id='block_1_26' title="bbox 220 1302 473 1337">
    <p class='ocr_par' dir='ltr' id='par_1_26' title="bbox 220 1302 473 1337">
     <span class='ocr_line' id='line_1_26' title="bbox 220 1302 473 1337; baseline 0.004 -10"><span class='ocrx_word' id='word_1_172' title='bbox 220 1302 405 1337; x_wconf 70' lang='lat' dir='ltr'><strong>percnssissot,</strong></span> <span class='ocrx_word' id='word_1_173' title='bbox 422 1305 473 1328; x_wconf 89' lang='lat' dir='ltr'><strong>etc.</strong></span> 
     </span>
    </p>
   </div>
   <div class='ocr_carea' id='block_1_27' title="bbox 256 1343 1015 1382">
    <p class='ocr_par' dir='ltr' id='par_1_27' title="bbox 256 1343 1015 1382">
     <span class='ocr_line' id='line_1_27' title="bbox 256 1343 1015 1382; baseline -0.008 -7"><span class='ocrx_word' id='word_1_174' title='bbox 256 1349 321 1375; x_wconf 78' lang='lat' dir='ltr'><strong>Alia:</strong></span> <span class='ocrx_word' id='word_1_175' title='bbox 331 1348 356 1374; x_wconf 85' lang='lat' dir='ltr'><strong>iu</strong></span> <span class='ocrx_word' id='word_1_176' title='bbox 374 1347 577 1382; x_wconf 73' lang='lat' dir='ltr'><strong>Clu-ysostomum</strong></span> <span class='ocrx_word' id='word_1_177' title='bbox 591 1345 787 1371; x_wconf 78' lang='lat' dir='ltr'><strong>criminationes.</strong></span> <span class='ocrx_word' id='word_1_178' title='bbox 801 1358 836 1363; x_wconf 87' lang='lat'><strong>—-</strong></span> <span class='ocrx_word' id='word_1_179' title='bbox 851 1343 945 1370; x_wconf 81' lang='lat' dir='ltr'><strong>Postea</strong></span> <span class='ocrx_word' id='word_1_180' title='bbox 957 1351 1015 1370; x_wconf 88' lang='lat' dir='ltr'><strong>rur-</strong></span> 
     </span>
    </p>
   </div>
   <div class='ocr_carea' id='block_1_28' title="bbox 219 1387 1015 1427">
    <p class='ocr_par' dir='ltr' id='par_1_28' title="bbox 219 1387 1015 1427">
     <span class='ocr_line' id='line_1_28' title="bbox 219 1387 1015 1427; baseline -0.008 -7"><span class='ocrx_word' id='word_1_181' title='bbox 219 1402 277 1420; x_wconf 93' lang='lat' dir='ltr'><strong>stnn</strong></span> <span class='ocrx_word' id='word_1_182' title='bbox 293 1393 406 1421; x_wconf 86' lang='lat' dir='ltr'><strong>Isaacius</strong></span> <span class='ocrx_word' id='word_1_183' title='bbox 419 1393 571 1427; x_wconf 81' lang='lat' dir='ltr'><strong>episcopum</strong></span> <span class='ocrx_word' id='word_1_184' title='bbox 585 1389 742 1417; x_wconf 70' lang='lat' dir='ltr'><strong>Heracliden</strong></span> <span class='ocrx_word' id='word_1_185' title='bbox 758 1388 888 1416; x_wconf 79' lang='lat' dir='ltr'><strong>accusavit</strong></span> <span class='ocrx_word' id='word_1_186' title='bbox 904 1392 933 1415; x_wconf 89' lang='lat' dir='ltr'><strong>ut</strong></span> <span class='ocrx_word' id='word_1_187' title='bbox 953 1387 1015 1414; x_wconf 80' lang='lat' dir='ltr'><strong>Ori-</strong></span> 
     </span>
    </p>
   </div>
   <div class='ocr_carea' id='block_1_29' title="bbox 218 1433 1014 1475">
    <p class='ocr_par' dir='ltr' id='par_1_29' title="bbox 218 1433 1014 1475">
     <span class='ocr_line' id='line_1_29' title="bbox 218 1433 1014 1475; baseline -0.011 -8"><span class='ocrx_word' id='word_1_188' title='bbox 218 1441 365 1475; x_wconf 75' lang='lat' dir='ltr'><strong>gcnistam,</strong></span> <span class='ocrx_word' id='word_1_189' title='bbox 391 1438 434 1474; x_wconf 86' lang='lat' dir='ltr'><strong>qui</strong></span> <span class='ocrx_word' id='word_1_190' title='bbox 461 1445 476 1464; x_wconf 92' lang='lat' dir='ltr'><strong>a</strong></span> <span class='ocrx_word' id='word_1_191' title='bbox 504 1437 671 1464; x_wconf 84' lang='lat' dir='ltr'><strong>sanctissimo</strong></span> <span class='ocrx_word' id='word_1_192' title='bbox 699 1434 848 1469; x_wconf 85' lang='lat' dir='ltr'><strong>Epiphanio</strong></span> <span class='ocrx_word' id='word_1_193' title='bbox 878 1440 963 1468; x_wconf 76' lang='lat' dir='ltr'><strong>neque</strong></span> <span class='ocrx_word' id='word_1_194' title='bbox 989 1433 1014 1459; x_wconf 89' lang='lat' dir='ltr'><strong>in</strong></span> 
     </span>
    </p>
   </div>
   <div class='ocr_carea' id='block_1_30' title="bbox 219 1479 1015 1520">
    <p class='ocr_par' dir='ltr' id='par_1_30' title="bbox 219 1479 1015 1520">
     <span class='ocr_line' id='line_1_30' title="bbox 219 1479 1015 1520; baseline -0.009 -7"><span class='ocrx_word' id='word_1_195' title='bbox 219 1486 388 1520; x_wconf 80' lang='lat' dir='ltr'><strong>precationis,</strong></span> <span class='ocrx_word' id='word_1_196' title='bbox 412 1492 498 1519; x_wconf 86' lang='lat' dir='ltr'><strong>neque</strong></span> <span class='ocrx_word' id='word_1_197' title='bbox 519 1483 551 1510; x_wconf 87' lang='lat' dir='ltr'><strong>ad</strong></span> <span class='ocrx_word' id='word_1_198' title='bbox 578 1489 677 1508; x_wconf 73' lang='lat' dir='ltr'><strong>mensae</strong></span> <span class='ocrx_word' id='word_1_199' title='bbox 700 1481 862 1508; x_wconf 69' lang='lat' dir='ltr'><strong>censui-tium</strong></span> <span class='ocrx_word' id='word_1_200' title='bbox 883 1479 1015 1506; x_wconf 75' lang='lat' dir='ltr'><strong>admissus</strong></span> 
     </span>
    </p>
   </div>
   <div class='ocr_carea' id='block_1_31' title="bbox 220 1524 1014 1559">
    <p class='ocr_par' dir='ltr' id='par_1_31' title="bbox 220 1524 1014 1559">
     <span class='ocr_line' id='line_1_31' title="bbox 220 1524 1014 1559; baseline -0.01 -1"><span class='ocrx_word' id='word_1_201' title='bbox 220 1531 323 1558; x_wconf 84' lang='lat' dir='ltr'><strong>fuisset.</strong></span> <span class='ocrx_word' id='word_1_202' title='bbox 340 1530 452 1558; x_wconf 85' lang='lat' dir='ltr'><strong>Protulit</strong></span> <span class='ocrx_word' id='word_1_203' title='bbox 465 1529 534 1556; x_wconf 90' lang='lat' dir='ltr'><strong>ident</strong></span> <span class='ocrx_word' id='word_1_204' title='bbox 550 1527 664 1555; x_wconf 81' lang='lat' dir='ltr'><strong>Isaacius</strong></span> <span class='ocrx_word' id='word_1_205' title='bbox 676 1526 792 1553; x_wconf 88' lang='lat' dir='ltr'><strong>Iibclltnn</strong></span> <span class='ocrx_word' id='word_1_206' title='bbox 815 1530 907 1552; x_wconf 89' lang='lat' dir='ltr'><strong>eontra</strong></span> <span class='ocrx_word' id='word_1_207' title='bbox 926 1524 1014 1559; x_wconf 84' lang='lat' dir='ltr'><strong>Chry-</strong></span> 
     </span>
    </p>
   </div>
   <div class='ocr_carea' id='block_1_32' title="bbox 219 1574 660 1608">
    <p class='ocr_par' dir='ltr' id='par_1_32' title="bbox 219 1574 660 1608">
     <span class='ocr_line' id='line_1_32' title="bbox 219 1574 660 1608; baseline -0.011 -5"><span class='ocrx_word' id='word_1_208' title='bbox 219 1581 376 1608; x_wconf 86' lang='lat' dir='ltr'><strong>sostotntttn,</strong></span> <span class='ocrx_word' id='word_1_209' title='bbox 390 1575 448 1602; x_wconf 72' lang='lat' dir='ltr'><strong>luce</strong></span> <span class='ocrx_word' id='word_1_210' title='bbox 468 1574 660 1601; x_wconf 71' lang='lat' dir='ltr'><strong>continentem.</strong></span> 
     </span>
    </p>
   </div>
   <div class='ocr_carea' id='block_1_33' title="bbox 255 1615 1014 1652">
    <p class='ocr_par' dir='ltr' id='par_1_33' title="bbox 255 1615 1014 1652">
     <span class='ocr_line' id='line_1_33' title="bbox 255 1615 1014 1652; baseline -0.009 -4"><span class='ocrx_word' id='word_1_211' title='bbox 255 1622 293 1648; x_wconf 79' lang='grc'><strong>1⁸³.</strong></span> <span class='ocrx_word' id='word_1_212' title='bbox 312 1622 347 1648; x_wconf 89' lang='lat' dir='ltr'><strong>De</strong></span> <span class='ocrx_word' id='word_1_213' title='bbox 360 1620 462 1648; x_wconf 82' lang='lat' dir='ltr'><strong>Joanne</strong></span> <span class='ocrx_word' id='word_1_214' title='bbox 477 1618 605 1646; x_wconf 79' lang='lat' dir='ltr'><strong>Monaclto</strong></span> <span class='ocrx_word' id='word_1_215' title='bbox 619 1618 672 1652; x_wconf 84' lang='lat' dir='ltr'><strong>jam</strong></span> <span class='ocrx_word' id='word_1_216' title='bbox 688 1620 846 1648; x_wconf 90' lang='lat' dir='ltr'><strong>memorato,</strong></span> <span class='ocrx_word' id='word_1_217' title='bbox 861 1615 931 1650; x_wconf 88' lang='lat' dir='ltr'><strong>quod</strong></span> <span class='ocrx_word' id='word_1_218' title='bbox 951 1622 1014 1650; x_wconf 88' lang='lat' dir='ltr'><strong>pro-</strong></span> 
     </span>
    </p>
   </div>
   <div class='ocr_carea' id='block_1_34' title="bbox 219 1660 978 1702">
    <p class='ocr_par' dir='ltr' id='par_1_34' title="bbox 219 1660 978 1702">
     <span class='ocr_line' id='line_1_34' title="bbox 219 1660 978 1702; baseline -0.009 -9"><span class='ocrx_word' id='word_1_219' title='bbox 219 1672 279 1702; x_wconf 84' lang='lat' dir='ltr'><strong>pter</strong></span> <span class='ocrx_word' id='word_1_220' title='bbox 291 1666 453 1700; x_wconf 77' lang='lat' dir='ltr'><strong>Origenistas</strong></span> <span class='ocrx_word' id='word_1_221' title='bbox 467 1664 618 1698; x_wconf 70' lang='lat' dir='ltr'><strong>vapulasset</strong></span> <span class='ocrx_word' id='word_1_222' title='bbox 630 1667 656 1689; x_wconf 88' lang='lat' dir='ltr'><strong>et</strong></span> <span class='ocrx_word' id='word_1_223' title='bbox 669 1663 739 1690; x_wconf 82' lang='lat' dir='ltr'><strong>ferro</strong></span> <span class='ocrx_word' id='word_1_224' title='bbox 754 1662 858 1688; x_wconf 88' lang='lat' dir='ltr'><strong>vinctus</strong></span> <span class='ocrx_word' id='word_1_225' title='bbox 877 1660 978 1687; x_wconf 68' lang='lat' dir='ltr'><strong>fuisset.</strong></span> 
     </span>
    </p>
   </div>
   <div class='ocr_carea' id='block_1_35' title="bbox 253 1706 1012 1745">
    <p class='ocr_par' dir='ltr' id='par_1_35' title="bbox 253 1706 1012 1745">
     <span class='ocr_line' id='line_1_35' title="bbox 253 1706 1012 1745; baseline -0.008 -7"><span class='ocrx_word' id='word_1_226' title='bbox 253 1712 292 1739; x_wconf 72' lang='lat'><strong>2°.</strong></span> <span class='ocrx_word' id='word_1_227' title='bbox 306 1711 381 1745; x_wconf 83' lang='lat' dir='ltr'><strong>Quod</strong></span> <span class='ocrx_word' id='word_1_228' title='bbox 395 1712 425 1738; x_wconf 82' lang='lat' dir='ltr'><strong>B.</strong></span> <span class='ocrx_word' id='word_1_229' title='bbox 450 1710 614 1744; x_wconf 81' lang='lat' dir='ltr'><strong>Epiphanius</strong></span> <span class='ocrx_word' id='word_1_230' title='bbox 638 1713 746 1743; x_wconf 88' lang='lat' dir='ltr'><strong>propter</strong></span> <span class='ocrx_word' id='word_1_231' title='bbox 768 1708 817 1734; x_wconf 89' lang='lat' dir='ltr'><strong>hos</strong></span> <span class='ocrx_word' id='word_1_232' title='bbox 830 1706 993 1742; x_wconf 78' lang='lat' dir='ltr'><strong>Origenistas</strong></span> <span class='ocrx_word' id='word_1_233' title='bbox 1005 1728 1012 1738; x_wconf 87' lang='lat'><strong>,</strong></span> 
     </span>
    </p>
   </div>
   <div class='ocr_carea' id='block_1_36' title="bbox 221 1752 1016 1790">
    <p class='ocr_par' dir='ltr' id='par_1_36' title="bbox 221 1752 1016 1790">
     <span class='ocr_line' id='line_1_36' title="bbox 221 1752 1016 1790; baseline -0.005 -7"><span class='ocrx_word' id='word_1_234' title='bbox 221 1757 402 1787; x_wconf 79' lang='lat' dir='ltr'><strong>Amntottiutn,</strong></span> <span class='ocrx_word' id='word_1_235' title='bbox 425 1755 607 1790; x_wconf 86' lang='lat' dir='ltr'><strong>Entltymium,</strong></span> <span class='ocrx_word' id='word_1_236' title='bbox 630 1754 786 1788; x_wconf 75' lang='lat' dir='ltr'><strong>Eusebium,</strong></span> <span class='ocrx_word' id='word_1_237' title='bbox 811 1752 966 1780; x_wconf 86' lang='lat' dir='ltr'><strong>Heracliden</strong></span> <span class='ocrx_word' id='word_1_238' title='bbox 989 1757 1016 1779; x_wconf 86' lang='lat' dir='ltr'><strong>et</strong></span> 
     </span>
    </p>
   </div>
   <div class='ocr_carea' id='block_1_37' title="bbox 221 1799 872 1832">
    <p class='ocr_par' dir='ltr' id='par_1_37' title="bbox 221 1799 872 1832">
     <span class='ocr_line' id='line_1_37' title="bbox 221 1799 872 1832; baseline -0.008 -3"><span class='ocrx_word' id='word_1_239' title='bbox 221 1801 375 1832; x_wconf 78' lang='lat' dir='ltr'><strong>I&#39;alladittm,</strong></span> <span class='ocrx_word' id='word_1_240' title='bbox 391 1808 451 1828; x_wconf 92' lang='lat' dir='ltr'><strong>cum</strong></span> <span class='ocrx_word' id='word_1_241' title='bbox 465 1800 510 1827; x_wconf 92' lang='lat' dir='ltr'><strong>illo</strong></span> <span class='ocrx_word' id='word_1_242' title='bbox 526 1799 652 1826; x_wconf 77' lang='lat' dir='ltr'><strong>noluisset</strong></span> <span class='ocrx_word' id='word_1_243' title='bbox 667 1799 872 1825; x_wconf 89' lang='lat' dir='ltr'><strong>communicare.</strong></span> 
     </span>
    </p>
   </div>
   <div class='ocr_carea' id='block_1_38' title="bbox 255 1843 1012 1880">
    <p class='ocr_par' dir='ltr' id='par_1_38' title="bbox 255 1843 1012 1880">
     <span class='ocr_line' id='line_1_38' title="bbox 255 1843 1012 1880; baseline -0.004 -7"><span class='ocrx_word' id='word_1_244' title='bbox 255 1846 293 1873; x_wconf 80' lang='lat'><strong>5°.</strong></span> <span class='ocrx_word' id='word_1_245' title='bbox 308 1845 385 1880; x_wconf 83' lang='lat' dir='ltr'><strong>Quod</strong></span> <span class='ocrx_word' id='word_1_246' title='bbox 406 1845 626 1880; x_wconf 79' lang='lat' dir='ltr'><strong>hospitalitatem,</strong></span> <span class='ocrx_word' id='word_1_247' title='bbox 642 1843 715 1871; x_wconf 89' lang='lat' dir='ltr'><strong>solus</strong></span> <span class='ocrx_word' id='word_1_248' title='bbox 728 1843 846 1878; x_wconf 68' lang='lat' dir='ltr'><strong>quotidie</strong></span> <span class='ocrx_word' id='word_1_249' title='bbox 859 1843 1012 1876; x_wconf 89' lang='lat' dir='ltr'><strong>contedens,</strong></span> 
     </span>
    </p>
   </div>
   <div class='ocr_carea' id='block_1_39' title="bbox 219 1892 379 1926">
    <p class='ocr_par' dir='ltr' id='par_1_39' title="bbox 219 1892 379 1926">
     <span class='ocr_line' id='line_1_39' title="bbox 219 1892 379 1926; baseline -0.006 -7"><span class='ocrx_word' id='word_1_250' title='bbox 219 1892 379 1926; x_wconf 67' lang='lat' dir='ltr'><strong>despiceret.</strong></span> 
     </span>
    </p>
   </div>
   <div class='ocr_carea' id='block_1_40' title="bbox 254 1934 1014 1972">
    <p class='ocr_par' dir='ltr' id='par_1_40' title="bbox 254 1934 1014 1972">
     <span class='ocr_line' id='line_1_40' title="bbox 254 1934 1014 1972; baseline -0.008 -6"><span class='ocrx_word' id='word_1_251' title='bbox 254 1939 293 1966; x_wconf 59' lang='lat' dir='ltr'><strong>Ii“.</strong></span> <span class='ocrx_word' id='word_1_252' title='bbox 309 1938 385 1972; x_wconf 88' lang='lat' dir='ltr'><strong>Quod</strong></span> <span class='ocrx_word' id='word_1_253' title='bbox 401 1937 426 1965; x_wconf 93' lang='lat' dir='ltr'><strong>in</strong></span> <span class='ocrx_word' id='word_1_254' title='bbox 439 1937 550 1965; x_wconf 84' lang='lat' dir='ltr'><strong>ecclesia</strong></span> <span class='ocrx_word' id='word_1_255' title='bbox 563 1936 673 1964; x_wconf 80' lang='lat' dir='ltr'><strong>dixisset</strong></span> <span class='ocrx_word' id='word_1_256' title='bbox 685 1935 799 1962; x_wconf 83' lang='lat' dir='ltr'><strong>Mensam</strong></span> <span class='ocrx_word' id='word_1_257' title='bbox 814 1941 874 1962; x_wconf 89' lang='lat' dir='ltr'><strong>esse</strong></span> <span class='ocrx_word' id='word_1_258' title='bbox 888 1934 1014 1961; x_wconf 82' lang='lat' dir='ltr'><strong>furiarum</strong></span> 
     </span>
    </p>
   </div>
   <div class='ocr_carea' id='block_1_41' title="bbox 220 1986 334 2019">
    <p class='ocr_par' dir='ltr' id='par_1_41' title="bbox 220 1986 334 2019">
     <span class='ocr_line' id='line_1_41' title="bbox 220 1986 334 2019; baseline 0 -9"><span class='ocrx_word' id='word_1_259' title='bbox 220 1986 334 2019; x_wconf 71' lang='lat' dir='ltr'><strong>plenam.</strong></span> 
     </span>
    </p>
   </div>
   <div class='ocr_carea' id='block_1_42' title="bbox 254 2026 1016 2062">
    <p class='ocr_par' dir='ltr' id='par_1_42' title="bbox 254 2026 1016 2062">
     <span class='ocr_line' id='line_1_42' title="bbox 254 2026 1016 2062; baseline -0.008 -5"><span class='ocrx_word' id='word_1_260' title='bbox 254 2031 292 2057; x_wconf 77' lang='lat'><strong>5&quot;.</strong></span> <span class='ocrx_word' id='word_1_261' title='bbox 307 2028 384 2062; x_wconf 84' lang='lat' dir='ltr'><strong>Quod</strong></span> <span class='ocrx_word' id='word_1_262' title='bbox 406 2028 432 2055; x_wconf 94' lang='lat' dir='ltr'><strong>in</strong></span> <span class='ocrx_word' id='word_1_263' title='bbox 453 2028 565 2055; x_wconf 87' lang='lat' dir='ltr'><strong>ecclesia</strong></span> <span class='ocrx_word' id='word_1_264' title='bbox 585 2026 723 2062; x_wconf 76' lang='lat' dir='ltr'><strong>gloriando</strong></span> <span class='ocrx_word' id='word_1_265' title='bbox 742 2026 853 2054; x_wconf 79' lang='lat' dir='ltr'><strong>dixisset</strong></span> <span class='ocrx_word' id='word_1_266' title='bbox 868 2034 926 2052; x_wconf 84' lang='lat' dir='ltr'><strong>amo</strong></span> <span class='ocrx_word' id='word_1_267' title='bbox 939 2030 963 2052; x_wconf 84' lang='lat' dir='ltr'><strong>et</strong></span> <span class='ocrx_word' id='word_1_268' title='bbox 977 2026 1016 2052; x_wconf 86' lang='lat' dir='ltr'><strong>in-</strong></span> 
     </span>
    </p>
   </div>
   <div class='ocr_carea' id='block_1_43' title="bbox 217 2076 299 2102">
    <p class='ocr_par' dir='ltr' id='par_1_43' title="bbox 217 2076 299 2102">
     <span class='ocr_line' id='line_1_43' title="bbox 217 2076 299 2102; baseline 0 0"><span class='ocrx_word' id='word_1_269' title='bbox 217 2076 299 2102; x_wconf 72' lang='lat' dir='ltr'><strong>sanie.</strong></span> 
     </span>
    </p>
   </div>
   <div class='ocr_carea' id='block_1_44' title="bbox 255 2118 1015 2152">
    <p class='ocr_par' dir='ltr' id='par_1_44' title="bbox 255 2118 1015 2152">
     <span class='ocr_line' id='line_1_44' title="bbox 255 2118 1015 2152; baseline -0.004 -4"><span class='ocrx_word' id='word_1_270' title='bbox 255 2121 303 2148; x_wconf 87' lang='lat' dir='ltr'><strong>IIic</strong></span> <span class='ocrx_word' id='word_1_271' title='bbox 316 2124 408 2147; x_wconf 89' lang='lat' dir='ltr'><strong>notare</strong></span> <span class='ocrx_word' id='word_1_272' title='bbox 421 2119 524 2147; x_wconf 86' lang='lat' dir='ltr'><strong>videtur</strong></span> <span class='ocrx_word' id='word_1_273' title='bbox 543 2119 646 2146; x_wconf 90' lang='lat' dir='ltr'><strong>initium</strong></span> <span class='ocrx_word' id='word_1_274' title='bbox 663 2119 777 2146; x_wconf 73' lang='lat' dir='ltr'><strong>homilia:</strong></span> <span class='ocrx_word' id='word_1_275' title='bbox 791 2119 859 2145; x_wconf 82' lang='lat' dir='ltr'><strong>illius</strong></span> <span class='ocrx_word' id='word_1_276' title='bbox 874 2118 1015 2152; x_wconf 83' lang='lat' dir='ltr'><strong>singularis</strong></span> 
     </span>
    </p>
   </div>
   <div class='ocr_carea' id='block_1_45' title="bbox 219 2164 1015 2200">
    <p class='ocr_par' dir='ltr' id='par_1_45' title="bbox 219 2164 1015 2200">
     <span class='ocr_line' id='line_1_45' title="bbox 219 2164 1015 2200; baseline -0.004 -6"><span class='ocrx_word' id='word_1_277' title='bbox 219 2173 296 2194; x_wconf 82' lang='lat' dir='ltr'><strong>antea</strong></span> <span class='ocrx_word' id='word_1_278' title='bbox 312 2167 428 2196; x_wconf 76' lang='lat' dir='ltr'><strong>incdittn,</strong></span> <span class='ocrx_word' id='word_1_279' title='bbox 454 2174 532 2200; x_wconf 89' lang='lat' dir='ltr'><strong>quam</strong></span> <span class='ocrx_word' id='word_1_280' title='bbox 549 2166 650 2197; x_wconf 88' lang='lat' dir='ltr'><strong>habuit,</strong></span> <span class='ocrx_word' id='word_1_281' title='bbox 667 2170 805 2200; x_wconf 51' lang='lat' dir='ltr'><strong>postquam</strong></span> <span class='ocrx_word' id='word_1_282' title='bbox 831 2164 948 2191; x_wconf 64' lang='lat' dir='ltr'><strong>liudoxia</strong></span> <span class='ocrx_word' id='word_1_283' title='bbox 965 2165 1015 2191; x_wconf 92' lang='lat' dir='ltr'><strong>Itn-</strong></span> 
     </span>
    </p>
   </div>
   <div class='ocr_carea' id='block_1_46' title="bbox 221 2209 1015 2246">
    <p class='ocr_par' dir='ltr' id='par_1_46' title="bbox 221 2209 1015 2246">
     <span class='ocr_line' id='line_1_46' title="bbox 221 2209 1015 2246; baseline -0.003 -8"><span class='ocrx_word' id='word_1_284' title='bbox 221 2211 353 2246; x_wconf 71' lang='lat' dir='ltr'><strong>peratt&#39;ice</strong></span> <span class='ocrx_word' id='word_1_285' title='bbox 363 2210 509 2238; x_wconf 86' lang='lat' dir='ltr'><strong>comitante</strong></span> <span class='ocrx_word' id='word_1_286' title='bbox 524 2215 550 2237; x_wconf 88' lang='lat' dir='ltr'><strong>et</strong></span> <span class='ocrx_word' id='word_1_287' title='bbox 571 2210 681 2244; x_wconf 83' lang='lat' dir='ltr'><strong>pedibus</strong></span> <span class='ocrx_word' id='word_1_288' title='bbox 703 2211 753 2237; x_wconf 90' lang='lat' dir='ltr'><strong>iter</strong></span> <span class='ocrx_word' id='word_1_289' title='bbox 773 2214 868 2244; x_wconf 83' lang='lat' dir='ltr'><strong>agente</strong></span> <span class='ocrx_word' id='word_1_290' title='bbox 882 2209 1015 2243; x_wconf 78' lang='lat' dir='ltr'><strong>Reliquias</strong></span> 
     </span>
    </p>
   </div>
   <div class='ocr_carea' id='block_1_47' title="bbox 222 2255 1014 2292">
    <p class='ocr_par' dir='ltr' id='par_1_47' title="bbox 222 2255 1014 2292">
     <span class='ocr_line' id='line_1_47' title="bbox 222 2255 1014 2292; baseline -0.001 -9"><span class='ocrx_word' id='word_1_291' title='bbox 222 2261 367 2292; x_wconf 77' lang='lat' dir='ltr'><strong>martyrum</strong></span> <span class='ocrx_word' id='word_1_292' title='bbox 383 2256 554 2283; x_wconf 83' lang='lat' dir='ltr'><strong>transtulerat</strong></span> <span class='ocrx_word' id='word_1_293' title='bbox 575 2255 601 2282; x_wconf 91' lang='lat' dir='ltr'><strong>in</strong></span> <span class='ocrx_word' id='word_1_294' title='bbox 621 2255 762 2282; x_wconf 86' lang='lat' dir='ltr'><strong>ecclesiam</strong></span> <span class='ocrx_word' id='word_1_295' title='bbox 785 2263 879 2282; x_wconf 84' lang='lat' dir='ltr'><strong>novem</strong></span> <span class='ocrx_word' id='word_1_296' title='bbox 895 2255 1014 2282; x_wconf 87' lang='lat' dir='ltr'><strong>milliari-</strong></span> 
     </span>
    </p>
   </div>
   <div class='ocr_carea' id='block_1_48' title="bbox 221 2300 1014 2336">
    <p class='ocr_par' dir='ltr' id='par_1_48' title="bbox 221 2300 1014 2336">
     <span class='ocr_line' id='line_1_48' title="bbox 221 2300 1014 2336; baseline -0.004 -6"><span class='ocrx_word' id='word_1_297' title='bbox 221 2303 268 2330; x_wconf 77' lang='lat' dir='ltr'><strong>lins</strong></span> <span class='ocrx_word' id='word_1_298' title='bbox 288 2302 517 2336; x_wconf 86' lang='lat' dir='ltr'><strong>Constantinopoli</strong></span> <span class='ocrx_word' id='word_1_299' title='bbox 532 2301 685 2328; x_wconf 89' lang='lat' dir='ltr'><strong>distantem.</strong></span> <span class='ocrx_word' id='word_1_300' title='bbox 706 2301 750 2328; x_wconf 88' lang='lat' dir='ltr'><strong>Sic</strong></span> <span class='ocrx_word' id='word_1_301' title='bbox 771 2301 842 2328; x_wconf 91' lang='lat' dir='ltr'><strong>enitn</strong></span> <span class='ocrx_word' id='word_1_302' title='bbox 857 2301 882 2326; x_wconf 92' lang='lat' dir='ltr'><strong>in</strong></span> <span class='ocrx_word' id='word_1_303' title='bbox 903 2300 1014 2327; x_wconf 87' lang='lat' dir='ltr'><strong>ecclesia</strong></span> 
     </span>
    </p>
   </div>
   <div class='ocr_carea' id='block_1_49' title="bbox 219 2345 1016 2382">
    <p class='ocr_par' dir='ltr' id='par_1_49' title="bbox 219 2345 1016 2382">
     <span class='ocr_line' id='line_1_49' title="bbox 219 2345 1016 2382; baseline -0.004 -8"><span class='ocrx_word' id='word_1_304' title='bbox 219 2348 261 2374; x_wconf 69' lang='lat' dir='ltr'><strong>illa</strong></span> <span class='ocrx_word' id='word_1_305' title='bbox 286 2347 422 2374; x_wconf 87' lang='lat' dir='ltr'><strong>Itontiliam</strong></span> <span class='ocrx_word' id='word_1_306' title='bbox 445 2347 545 2382; x_wconf 83' lang='lat' dir='ltr'><strong>incipit,</strong></span> <span class='ocrx_word' id='word_1_307' title='bbox 572 2346 638 2379; x_wconf 81' lang='lat' dir='ltr'><strong>Quid</strong></span> <span class='ocrx_word' id='word_1_308' title='bbox 665 2346 757 2377; x_wconf 77' lang='lat' dir='ltr'><strong>dicam,</strong></span> <span class='ocrx_word' id='word_1_309' title='bbox 780 2351 803 2372; x_wconf 87' lang='lat' dir='ltr'><strong>et</strong></span> <span class='ocrx_word' id='word_1_310' title='bbox 825 2353 883 2380; x_wconf 77' lang='lat' dir='ltr'><strong>quia</strong></span> <span class='ocrx_word' id='word_1_311' title='bbox 905 2345 1016 2379; x_wconf 69' lang='lat' dir='ltr'><strong>loquar?</strong></span> 
     </span>
    </p>
   </div>
   <div class='ocr_carea' id='block_1_50' title="bbox 221 2389 1013 2425">
    <p class='ocr_par' dir='ltr' id='par_1_50' title="bbox 221 2389 1013 2425">
     <span class='ocr_line' id='line_1_50' title="bbox 221 2389 1013 2425; baseline -0.001 -7"><span class='ocrx_word' id='word_1_312' title='bbox 221 2392 330 2419; x_wconf 67' lang='lat' dir='ltr'><strong>Exsulta</strong></span> <span class='ocrx_word' id='word_1_313' title='bbox 365 2395 389 2418; x_wconf 82' lang='lat' dir='ltr'><strong>et</strong></span> <span class='ocrx_word' id='word_1_314' title='bbox 417 2391 530 2418; x_wconf 79' lang='lat' dir='ltr'><strong>insanio.</strong></span> <span class='ocrx_word' id='word_1_315' title='bbox 548 2391 586 2425; x_wconf 88' lang='lat' dir='ltr'><strong>(Id</strong></span> <span class='ocrx_word' id='word_1_316' title='bbox 601 2393 760 2425; x_wconf 85' lang='lat' dir='ltr'><strong>sequentem</strong></span> <span class='ocrx_word' id='word_1_317' title='bbox 775 2389 854 2416; x_wconf 91' lang='lat' dir='ltr'><strong>etiam</strong></span> <span class='ocrx_word' id='word_1_318' title='bbox 874 2391 1013 2418; x_wconf 85' lang='lat' dir='ltr'><strong>art&#39;culum</strong></span> 
     </span>
    </p>
   </div>
   <div class='ocr_carea' id='block_1_51' title="bbox 219 2437 349 2472">
    <p class='ocr_par' dir='ltr' id='par_1_51' title="bbox 219 2437 349 2472">
     <span class='ocr_line' id='line_1_51' title="bbox 219 2437 349 2472; baseline 0 -9"><span class='ocrx_word' id='word_1_319' title='bbox 219 2437 349 2472; x_wconf 59' lang='lat' dir='ltr'><strong>respicit.)</strong></span> 
     </span>
    </p>
   </div>
   <div class='ocr_carea' id='block_1_52' title="bbox 254 2482 1015 2518">
    <p class='ocr_par' dir='ltr' id='par_1_52' title="bbox 254 2482 1015 2518">
     <span class='ocr_line' id='line_1_52' title="bbox 254 2482 1015 2518; baseline 0.003 -10"><span class='ocrx_word' id='word_1_320' title='bbox 254 2482 292 2508; x_wconf 87' lang='lat'><strong>6°.</strong></span> <span class='ocrx_word' id='word_1_321' title='bbox 307 2482 381 2514; x_wconf 80' lang='lat' dir='ltr'><strong>Quod</strong></span> <span class='ocrx_word' id='word_1_322' title='bbox 395 2483 529 2516; x_wconf 85' lang='lat' dir='ltr'><strong>explicare</strong></span> <span class='ocrx_word' id='word_1_323' title='bbox 549 2483 654 2514; x_wconf 87' lang='lat' dir='ltr'><strong>debeat,</strong></span> <span class='ocrx_word' id='word_1_324' title='bbox 676 2490 735 2518; x_wconf 75' lang='lat' dir='ltr'><strong>qum</strong></span> <span class='ocrx_word' id='word_1_325' title='bbox 756 2482 810 2510; x_wconf 87' lang='lat' dir='ltr'><strong>sint</strong></span> <span class='ocrx_word' id='word_1_326' title='bbox 826 2483 876 2509; x_wconf 56' lang='lat' dir='ltr'><strong>illtc</strong></span> <span class='ocrx_word' id='word_1_327' title='bbox 893 2482 975 2514; x_wconf 72' lang='lat' dir='ltr'><strong>l&#39;ttt&#39;i:t-,</strong></span> <span class='ocrx_word' id='word_1_328' title='bbox 988 2487 1015 2510; x_wconf 88' lang='lat' dir='ltr'><strong>et</strong></span> 
     </span>
    </p>
   </div>
   <div class='ocr_carea' id='block_1_53' title="bbox 219 2527 1013 2561">
    <p class='ocr_par' dir='ltr' id='par_1_53' title="bbox 219 2527 1013 2561">
     <span class='ocr_line' id='line_1_53' title="bbox 219 2527 1013 2561; baseline 0 -7"><span class='ocrx_word' id='word_1_329' title='bbox 219 2527 282 2561; x_wconf 90' lang='lat' dir='ltr'><strong>quid</strong></span> <span class='ocrx_word' id='word_1_330' title='bbox 309 2527 358 2554; x_wconf 86' lang='lat' dir='ltr'><strong>sibi</strong></span> <span class='ocrx_word' id='word_1_331' title='bbox 381 2527 444 2554; x_wconf 87' lang='lat' dir='ltr'><strong>velit</strong></span> <span class='ocrx_word' id='word_1_332' title='bbox 468 2528 541 2560; x_wconf 89' lang='lat' dir='ltr'><strong>illud,</strong></span> <span class='ocrx_word' id='word_1_333' title='bbox 567 2528 674 2555; x_wconf 69' lang='lat' dir='ltr'><strong>Exsulta</strong></span> <span class='ocrx_word' id='word_1_334' title='bbox 695 2533 718 2555; x_wconf 81' lang='lat' dir='ltr'><strong>ct</strong></span> <span class='ocrx_word' id='word_1_335' title='bbox 742 2529 842 2555; x_wconf 82' lang='lat' dir='ltr'><strong>insanio</strong></span> <span class='ocrx_word' id='word_1_336' title='bbox 859 2529 928 2556; x_wconf 84' lang='lat' dir='ltr'><strong>:Itas</strong></span> <span class='ocrx_word' id='word_1_337' title='bbox 943 2529 1013 2556; x_wconf 89' lang='lat' dir='ltr'><strong>enim</strong></span> 
     </span>
    </p>
   </div>
   <div class='ocr_carea' id='block_1_54' title="bbox 221 2572 558 2608">
    <p class='ocr_par' dir='ltr' id='par_1_54' title="bbox 221 2572 558 2608">
     <span class='ocr_line' id='line_1_54' title="bbox 221 2572 558 2608; baseline 0 -8"><span class='ocrx_word' id='word_1_338' title='bbox 221 2572 338 2600; x_wconf 69' lang='lat' dir='ltr'><strong>Iicclesia</strong></span> <span class='ocrx_word' id='word_1_339' title='bbox 353 2580 431 2599; x_wconf 89' lang='lat' dir='ltr'><strong>voces</strong></span> <span class='ocrx_word' id='word_1_340' title='bbox 447 2573 558 2608; x_wconf 78' lang='lat' dir='ltr'><strong>ignorat.</strong></span> 
     </span>
    </p>
   </div>
   <div class='ocr_carea' id='block_1_55' title="bbox 253 2618 1012 2654">
    <p class='ocr_par' dir='ltr' id='par_1_55' title="bbox 253 2618 1012 2654">
     <span class='ocr_line' id='line_1_55' title="bbox 253 2618 1012 2654; baseline 0.003 -10"><span class='ocrx_word' id='word_1_341' title='bbox 253 2618 293 2645; x_wconf 78' lang='grc'><strong>⁸1⁸.</strong></span> <span class='ocrx_word' id='word_1_342' title='bbox 313 2618 389 2652; x_wconf 87' lang='lat' dir='ltr'><strong>Quod</strong></span> <span class='ocrx_word' id='word_1_343' title='bbox 406 2618 537 2646; x_wconf 83' lang='lat' dir='ltr'><strong>licentiam</strong></span> <span class='ocrx_word' id='word_1_344' title='bbox 554 2620 736 2653; x_wconf 87' lang='lat' dir='ltr'><strong>peccatoribus</strong></span> <span class='ocrx_word' id='word_1_345' title='bbox 750 2620 883 2654; x_wconf 72' lang='lat' dir='ltr'><strong>pra-heret</strong></span> <span class='ocrx_word' id='word_1_346' title='bbox 903 2619 1012 2646; x_wconf 84' lang='lat' dir='ltr'><strong>dicens:</strong></span> 
     </span>
    </p>
   </div>
   <div class='ocr_carea' id='block_1_56' title="bbox 225 2663 1015 2701">
    <p class='ocr_par' dir='ltr' id='par_1_56' title="bbox 225 2663 1015 2701">
     <span class='ocr_line' id='line_1_56' title="bbox 225 2663 1015 2701; baseline 0.004 -12"><span class='ocrx_word' id='word_1_347' title='bbox 225 2663 252 2690; x_wconf 75' lang='lat' dir='ltr'><strong>Si</strong></span> <span class='ocrx_word' id='word_1_348' title='bbox 265 2664 353 2690; x_wconf 81' lang='lat' dir='ltr'><strong>iterum</strong></span> <span class='ocrx_word' id='word_1_349' title='bbox 370 2665 488 2698; x_wconf 68' lang='lat' dir='ltr'><strong>peccasti,</strong></span> <span class='ocrx_word' id='word_1_350' title='bbox 504 2665 593 2691; x_wconf 84' lang='lat' dir='ltr'><strong>iterum</strong></span> <span class='ocrx_word' id='word_1_351' title='bbox 612 2666 782 2701; x_wconf 69' lang='lat' dir='ltr'><strong>paenitentiam</strong></span> <span class='ocrx_word' id='word_1_352' title='bbox 795 2675 851 2699; x_wconf 77' lang='lat' dir='ltr'><strong>age,</strong></span> <span class='ocrx_word' id='word_1_353' title='bbox 877 2671 898 2692; x_wconf 84' lang='lat' dir='ltr'><strong>et</strong></span> <span class='ocrx_word' id='word_1_354' title='bbox 920 2666 1015 2699; x_wconf 72' lang='lat' dir='ltr'><strong>I/ttotiu</strong></span> 
     </span>
    </p>
   </div>
   <div class='ocr_carea' id='block_1_57' title="bbox 220 2711 820 2747">
    <p class='ocr_par' dir='ltr' id='par_1_57' title="bbox 220 2711 820 2747">
     <span class='ocr_line' id='line_1_57' title="bbox 220 2711 820 2747; baseline 0.003 -11"><span class='ocrx_word' id='word_1_355' title='bbox 220 2711 369 2744; x_wconf 63' lang='lat' dir='ltr'><strong>peccat-eris,</strong></span> <span class='ocrx_word' id='word_1_356' title='bbox 386 2711 441 2738; x_wconf 73' lang='lat' dir='ltr'><strong>veni</strong></span> <span class='ocrx_word' id='word_1_357' title='bbox 455 2711 489 2737; x_wconf 83' lang='lat' dir='ltr'><strong>ad</strong></span> <span class='ocrx_word' id='word_1_358' title='bbox 502 2719 541 2737; x_wconf 86' lang='lat' dir='ltr'><strong>me</strong></span> <span class='ocrx_word' id='word_1_359' title='bbox 554 2720 563 2738; x_wconf 92' lang='lat'><strong><em>:</em></strong></span> <span class='ocrx_word' id='word_1_360' title='bbox 575 2717 598 2739; x_wconf 83' lang='lat' dir='ltr'><strong>et</strong></span> <span class='ocrx_word' id='word_1_361' title='bbox 614 2721 660 2747; x_wconf 69' lang='lat' dir='ltr'><strong>ego</strong></span> <span class='ocrx_word' id='word_1_362' title='bbox 679 2718 703 2739; x_wconf 84' lang='lat' dir='ltr'><strong>te</strong></span> <span class='ocrx_word' id='word_1_363' title='bbox 716 2713 820 2739; x_wconf 81' lang='lat' dir='ltr'><strong>sanabo.</strong></span> 
     </span>
    </p>
   </div>
   <div class='ocr_carea' id='block_1_58' title="bbox 257 2757 1015 2793">
    <p class='ocr_par' dir='ltr' id='par_1_58' title="bbox 257 2757 1015 2793">
     <span class='ocr_line' id='line_1_58' title="bbox 257 2757 1015 2793; baseline 0.001 -8"><span class='ocrx_word' id='word_1_364' title='bbox 257 2757 295 2784; x_wconf 77' lang='grc' dir='ltr'><strong>ε’.</strong></span> <span class='ocrx_word' id='word_1_365' title='bbox 312 2757 388 2791; x_wconf 85' lang='lat' dir='ltr'><strong>Quod</strong></span> <span class='ocrx_word' id='word_1_366' title='bbox 410 2758 437 2785; x_wconf 89' lang='lat' dir='ltr'><strong>in</strong></span> <span class='ocrx_word' id='word_1_367' title='bbox 457 2758 572 2785; x_wconf 85' lang='lat' dir='ltr'><strong>ecclesia</strong></span> <span class='ocrx_word' id='word_1_368' title='bbox 594 2758 806 2793; x_wconf 85' lang='lat' dir='ltr'><strong>blasphemassct</strong></span> <span class='ocrx_word' id='word_1_369' title='bbox 826 2758 928 2791; x_wconf 88' lang='lat' dir='ltr'><strong>dicens,</strong></span> <span class='ocrx_word' id='word_1_370' title='bbox 940 2758 1015 2786; x_wconf 86' lang='lat' dir='ltr'><strong>Citri-</strong></span> 
     </span>
    </p>
   </div>
   <div class='ocr_carea' id='block_1_59' title="bbox 220 2803 1014 2839">
    <p class='ocr_par' dir='ltr' id='par_1_59' title="bbox 220 2803 1014 2839">
     <span class='ocr_line' id='line_1_59' title="bbox 220 2803 1014 2839; baseline 0.006 -13"><span class='ocrx_word' id='word_1_371' title='bbox 220 2807 289 2828; x_wconf 85' lang='lat' dir='ltr'><strong>stum</strong></span> <span class='ocrx_word' id='word_1_372' title='bbox 307 2807 459 2836; x_wconf 86' lang='lat' dir='ltr'><strong>precantem</strong></span> <span class='ocrx_word' id='word_1_373' title='bbox 472 2803 531 2831; x_wconf 87' lang='lat' dir='ltr'><strong>ideo</strong></span> <span class='ocrx_word' id='word_1_374' title='bbox 542 2811 594 2830; x_wconf 91' lang='lat' dir='ltr'><strong>non</strong></span> <span class='ocrx_word' id='word_1_375' title='bbox 610 2804 762 2832; x_wconf 85' lang='lat' dir='ltr'><strong>exauditnm</strong></span> <span class='ocrx_word' id='word_1_376' title='bbox 775 2803 866 2837; x_wconf 83' lang='lat' dir='ltr'><strong>fuisse,</strong></span> <span class='ocrx_word' id='word_1_377' title='bbox 881 2803 950 2839; x_wconf 90' lang='lat' dir='ltr'><strong>quod</strong></span> <span class='ocrx_word' id='word_1_378' title='bbox 962 2812 1014 2831; x_wconf 91' lang='lat' dir='ltr'><strong>non</strong></span> 
     </span>
    </p>
   </div>
   <div class='ocr_carea' id='block_1_60' title="bbox 223 2849 625 2883">
    <p class='ocr_par' dir='ltr' id='par_1_60' title="bbox 223 2849 625 2883">
     <span class='ocr_line' id='line_1_60' title="bbox 223 2849 625 2883; baseline 0.012 -11"><span class='ocrx_word' id='word_1_379' title='bbox 223 2853 249 2872; x_wconf 85' lang='lat' dir='ltr'><strong>ut</strong></span> <span class='ocrx_word' id='word_1_380' title='bbox 262 2849 399 2881; x_wconf 79' lang='lat' dir='ltr'><strong>oportebat</strong></span> <span class='ocrx_word' id='word_1_381' title='bbox 414 2853 536 2883; x_wconf 78' lang='lat' dir='ltr'><strong>precatus</strong></span> <span class='ocrx_word' id='word_1_382' title='bbox 547 2854 625 2877; x_wconf 80' lang='lat' dir='ltr'><strong>esset.</strong></span> 
     </span>
    </p>
   </div>
   <div class='ocr_carea' id='block_1_61' title="bbox 751 140 1308 174">
    <p class='ocr_par' dir='ltr' id='par_1_61' title="bbox 751 140 1308 174">
     <span class='ocr_line' id='line_1_61' title="bbox 751 140 1308 174; baseline -0.002 -3"><span class='ocrx_word' id='word_1_383' title='bbox 751 143 779 171; x_wconf 87' lang='lat' dir='ltr'><strong>S.</strong></span> <span class='ocrx_word' id='word_1_384' title='bbox 800 141 940 170; x_wconf 79' lang='lat' dir='ltr'><strong>JOANNIS</strong></span> <span class='ocrx_word' id='word_1_385' title='bbox 959 140 1197 170; x_wconf 70' lang='lat' dir='ltr'><strong>CIIIIYSOSTOMI</strong></span> <span class='ocrx_word' id='word_1_386' title='bbox 1221 142 1308 174; x_wconf 80' lang='lat' dir='ltr'><strong>VITA.</strong></span> 
     </span>
    </p>
   </div>
   <div class='ocr_carea' id='block_1_62' title="bbox 1809 144 1859 173">
    <p class='ocr_par' dir='ltr' id='par_1_62' title="bbox 1809 144 1859 173">
     <span class='ocr_line' id='line_1_62' title="bbox 1809 144 1859 173; baseline 0 0"><span class='ocrx_word' id='word_1_387' title='bbox 1809 144 1859 173; x_wconf 77' lang='lat'><strong>200</strong></span> 
     </span>
    </p>
   </div>
   <div class='ocr_carea' id='block_1_63' title="bbox 1101 197 1860 237">
    <p class='ocr_par' dir='ltr' id='par_1_63' title="bbox 1101 197 1860 237">
     <span class='ocr_line' id='line_1_63' title="bbox 1101 197 1860 237; baseline 0.005 -12"><span class='ocrx_word' id='word_1_388' title='bbox 1101 197 1140 226; x_wconf 83' lang='lat'><strong>9°.</strong></span> <span class='ocrx_word' id='word_1_389' title='bbox 1163 200 1238 234; x_wconf 90' lang='lat' dir='ltr'><strong>Quod</strong></span> <span class='ocrx_word' id='word_1_390' title='bbox 1254 199 1286 227; x_wconf 88' lang='lat' dir='ltr'><strong>ad</strong></span> <span class='ocrx_word' id='word_1_391' title='bbox 1301 200 1459 229; x_wconf 81' lang='lat' dir='ltr'><strong>seditionem</strong></span> <span class='ocrx_word' id='word_1_392' title='bbox 1481 202 1606 237; x_wconf 85' lang='lat' dir='ltr'><strong>populum</strong></span> <span class='ocrx_word' id='word_1_393' title='bbox 1629 202 1768 236; x_wconf 77' lang='lat' dir='ltr'><strong>excitaret,</strong></span> <span class='ocrx_word' id='word_1_394' title='bbox 1783 207 1860 231; x_wconf 73' lang='lat' dir='ltr'><strong>attain</strong></span> 
     </span>
    </p>
   </div>
   <div class='ocr_carea' id='block_1_64' title="bbox 1064 246 1357 282">
    <p class='ocr_par' dir='ltr' id='par_1_64' title="bbox 1064 246 1357 282">
     <span class='ocr_line' id='line_1_64' title="bbox 1064 246 1357 282; baseline 0.007 -10"><span class='ocrx_word' id='word_1_395' title='bbox 1064 246 1191 274; x_wconf 77' lang='lat' dir='ltr'><strong>adversus</strong></span> <span class='ocrx_word' id='word_1_396' title='bbox 1208 247 1357 282; x_wconf 79' lang='lat' dir='ltr'><strong>Synodum.</strong></span> 
     </span>
    </p>
   </div>
   <div class='ocr_carea' id='block_1_65' title="bbox 1101 292 1861 328">
    <p class='ocr_par' dir='ltr' id='par_1_65' title="bbox 1101 292 1861 328">
     <span class='ocr_line' id='line_1_65' title="bbox 1101 292 1861 328; baseline 0.001 -9"><span class='ocrx_word' id='word_1_397' title='bbox 1101 292 1156 320; x_wconf 69' lang='lat'><strong>10°.</strong></span> <span class='ocrx_word' id='word_1_398' title='bbox 1173 292 1248 326; x_wconf 89' lang='lat' dir='ltr'><strong>Quod</strong></span> <span class='ocrx_word' id='word_1_399' title='bbox 1274 293 1404 328; x_wconf 80' lang='lat' dir='ltr'><strong>gentiles,</strong></span> <span class='ocrx_word' id='word_1_400' title='bbox 1429 294 1472 328; x_wconf 91' lang='lat' dir='ltr'><strong>qui</strong></span> <span class='ocrx_word' id='word_1_401' title='bbox 1499 294 1581 320; x_wconf 88' lang='lat' dir='ltr'><strong>multa</strong></span> <span class='ocrx_word' id='word_1_402' title='bbox 1607 294 1675 320; x_wconf 89' lang='lat' dir='ltr'><strong>mala</strong></span> <span class='ocrx_word' id='word_1_403' title='bbox 1704 293 1861 321; x_wconf 78' lang='lat' dir='ltr'><strong>Christianis</strong></span> 
     </span>
    </p>
   </div>
   <div class='ocr_carea' id='block_1_66' title="bbox 1066 337 1863 374">
    <p class='ocr_par' dir='ltr' id='par_1_66' title="bbox 1066 337 1863 374">
     <span class='ocr_line' id='line_1_66' title="bbox 1066 337 1863 374; baseline 0.003 -10"><span class='ocrx_word' id='word_1_404' title='bbox 1066 337 1219 372; x_wconf 85' lang='lat' dir='ltr'><strong>intulerant,</strong></span> <span class='ocrx_word' id='word_1_405' title='bbox 1235 339 1406 374; x_wconf 86' lang='lat' dir='ltr'><strong>suscepisset,</strong></span> <span class='ocrx_word' id='word_1_406' title='bbox 1424 344 1450 366; x_wconf 91' lang='lat' dir='ltr'><strong>et</strong></span> <span class='ocrx_word' id='word_1_407' title='bbox 1462 339 1487 365; x_wconf 91' lang='lat' dir='ltr'><strong>in</strong></span> <span class='ocrx_word' id='word_1_408' title='bbox 1500 337 1612 366; x_wconf 82' lang='lat' dir='ltr'><strong>ecclesia</strong></span> <span class='ocrx_word' id='word_1_409' title='bbox 1634 338 1762 366; x_wconf 90' lang='lat' dir='ltr'><strong>retineret</strong></span> <span class='ocrx_word' id='word_1_410' title='bbox 1784 344 1863 374; x_wconf 55' lang='lat' dir='ltr'><strong>atque</strong></span> 
     </span>
    </p>
   </div>
   <div class='ocr_carea' id='block_1_67' title="bbox 1065 383 1227 410">
    <p class='ocr_par' dir='ltr' id='par_1_67' title="bbox 1065 383 1227 410">
     <span class='ocr_line' id='line_1_67' title="bbox 1065 383 1227 410; baseline 0.006 -1"><span class='ocrx_word' id='word_1_411' title='bbox 1065 383 1227 410; x_wconf 73' lang='lat' dir='ltr'><strong>defenderet.</strong></span> 
     </span>
    </p>
   </div>
   <div class='ocr_carea' id='block_1_68' title="bbox 1101 428 1860 463">
    <p class='ocr_par' dir='ltr' id='par_1_68' title="bbox 1101 428 1860 463">
     <span class='ocr_line' id='line_1_68' title="bbox 1101 428 1860 463; baseline 0.003 -9"><span class='ocrx_word' id='word_1_412' title='bbox 1101 429 1158 454; x_wconf 67' lang='lat' dir='ltr'><strong>II&quot;.</strong></span> <span class='ocrx_word' id='word_1_413' title='bbox 1181 428 1256 461; x_wconf 87' lang='lat' dir='ltr'><strong>Quod</strong></span> <span class='ocrx_word' id='word_1_414' title='bbox 1272 428 1373 455; x_wconf 81' lang='lat' dir='ltr'><strong>alienas</strong></span> <span class='ocrx_word' id='word_1_415' title='bbox 1397 428 1532 456; x_wconf 78' lang='lat' dir='ltr'><strong>invaderet</strong></span> <span class='ocrx_word' id='word_1_416' title='bbox 1546 429 1706 463; x_wconf 74' lang='lat' dir='ltr'><strong>provincias,</strong></span> <span class='ocrx_word' id='word_1_417' title='bbox 1723 434 1746 455; x_wconf 79' lang='lat' dir='ltr'><strong>et</strong></span> <span class='ocrx_word' id='word_1_418' title='bbox 1765 429 1860 456; x_wconf 86' lang='lat' dir='ltr'><strong>ibidem</strong></span> 
     </span>
    </p>
   </div>
   <div class='ocr_carea' id='block_1_69' title="bbox 1066 474 1371 509">
    <p class='ocr_par' dir='ltr' id='par_1_69' title="bbox 1066 474 1371 509">
     <span class='ocr_line' id='line_1_69' title="bbox 1066 474 1371 509; baseline 0.003 -9"><span class='ocrx_word' id='word_1_419' title='bbox 1066 474 1206 509; x_wconf 82' lang='lat' dir='ltr'><strong>episcopos</strong></span> <span class='ocrx_word' id='word_1_420' title='bbox 1225 474 1371 501; x_wconf 85' lang='lat' dir='ltr'><strong>ordinaret.</strong></span> 
     </span>
    </p>
   </div>
   <div class='ocr_carea' id='block_1_70' title="bbox 1103 520 1858 555">
    <p class='ocr_par' dir='ltr' id='par_1_70' title="bbox 1103 520 1858 555">
     <span class='ocr_line' id='line_1_70' title="bbox 1103 520 1858 555; baseline 0 -9"><span class='ocrx_word' id='word_1_421' title='bbox 1103 520 1157 546; x_wconf 72' lang='lat' dir='ltr'><strong>l2&quot;.</strong></span> <span class='ocrx_word' id='word_1_422' title='bbox 1175 520 1249 552; x_wconf 85' lang='lat' dir='ltr'><strong>Quod</strong></span> <span class='ocrx_word' id='word_1_423' title='bbox 1265 520 1404 555; x_wconf 88' lang='lat' dir='ltr'><strong>episcopos</strong></span> <span class='ocrx_word' id='word_1_424' title='bbox 1418 520 1576 547; x_wconf 85' lang='lat' dir='ltr'><strong>contumelia</strong></span> <span class='ocrx_word' id='word_1_425' title='bbox 1595 521 1722 552; x_wconf 82' lang='lat' dir='ltr'><strong>alliceret,</strong></span> <span class='ocrx_word' id='word_1_426' title='bbox 1737 525 1763 547; x_wconf 86' lang='lat' dir='ltr'><strong>et</strong></span> <span class='ocrx_word' id='word_1_427' title='bbox 1783 524 1858 552; x_wconf 69' lang='lat' dir='ltr'><strong>tun,-</strong></span> 
     </span>
    </p>
   </div>
   <div class='ocr_carea' id='block_1_71' title="bbox 1065 564 1861 601">
    <p class='ocr_par' dir='ltr' id='par_1_71' title="bbox 1065 564 1861 601">
     <span class='ocr_line' id='line_1_71' title="bbox 1065 564 1861 601; baseline 0.004 -11"><span class='ocrx_word' id='word_1_428' title='bbox 1065 568 1149 598; x_wconf 68' lang='lat' dir='ltr'><strong>ys&#39;trw;</strong></span> <span class='ocrx_word' id='word_1_429' title='bbox 1171 564 1248 599; x_wconf 76' lang='grc' dir='ltr'><strong>(11αέ</strong></span> <span class='ocrx_word' id='word_1_430' title='bbox 1274 573 1322 592; x_wconf 65' lang='lat' dir='ltr'><strong>rom</strong></span> <span class='ocrx_word' id='word_1_431' title='bbox 1347 566 1434 592; x_wconf 81' lang='lat' dir='ltr'><strong>uitiata</strong></span> <span class='ocrx_word' id='word_1_432' title='bbox 1462 566 1580 601; x_wconf 67' lang='lat' dir='ltr'><strong>videtur)</strong></span> <span class='ocrx_word' id='word_1_433' title='bbox 1606 566 1711 601; x_wconf 88' lang='lat' dir='ltr'><strong>jnbcret</strong></span> <span class='ocrx_word' id='word_1_434' title='bbox 1736 566 1831 600; x_wconf 77' lang='lat' dir='ltr'><strong>expelli</strong></span> <span class='ocrx_word' id='word_1_435' title='bbox 1847 573 1861 593; x_wconf 86' lang='lat' dir='ltr'><strong>c</strong></span> 
     </span>
    </p>
   </div>
   <div class='ocr_carea' id='block_1_72' title="bbox 1066 610 1218 638">
    <p class='ocr_par' dir='ltr' id='par_1_72' title="bbox 1066 610 1218 638">
     <span class='ocr_line' id='line_1_72' title="bbox 1066 610 1218 638; baseline -0.007 -1"><span class='ocrx_word' id='word_1_436' title='bbox 1066 610 1145 637; x_wconf 89' lang='lat' dir='ltr'><strong>domo</strong></span> <span class='ocrx_word' id='word_1_437' title='bbox 1160 618 1218 638; x_wconf 87' lang='lat' dir='ltr'><strong>sua.</strong></span> 
     </span>
    </p>
   </div>
   <div class='ocr_carea' id='block_1_73' title="bbox 1105 657 1861 690">
    <p class='ocr_par' dir='ltr' id='par_1_73' title="bbox 1105 657 1861 690">
     <span class='ocr_line' id='line_1_73' title="bbox 1105 657 1861 690; baseline 0.004 -7"><span class='ocrx_word' id='word_1_438' title='bbox 1105 657 1161 684; x_wconf 72' lang='lat' dir='ltr'><strong>l5“.</strong></span> <span class='ocrx_word' id='word_1_439' title='bbox 1191 657 1266 690; x_wconf 85' lang='lat' dir='ltr'><strong>Quod</strong></span> <span class='ocrx_word' id='word_1_440' title='bbox 1293 658 1405 686; x_wconf 87' lang='lat' dir='ltr'><strong>clericos</strong></span> <span class='ocrx_word' id='word_1_441' title='bbox 1429 659 1561 686; x_wconf 85' lang='lat' dir='ltr'><strong>inusitatis</strong></span> <span class='ocrx_word' id='word_1_442' title='bbox 1583 659 1750 686; x_wconf 88' lang='lat' dir='ltr'><strong>contumeliis</strong></span> <span class='ocrx_word' id='word_1_443' title='bbox 1775 658 1861 686; x_wconf 75' lang='lat' dir='ltr'><strong>alﬁcc-</strong></span> 
     </span>
    </p>
   </div>
   <div class='ocr_carea' id='block_1_74' title="bbox 1066 709 1117 731">
    <p class='ocr_par' dir='ltr' id='par_1_74' title="bbox 1066 709 1117 731">
     <span class='ocr_line' id='line_1_74' title="bbox 1066 709 1117 731; baseline 0 -1"><span class='ocrx_word' id='word_1_444' title='bbox 1066 709 1117 731; x_wconf 69' lang='grc' dir='ltr'><strong>τρι.</strong></span> 
     </span>
    </p>
   </div>
   <div class='ocr_carea' id='block_1_75' title="bbox 1103 750 1684 785">
    <p class='ocr_par' dir='ltr' id='par_1_75' title="bbox 1103 750 1684 785">
     <span class='ocr_line' id='line_1_75' title="bbox 1103 750 1684 785; baseline 0.003 -9"><span class='ocrx_word' id='word_1_445' title='bbox 1103 750 1158 777; x_wconf 68' lang='lat' dir='ltr'><strong>ll“.</strong></span> <span class='ocrx_word' id='word_1_446' title='bbox 1175 750 1250 783; x_wconf 87' lang='lat' dir='ltr'><strong>Quod</strong></span> <span class='ocrx_word' id='word_1_447' title='bbox 1264 750 1377 777; x_wconf 89' lang='lat' dir='ltr'><strong>aliorum</strong></span> <span class='ocrx_word' id='word_1_448' title='bbox 1391 750 1511 785; x_wconf 87' lang='lat' dir='ltr'><strong>deposita</strong></span> <span class='ocrx_word' id='word_1_449' title='bbox 1530 751 1554 777; x_wconf 92' lang='lat' dir='ltr'><strong>vi</strong></span> <span class='ocrx_word' id='word_1_450' title='bbox 1569 755 1684 785; x_wconf 85' lang='lat' dir='ltr'><strong>raperet.</strong></span> 
     </span>
    </p>
   </div>
   <div class='ocr_carea' id='block_1_76' title="bbox 1103 796 1860 832">
    <p class='ocr_par' dir='ltr' id='par_1_76' title="bbox 1103 796 1860 832">
     <span class='ocr_line' id='line_1_76' title="bbox 1103 796 1860 832; baseline 0.001 -9"><span class='ocrx_word' id='word_1_451' title='bbox 1103 797 1159 823; x_wconf 69' lang='lat'><strong>1.3&quot;.</strong></span> <span class='ocrx_word' id='word_1_452' title='bbox 1176 796 1250 829; x_wconf 86' lang='lat' dir='ltr'><strong>Quod</strong></span> <span class='ocrx_word' id='word_1_453' title='bbox 1266 797 1323 824; x_wconf 90' lang='lat' dir='ltr'><strong>sine</strong></span> <span class='ocrx_word' id='word_1_454' title='bbox 1344 802 1475 824; x_wconf 84' lang='lat' dir='ltr'><strong>conventu</strong></span> <span class='ocrx_word' id='word_1_455' title='bbox 1498 802 1525 824; x_wconf 88' lang='lat' dir='ltr'><strong>et</strong></span> <span class='ocrx_word' id='word_1_456' title='bbox 1546 803 1641 832; x_wconf 64' lang='lat' dir='ltr'><strong>pratter</strong></span> <span class='ocrx_word' id='word_1_457' title='bbox 1656 797 1724 825; x_wconf 84' lang='lat' dir='ltr'><strong>Cleri</strong></span> <span class='ocrx_word' id='word_1_458' title='bbox 1739 798 1860 824; x_wconf 85' lang='lat' dir='ltr'><strong>volunta-</strong></span> 
     </span>
    </p>
   </div>
   <div class='ocr_carea' id='block_1_77' title="bbox 1067 841 1436 869">
    <p class='ocr_par' dir='ltr' id='par_1_77' title="bbox 1067 841 1436 869">
     <span class='ocr_line' id='line_1_77' title="bbox 1067 841 1436 869; baseline 0 -1"><span class='ocrx_word' id='word_1_459' title='bbox 1067 846 1119 868; x_wconf 91' lang='lat' dir='ltr'><strong>tetn</strong></span> <span class='ocrx_word' id='word_1_460' title='bbox 1136 842 1315 868; x_wconf 84' lang='lat' dir='ltr'><strong>ordinationes</strong></span> <span class='ocrx_word' id='word_1_461' title='bbox 1329 841 1436 869; x_wconf 82' lang='lat' dir='ltr'><strong>faceret.</strong></span> 
     </span>
    </p>
   </div>
   <div class='ocr_carea' id='block_1_78' title="bbox 1103 887 1861 922">
    <p class='ocr_par' dir='ltr' id='par_1_78' title="bbox 1103 887 1861 922">
     <span class='ocr_line' id='line_1_78' title="bbox 1103 887 1861 922; baseline 0.001 -8"><span class='ocrx_word' id='word_1_462' title='bbox 1103 887 1157 914; x_wconf 70' lang='lat'><strong>16&quot;.</strong></span> <span class='ocrx_word' id='word_1_463' title='bbox 1177 887 1251 921; x_wconf 82' lang='lat' dir='ltr'><strong>Quod</strong></span> <span class='ocrx_word' id='word_1_464' title='bbox 1275 887 1438 922; x_wconf 73' lang='lat' dir='ltr'><strong>Origenistas</strong></span> <span class='ocrx_word' id='word_1_465' title='bbox 1462 888 1612 922; x_wconf 86' lang='lat' dir='ltr'><strong>reciperet,</strong></span> <span class='ocrx_word' id='word_1_466' title='bbox 1634 887 1861 915; x_wconf 84' lang='lat' dir='ltr'><strong>communicantes</strong></span> 
     </span>
    </p>
   </div>
   <div class='ocr_carea' id='block_1_79' title="bbox 1067 932 1861 966">
    <p class='ocr_par' dir='ltr' id='par_1_79' title="bbox 1067 932 1861 966">
     <span class='ocr_line' id='line_1_79' title="bbox 1067 932 1861 966; baseline 0 -7"><span class='ocrx_word' id='word_1_467' title='bbox 1067 941 1132 961; x_wconf 89' lang='lat' dir='ltr'><strong>vero</strong></span> <span class='ocrx_word' id='word_1_468' title='bbox 1153 941 1212 960; x_wconf 81' lang='lat' dir='ltr'><strong>cum</strong></span> <span class='ocrx_word' id='word_1_469' title='bbox 1237 933 1368 966; x_wconf 78' lang='lat' dir='ltr'><strong>Ecclesia,</strong></span> <span class='ocrx_word' id='word_1_470' title='bbox 1392 933 1495 960; x_wconf 85' lang='lat' dir='ltr'><strong>etiamsi</strong></span> <span class='ocrx_word' id='word_1_471' title='bbox 1519 932 1748 959; x_wconf 69' lang='lat' dir='ltr'><strong>comnmndatitias</strong></span> <span class='ocrx_word' id='word_1_472' title='bbox 1772 933 1861 959; x_wconf 75' lang='lat' dir='ltr'><strong>literas</strong></span> 
     </span>
    </p>
   </div>
   <div class='ocr_carea' id='block_1_80' title="bbox 1068 979 1861 1013">
    <p class='ocr_par' dir='ltr' id='par_1_80' title="bbox 1068 979 1861 1013">
     <span class='ocr_line' id='line_1_80' title="bbox 1068 979 1861 1013; baseline 0.001 -9"><span class='ocrx_word' id='word_1_473' title='bbox 1068 979 1204 1011; x_wconf 85' lang='lat' dir='ltr'><strong>all‘errent,</strong></span> <span class='ocrx_word' id='word_1_474' title='bbox 1223 979 1247 1005; x_wconf 93' lang='lat' dir='ltr'><strong>in</strong></span> <span class='ocrx_word' id='word_1_475' title='bbox 1269 986 1405 1006; x_wconf 80' lang='lat' dir='ltr'><strong>carcerem</strong></span> <span class='ocrx_word' id='word_1_476' title='bbox 1428 979 1563 1013; x_wconf 81' lang='lat' dir='ltr'><strong>eonjcctos</strong></span> <span class='ocrx_word' id='word_1_477' title='bbox 1585 987 1636 1004; x_wconf 95' lang='lat' dir='ltr'><strong>non</strong></span> <span class='ocrx_word' id='word_1_478' title='bbox 1661 979 1786 1013; x_wconf 78' lang='lat' dir='ltr'><strong>eriperet,</strong></span> <span class='ocrx_word' id='word_1_479' title='bbox 1809 979 1861 1005; x_wconf 91' lang='lat' dir='ltr'><strong>itno</strong></span> 
     </span>
    </p>
   </div>
   <div class='ocr_carea' id='block_1_81' title="bbox 1068 1024 1682 1052">
    <p class='ocr_par' dir='ltr' id='par_1_81' title="bbox 1068 1024 1682 1052">
     <span class='ocr_line' id='line_1_81' title="bbox 1068 1024 1682 1052; baseline -0.002 -1"><span class='ocrx_word' id='word_1_480' title='bbox 1068 1024 1128 1051; x_wconf 85' lang='lat' dir='ltr'><strong>illos</strong></span> <span class='ocrx_word' id='word_1_481' title='bbox 1150 1025 1178 1051; x_wconf 91' lang='lat' dir='ltr'><strong>in</strong></span> <span class='ocrx_word' id='word_1_482' title='bbox 1191 1032 1298 1052; x_wconf 88' lang='lat' dir='ltr'><strong>carcere</strong></span> <span class='ocrx_word' id='word_1_483' title='bbox 1320 1025 1464 1051; x_wconf 85' lang='lat' dir='ltr'><strong>morientes</strong></span> <span class='ocrx_word' id='word_1_484' title='bbox 1481 1033 1531 1051; x_wconf 91' lang='lat' dir='ltr'><strong>non</strong></span> <span class='ocrx_word' id='word_1_485' title='bbox 1548 1024 1682 1051; x_wconf 87' lang='lat' dir='ltr'><strong>inviseret.</strong></span> 
     </span>
    </p>
   </div>
   <div class='ocr_carea' id='block_1_82' title="bbox 1103 1069 1860 1103">
    <p class='ocr_par' dir='ltr' id='par_1_82' title="bbox 1103 1069 1860 1103">
     <span class='ocr_line' id='line_1_82' title="bbox 1103 1069 1860 1103; baseline -0.001 -6"><span class='ocrx_word' id='word_1_486' title='bbox 1103 1071 1159 1097; x_wconf 73' lang='lat' dir='ltr'><strong>l7“.</strong></span> <span class='ocrx_word' id='word_1_487' title='bbox 1187 1071 1262 1103; x_wconf 82' lang='lat' dir='ltr'><strong>Quod</strong></span> <span class='ocrx_word' id='word_1_488' title='bbox 1284 1071 1384 1098; x_wconf 82' lang='lat' dir='ltr'><strong>alienos</strong></span> <span class='ocrx_word' id='word_1_489' title='bbox 1408 1078 1500 1097; x_wconf 88' lang='lat' dir='ltr'><strong>servos</strong></span> <span class='ocrx_word' id='word_1_490' title='bbox 1526 1070 1642 1097; x_wconf 88' lang='lat' dir='ltr'><strong>nondutn</strong></span> <span class='ocrx_word' id='word_1_491' title='bbox 1665 1069 1860 1102; x_wconf 84' lang='lat' dir='ltr'><strong>manumissos,</strong></span> 
     </span>
    </p>
   </div>
   <div class='ocr_carea' id='block_1_83' title="bbox 1067 1117 1704 1151">
    <p class='ocr_par' dir='ltr' id='par_1_83' title="bbox 1067 1117 1704 1151">
     <span class='ocr_line' id='line_1_83' title="bbox 1067 1117 1704 1151; baseline 0 -8"><span class='ocrx_word' id='word_1_492' title='bbox 1067 1117 1121 1144; x_wconf 91' lang='lat' dir='ltr'><strong>into</strong></span> <span class='ocrx_word' id='word_1_493' title='bbox 1133 1117 1212 1143; x_wconf 91' lang='lat' dir='ltr'><strong>etiam</strong></span> <span class='ocrx_word' id='word_1_494' title='bbox 1225 1122 1374 1149; x_wconf 87' lang='lat' dir='ltr'><strong>accusatos,</strong></span> <span class='ocrx_word' id='word_1_495' title='bbox 1391 1117 1531 1151; x_wconf 87' lang='lat' dir='ltr'><strong>episcopos</strong></span> <span class='ocrx_word' id='word_1_496' title='bbox 1546 1117 1704 1143; x_wconf 88' lang='lat' dir='ltr'><strong>ordinasset.</strong></span> 
     </span>
    </p>
   </div>
   <div class='ocr_carea' id='block_1_84' title="bbox 1105 1162 1824 1196">
    <p class='ocr_par' dir='ltr' id='par_1_84' title="bbox 1105 1162 1824 1196">
     <span class='ocr_line' id='line_1_84' title="bbox 1105 1162 1824 1196; baseline -0.004 -7"><span class='ocrx_word' id='word_1_497' title='bbox 1105 1163 1159 1190; x_wconf 75' lang='lat' dir='ltr'><strong>l8“.</strong></span> <span class='ocrx_word' id='word_1_498' title='bbox 1174 1162 1250 1194; x_wconf 90' lang='lat' dir='ltr'><strong>Quod</strong></span> <span class='ocrx_word' id='word_1_499' title='bbox 1266 1162 1351 1196; x_wconf 91' lang='lat' dir='ltr'><strong>ipsum</strong></span> <span class='ocrx_word' id='word_1_500' title='bbox 1361 1162 1487 1189; x_wconf 89' lang='lat' dir='ltr'><strong>lsaaeium</strong></span> <span class='ocrx_word' id='word_1_501' title='bbox 1498 1162 1566 1188; x_wconf 88' lang='lat' dir='ltr'><strong>male</strong></span> <span class='ocrx_word' id='word_1_502' title='bbox 1580 1169 1650 1196; x_wconf 64' lang='lat' dir='ltr'><strong>sa&#39;pe</strong></span> <span class='ocrx_word' id='word_1_503' title='bbox 1664 1162 1824 1188; x_wconf 63' lang='lat' dir='ltr'><strong>mulclasset.</strong></span> 
     </span>
    </p>
   </div>
   <div class='ocr_carea' id='block_1_85' title="bbox 1103 1206 1861 1242">
    <p class='ocr_par' dir='ltr' id='par_1_85' title="bbox 1103 1206 1861 1242">
     <span class='ocr_line' id='line_1_85' title="bbox 1103 1206 1861 1242; baseline -0.004 -8"><span class='ocrx_word' id='word_1_504' title='bbox 1103 1208 1220 1234; x_wconf 79' lang='lat' dir='ltr'><strong>Primum</strong></span> <span class='ocrx_word' id='word_1_505' title='bbox 1235 1215 1298 1234; x_wconf 87' lang='lat' dir='ltr'><strong>vero</strong></span> <span class='ocrx_word' id='word_1_506' title='bbox 1311 1213 1390 1242; x_wconf 86' lang='lat' dir='ltr'><strong>caput</strong></span> <span class='ocrx_word' id='word_1_507' title='bbox 1403 1208 1436 1234; x_wconf 88' lang='lat' dir='ltr'><strong>de</strong></span> <span class='ocrx_word' id='word_1_508' title='bbox 1450 1207 1551 1234; x_wconf 82' lang='lat' dir='ltr'><strong>Joanne</strong></span> <span class='ocrx_word' id='word_1_509' title='bbox 1565 1207 1702 1239; x_wconf 84' lang='lat' dir='ltr'><strong>Monaclio,</strong></span> <span class='ocrx_word' id='word_1_510' title='bbox 1725 1207 1793 1240; x_wconf 90' lang='lat' dir='ltr'><strong>quod</strong></span> <span class='ocrx_word' id='word_1_511' title='bbox 1806 1206 1861 1240; x_wconf 87' lang='lat' dir='ltr'><strong>jam</strong></span> 
     </span>
    </p>
   </div>
   <div class='ocr_carea' id='block_1_86' title="bbox 1068 1252 1860 1286">
    <p class='ocr_par' dir='ltr' id='par_1_86' title="bbox 1068 1252 1860 1286">
     <span class='ocr_line' id='line_1_86' title="bbox 1068 1252 1860 1286; baseline -0.004 -6"><span class='ocrx_word' id='word_1_512' title='bbox 1068 1259 1146 1280; x_wconf 86' lang='lat' dir='ltr'><strong>antea</strong></span> <span class='ocrx_word' id='word_1_513' title='bbox 1161 1253 1339 1280; x_wconf 78' lang='lat' dir='ltr'><strong>examinatum</strong></span> <span class='ocrx_word' id='word_1_514' title='bbox 1355 1253 1449 1286; x_wconf 79' lang='lat' dir='ltr'><strong>fuerat,</strong></span> <span class='ocrx_word' id='word_1_515' title='bbox 1463 1253 1551 1280; x_wconf 92' lang='lat' dir='ltr'><strong>denuo</strong></span> <span class='ocrx_word' id='word_1_516' title='bbox 1570 1257 1696 1280; x_wconf 76' lang='lat' dir='ltr'><strong>excutere</strong></span> <span class='ocrx_word' id='word_1_517' title='bbox 1708 1252 1860 1279; x_wconf 89' lang='lat' dir='ltr'><strong>noluerunt.</strong></span> 
     </span>
    </p>
   </div>
   <div class='ocr_carea' id='block_1_87' title="bbox 1067 1298 1862 1333">
    <p class='ocr_par' dir='ltr' id='par_1_87' title="bbox 1067 1298 1862 1333">
     <span class='ocr_line' id='line_1_87' title="bbox 1067 1298 1862 1333; baseline -0.001 -8"><span class='ocrx_word' id='word_1_518' title='bbox 1067 1299 1118 1326; x_wconf 73' lang='lat' dir='ltr'><strong>Sed</strong></span> <span class='ocrx_word' id='word_1_519' title='bbox 1140 1299 1173 1326; x_wconf 90' lang='lat' dir='ltr'><strong>de</strong></span> <span class='ocrx_word' id='word_1_520' title='bbox 1187 1299 1304 1325; x_wconf 82' lang='lat' dir='ltr'><strong>secutqu</strong></span> <span class='ocrx_word' id='word_1_521' title='bbox 1318 1298 1388 1333; x_wconf 88' lang='lat' dir='ltr'><strong>quod</strong></span> <span class='ocrx_word' id='word_1_522' title='bbox 1405 1306 1500 1333; x_wconf 86' lang='lat' dir='ltr'><strong>nempe</strong></span> <span class='ocrx_word' id='word_1_523' title='bbox 1520 1299 1548 1325; x_wconf 90' lang='lat' dir='ltr'><strong>S.</strong></span> <span class='ocrx_word' id='word_1_524' title='bbox 1564 1298 1726 1333; x_wconf 78' lang='lat' dir='ltr'><strong>Epiphanius</strong></span> <span class='ocrx_word' id='word_1_525' title='bbox 1746 1298 1862 1332; x_wconf 79' lang='lat' dir='ltr'><strong>ecquod</strong></span> 
     </span>
    </p>
   </div>
   <div class='ocr_carea' id='block_1_88' title="bbox 1067 1344 1861 1380">
    <p class='ocr_par' dir='ltr' id='par_1_88' title="bbox 1067 1344 1861 1380">
     <span class='ocr_line' id='line_1_88' title="bbox 1067 1344 1861 1380; baseline -0.003 -8"><span class='ocrx_word' id='word_1_526' title='bbox 1067 1345 1225 1380; x_wconf 63' lang='lat' dir='ltr'><strong>Origenislis</strong></span> <span class='ocrx_word' id='word_1_527' title='bbox 1239 1345 1349 1378; x_wconf 80' lang='lat' dir='ltr'><strong>faveret,</strong></span> <span class='ocrx_word' id='word_1_528' title='bbox 1373 1353 1432 1372; x_wconf 90' lang='lat' dir='ltr'><strong>cum</strong></span> <span class='ocrx_word' id='word_1_529' title='bbox 1448 1346 1492 1372; x_wconf 90' lang='lat' dir='ltr'><strong>ilio</strong></span> <span class='ocrx_word' id='word_1_530' title='bbox 1513 1345 1709 1372; x_wconf 86' lang='lat' dir='ltr'><strong>communicare</strong></span> <span class='ocrx_word' id='word_1_531' title='bbox 1723 1344 1861 1376; x_wconf 84' lang='lat' dir='ltr'><strong>noluisset,</strong></span> 
     </span>
    </p>
   </div>
   <div class='ocr_carea' id='block_1_89' title="bbox 1068 1391 1864 1428">
    <p class='ocr_par' dir='ltr' id='par_1_89' title="bbox 1068 1391 1864 1428">
     <span class='ocr_line' id='line_1_89' title="bbox 1068 1391 1864 1428; baseline -0.003 -9"><span class='ocrx_word' id='word_1_532' title='bbox 1068 1393 1241 1428; x_wconf 86' lang='lat' dir='ltr'><strong>perquisitum</strong></span> <span class='ocrx_word' id='word_1_533' title='bbox 1267 1393 1330 1424; x_wconf 83' lang='lat' dir='ltr'><strong>iuit;</strong></span> <span class='ocrx_word' id='word_1_534' title='bbox 1358 1392 1532 1426; x_wconf 82' lang='lat' dir='ltr'><strong>similiterque</strong></span> <span class='ocrx_word' id='word_1_535' title='bbox 1555 1391 1588 1418; x_wconf 89' lang='lat' dir='ltr'><strong>de</strong></span> <span class='ocrx_word' id='word_1_536' title='bbox 1610 1392 1733 1425; x_wconf 72' lang='lat' dir='ltr'><strong>Septimo,</strong></span> <span class='ocrx_word' id='word_1_537' title='bbox 1758 1391 1784 1418; x_wconf 92' lang='lat' dir='ltr'><strong>in</strong></span> <span class='ocrx_word' id='word_1_538' title='bbox 1809 1399 1864 1424; x_wconf 91' lang='lat' dir='ltr'><strong>quo</strong></span> 
     </span>
    </p>
   </div>
   <div class='ocr_carea' id='block_1_90' title="bbox 1068 1437 1863 1472">
    <p class='ocr_par' dir='ltr' id='par_1_90' title="bbox 1068 1437 1863 1472">
     <span class='ocr_line' id='line_1_90' title="bbox 1068 1437 1863 1472; baseline -0.005 -5"><span class='ocrx_word' id='word_1_539' title='bbox 1068 1444 1140 1467; x_wconf 88' lang='lat' dir='ltr'><strong>certe</strong></span> <span class='ocrx_word' id='word_1_540' title='bbox 1155 1439 1220 1466; x_wconf 66' lang='lat' dir='ltr'><strong>nihil</strong></span> <span class='ocrx_word' id='word_1_541' title='bbox 1232 1447 1246 1466; x_wconf 90' lang='lat' dir='ltr'><strong>a</strong></span> <span class='ocrx_word' id='word_1_542' title='bbox 1262 1439 1410 1466; x_wconf 85' lang='lat' dir='ltr'><strong>Christiana</strong></span> <span class='ocrx_word' id='word_1_543' title='bbox 1426 1438 1564 1472; x_wconf 83' lang='lat' dir='ltr'><strong>disciplina</strong></span> <span class='ocrx_word' id='word_1_544' title='bbox 1587 1438 1701 1464; x_wconf 78' lang='lat' dir='ltr'><strong>alienum</strong></span> <span class='ocrx_word' id='word_1_545' title='bbox 1715 1437 1863 1471; x_wconf 84' lang='lat' dir='ltr'><strong>deprehen-</strong></span> 
     </span>
    </p>
   </div>
   <div class='ocr_carea' id='block_1_91' title="bbox 1067 1483 1864 1519">
    <p class='ocr_par' dir='ltr' id='par_1_91' title="bbox 1067 1483 1864 1519">
     <span class='ocr_line' id='line_1_91' title="bbox 1067 1483 1864 1519; baseline -0.003 -7"><span class='ocrx_word' id='word_1_546' title='bbox 1067 1486 1149 1512; x_wconf 90' lang='lat' dir='ltr'><strong>ditur.</strong></span> <span class='ocrx_word' id='word_1_547' title='bbox 1173 1485 1210 1512; x_wconf 87' lang='lat' dir='ltr'><strong>De</strong></span> <span class='ocrx_word' id='word_1_548' title='bbox 1238 1485 1316 1512; x_wconf 86' lang='lat' dir='ltr'><strong>tertio</strong></span> <span class='ocrx_word' id='word_1_549' title='bbox 1339 1489 1430 1519; x_wconf 90' lang='lat' dir='ltr'><strong>postea</strong></span> <span class='ocrx_word' id='word_1_550' title='bbox 1451 1490 1538 1511; x_wconf 88' lang='lat' dir='ltr'><strong>actum</strong></span> <span class='ocrx_word' id='word_1_551' title='bbox 1562 1483 1620 1516; x_wconf 79' lang='lat' dir='ltr'><strong>fuit,</strong></span> <span class='ocrx_word' id='word_1_552' title='bbox 1645 1484 1671 1510; x_wconf 93' lang='lat' dir='ltr'><strong>in</strong></span> <span class='ocrx_word' id='word_1_553' title='bbox 1694 1491 1747 1518; x_wconf 93' lang='lat' dir='ltr'><strong>quo</strong></span> <span class='ocrx_word' id='word_1_554' title='bbox 1769 1483 1864 1510; x_wconf 87' lang='lat' dir='ltr'><strong>dicitur</strong></span> 
     </span>
    </p>
   </div>
   <div class='ocr_carea' id='block_1_92' title="bbox 1068 1529 1863 1566">
    <p class='ocr_par' dir='ltr' id='par_1_92' title="bbox 1068 1529 1863 1566">
     <span class='ocr_line' id='line_1_92' title="bbox 1068 1529 1863 1566; baseline -0.001 -9"><span class='ocrx_word' id='word_1_555' title='bbox 1068 1531 1298 1566; x_wconf 68' lang='lat' dir='ltr'><strong>(Elirysostomum,</strong></span> <span class='ocrx_word' id='word_1_556' title='bbox 1312 1531 1355 1566; x_wconf 91' lang='lat' dir='ltr'><strong>qui</strong></span> <span class='ocrx_word' id='word_1_557' title='bbox 1369 1531 1443 1558; x_wconf 91' lang='lat' dir='ltr'><strong>solus</strong></span> <span class='ocrx_word' id='word_1_558' title='bbox 1456 1530 1576 1565; x_wconf 87' lang='lat' dir='ltr'><strong>quotidie</strong></span> <span class='ocrx_word' id='word_1_559' title='bbox 1595 1530 1756 1561; x_wconf 89' lang='lat' dir='ltr'><strong>cotnederet,</strong></span> <span class='ocrx_word' id='word_1_560' title='bbox 1772 1529 1863 1564; x_wconf 91' lang='lat' dir='ltr'><strong>hospi-</strong></span> 
     </span>
    </p>
   </div>
   <div class='ocr_carea' id='block_1_93' title="bbox 1071 1575 1864 1610">
    <p class='ocr_par' dir='ltr' id='par_1_93' title="bbox 1071 1575 1864 1610">
     <span class='ocr_line' id='line_1_93' title="bbox 1071 1575 1864 1610; baseline -0.001 -8"><span class='ocrx_word' id='word_1_561' title='bbox 1071 1577 1196 1603; x_wconf 85' lang='lat' dir='ltr'><strong>talitatem</strong></span> <span class='ocrx_word' id='word_1_562' title='bbox 1212 1576 1349 1610; x_wconf 84' lang='lat' dir='ltr'><strong>despicere</strong></span> <span class='ocrx_word' id='word_1_563' title='bbox 1364 1576 1500 1603; x_wconf 85' lang='lat' dir='ltr'><strong>videretur</strong></span> <span class='ocrx_word' id='word_1_564' title='bbox 1513 1584 1519 1601; x_wconf 92' lang='lat'>:</span> <span class='ocrx_word' id='word_1_565' title='bbox 1534 1580 1666 1610; x_wconf 86' lang='lat' dir='ltr'><strong>testesque</strong></span> <span class='ocrx_word' id='word_1_566' title='bbox 1679 1575 1788 1602; x_wconf 90' lang='lat' dir='ltr'><strong>adhibiti</strong></span> <span class='ocrx_word' id='word_1_567' title='bbox 1802 1579 1864 1602; x_wconf 87' lang='lat' dir='ltr'><strong>sunt</strong></span> 
     </span>
    </p>
   </div>
   <div class='ocr_carea' id='block_1_94' title="bbox 1070 1621 1862 1656">
    <p class='ocr_par' dir='ltr' id='par_1_94' title="bbox 1070 1621 1862 1656">
     <span class='ocr_line' id='line_1_94' title="bbox 1070 1621 1862 1656; baseline -0.003 -8"><span class='ocrx_word' id='word_1_568' title='bbox 1070 1621 1194 1648; x_wconf 79' lang='lat' dir='ltr'><strong>Arsacias</strong></span> <span class='ocrx_word' id='word_1_569' title='bbox 1216 1621 1364 1656; x_wconf 82' lang='lat' dir='ltr'><strong>presbyter,</strong></span> <span class='ocrx_word' id='word_1_570' title='bbox 1380 1622 1424 1655; x_wconf 88' lang='lat' dir='ltr'><strong>qui</strong></span> <span class='ocrx_word' id='word_1_571' title='bbox 1441 1625 1531 1655; x_wconf 79' lang='lat' dir='ltr'><strong>postea</strong></span> <span class='ocrx_word' id='word_1_572' title='bbox 1551 1621 1741 1656; x_wconf 87' lang='lat' dir='ltr'><strong>Chrysostomo</strong></span> <span class='ocrx_word' id='word_1_573' title='bbox 1754 1627 1862 1647; x_wconf 83' lang='lat' dir='ltr'><strong>succes-</strong></span> 
     </span>
    </p>
   </div>
   <div class='ocr_carea' id='block_1_95' title="bbox 1069 1665 1862 1701">
    <p class='ocr_par' dir='ltr' id='par_1_95' title="bbox 1069 1665 1862 1701">
     <span class='ocr_line' id='line_1_95' title="bbox 1069 1665 1862 1701; baseline -0.003 -8"><span class='ocrx_word' id='word_1_574' title='bbox 1069 1666 1104 1693; x_wconf 85' lang='lat' dir='ltr'><strong>sit</strong></span> <span class='ocrx_word' id='word_1_575' title='bbox 1129 1675 1136 1693; x_wconf 88' lang='lat'><strong>:</strong></span> <span class='ocrx_word' id='word_1_576' title='bbox 1161 1666 1278 1701; x_wconf 87' lang='lat' dir='ltr'><strong>itemque</strong></span> <span class='ocrx_word' id='word_1_577' title='bbox 1307 1666 1409 1693; x_wconf 87' lang='lat' dir='ltr'><strong>Atticus</strong></span> <span class='ocrx_word' id='word_1_578' title='bbox 1437 1670 1463 1693; x_wconf 86' lang='lat' dir='ltr'><strong>et</strong></span> <span class='ocrx_word' id='word_1_579' title='bbox 1489 1665 1609 1700; x_wconf 85' lang='lat' dir='ltr'><strong>Elpidius</strong></span> <span class='ocrx_word' id='word_1_580' title='bbox 1634 1666 1792 1700; x_wconf 72' lang='lat' dir='ltr'><strong>presbyteri,</strong></span> <span class='ocrx_word' id='word_1_581' title='bbox 1818 1666 1862 1700; x_wconf 93' lang='lat' dir='ltr'><strong>qui</strong></span> 
     </span>
    </p>
   </div>
   <div class='ocr_carea' id='block_1_96' title="bbox 1069 1710 1863 1746">
    <p class='ocr_par' dir='ltr' id='par_1_96' title="bbox 1069 1710 1863 1746">
     <span class='ocr_line' id='line_1_96' title="bbox 1069 1710 1863 1746; baseline -0.003 -8"><span class='ocrx_word' id='word_1_582' title='bbox 1069 1712 1159 1739; x_wconf 86' lang='lat' dir='ltr'><strong>nescio</strong></span> <span class='ocrx_word' id='word_1_583' title='bbox 1169 1711 1232 1746; x_wconf 92' lang='lat' dir='ltr'><strong>quid</strong></span> <span class='ocrx_word' id='word_1_584' title='bbox 1246 1711 1307 1738; x_wconf 89' lang='lat' dir='ltr'><strong>inde</strong></span> <span class='ocrx_word' id='word_1_585' title='bbox 1319 1711 1511 1738; x_wconf 85' lang='lat' dir='ltr'><strong>criminationis</strong></span> <span class='ocrx_word' id='word_1_586' title='bbox 1524 1719 1619 1738; x_wconf 84' lang='lat' dir='ltr'><strong>eruere</strong></span> <span class='ocrx_word' id='word_1_587' title='bbox 1630 1715 1781 1746; x_wconf 88' lang='lat' dir='ltr'><strong>potuerunt,</strong></span> <span class='ocrx_word' id='word_1_588' title='bbox 1793 1710 1863 1744; x_wconf 89' lang='lat' dir='ltr'><strong>quod</strong></span> 
     </span>
    </p>
   </div>
   <div class='ocr_carea' id='block_1_97' title="bbox 1069 1755 1863 1792">
    <p class='ocr_par' dir='ltr' id='par_1_97' title="bbox 1069 1755 1863 1792">
     <span class='ocr_line' id='line_1_97' title="bbox 1069 1755 1863 1792; baseline -0.001 -9"><span class='ocrx_word' id='word_1_589' title='bbox 1069 1765 1164 1792; x_wconf 86' lang='lat' dir='ltr'><strong>nempe</strong></span> <span class='ocrx_word' id='word_1_590' title='bbox 1178 1757 1275 1791; x_wconf 75' lang='lat' dir='ltr'><strong>przesul</strong></span> <span class='ocrx_word' id='word_1_591' title='bbox 1291 1761 1344 1784; x_wconf 88' lang='lat' dir='ltr'><strong>tam</strong></span> <span class='ocrx_word' id='word_1_592' title='bbox 1365 1756 1548 1791; x_wconf 83' lang='lat' dir='ltr'><strong>frequentibus</strong></span> <span class='ocrx_word' id='word_1_593' title='bbox 1566 1756 1686 1790; x_wconf 86' lang='lat' dir='ltr'><strong>corporis</strong></span> <span class='ocrx_word' id='word_1_594' title='bbox 1699 1755 1863 1790; x_wconf 71' lang='lat' dir='ltr'><strong>a‘grituditti-</strong></span> 
     </span>
    </p>
   </div>
   <div class='ocr_carea' id='block_1_98' title="bbox 1069 1801 1864 1836">
    <p class='ocr_par' dir='ltr' id='par_1_98' title="bbox 1069 1801 1864 1836">
     <span class='ocr_line' id='line_1_98' title="bbox 1069 1801 1864 1836; baseline -0.001 -8"><span class='ocrx_word' id='word_1_595' title='bbox 1069 1803 1117 1829; x_wconf 90' lang='lat' dir='ltr'><strong>bus</strong></span> <span class='ocrx_word' id='word_1_596' title='bbox 1135 1802 1259 1829; x_wconf 87' lang='lat' dir='ltr'><strong>laborans</strong></span> <span class='ocrx_word' id='word_1_597' title='bbox 1275 1801 1349 1829; x_wconf 89' lang='lat' dir='ltr'><strong>solus</strong></span> <span class='ocrx_word' id='word_1_598' title='bbox 1361 1801 1522 1828; x_wconf 87' lang='lat' dir='ltr'><strong>eomedcrct.</strong></span> <span class='ocrx_word' id='word_1_599' title='bbox 1541 1801 1590 1836; x_wconf 86' lang='lat' dir='ltr'><strong>Ipsi</strong></span> <span class='ocrx_word' id='word_1_600' title='bbox 1605 1809 1708 1836; x_wconf 87' lang='lat' dir='ltr'><strong>quoque</strong></span> <span class='ocrx_word' id='word_1_601' title='bbox 1722 1809 1782 1827; x_wconf 87' lang='lat' dir='ltr'><strong>cum</strong></span> <span class='ocrx_word' id='word_1_602' title='bbox 1797 1802 1864 1828; x_wconf 83' lang='lat' dir='ltr'><strong>Aca-</strong></span> 
     </span>
    </p>
   </div>
   <div class='ocr_carea' id='block_1_99' title="bbox 1069 1846 1864 1882">
    <p class='ocr_par' dir='ltr' id='par_1_99' title="bbox 1069 1846 1864 1882">
     <span class='ocr_line' id='line_1_99' title="bbox 1069 1846 1864 1882; baseline 0 -9"><span class='ocrx_word' id='word_1_603' title='bbox 1069 1847 1111 1873; x_wconf 93' lang='lat' dir='ltr'><strong>cio</strong></span> <span class='ocrx_word' id='word_1_604' title='bbox 1126 1847 1282 1882; x_wconf 72' lang='lat' dir='ltr'><strong>presbytero</strong></span> <span class='ocrx_word' id='word_1_605' title='bbox 1296 1846 1329 1873; x_wconf 91' lang='lat' dir='ltr'><strong>de</strong></span> <span class='ocrx_word' id='word_1_606' title='bbox 1344 1851 1439 1880; x_wconf 87' lang='lat' dir='ltr'><strong>quarto</strong></span> <span class='ocrx_word' id='word_1_607' title='bbox 1452 1846 1667 1881; x_wconf 82' lang='lat' dir='ltr'><strong>criminationum</strong></span> <span class='ocrx_word' id='word_1_608' title='bbox 1681 1846 1778 1879; x_wconf 89' lang='lat' dir='ltr'><strong>capite,</strong></span> <span class='ocrx_word' id='word_1_609' title='bbox 1792 1846 1864 1880; x_wconf 80' lang='lat' dir='ltr'><strong>quod</strong></span> 
     </span>
    </p>
   </div>
   <div class='ocr_carea' id='block_1_100' title="bbox 1069 1891 1855 1926">
    <p class='ocr_par' dir='ltr' id='par_1_100' title="bbox 1069 1891 1855 1926">
     <span class='ocr_line' id='line_1_100' title="bbox 1069 1891 1855 1926; baseline -0.001 -7"><span class='ocrx_word' id='word_1_610' title='bbox 1069 1899 1165 1926; x_wconf 89' lang='lat' dir='ltr'><strong>nempe</strong></span> <span class='ocrx_word' id='word_1_611' title='bbox 1187 1891 1304 1919; x_wconf 79' lang='lat' dir='ltr'><strong>Joannes</strong></span> <span class='ocrx_word' id='word_1_612' title='bbox 1326 1891 1352 1918; x_wconf 92' lang='lat' dir='ltr'><strong>in</strong></span> <span class='ocrx_word' id='word_1_613' title='bbox 1379 1891 1492 1918; x_wconf 82' lang='lat' dir='ltr'><strong>ecclesia</strong></span> <span class='ocrx_word' id='word_1_614' title='bbox 1516 1891 1639 1924; x_wconf 83' lang='lat' dir='ltr'><strong>dixisset,</strong></span> <span class='ocrx_word' id='word_1_615' title='bbox 1663 1891 1780 1918; x_wconf 83' lang='lat' dir='ltr'><strong>Mensam</strong></span> <span class='ocrx_word' id='word_1_616' title='bbox 1804 1899 1855 1918; x_wconf 78' lang='lat' dir='ltr'><strong>CSSl</strong></span> 
     </span>
    </p>
   </div>
   <div class='ocr_carea' id='block_1_101' title="bbox 1070 1936 1862 1971">
    <p class='ocr_par' dir='ltr' id='par_1_101' title="bbox 1070 1936 1862 1971">
     <span class='ocr_line' id='line_1_101' title="bbox 1070 1936 1862 1971; baseline -0.001 -7"><span class='ocrx_word' id='word_1_617' title='bbox 1070 1937 1199 1964; x_wconf 83' lang='lat' dir='ltr'><strong>furiarum</strong></span> <span class='ocrx_word' id='word_1_618' title='bbox 1225 1937 1346 1970; x_wconf 89' lang='lat' dir='ltr'><strong>piettatn,</strong></span> <span class='ocrx_word' id='word_1_619' title='bbox 1371 1941 1452 1964; x_wconf 88' lang='lat' dir='ltr'><strong>testes</strong></span> <span class='ocrx_word' id='word_1_620' title='bbox 1474 1936 1589 1963; x_wconf 79' lang='lat' dir='ltr'><strong>fuerunt.</strong></span> <span class='ocrx_word' id='word_1_621' title='bbox 1612 1937 1754 1971; x_wconf 87' lang='lat' dir='ltr'><strong>Postquam</strong></span> <span class='ocrx_word' id='word_1_622' title='bbox 1775 1942 1862 1964; x_wconf 87' lang='lat' dir='ltr'><strong>autem</strong></span> 
     </span>
    </p>
   </div>
   <div class='ocr_carea' id='block_1_102' title="bbox 1070 1982 1863 2018">
    <p class='ocr_par' dir='ltr' id='par_1_102' title="bbox 1070 1982 1863 2018">
     <span class='ocr_line' id='line_1_102' title="bbox 1070 1982 1863 2018; baseline 0 -8"><span class='ocrx_word' id='word_1_623' title='bbox 1070 1983 1127 2010; x_wconf 74' lang='lat' dir='ltr'><strong>lta‘c</strong></span> <span class='ocrx_word' id='word_1_624' title='bbox 1141 1989 1250 2010; x_wconf 85' lang='lat' dir='ltr'><strong>excussa</strong></span> <span class='ocrx_word' id='word_1_625' title='bbox 1267 1982 1350 2014; x_wconf 82' lang='lat' dir='ltr'><strong>fuere,</strong></span> <span class='ocrx_word' id='word_1_626' title='bbox 1366 1982 1485 2016; x_wconf 61' lang='lat' dir='ltr'><strong>prtedicti</strong></span> <span class='ocrx_word' id='word_1_627' title='bbox 1501 1982 1658 2018; x_wconf 78' lang='lat' dir='ltr'><strong>presbyteri,</strong></span> <span class='ocrx_word' id='word_1_628' title='bbox 1677 1988 1703 2009; x_wconf 87' lang='lat' dir='ltr'><strong>et</strong></span> <span class='ocrx_word' id='word_1_629' title='bbox 1718 1990 1778 2009; x_wconf 89' lang='lat' dir='ltr'><strong>cum</strong></span> <span class='ocrx_word' id='word_1_630' title='bbox 1799 1983 1863 2017; x_wconf 85' lang='lat' dir='ltr'><strong>ipsis</strong></span> 
     </span>
    </p>
   </div>
   <div class='ocr_carea' id='block_1_103' title="bbox 1069 2027 1863 2060">
    <p class='ocr_par' dir='ltr' id='par_1_103' title="bbox 1069 2027 1863 2060">
     <span class='ocr_line' id='line_1_103' title="bbox 1069 2027 1863 2060; baseline 0 -5"><span class='ocrx_word' id='word_1_631' title='bbox 1069 2029 1148 2055; x_wconf 86' lang='lat' dir='ltr'><strong>etiam</strong></span> <span class='ocrx_word' id='word_1_632' title='bbox 1163 2027 1308 2055; x_wconf 70' lang='lat' dir='ltr'><strong>Eudmmon</strong></span> <span class='ocrx_word' id='word_1_633' title='bbox 1323 2032 1349 2054; x_wconf 90' lang='lat' dir='ltr'><strong>et</strong></span> <span class='ocrx_word' id='word_1_634' title='bbox 1368 2027 1520 2060; x_wconf 91' lang='lat' dir='ltr'><strong>Onesimus,</strong></span> <span class='ocrx_word' id='word_1_635' title='bbox 1536 2027 1695 2055; x_wconf 85' lang='lat' dir='ltr'><strong>sententiam</strong></span> <span class='ocrx_word' id='word_1_636' title='bbox 1716 2028 1863 2056; x_wconf 87' lang='lat' dir='ltr'><strong>accclcrari</strong></span> 
     </span>
    </p>
   </div>
   <div class='ocr_carea' id='block_1_104' title="bbox 1069 2073 1244 2108">
    <p class='ocr_par' dir='ltr' id='par_1_104' title="bbox 1069 2073 1244 2108">
     <span class='ocr_line' id='line_1_104' title="bbox 1069 2073 1244 2108; baseline -0.006 -8"><span class='ocrx_word' id='word_1_637' title='bbox 1069 2073 1244 2108; x_wconf 84' lang='lat' dir='ltr'><strong>postularunt.</strong></span> 
     </span>
    </p>
   </div>
   <div class='ocr_carea' id='block_1_105' title="bbox 1105 2118 1856 2153">
    <p class='ocr_par' dir='ltr' id='par_1_105' title="bbox 1105 2118 1856 2153">
     <span class='ocr_line' id='line_1_105' title="bbox 1105 2118 1856 2153; baseline -0.001 -8"><span class='ocrx_word' id='word_1_638' title='bbox 1105 2119 1167 2146; x_wconf 56' lang='lat' dir='ltr'><strong>lIa‘e</strong></span> <span class='ocrx_word' id='word_1_639' title='bbox 1185 2124 1243 2146; x_wconf 89' lang='lat' dir='ltr'><strong>acta</strong></span> <span class='ocrx_word' id='word_1_640' title='bbox 1258 2127 1273 2145; x_wconf 88' lang='lat' dir='ltr'><strong>a</strong></span> <span class='ocrx_word' id='word_1_641' title='bbox 1288 2118 1383 2146; x_wconf 86' lang='lat' dir='ltr'><strong>Pltolio</strong></span> <span class='ocrx_word' id='word_1_642' title='bbox 1396 2119 1473 2146; x_wconf 86' lang='lat' dir='ltr'><strong>allata</strong></span> <span class='ocrx_word' id='word_1_643' title='bbox 1497 2123 1526 2146; x_wconf 87' lang='lat' dir='ltr'><strong>ut</strong></span> <span class='ocrx_word' id='word_1_644' title='bbox 1539 2123 1662 2153; x_wconf 83' lang='lat' dir='ltr'><strong>suspecta</strong></span> <span class='ocrx_word' id='word_1_645' title='bbox 1679 2118 1765 2153; x_wconf 86' lang='lat' dir='ltr'><strong>rejicit</strong></span> <span class='ocrx_word' id='word_1_646' title='bbox 1781 2119 1856 2146; x_wconf 79' lang='lat' dir='ltr'><strong>Baro-</strong></span> 
     </span>
    </p>
   </div>
   <div class='ocr_carea' id='block_1_106' title="bbox 1069 2165 1857 2200">
    <p class='ocr_par' dir='ltr' id='par_1_106' title="bbox 1069 2165 1857 2200">
     <span class='ocr_line' id='line_1_106' title="bbox 1069 2165 1857 2200; baseline -0.003 -8"><span class='ocrx_word' id='word_1_647' title='bbox 1069 2166 1144 2197; x_wconf 89' lang='lat' dir='ltr'><strong>nius;</strong></span> <span class='ocrx_word' id='word_1_648' title='bbox 1162 2173 1253 2192; x_wconf 84' lang='lat' dir='ltr'><strong>rerum</strong></span> <span class='ocrx_word' id='word_1_649' title='bbox 1267 2173 1280 2192; x_wconf 90' lang='lat' dir='ltr'><strong>a</strong></span> <span class='ocrx_word' id='word_1_650' title='bbox 1297 2165 1466 2192; x_wconf 87' lang='lat' dir='ltr'><strong>Tillemontio</strong></span> <span class='ocrx_word' id='word_1_651' title='bbox 1483 2166 1595 2200; x_wconf 81' lang='lat' dir='ltr'><strong>aliisque</strong></span> <span class='ocrx_word' id='word_1_652' title='bbox 1616 2165 1679 2192; x_wconf 86' lang='lat' dir='ltr'><strong>viris</strong></span> <span class='ocrx_word' id='word_1_653' title='bbox 1700 2165 1857 2192; x_wconf 68' lang='lat' dir='ltr'><strong>doctissimis</strong></span> 
     </span>
    </p>
   </div>
   <div class='ocr_carea' id='block_1_107' title="bbox 1066 2210 1855 2246">
    <p class='ocr_par' dir='ltr' id='par_1_107' title="bbox 1066 2210 1855 2246">
     <span class='ocr_line' id='line_1_107' title="bbox 1066 2210 1855 2246; baseline 0 -9"><span class='ocrx_word' id='word_1_654' title='bbox 1066 2211 1127 2245; x_wconf 86' lang='lat' dir='ltr'><strong>jure</strong></span> <span class='ocrx_word' id='word_1_655' title='bbox 1149 2210 1309 2246; x_wconf 86' lang='lat' dir='ltr'><strong>exploditur.</strong></span> <span class='ocrx_word' id='word_1_656' title='bbox 1336 2212 1400 2238; x_wconf 78' lang='lat' dir='ltr'><strong>Acta</strong></span> <span class='ocrx_word' id='word_1_657' title='bbox 1424 2211 1494 2238; x_wconf 89' lang='lat' dir='ltr'><strong>enim</strong></span> <span class='ocrx_word' id='word_1_658' title='bbox 1518 2210 1562 2237; x_wconf 87' lang='lat' dir='ltr'><strong>illa</strong></span> <span class='ocrx_word' id='word_1_659' title='bbox 1584 2218 1627 2237; x_wconf 88' lang='lat' dir='ltr'><strong>res</strong></span> <span class='ocrx_word' id='word_1_660' title='bbox 1652 2215 1680 2237; x_wconf 90' lang='lat' dir='ltr'><strong>ttt</strong></span> <span class='ocrx_word' id='word_1_661' title='bbox 1702 2218 1764 2238; x_wconf 84' lang='lat' dir='ltr'><strong>vere</strong></span> <span class='ocrx_word' id='word_1_662' title='bbox 1781 2216 1855 2245; x_wconf 81' lang='lat' dir='ltr'><strong>gesta</strong></span> 
     </span>
    </p>
   </div>
   <div class='ocr_carea' id='block_1_108' title="bbox 1069 2255 1861 2289">
    <p class='ocr_par' dir='ltr' id='par_1_108' title="bbox 1069 2255 1861 2289">
     <span class='ocr_line' id='line_1_108' title="bbox 1069 2255 1861 2289; baseline 0 -6"><span class='ocrx_word' id='word_1_663' title='bbox 1069 2261 1130 2283; x_wconf 87' lang='lat' dir='ltr'><strong>sunt</strong></span> <span class='ocrx_word' id='word_1_664' title='bbox 1143 2257 1291 2289; x_wconf 80' lang='lat' dir='ltr'><strong>enuntiant,</strong></span> <span class='ocrx_word' id='word_1_665' title='bbox 1306 2261 1405 2283; x_wconf 87' lang='lat' dir='ltr'><strong>etcum</strong></span> <span class='ocrx_word' id='word_1_666' title='bbox 1421 2256 1537 2283; x_wconf 85' lang='lat' dir='ltr'><strong>Palladio</strong></span> <span class='ocrx_word' id='word_1_667' title='bbox 1550 2257 1575 2282; x_wconf 92' lang='lat' dir='ltr'><strong>in</strong></span> <span class='ocrx_word' id='word_1_668' title='bbox 1591 2256 1713 2282; x_wconf 88' lang='lat' dir='ltr'><strong>onmilms</strong></span> <span class='ocrx_word' id='word_1_669' title='bbox 1726 2255 1782 2283; x_wconf 81' lang='lat' dir='ltr'><strong>fere</strong></span> <span class='ocrx_word' id='word_1_670' title='bbox 1796 2264 1861 2283; x_wconf 88' lang='lat' dir='ltr'><strong>con-</strong></span> 
     </span>
    </p>
   </div>
   <div class='ocr_carea' id='block_1_109' title="bbox 1069 2301 1860 2337">
    <p class='ocr_par' dir='ltr' id='par_1_109' title="bbox 1069 2301 1860 2337">
     <span class='ocr_line' id='line_1_109' title="bbox 1069 2301 1860 2337; baseline -0.001 -8"><span class='ocrx_word' id='word_1_671' title='bbox 1069 2302 1186 2330; x_wconf 85' lang='lat' dir='ltr'><strong>sentiunt</strong></span> <span class='ocrx_word' id='word_1_672' title='bbox 1210 2311 1216 2328; x_wconf 93' lang='lat'>:</span> <span class='ocrx_word' id='word_1_673' title='bbox 1239 2302 1266 2328; x_wconf 90' lang='lat' dir='ltr'><strong>in</strong></span> <span class='ocrx_word' id='word_1_674' title='bbox 1289 2302 1447 2337; x_wconf 88' lang='lat' dir='ltr'><strong>quibusdam</strong></span> <span class='ocrx_word' id='word_1_675' title='bbox 1469 2301 1540 2328; x_wconf 88' lang='lat' dir='ltr'><strong>enim</strong></span> <span class='ocrx_word' id='word_1_676' title='bbox 1566 2301 1645 2328; x_wconf 87' lang='lat' dir='ltr'><strong>ctiatn</strong></span> <span class='ocrx_word' id='word_1_677' title='bbox 1672 2301 1780 2328; x_wconf 72' lang='lat' dir='ltr'><strong>I’alladri</strong></span> <span class='ocrx_word' id='word_1_678' title='bbox 1806 2309 1860 2328; x_wconf 57' lang='lat' dir='ltr'><strong>a‘vc</strong></span> 
     </span>
    </p>
   </div>
   <div class='ocr_carea' id='block_1_110' title="bbox 1068 2347 1862 2381">
    <p class='ocr_par' dir='ltr' id='par_1_110' title="bbox 1068 2347 1862 2381">
     <span class='ocr_line' id='line_1_110' title="bbox 1068 2347 1862 2381; baseline -0.003 -7"><span class='ocrx_word' id='word_1_679' title='bbox 1068 2348 1138 2374; x_wconf 88' lang='lat' dir='ltr'><strong>circa</strong></span> <span class='ocrx_word' id='word_1_680' title='bbox 1152 2354 1196 2374; x_wconf 83' lang='lat' dir='ltr'><strong>res</strong></span> <span class='ocrx_word' id='word_1_681' title='bbox 1210 2351 1237 2374; x_wconf 83' lang='lat' dir='ltr'><strong>et</strong></span> <span class='ocrx_word' id='word_1_682' title='bbox 1257 2352 1314 2374; x_wconf 89' lang='lat' dir='ltr'><strong>acta</strong></span> <span class='ocrx_word' id='word_1_683' title='bbox 1337 2347 1458 2381; x_wconf 73' lang='lat' dir='ltr'><strong>qua‘dam</strong></span> <span class='ocrx_word' id='word_1_684' title='bbox 1472 2347 1552 2373; x_wconf 76' lang='lat' dir='ltr'><strong>varia:</strong></span> <span class='ocrx_word' id='word_1_685' title='bbox 1572 2351 1648 2373; x_wconf 84' lang='lat' dir='ltr'><strong>erant</strong></span> <span class='ocrx_word' id='word_1_686' title='bbox 1669 2347 1818 2381; x_wconf 83' lang='lat' dir='ltr'><strong>opiniones,</strong></span> <span class='ocrx_word' id='word_1_687' title='bbox 1836 2351 1862 2372; x_wconf 92' lang='lat' dir='ltr'><strong>nt</strong></span> 
     </span>
    </p>
   </div>
   <div class='ocr_carea' id='block_1_111' title="bbox 1069 2392 1863 2428">
    <p class='ocr_par' dir='ltr' id='par_1_111' title="bbox 1069 2392 1863 2428">
     <span class='ocr_line' id='line_1_111' title="bbox 1069 2392 1863 2428; baseline 0 -8"><span class='ocrx_word' id='word_1_688' title='bbox 1069 2393 1095 2420; x_wconf 91' lang='lat' dir='ltr'><strong>in</strong></span> <span class='ocrx_word' id='word_1_689' title='bbox 1117 2393 1289 2428; x_wconf 90' lang='lat' dir='ltr'><strong>sequentibus</strong></span> <span class='ocrx_word' id='word_1_690' title='bbox 1310 2393 1452 2420; x_wconf 89' lang='lat' dir='ltr'><strong>videbitur.</strong></span> <span class='ocrx_word' id='word_1_691' title='bbox 1479 2394 1606 2420; x_wconf 82' lang='lat' dir='ltr'><strong>Actorum</strong></span> <span class='ocrx_word' id='word_1_692' title='bbox 1630 2393 1710 2419; x_wconf 89' lang='lat' dir='ltr'><strong>etiam</strong></span> <span class='ocrx_word' id='word_1_693' title='bbox 1732 2401 1746 2418; x_wconf 94' lang='lat' dir='ltr'><strong>a</strong></span> <span class='ocrx_word' id='word_1_694' title='bbox 1768 2392 1863 2420; x_wconf 83' lang='lat' dir='ltr'><strong>Photio</strong></span> 
     </span>
    </p>
   </div>
   <div class='ocr_carea' id='block_1_112' title="bbox 1069 2438 1862 2473">
    <p class='ocr_par' dir='ltr' id='par_1_112' title="bbox 1069 2438 1862 2473">
     <span class='ocr_line' id='line_1_112' title="bbox 1069 2438 1862 2473; baseline 0 -7"><span class='ocrx_word' id='word_1_695' title='bbox 1069 2439 1264 2473; x_wconf 88' lang='lat' dir='ltr'><strong>descriptorutn</strong></span> <span class='ocrx_word' id='word_1_696' title='bbox 1279 2439 1418 2466; x_wconf 89' lang='lat' dir='ltr'><strong>veritatem</strong></span> <span class='ocrx_word' id='word_1_697' title='bbox 1442 2439 1538 2473; x_wconf 89' lang='lat' dir='ltr'><strong>probat</strong></span> <span class='ocrx_word' id='word_1_698' title='bbox 1552 2439 1685 2466; x_wconf 83' lang='lat' dir='ltr'><strong>accusatio</strong></span> <span class='ocrx_word' id='word_1_699' title='bbox 1701 2438 1744 2465; x_wconf 69' lang='lat' dir='ltr'><strong>illa</strong></span> <span class='ocrx_word' id='word_1_700' title='bbox 1759 2439 1862 2473; x_wconf 83' lang='lat' dir='ltr'><strong>quinta.</strong></span> 
     </span>
    </p>
   </div>
   <div class='ocr_carea' id='block_1_113' title="bbox 1069 2484 1864 2519">
    <p class='ocr_par' dir='ltr' id='par_1_113' title="bbox 1069 2484 1864 2519">
     <span class='ocr_line' id='line_1_113' title="bbox 1069 2484 1864 2519; baseline -0.001 -8"><span class='ocrx_word' id='word_1_701' title='bbox 1069 2492 1120 2519; x_wconf 89' lang='lat' dir='ltr'><strong>qua</strong></span> <span class='ocrx_word' id='word_1_702' title='bbox 1131 2484 1228 2512; x_wconf 90' lang='lat' dir='ltr'><strong>dicitur</strong></span> <span class='ocrx_word' id='word_1_703' title='bbox 1245 2485 1270 2511; x_wconf 92' lang='lat' dir='ltr'><strong>in</strong></span> <span class='ocrx_word' id='word_1_704' title='bbox 1285 2485 1414 2512; x_wconf 88' lang='lat' dir='ltr'><strong>concione</strong></span> <span class='ocrx_word' id='word_1_705' title='bbox 1430 2484 1543 2519; x_wconf 88' lang='lat' dir='ltr'><strong>quadam</strong></span> <span class='ocrx_word' id='word_1_706' title='bbox 1558 2484 1608 2511; x_wconf 89' lang='lat' dir='ltr'><strong>hoc</strong></span> <span class='ocrx_word' id='word_1_707' title='bbox 1626 2484 1777 2519; x_wconf 76' lang='lat' dir='ltr'><strong>protulisse.</strong></span> <span class='ocrx_word' id='word_1_708' title='bbox 1795 2485 1864 2511; x_wconf 82' lang='lat' dir='ltr'><strong>insa-</strong></span> 
     </span>
    </p>
   </div>
   <div class='ocr_carea' id='block_1_114' title="bbox 1069 2529 1863 2564">
    <p class='ocr_par' dir='ltr' id='par_1_114' title="bbox 1069 2529 1863 2564">
     <span class='ocr_line' id='line_1_114' title="bbox 1069 2529 1863 2564; baseline 0 -7"><span class='ocrx_word' id='word_1_709' title='bbox 1069 2531 1120 2557; x_wconf 86' lang='lat' dir='ltr'><strong>nia.</strong></span> <span class='ocrx_word' id='word_1_710' title='bbox 1144 2532 1209 2563; x_wconf 73' lang='lat' dir='ltr'><strong>Qua:</strong></span> <span class='ocrx_word' id='word_1_711' title='bbox 1223 2538 1273 2557; x_wconf 89' lang='lat' dir='ltr'><strong>vox</strong></span> <span class='ocrx_word' id='word_1_712' title='bbox 1297 2530 1408 2558; x_wconf 88' lang='lat' dir='ltr'><strong>habetur</strong></span> <span class='ocrx_word' id='word_1_713' title='bbox 1421 2530 1495 2557; x_wconf 87' lang='lat' dir='ltr'><strong>initio</strong></span> <span class='ocrx_word' id='word_1_714' title='bbox 1509 2530 1655 2562; x_wconf 89' lang='lat' dir='ltr'><strong>coneionis,</strong></span> <span class='ocrx_word' id='word_1_715' title='bbox 1671 2537 1749 2564; x_wconf 89' lang='lat' dir='ltr'><strong>quam</strong></span> <span class='ocrx_word' id='word_1_716' title='bbox 1773 2529 1863 2557; x_wconf 84' lang='lat' dir='ltr'><strong>habuit</strong></span> 
     </span>
    </p>
   </div>
   <div class='ocr_carea' id='block_1_115' title="bbox 1070 2574 1862 2610">
    <p class='ocr_par' dir='ltr' id='par_1_115' title="bbox 1070 2574 1862 2610">
     <span class='ocr_line' id='line_1_115' title="bbox 1070 2574 1862 2610; baseline 0 -8"><span class='ocrx_word' id='word_1_717' title='bbox 1070 2575 1189 2602; x_wconf 56' lang='lat' dir='ltr'><strong>I‘Zttdoxia</strong></span> <span class='ocrx_word' id='word_1_718' title='bbox 1212 2577 1330 2610; x_wconf 76' lang='lat' dir='ltr'><strong>Angusta</strong></span> <span class='ocrx_word' id='word_1_719' title='bbox 1354 2580 1494 2610; x_wconf 71' lang='lat' dir='ltr'><strong>przesente,</strong></span> <span class='ocrx_word' id='word_1_720' title='bbox 1516 2583 1594 2610; x_wconf 87' lang='lat' dir='ltr'><strong>quant</strong></span> <span class='ocrx_word' id='word_1_721' title='bbox 1614 2574 1771 2602; x_wconf 88' lang='lat' dir='ltr'><strong>concionem</strong></span> <span class='ocrx_word' id='word_1_722' title='bbox 1795 2583 1862 2602; x_wconf 83' lang='lat' dir='ltr'><strong>nunc</strong></span> 
     </span>
    </p>
   </div>
   <div class='ocr_carea' id='block_1_116' title="bbox 1069 2620 1441 2656">
    <p class='ocr_par' dir='ltr' id='par_1_116' title="bbox 1069 2620 1441 2656">
     <span class='ocr_line' id='line_1_116' title="bbox 1069 2620 1441 2656; baseline 0 -10"><span class='ocrx_word' id='word_1_723' title='bbox 1069 2621 1184 2656; x_wconf 87' lang='lat' dir='ltr'><strong>primum</strong></span> <span class='ocrx_word' id='word_1_724' title='bbox 1198 2621 1327 2648; x_wconf 86' lang='lat' dir='ltr'><strong>edidimus</strong></span> <span class='ocrx_word' id='word_1_725' title='bbox 1340 2621 1371 2648; x_wconf 89' lang='lat' dir='ltr'><strong>T.</strong></span> <span class='ocrx_word' id='word_1_726' title='bbox 1386 2620 1441 2647; x_wconf 78' lang='lat' dir='ltr'><strong>XII.</strong></span> 
     </span>
    </p>
   </div>
   <div class='ocr_carea' id='block_1_117' title="bbox 1105 2665 1862 2702">
    <p class='ocr_par' dir='ltr' id='par_1_117' title="bbox 1105 2665 1862 2702">
     <span class='ocr_line' id='line_1_117' title="bbox 1105 2665 1862 2702; baseline -0.001 -8"><span class='ocrx_word' id='word_1_727' title='bbox 1105 2667 1145 2694; x_wconf 89' lang='lat' dir='ltr'><strong>Ex</strong></span> <span class='ocrx_word' id='word_1_728' title='bbox 1159 2667 1224 2694; x_wconf 86' lang='lat' dir='ltr'><strong>actis</strong></span> <span class='ocrx_word' id='word_1_729' title='bbox 1239 2667 1302 2702; x_wconf 87' lang='lat' dir='ltr'><strong>ipsis</strong></span> <span class='ocrx_word' id='word_1_730' title='bbox 1325 2670 1458 2694; x_wconf 87' lang='lat' dir='ltr'><strong>mutuatus</strong></span> <span class='ocrx_word' id='word_1_731' title='bbox 1480 2667 1588 2694; x_wconf 86' lang='lat' dir='ltr'><strong>Pltotius</strong></span> <span class='ocrx_word' id='word_1_732' title='bbox 1611 2666 1752 2701; x_wconf 88' lang='lat' dir='ltr'><strong>episcopos</strong></span> <span class='ocrx_word' id='word_1_733' title='bbox 1775 2665 1862 2702; x_wconf 78' lang='lat' dir='ltr'><strong>Syno-</strong></span> 
     </span>
    </p>
   </div>
   <div class='ocr_carea' id='block_1_118' title="bbox 1069 2713 1862 2747">
    <p class='ocr_par' dir='ltr' id='par_1_118' title="bbox 1069 2713 1862 2747">
     <span class='ocr_line' id='line_1_118' title="bbox 1069 2713 1862 2747; baseline 0 -7"><span class='ocrx_word' id='word_1_734' title='bbox 1069 2713 1132 2740; x_wconf 94' lang='lat' dir='ltr'><strong>dum</strong></span> <span class='ocrx_word' id='word_1_735' title='bbox 1147 2713 1218 2740; x_wconf 90' lang='lat' dir='ltr'><strong>illam</strong></span> <span class='ocrx_word' id='word_1_736' title='bbox 1233 2713 1424 2740; x_wconf 87' lang='lat' dir='ltr'><strong>constituentes</strong></span> <span class='ocrx_word' id='word_1_737' title='bbox 1437 2713 1609 2747; x_wconf 81' lang='lat' dir='ltr'><strong>quadraginta</strong></span> <span class='ocrx_word' id='word_1_738' title='bbox 1624 2713 1741 2747; x_wconf 90' lang='lat' dir='ltr'><strong>quinque</strong></span> <span class='ocrx_word' id='word_1_739' title='bbox 1753 2719 1862 2740; x_wconf 80' lang='lat' dir='ltr'><strong>numera</strong></span> 
     </span>
    </p>
   </div>
   <div class='ocr_carea' id='block_1_119' title="bbox 1070 2758 1861 2793">
    <p class='ocr_par' dir='ltr' id='par_1_119' title="bbox 1070 2758 1861 2793">
     <span class='ocr_line' id='line_1_119' title="bbox 1070 2758 1861 2793; baseline 0.001 -8"><span class='ocrx_word' id='word_1_740' title='bbox 1070 2759 1152 2786; x_wconf 82' lang='lat' dir='ltr'><strong>fuisse</strong></span> <span class='ocrx_word' id='word_1_741' title='bbox 1175 2759 1247 2786; x_wconf 89' lang='lat' dir='ltr'><strong>dicit.</strong></span> <span class='ocrx_word' id='word_1_742' title='bbox 1274 2758 1372 2786; x_wconf 90' lang='lat' dir='ltr'><strong>Verum</strong></span> <span class='ocrx_word' id='word_1_743' title='bbox 1396 2758 1463 2785; x_wconf 88' lang='lat' dir='ltr'><strong>lides</strong></span> <span class='ocrx_word' id='word_1_744' title='bbox 1488 2759 1575 2793; x_wconf 86' lang='lat' dir='ltr'><strong>potius</strong></span> <span class='ocrx_word' id='word_1_745' title='bbox 1604 2758 1722 2785; x_wconf 85' lang='lat' dir='ltr'><strong>habenda</strong></span> <span class='ocrx_word' id='word_1_746' title='bbox 1747 2758 1861 2786; x_wconf 85' lang='lat' dir='ltr'><strong>Palladio</strong></span> 
     </span>
    </p>
   </div>
   <div class='ocr_carea' id='block_1_120' title="bbox 1071 2802 1860 2840">
    <p class='ocr_par' dir='ltr' id='par_1_120' title="bbox 1071 2802 1860 2840">
     <span class='ocr_line' id='line_1_120' title="bbox 1071 2802 1860 2840; baseline 0 -10"><span class='ocrx_word' id='word_1_747' title='bbox 1071 2803 1187 2840; x_wconf 84' lang='lat' dir='ltr'><strong>(Pallad.</strong></span> <span class='ocrx_word' id='word_1_748' title='bbox 1203 2804 1298 2838; x_wconf 61' lang='grc' dir='ltr'>Μαι),</span> <span class='ocrx_word' id='word_1_749' title='bbox 1315 2804 1358 2838; x_wconf 91' lang='lat' dir='ltr'><strong>qui</strong></span> <span class='ocrx_word' id='word_1_750' title='bbox 1375 2804 1479 2839; x_wconf 80' lang='lat' dir='ltr'><strong>triginta</strong></span> <span class='ocrx_word' id='word_1_751' title='bbox 1490 2811 1536 2831; x_wconf 87' lang='lat' dir='ltr'><strong>sex</strong></span> <span class='ocrx_word' id='word_1_752' title='bbox 1550 2808 1650 2830; x_wconf 84' lang='lat' dir='ltr'><strong>tantum</strong></span> <span class='ocrx_word' id='word_1_753' title='bbox 1663 2802 1744 2830; x_wconf 78' lang='lat' dir='ltr'><strong>fuisse</strong></span> <span class='ocrx_word' id='word_1_754' title='bbox 1758 2810 1860 2830; x_wconf 60' lang='lat' dir='ltr'><strong>assere</strong></span> 
     </span>
    </p>
   </div>
   <div class='ocr_carea' id='block_1_121' title="bbox 1072 2849 1859 2884">
    <p class='ocr_par' dir='ltr' id='par_1_121' title="bbox 1072 2849 1859 2884">
     <span class='ocr_line' id='line_1_121' title="bbox 1072 2849 1859 2884; baseline -0.003 -8"><span class='ocrx_word' id='word_1_755' title='bbox 1072 2853 1130 2882; x_wconf 86' lang='lat' dir='ltr'><strong>rat;</strong></span> <span class='ocrx_word' id='word_1_756' title='bbox 1147 2850 1181 2876; x_wconf 88' lang='lat' dir='ltr'><strong>ita</strong></span> <span class='ocrx_word' id='word_1_757' title='bbox 1202 2853 1229 2875; x_wconf 89' lang='lat' dir='ltr'><strong>ut</strong></span> <span class='ocrx_word' id='word_1_758' title='bbox 1251 2850 1335 2883; x_wconf 89' lang='lat' dir='ltr'><strong>major</strong></span> <span class='ocrx_word' id='word_1_759' title='bbox 1357 2854 1418 2876; x_wconf 89' lang='lat' dir='ltr'><strong>tunc</strong></span> <span class='ocrx_word' id='word_1_760' title='bbox 1439 2849 1624 2884; x_wconf 83' lang='lat' dir='ltr'><strong>episcoporum</strong></span> <span class='ocrx_word' id='word_1_761' title='bbox 1649 2855 1776 2876; x_wconf 79' lang='lat' dir='ltr'><strong>numerus</strong></span> <span class='ocrx_word' id='word_1_762' title='bbox 1802 2855 1859 2876; x_wconf 88' lang='lat' dir='ltr'><strong>cum</strong></span> 
     </span>
    </p>
   </div>
  </div>
