  <div class='ocr_page' id='page_1' title='image "/cluster/home/n/w/nwhite01/storage/ocr_20150623/47-48/njp.32101077772612/200.png"; bbox 0 0 2032 3110; ppageno 0'>
   <div class='ocr_carea' id='block_1_1' title="bbox 173 167 219 196">
    <p class='ocr_par' dir='ltr' id='par_1_1' title="bbox 173 167 219 196">
     <span class='ocr_line' id='line_1_1' title="bbox 173 167 219 196; baseline 0.022 -1"><span class='ocrx_word' id='word_1_1' title='bbox 173 167 219 196; x_wconf 68' lang='grc'><strong>201</strong></span> 
     </span>
    </p>
   </div>
   <div class='ocr_carea' id='block_1_2' title="bbox 171 222 965 258">
    <p class='ocr_par' dir='ltr' id='par_1_2' title="bbox 171 222 965 258">
     <span class='ocr_line' id='line_1_2' title="bbox 171 222 965 258; baseline -0.009 -6"><span class='ocrx_word' id='word_1_2' title='bbox 171 226 274 253; x_wconf 77' lang='lat' dir='ltr'><strong>Joanne</strong></span> <span class='ocrx_word' id='word_1_3' title='bbox 293 227 365 251; x_wconf 76' lang='lat' dir='ltr'><strong>esset</strong></span> <span class='ocrx_word' id='word_1_4' title='bbox 379 232 385 250; x_wconf 88' lang='lat'><strong>:</strong></span> <span class='ocrx_word' id='word_1_5' title='bbox 401 231 462 250; x_wconf 92' lang='lat' dir='ltr'><strong>nam</strong></span> <span class='ocrx_word' id='word_1_6' title='bbox 483 222 655 258; x_wconf 77' lang='lat' dir='ltr'><strong>quadraginta</strong></span> <span class='ocrx_word' id='word_1_7' title='bbox 678 228 789 248; x_wconf 84' lang='lat' dir='ltr'><strong>numero</strong></span> <span class='ocrx_word' id='word_1_8' title='bbox 805 224 880 247; x_wconf 87' lang='lat' dir='ltr'><strong>erant</strong></span> <span class='ocrx_word' id='word_1_9' title='bbox 899 227 965 245; x_wconf 88' lang='lat' dir='ltr'><strong>cou-</strong></span> 
     </span>
    </p>
   </div>
   <div class='ocr_carea' id='block_1_3' title="bbox 171 265 966 305">
    <p class='ocr_par' dir='ltr' id='par_1_3' title="bbox 171 265 966 305">
     <span class='ocr_line' id='line_1_3' title="bbox 171 265 966 305; baseline -0.006 -9"><span class='ocrx_word' id='word_1_10' title='bbox 171 269 288 305; x_wconf 75' lang='lat' dir='ltr'><strong>gregati;</strong></span> <span class='ocrx_word' id='word_1_11' title='bbox 300 270 345 304; x_wconf 86' lang='lat' dir='ltr'><strong>qui</strong></span> <span class='ocrx_word' id='word_1_12' title='bbox 360 270 490 296; x_wconf 87' lang='lat' dir='ltr'><strong>adversus</strong></span> <span class='ocrx_word' id='word_1_13' title='bbox 497 267 672 301; x_wconf 88' lang='lat' dir='ltr'><strong>Theophilum</strong></span> <span class='ocrx_word' id='word_1_14' title='bbox 686 265 851 300; x_wconf 79' lang='lat' dir='ltr'><strong>septuaginta</strong></span> <span class='ocrx_word' id='word_1_15' title='bbox 863 265 966 292; x_wconf 81' lang='lat' dir='ltr'><strong>libellos</strong></span> 
     </span>
    </p>
   </div>
   <div class='ocr_carea' id='block_1_4' title="bbox 41 309 965 364">
    <p class='ocr_par' dir='ltr' id='par_1_4' title="bbox 41 309 965 364">
     <span class='ocr_line' id='line_1_4' title="bbox 41 309 965 364; baseline -0.009 -20"><span class='ocrx_word' id='word_1_16' title='bbox 41 313 44 364; x_wconf 58' lang='grc' dir='ltr'><strong>Ι</strong></span> <span class='ocrx_word' id='word_1_17' title='bbox 161 309 325 364; x_wconf 63' lang='grc' dir='ltr'>μιεὺεικιιιι,</span> <span class='ocrx_word' id='word_1_18' title='bbox 352 314 488 348; x_wconf 80' lang='lat' dir='ltr'><strong>manifesta</strong></span> <span class='ocrx_word' id='word_1_19' title='bbox 512 312 613 348; x_wconf 85' lang='lat' dir='ltr'><strong>piacula</strong></span> <span class='ocrx_word' id='word_1_20' title='bbox 647 311 813 361; x_wconf 72' lang='lat' dir='ltr'><strong>continentes</strong></span> <span class='ocrx_word' id='word_1_21' title='bbox 836 309 965 345; x_wconf 80' lang='lat' dir='ltr'><strong>(Pallad.</strong></span> 
     </span>
    </p>
   </div>
   <div class='ocr_carea' id='block_1_5' title="bbox 161 355 964 396">
    <p class='ocr_par' dir='ltr' id='par_1_5' title="bbox 161 355 964 396">
     <span class='ocr_line' id='line_1_5' title="bbox 161 355 964 396; baseline -0.009 -9"><span class='ocrx_word' id='word_1_22' title='bbox 161 355 298 396; x_wconf 49' lang='lat' dir='ltr'><strong>l0ialog.).</strong></span> <span class='ocrx_word' id='word_1_23' title='bbox 316 360 382 387; x_wconf 94' lang='lat' dir='ltr'><strong>Dum</strong></span> <span class='ocrx_word' id='word_1_24' title='bbox 404 359 441 386; x_wconf 85' lang='lat' dir='ltr'><strong>illi</strong></span> <span class='ocrx_word' id='word_1_25' title='bbox 464 358 497 385; x_wconf 83' lang='lat' dir='ltr'><strong>de</strong></span> <span class='ocrx_word' id='word_1_26' title='bbox 510 358 590 386; x_wconf 84' lang='lat' dir='ltr'><strong>rebus</strong></span> <span class='ocrx_word' id='word_1_27' title='bbox 606 356 792 384; x_wconf 75' lang='lat' dir='ltr'><strong>ecclesiasticis</strong></span> <span class='ocrx_word' id='word_1_28' title='bbox 816 363 964 382; x_wconf 81' lang='lat' dir='ltr'><strong>sermonem</strong></span> 
     </span>
    </p>
   </div>
   <div class='ocr_carea' id='block_1_6' title="bbox 159 390 965 437">
    <p class='ocr_par' dir='ltr' id='par_1_6' title="bbox 159 390 965 437">
     <span class='ocr_line' id='line_1_6' title="bbox 159 390 965 437; baseline -0.009 -4"><span class='ocrx_word' id='word_1_29' title='bbox 159 390 316 437; x_wconf 61' lang='lat' dir='ltr'><strong>1haberent,</strong></span> <span class='ocrx_word' id='word_1_30' title='bbox 329 405 478 432; x_wconf 89' lang='lat' dir='ltr'><strong>nuntiatum</strong></span> <span class='ocrx_word' id='word_1_31' title='bbox 492 408 533 431; x_wconf 85' lang='lat' dir='ltr'><strong>est</strong></span> <span class='ocrx_word' id='word_1_32' title='bbox 544 403 638 430; x_wconf 89' lang='lat' dir='ltr'><strong>adesse</strong></span> <span class='ocrx_word' id='word_1_33' title='bbox 650 402 719 437; x_wconf 88' lang='lat' dir='ltr'><strong>quia</strong></span> <span class='ocrx_word' id='word_1_34' title='bbox 732 401 879 436; x_wconf 88' lang='lat' dir='ltr'><strong>Theophilo</strong></span> <span class='ocrx_word' id='word_1_35' title='bbox 892 401 965 427; x_wconf 86' lang='lat' dir='ltr'><strong>missi</strong></span> 
     </span>
    </p>
   </div>
   <div class='ocr_carea' id='block_1_7' title="bbox 172 447 966 484">
    <p class='ocr_par' dir='ltr' id='par_1_7' title="bbox 172 447 966 484">
     <span class='ocr_line' id='line_1_7' title="bbox 172 447 966 484; baseline -0.008 -6"><span class='ocrx_word' id='word_1_36' title='bbox 172 455 277 482; x_wconf 84' lang='lat' dir='ltr'><strong>essent,</strong></span> <span class='ocrx_word' id='word_1_37' title='bbox 301 457 397 484; x_wconf 85' lang='lat' dir='ltr'><strong>nempe</strong></span> <span class='ocrx_word' id='word_1_38' title='bbox 419 450 573 476; x_wconf 89' lang='lat' dir='ltr'><strong>Dioscorum</strong></span> <span class='ocrx_word' id='word_1_39' title='bbox 598 453 625 475; x_wconf 88' lang='lat' dir='ltr'><strong>et</strong></span> <span class='ocrx_word' id='word_1_40' title='bbox 644 447 766 478; x_wconf 88' lang='lat' dir='ltr'><strong>Paulum,</strong></span> <span class='ocrx_word' id='word_1_41' title='bbox 789 447 833 481; x_wconf 89' lang='lat' dir='ltr'><strong>qui</strong></span> <span class='ocrx_word' id='word_1_42' title='bbox 855 454 966 480; x_wconf 89' lang='lat' dir='ltr'><strong>nupere</strong></span> 
     </span>
    </p>
   </div>
   <div class='ocr_carea' id='block_1_8' title="bbox 173 493 965 532">
    <p class='ocr_par' dir='ltr' id='par_1_8' title="bbox 173 493 965 532">
     <span class='ocr_line' id='line_1_8' title="bbox 173 493 965 532; baseline -0.006 -9"><span class='ocrx_word' id='word_1_43' title='bbox 173 496 254 532; x_wconf 84' lang='lat' dir='ltr'><strong>Libya</strong></span> <span class='ocrx_word' id='word_1_44' title='bbox 268 496 382 523; x_wconf 89' lang='lat' dir='ltr'><strong>ordinati</strong></span> <span class='ocrx_word' id='word_1_45' title='bbox 401 495 514 522; x_wconf 83' lang='lat' dir='ltr'><strong>fuerant.</strong></span> <span class='ocrx_word' id='word_1_46' title='bbox 527 495 643 522; x_wconf 81' lang='lat' dir='ltr'><strong>J&#39;uvcnes</strong></span> <span class='ocrx_word' id='word_1_47' title='bbox 655 494 729 529; x_wconf 90' lang='lat' dir='ltr'><strong>jubet</strong></span> <span class='ocrx_word' id='word_1_48' title='bbox 740 494 784 521; x_wconf 86' lang='lat' dir='ltr'><strong>ille</strong></span> <span class='ocrx_word' id='word_1_49' title='bbox 798 494 906 520; x_wconf 88' lang='lat' dir='ltr'><strong>intrare.</strong></span> <span class='ocrx_word' id='word_1_50' title='bbox 922 493 965 519; x_wconf 89' lang='lat' dir='ltr'><strong>ln-</strong></span> 
     </span>
    </p>
   </div>
   <div class='ocr_carea' id='block_1_9' title="bbox 172 539 962 577">
    <p class='ocr_par' dir='ltr' id='par_1_9' title="bbox 172 539 962 577">
     <span class='ocr_line' id='line_1_9' title="bbox 172 539 962 577; baseline -0.005 -7"><span class='ocrx_word' id='word_1_51' title='bbox 172 543 254 577; x_wconf 61' lang='grc' dir='ltr'><strong>ἕωςδί</strong></span> <span class='ocrx_word' id='word_1_52' title='bbox 264 543 299 569; x_wconf 91' lang='lat' dir='ltr'><strong>illi</strong></span> <span class='ocrx_word' id='word_1_53' title='bbox 311 541 452 569; x_wconf 83' lang='lat' dir='ltr'><strong>Schedulas</strong></span> <span class='ocrx_word' id='word_1_54' title='bbox 464 540 610 575; x_wconf 82' lang='lat' dir='ltr'><strong>proferunt,</strong></span> <span class='ocrx_word' id='word_1_55' title='bbox 618 548 684 575; x_wconf 87' lang='lat' dir='ltr'><strong>quas</strong></span> <span class='ocrx_word' id='word_1_56' title='bbox 692 539 893 567; x_wconf 88' lang='lat' dir='ltr'><strong>voluitJoannes</strong></span> <span class='ocrx_word' id='word_1_57' title='bbox 902 539 962 574; x_wconf 68' lang='lat' dir='ltr'><strong>legi.</strong></span> 
     </span>
    </p>
   </div>
   <div class='ocr_carea' id='block_1_10' title="bbox 173 585 959 622">
    <p class='ocr_par' dir='ltr' id='par_1_10' title="bbox 173 585 959 622">
     <span class='ocr_line' id='line_1_10' title="bbox 173 585 959 622; baseline -0.006 -7"><span class='ocrx_word' id='word_1_58' title='bbox 173 588 244 615; x_wconf 85' lang='lat' dir='ltr'><strong>Tunc</strong></span> <span class='ocrx_word' id='word_1_59' title='bbox 258 588 352 622; x_wconf 81' lang='lat' dir='ltr'><strong>jubent</strong></span> <span class='ocrx_word' id='word_1_60' title='bbox 372 587 409 614; x_wconf 89' lang='lat' dir='ltr'><strong>illi</strong></span> <span class='ocrx_word' id='word_1_61' title='bbox 431 586 569 620; x_wconf 84' lang='lat' dir='ltr'><strong>Theophili</strong></span> <span class='ocrx_word' id='word_1_62' title='bbox 591 593 701 621; x_wconf 88' lang='lat' dir='ltr'><strong>puerum</strong></span> <span class='ocrx_word' id='word_1_63' title='bbox 725 585 828 619; x_wconf 76' lang='lat' dir='ltr'><strong>legere;</strong></span> <span class='ocrx_word' id='word_1_64' title='bbox 843 585 900 612; x_wconf 71' lang='lat' dir='ltr'><strong>lucc</strong></span> <span class='ocrx_word' id='word_1_65' title='bbox 915 592 959 611; x_wconf 89' lang='lat' dir='ltr'><strong>au-</strong></span> 
     </span>
    </p>
   </div>
   <div class='ocr_carea' id='block_1_11' title="bbox 172 630 965 663">
    <p class='ocr_par' dir='ltr' id='par_1_11' title="bbox 172 630 965 663">
     <span class='ocr_line' id='line_1_11' title="bbox 172 630 965 663; baseline -0.006 -3"><span class='ocrx_word' id='word_1_66' title='bbox 172 638 223 660; x_wconf 90' lang='lat' dir='ltr'><strong>tem</strong></span> <span class='ocrx_word' id='word_1_67' title='bbox 238 634 264 659; x_wconf 94' lang='lat' dir='ltr'><strong>in</strong></span> <span class='ocrx_word' id='word_1_68' title='bbox 277 631 385 660; x_wconf 83' lang='lat' dir='ltr'><strong>schedis</strong></span> <span class='ocrx_word' id='word_1_69' title='bbox 400 631 553 659; x_wconf 82' lang='lat' dir='ltr'><strong>ferebantur</strong></span> <span class='ocrx_word' id='word_1_70' title='bbox 567 640 574 657; x_wconf 91' lang='lat'><strong>:</strong></span> <span class='ocrx_word' id='word_1_71' title='bbox 591 631 686 658; x_wconf 86' lang='lat' dir='ltr'><strong>Sancta</strong></span> <span class='ocrx_word' id='word_1_72' title='bbox 702 630 821 662; x_wconf 76' lang='lat' dir='ltr'><strong>Synodus</strong></span> <span class='ocrx_word' id='word_1_73' title='bbox 834 630 868 656; x_wconf 87' lang='lat' dir='ltr'><strong>ad</strong></span> <span class='ocrx_word' id='word_1_74' title='bbox 884 630 965 663; x_wconf 79' lang='lat' dir='ltr'><strong>Quer-</strong></span> 
     </span>
    </p>
   </div>
   <div class='ocr_carea' id='block_1_12' title="bbox 171 676 965 713">
    <p class='ocr_par' dir='ltr' id='par_1_12' title="bbox 171 676 965 713">
     <span class='ocr_line' id='line_1_12' title="bbox 171 676 965 713; baseline -0.003 -9"><span class='ocrx_word' id='word_1_75' title='bbox 171 687 225 704; x_wconf 77' lang='lat' dir='ltr'><strong>cum</strong></span> <span class='ocrx_word' id='word_1_76' title='bbox 240 682 403 713; x_wconf 78' lang='lat' dir='ltr'><strong>congregata.</strong></span> <span class='ocrx_word' id='word_1_77' title='bbox 418 677 529 704; x_wconf 77' lang='lat' dir='ltr'><strong>Libellos</strong></span> <span class='ocrx_word' id='word_1_78' title='bbox 543 677 684 711; x_wconf 80' lang='lat' dir='ltr'><strong>accepimus</strong></span> <span class='ocrx_word' id='word_1_79' title='bbox 706 676 836 703; x_wconf 80' lang='lat' dir='ltr'><strong>adversum</strong></span> <span class='ocrx_word' id='word_1_80' title='bbox 857 682 889 706; x_wconf 80' lang='lat' dir='ltr'><strong>te.</strong></span> <span class='ocrx_word' id='word_1_81' title='bbox 906 676 965 709; x_wconf 81' lang='lat' dir='ltr'><strong>infi-</strong></span> 
     </span>
    </p>
   </div>
   <div class='ocr_carea' id='block_1_13' title="bbox 170 722 964 756">
    <p class='ocr_par' dir='ltr' id='par_1_13' title="bbox 170 722 964 756">
     <span class='ocr_line' id='line_1_13' title="bbox 170 722 964 756; baseline -0.004 -6"><span class='ocrx_word' id='word_1_82' title='bbox 170 725 222 750; x_wconf 84' lang='lat' dir='ltr'><strong>nita</strong></span> <span class='ocrx_word' id='word_1_83' title='bbox 240 724 346 750; x_wconf 79' lang='lat' dir='ltr'><strong>crimina</strong></span> <span class='ocrx_word' id='word_1_84' title='bbox 363 724 525 750; x_wconf 75' lang='lat' dir='ltr'><strong>continentes.</strong></span> <span class='ocrx_word' id='word_1_85' title='bbox 541 722 630 748; x_wconf 75' lang='lat' dir='ltr'><strong>Adesto</strong></span> <span class='ocrx_word' id='word_1_86' title='bbox 643 722 728 756; x_wconf 82' lang='lat' dir='ltr'><strong>igitur,</strong></span> <span class='ocrx_word' id='word_1_87' title='bbox 745 727 824 748; x_wconf 82' lang='lat' dir='ltr'><strong>tecum</strong></span> <span class='ocrx_word' id='word_1_88' title='bbox 837 722 964 748; x_wconf 72' lang='lat' dir='ltr'><strong>adducens</strong></span> 
     </span>
    </p>
   </div>
   <div class='ocr_carea' id='block_1_14' title="bbox 171 768 962 804">
    <p class='ocr_par' dir='ltr' id='par_1_14' title="bbox 171 768 962 804">
     <span class='ocr_line' id='line_1_14' title="bbox 171 768 962 804; baseline -0.004 -8"><span class='ocrx_word' id='word_1_89' title='bbox 171 769 334 804; x_wconf 78' lang='lat' dir='ltr'><strong>Serapionem</strong></span> <span class='ocrx_word' id='word_1_90' title='bbox 357 774 380 796; x_wconf 85' lang='lat' dir='ltr'><strong>et</strong></span> <span class='ocrx_word' id='word_1_91' title='bbox 402 768 514 804; x_wconf 83' lang='lat' dir='ltr'><strong>Tigrium</strong></span> <span class='ocrx_word' id='word_1_92' title='bbox 538 768 693 803; x_wconf 81' lang='lat' dir='ltr'><strong>presbyteros</strong></span> <span class='ocrx_word' id='word_1_93' title='bbox 715 776 724 794; x_wconf 97' lang='lat'><em>:</em></span> <span class='ocrx_word' id='word_1_94' title='bbox 747 769 778 794; x_wconf 84' lang='lat' dir='ltr'><strong>iis</strong></span> <span class='ocrx_word' id='word_1_95' title='bbox 808 769 873 794; x_wconf 87' lang='lat' dir='ltr'><strong>enim</strong></span> <span class='ocrx_word' id='word_1_96' title='bbox 900 776 962 802; x_wconf 80' lang='lat' dir='ltr'><strong>opus</strong></span> 
     </span>
    </p>
   </div>
   <div class='ocr_carea' id='block_1_15' title="bbox 168 821 213 841">
    <p class='ocr_par' dir='ltr' id='par_1_15' title="bbox 168 821 213 841">
     <span class='ocr_line' id='line_1_15' title="bbox 168 821 213 841; baseline -0.044 0"><span class='ocrx_word' id='word_1_97' title='bbox 168 821 213 841; x_wconf 70' lang='grc' dir='ltr'><strong>εει.</strong></span> 
     </span>
    </p>
   </div>
   <div class='ocr_carea' id='block_1_16' title="bbox 203 859 961 894">
    <p class='ocr_par' dir='ltr' id='par_1_16' title="bbox 203 859 961 894">
     <span class='ocr_line' id='line_1_16' title="bbox 203 859 961 894; baseline -0.004 -7"><span class='ocrx_word' id='word_1_98' title='bbox 203 860 328 891; x_wconf 71' lang='lat' dir='ltr'><strong>Joannes,</strong></span> <span class='ocrx_word' id='word_1_99' title='bbox 346 861 382 886; x_wconf 83' lang='lat' dir='ltr'><strong>uti</strong></span> <span class='ocrx_word' id='word_1_100' title='bbox 399 867 477 894; x_wconf 70' lang='lat' dir='ltr'><strong>supra</strong></span> <span class='ocrx_word' id='word_1_101' title='bbox 494 859 607 885; x_wconf 86' lang='lat' dir='ltr'><strong>diximus</strong></span> <span class='ocrx_word' id='word_1_102' title='bbox 621 879 628 891; x_wconf 90' lang='lat'><strong>,</strong></span> <span class='ocrx_word' id='word_1_103' title='bbox 647 867 675 886; x_wconf 87' lang='lat' dir='ltr'><strong>se</strong></span> <span class='ocrx_word' id='word_1_104' title='bbox 691 864 808 893; x_wconf 85' lang='lat' dir='ltr'><strong>paratum</strong></span> <span class='ocrx_word' id='word_1_105' title='bbox 825 866 882 886; x_wconf 84' lang='lat' dir='ltr'><strong>esse</strong></span> <span class='ocrx_word' id='word_1_106' title='bbox 898 866 961 892; x_wconf 88' lang='lat' dir='ltr'><strong>pro—</strong></span> 
     </span>
    </p>
   </div>
   <div class='ocr_carea' id='block_1_17' title="bbox 168 904 959 940">
    <p class='ocr_par' dir='ltr' id='par_1_17' title="bbox 168 904 959 940">
     <span class='ocr_line' id='line_1_17' title="bbox 168 904 959 940; baseline -0.003 -8"><span class='ocrx_word' id='word_1_107' title='bbox 168 906 253 933; x_wconf 75' lang='lat' dir='ltr'><strong>fessus</strong></span> <span class='ocrx_word' id='word_1_108' title='bbox 279 905 368 932; x_wconf 72' lang='lat' dir='ltr'><strong>fuerat</strong></span> <span class='ocrx_word' id='word_1_109' title='bbox 391 906 416 931; x_wconf 86' lang='lat' dir='ltr'><strong>in</strong></span> <span class='ocrx_word' id='word_1_110' title='bbox 443 905 550 940; x_wconf 70' lang='grc' dir='ltr'>Ξμιοᾱο</span> <span class='ocrx_word' id='word_1_111' title='bbox 575 904 608 931; x_wconf 86' lang='lat' dir='ltr'><strong>ad</strong></span> <span class='ocrx_word' id='word_1_112' title='bbox 633 904 765 937; x_wconf 87' lang='lat' dir='ltr'><strong>Quereum</strong></span> <span class='ocrx_word' id='word_1_113' title='bbox 790 912 959 938; x_wconf 89' lang='lat' dir='ltr'><strong>comparere,</strong></span> 
     </span>
    </p>
   </div>
   <div class='ocr_carea' id='block_1_18' title="bbox 167 949 961 984">
    <p class='ocr_par' dir='ltr' id='par_1_18' title="bbox 167 949 961 984">
     <span class='ocr_line' id='line_1_18' title="bbox 167 949 961 984; baseline -0.004 -6"><span class='ocrx_word' id='word_1_114' title='bbox 167 951 311 978; x_wconf 79' lang='lat' dir='ltr'><strong>dummodo</strong></span> <span class='ocrx_word' id='word_1_115' title='bbox 321 950 479 984; x_wconf 81' lang='lat' dir='ltr'><strong>cxjudicum</strong></span> <span class='ocrx_word' id='word_1_116' title='bbox 491 957 601 976; x_wconf 86' lang='lat' dir='ltr'><strong>numero</strong></span> <span class='ocrx_word' id='word_1_117' title='bbox 612 950 768 976; x_wconf 86' lang='lat' dir='ltr'><strong>tollerentur</strong></span> <span class='ocrx_word' id='word_1_118' title='bbox 779 949 805 981; x_wconf 87' lang='lat' dir='ltr'><strong>ii,</strong></span> <span class='ocrx_word' id='word_1_119' title='bbox 819 950 862 984; x_wconf 85' lang='lat' dir='ltr'><strong>qui</strong></span> <span class='ocrx_word' id='word_1_120' title='bbox 872 953 961 983; x_wconf 83' lang='lat' dir='ltr'><strong>aperte</strong></span> 
     </span>
    </p>
   </div>
   <div class='ocr_carea' id='block_1_19' title="bbox 168 994 958 1028">
    <p class='ocr_par' dir='ltr' id='par_1_19' title="bbox 168 994 958 1028">
     <span class='ocr_line' id='line_1_19' title="bbox 168 994 958 1028; baseline -0.001 -6"><span class='ocrx_word' id='word_1_121' title='bbox 168 996 264 1022; x_wconf 86' lang='lat' dir='ltr'><strong>inimici</strong></span> <span class='ocrx_word' id='word_1_122' title='bbox 287 996 327 1022; x_wconf 86' lang='lat' dir='ltr'><strong>sui</strong></span> <span class='ocrx_word' id='word_1_123' title='bbox 344 1000 421 1022; x_wconf 86' lang='lat' dir='ltr'><strong>erant</strong></span> <span class='ocrx_word' id='word_1_124' title='bbox 446 1004 453 1021; x_wconf 70' lang='grc' dir='ltr'><strong>ι</strong></span> <span class='ocrx_word' id='word_1_125' title='bbox 473 1002 568 1028; x_wconf 88' lang='lat' dir='ltr'><strong>nempe</strong></span> <span class='ocrx_word' id='word_1_126' title='bbox 588 994 761 1028; x_wconf 79' lang='lat' dir='ltr'><strong>Theophilus,</strong></span> <span class='ocrx_word' id='word_1_127' title='bbox 784 994 958 1026; x_wconf 70' lang='lat' dir='ltr'><strong>Severianus,</strong></span> 
     </span>
    </p>
   </div>
   <div class='ocr_carea' id='block_1_20' title="bbox 168 1041 958 1075">
    <p class='ocr_par' dir='ltr' id='par_1_20' title="bbox 168 1041 958 1075">
     <span class='ocr_line' id='line_1_20' title="bbox 168 1041 958 1075; baseline -0.004 -6"><span class='ocrx_word' id='word_1_128' title='bbox 168 1042 314 1069; x_wconf 71' lang='lat' dir='ltr'><strong>Antiochus</strong></span> <span class='ocrx_word' id='word_1_129' title='bbox 339 1047 367 1069; x_wconf 89' lang='lat' dir='ltr'><strong>et</strong></span> <span class='ocrx_word' id='word_1_130' title='bbox 391 1041 514 1068; x_wconf 79' lang='lat' dir='ltr'><strong>Aeacius.</strong></span> <span class='ocrx_word' id='word_1_131' title='bbox 543 1041 640 1068; x_wconf 87' lang='lat' dir='ltr'><strong>Verum</strong></span> <span class='ocrx_word' id='word_1_132' title='bbox 666 1041 782 1075; x_wconf 81' lang='lat' dir='ltr'><strong>episcopi</strong></span> <span class='ocrx_word' id='word_1_133' title='bbox 811 1045 873 1066; x_wconf 89' lang='lat' dir='ltr'><strong>tunc</strong></span> <span class='ocrx_word' id='word_1_134' title='bbox 899 1048 958 1066; x_wconf 83' lang='lat' dir='ltr'><strong>cum</strong></span> 
     </span>
    </p>
   </div>
   <div class='ocr_carea' id='block_1_21' title="bbox 169 1086 960 1123">
    <p class='ocr_par' dir='ltr' id='par_1_21' title="bbox 169 1086 960 1123">
     <span class='ocr_line' id='line_1_21' title="bbox 169 1086 960 1123; baseline -0.006 -7"><span class='ocrx_word' id='word_1_135' title='bbox 169 1089 269 1116; x_wconf 80' lang='lat' dir='ltr'><strong>Joanne</strong></span> <span class='ocrx_word' id='word_1_136' title='bbox 293 1088 514 1123; x_wconf 79' lang='lat' dir='ltr'><strong>congregati,tres</strong></span> <span class='ocrx_word' id='word_1_137' title='bbox 536 1087 673 1122; x_wconf 82' lang='lat' dir='ltr'><strong>episcopos</strong></span> <span class='ocrx_word' id='word_1_138' title='bbox 687 1086 815 1113; x_wconf 87' lang='lat' dir='ltr'><strong>miserunt</strong></span> <span class='ocrx_word' id='word_1_139' title='bbox 828 1086 859 1112; x_wconf 85' lang='lat' dir='ltr'><strong>ad</strong></span> <span class='ocrx_word' id='word_1_140' title='bbox 874 1086 960 1113; x_wconf 86' lang='lat' dir='ltr'><strong>Theo-</strong></span> 
     </span>
    </p>
   </div>
   <div class='ocr_carea' id='block_1_22' title="bbox 169 1131 957 1168">
    <p class='ocr_par' dir='ltr' id='par_1_22' title="bbox 169 1131 957 1168">
     <span class='ocr_line' id='line_1_22' title="bbox 169 1131 957 1168; baseline -0.005 -8"><span class='ocrx_word' id='word_1_141' title='bbox 169 1135 279 1168; x_wconf 91' lang='lat' dir='ltr'><strong>philum,</strong></span> <span class='ocrx_word' id='word_1_142' title='bbox 297 1141 391 1167; x_wconf 87' lang='lat' dir='ltr'><strong>nempe</strong></span> <span class='ocrx_word' id='word_1_143' title='bbox 407 1132 575 1167; x_wconf 88' lang='lat' dir='ltr'><strong>Lupicinum,</strong></span> <span class='ocrx_word' id='word_1_144' title='bbox 593 1132 754 1159; x_wconf 88' lang='lat' dir='ltr'><strong>Demetrium</strong></span> <span class='ocrx_word' id='word_1_145' title='bbox 769 1137 795 1158; x_wconf 88' lang='lat' dir='ltr'><strong>et</strong></span> <span class='ocrx_word' id='word_1_146' title='bbox 810 1131 957 1166; x_wconf 82' lang='lat' dir='ltr'><strong>Eulysium,</strong></span> 
     </span>
    </p>
   </div>
   <div class='ocr_carea' id='block_1_23' title="bbox 169 1176 958 1214">
    <p class='ocr_par' dir='ltr' id='par_1_23' title="bbox 169 1176 958 1214">
     <span class='ocr_line' id='line_1_23' title="bbox 169 1176 958 1214; baseline -0.005 -8"><span class='ocrx_word' id='word_1_147' title='bbox 169 1180 390 1214; x_wconf 79' lang='lat' dir='ltr'><strong>presbyterosque</strong></span> <span class='ocrx_word' id='word_1_148' title='bbox 411 1179 495 1209; x_wconf 82' lang='lat' dir='ltr'><strong>duos,</strong></span> <span class='ocrx_word' id='word_1_149' title='bbox 520 1177 680 1205; x_wconf 85' lang='lat' dir='ltr'><strong>Germanum</strong></span> <span class='ocrx_word' id='word_1_150' title='bbox 704 1183 784 1212; x_wconf 88' lang='lat' dir='ltr'><strong>atque</strong></span> <span class='ocrx_word' id='word_1_151' title='bbox 810 1176 936 1204; x_wconf 87' lang='lat' dir='ltr'><strong>Severum</strong></span> <span class='ocrx_word' id='word_1_152' title='bbox 950 1197 958 1208; x_wconf 81' lang='grc'>,</span> 
     </span>
    </p>
   </div>
   <div class='ocr_carea' id='block_1_24' title="bbox 171 1222 957 1258">
    <p class='ocr_par' dir='ltr' id='par_1_24' title="bbox 171 1222 957 1258">
     <span class='ocr_line' id='line_1_24' title="bbox 171 1222 957 1258; baseline -0.001 -9"><span class='ocrx_word' id='word_1_153' title='bbox 171 1225 243 1251; x_wconf 78' lang='lat' dir='ltr'><strong>viros</strong></span> <span class='ocrx_word' id='word_1_154' title='bbox 257 1230 359 1251; x_wconf 87' lang='lat' dir='ltr'><strong>sanctos</strong></span> <span class='ocrx_word' id='word_1_155' title='bbox 369 1229 396 1251; x_wconf 88' lang='lat' dir='ltr'><strong>et</strong></span> <span class='ocrx_word' id='word_1_156' title='bbox 417 1223 468 1250; x_wconf 73' lang='lat' dir='ltr'><strong>tide</strong></span> <span class='ocrx_word' id='word_1_157' title='bbox 481 1223 585 1258; x_wconf 76' lang='lat' dir='ltr'><strong>dignos,</strong></span> <span class='ocrx_word' id='word_1_158' title='bbox 600 1223 644 1258; x_wconf 92' lang='lat' dir='ltr'><strong>qui</strong></span> <span class='ocrx_word' id='word_1_159' title='bbox 659 1223 807 1257; x_wconf 84' lang='lat' dir='ltr'><strong>Theoplnlo</strong></span> <span class='ocrx_word' id='word_1_160' title='bbox 820 1222 957 1249; x_wconf 79' lang='lat' dir='ltr'><strong>dicereut:</strong></span> 
     </span>
    </p>
   </div>
   <div class='ocr_carea' id='block_1_25' title="bbox 167 1266 957 1299">
    <p class='ocr_par' dir='ltr' id='par_1_25' title="bbox 167 1266 957 1299">
     <span class='ocr_line' id='line_1_25' title="bbox 167 1266 957 1299; baseline -0.004 -4"><span class='ocrx_word' id='word_1_161' title='bbox 167 1269 231 1296; x_wconf 69' lang='lat' dir='ltr'><strong>Noli</strong></span> <span class='ocrx_word' id='word_1_162' title='bbox 246 1278 285 1296; x_wconf 85' lang='lat' dir='ltr'><strong>res</strong></span> <span class='ocrx_word' id='word_1_163' title='bbox 299 1268 418 1296; x_wconf 59' lang='lat' dir='ltr'><strong>Ecclesia</strong></span> <span class='ocrx_word' id='word_1_164' title='bbox 431 1268 582 1299; x_wconf 75' lang='lat' dir='ltr'><strong>subvertere,</strong></span> <span class='ocrx_word' id='word_1_165' title='bbox 606 1276 649 1294; x_wconf 78' lang='lat' dir='ltr'><strong>ncc</strong></span> <span class='ocrx_word' id='word_1_166' title='bbox 674 1267 812 1294; x_wconf 80' lang='lat' dir='ltr'><strong>Ecclesiam</strong></span> <span class='ocrx_word' id='word_1_167' title='bbox 827 1266 939 1293; x_wconf 77' lang='lat' dir='ltr'><strong>scindere</strong></span> <span class='ocrx_word' id='word_1_168' title='bbox 950 1287 957 1299; x_wconf 93' lang='lat'><strong>,</strong></span> 
     </span>
    </p>
   </div>
   <div class='ocr_carea' id='block_1_26' title="bbox 167 1311 959 1349">
    <p class='ocr_par' dir='ltr' id='par_1_26' title="bbox 167 1311 959 1349">
     <span class='ocr_line' id='line_1_26' title="bbox 167 1311 959 1349; baseline -0.005 -9"><span class='ocrx_word' id='word_1_169' title='bbox 167 1321 268 1349; x_wconf 77' lang='lat' dir='ltr'><strong>propter</strong></span> <span class='ocrx_word' id='word_1_170' title='bbox 294 1323 369 1348; x_wconf 84' lang='lat' dir='ltr'><strong>quant</strong></span> <span class='ocrx_word' id='word_1_171' title='bbox 394 1314 464 1340; x_wconf 82' lang='lat' dir='ltr'><strong>Deus</strong></span> <span class='ocrx_word' id='word_1_172' title='bbox 488 1313 513 1340; x_wconf 79' lang='lat' dir='ltr'><strong>in</strong></span> <span class='ocrx_word' id='word_1_173' title='bbox 537 1321 638 1340; x_wconf 84' lang='lat' dir='ltr'><strong>carnem</strong></span> <span class='ocrx_word' id='word_1_174' title='bbox 664 1312 802 1339; x_wconf 78' lang='lat' dir='ltr'><strong>descendit.</strong></span> <span class='ocrx_word' id='word_1_175' title='bbox 826 1311 855 1338; x_wconf 86' lang='lat' dir='ltr'><strong>Si</strong></span> <span class='ocrx_word' id='word_1_176' title='bbox 876 1317 959 1337; x_wconf 67' lang='lat' dir='ltr'><strong>autem</strong></span> 
     </span>
    </p>
   </div>
   <div class='ocr_carea' id='block_1_27' title="bbox 165 1357 958 1387">
    <p class='ocr_par' dir='ltr' id='par_1_27' title="bbox 165 1357 958 1387">
     <span class='ocr_line' id='line_1_27' title="bbox 165 1357 958 1387; baseline -0.006 0"><span class='ocrx_word' id='word_1_177' title='bbox 165 1361 310 1387; x_wconf 80' lang='lat' dir='ltr'><strong>inordinate</strong></span> <span class='ocrx_word' id='word_1_178' title='bbox 323 1359 444 1386; x_wconf 77' lang='lat' dir='ltr'><strong>Nica&#39;nos</strong></span> <span class='ocrx_word' id='word_1_179' title='bbox 466 1367 573 1385; x_wconf 81' lang='lat' dir='ltr'><strong>canones</strong></span> <span class='ocrx_word' id='word_1_180' title='bbox 595 1358 713 1384; x_wconf 83' lang='lat' dir='ltr'><strong>subvertis</strong></span> <span class='ocrx_word' id='word_1_181' title='bbox 738 1362 901 1384; x_wconf 64' lang='lat' dir='ltr'><strong>trecentorum</strong></span> <span class='ocrx_word' id='word_1_182' title='bbox 915 1357 958 1382; x_wconf 89' lang='lat' dir='ltr'><strong>de-</strong></span> 
     </span>
    </p>
   </div>
   <div class='ocr_carea' id='block_1_28' title="bbox 165 1401 959 1438">
    <p class='ocr_par' dir='ltr' id='par_1_28' title="bbox 165 1401 959 1438">
     <span class='ocr_line' id='line_1_28' title="bbox 165 1401 959 1438; baseline -0.005 -7"><span class='ocrx_word' id='word_1_183' title='bbox 165 1414 214 1431; x_wconf 81' lang='lat' dir='ltr'><strong>cem</strong></span> <span class='ocrx_word' id='word_1_184' title='bbox 227 1410 323 1432; x_wconf 79' lang='lat' dir='ltr'><strong>electo</strong></span> <span class='ocrx_word' id='word_1_185' title='bbox 339 1405 522 1438; x_wconf 85' lang='lat' dir='ltr'><strong>episcoporum,</strong></span> <span class='ocrx_word' id='word_1_186' title='bbox 538 1408 560 1429; x_wconf 81' lang='lat' dir='ltr'><strong>et</strong></span> <span class='ocrx_word' id='word_1_187' title='bbox 575 1407 645 1429; x_wconf 66' lang='lat' dir='ltr'><strong>extra</strong></span> <span class='ocrx_word' id='word_1_188' title='bbox 658 1402 747 1428; x_wconf 80' lang='lat' dir='ltr'><strong>limites</strong></span> <span class='ocrx_word' id='word_1_189' title='bbox 762 1402 828 1428; x_wconf 75' lang='lat' dir='ltr'><strong>litem</strong></span> <span class='ocrx_word' id='word_1_190' title='bbox 839 1401 959 1436; x_wconf 78' lang='lat' dir='ltr'><strong>judicas:</strong></span> 
     </span>
    </p>
   </div>
   <div class='ocr_carea' id='block_1_29' title="bbox 163 1446 959 1484">
    <p class='ocr_par' dir='ltr' id='par_1_29' title="bbox 163 1446 959 1484">
     <span class='ocr_line' id='line_1_29' title="bbox 163 1446 959 1484; baseline -0.004 -9"><span class='ocrx_word' id='word_1_191' title='bbox 163 1451 213 1484; x_wconf 66' lang='lat' dir='ltr'><strong>iam</strong></span> <span class='ocrx_word' id='word_1_192' title='bbox 227 1450 321 1476; x_wconf 81' lang='lat' dir='ltr'><strong>melius</strong></span> <span class='ocrx_word' id='word_1_193' title='bbox 340 1449 427 1484; x_wconf 79' lang='lat' dir='ltr'><strong>facito,</strong></span> <span class='ocrx_word' id='word_1_194' title='bbox 444 1447 523 1474; x_wconf 84' lang='lat' dir='ltr'><strong>transi</strong></span> <span class='ocrx_word' id='word_1_195' title='bbox 543 1447 577 1473; x_wconf 87' lang='lat' dir='ltr'><strong>ad</strong></span> <span class='ocrx_word' id='word_1_196' title='bbox 591 1455 635 1473; x_wconf 86' lang='lat' dir='ltr'><strong>nos</strong></span> <span class='ocrx_word' id='word_1_197' title='bbox 656 1447 681 1473; x_wconf 87' lang='lat' dir='ltr'><strong>in</strong></span> <span class='ocrx_word' id='word_1_198' title='bbox 703 1446 788 1473; x_wconf 79' lang='lat' dir='ltr'><strong>urbem</strong></span> <span class='ocrx_word' id='word_1_199' title='bbox 804 1447 903 1480; x_wconf 86' lang='lat' dir='ltr'><strong>optimis</strong></span> <span class='ocrx_word' id='word_1_200' title='bbox 923 1446 959 1472; x_wconf 90' lang='lat' dir='ltr'><strong>Ie-</strong></span> 
     </span>
    </p>
   </div>
   <div class='ocr_carea' id='block_1_30' title="bbox 163 1492 959 1531">
    <p class='ocr_par' dir='ltr' id='par_1_30' title="bbox 163 1492 959 1531">
     <span class='ocr_line' id='line_1_30' title="bbox 163 1492 959 1531; baseline -0.006 -8"><span class='ocrx_word' id='word_1_201' title='bbox 163 1496 234 1528; x_wconf 66' lang='lat' dir='ltr'><strong>qilms</strong></span> <span class='ocrx_word' id='word_1_202' title='bbox 258 1497 406 1531; x_wconf 81' lang='lat' dir='ltr'><strong>fundatam,</strong></span> <span class='ocrx_word' id='word_1_203' title='bbox 430 1502 476 1520; x_wconf 86' lang='lat' dir='ltr'><strong>nec</strong></span> <span class='ocrx_word' id='word_1_204' title='bbox 495 1502 564 1520; x_wconf 90' lang='lat' dir='ltr'><strong>more</strong></span> <span class='ocrx_word' id='word_1_205' title='bbox 587 1493 658 1520; x_wconf 84' lang='lat' dir='ltr'><strong>Caini</strong></span> <span class='ocrx_word' id='word_1_206' title='bbox 679 1492 778 1519; x_wconf 75' lang='lat' dir='ltr'><strong>Abelrm</strong></span> <span class='ocrx_word' id='word_1_207' title='bbox 797 1500 914 1526; x_wconf 77' lang='lat' dir='ltr'><strong>provoces</strong></span> <span class='ocrx_word' id='word_1_208' title='bbox 933 1493 959 1518; x_wconf 84' lang='lat' dir='ltr'><strong>in</strong></span> 
     </span>
    </p>
   </div>
   <div class='ocr_carea' id='block_1_31' title="bbox 159 1537 958 1577">
    <p class='ocr_par' dir='ltr' id='par_1_31' title="bbox 159 1537 958 1577">
     <span class='ocr_line' id='line_1_31' title="bbox 159 1537 958 1577; baseline -0.006 -9"><span class='ocrx_word' id='word_1_209' title='bbox 159 1549 298 1577; x_wconf 82' lang='lat' dir='ltr'><strong>campum;</strong></span> <span class='ocrx_word' id='word_1_210' title='bbox 326 1545 352 1567; x_wconf 87' lang='lat' dir='ltr'><strong>ut</strong></span> <span class='ocrx_word' id='word_1_211' title='bbox 376 1548 422 1566; x_wconf 87' lang='lat' dir='ltr'><strong>nos</strong></span> <span class='ocrx_word' id='word_1_212' title='bbox 447 1544 470 1565; x_wconf 85' lang='lat' dir='ltr'><strong>te</strong></span> <span class='ocrx_word' id='word_1_213' title='bbox 495 1539 565 1574; x_wconf 81' lang='lat' dir='ltr'><strong>prius</strong></span> <span class='ocrx_word' id='word_1_214' title='bbox 588 1538 730 1565; x_wconf 78' lang='lat' dir='ltr'><strong>audiamus.</strong></span> <span class='ocrx_word' id='word_1_215' title='bbox 752 1537 878 1564; x_wconf 75' lang='lat' dir='ltr'><strong>Habemus</strong></span> <span class='ocrx_word' id='word_1_216' title='bbox 893 1537 958 1564; x_wconf 84' lang='lat' dir='ltr'><strong>enim</strong></span> 
     </span>
    </p>
   </div>
   <div class='ocr_carea' id='block_1_32' title="bbox 156 1583 957 1618">
    <p class='ocr_par' dir='ltr' id='par_1_32' title="bbox 156 1583 957 1618">
     <span class='ocr_line' id='line_1_32' title="bbox 156 1583 957 1618; baseline -0.004 -6"><span class='ocrx_word' id='word_1_217' title='bbox 156 1587 280 1614; x_wconf 71' lang='lat' dir='ltr'><strong>adversus</strong></span> <span class='ocrx_word' id='word_1_218' title='bbox 308 1591 334 1612; x_wconf 87' lang='lat' dir='ltr'><strong>te</strong></span> <span class='ocrx_word' id='word_1_219' title='bbox 359 1585 455 1612; x_wconf 77' lang='lat' dir='ltr'><strong>libellos</strong></span> <span class='ocrx_word' id='word_1_220' title='bbox 489 1584 646 1618; x_wconf 65' lang='lat' dir='ltr'><strong>septuaginta</strong></span> <span class='ocrx_word' id='word_1_221' title='bbox 674 1585 784 1618; x_wconf 77' lang='lat' dir='ltr'><strong>capitum</strong></span> <span class='ocrx_word' id='word_1_222' title='bbox 821 1583 957 1609; x_wconf 79' lang='lat' dir='ltr'><strong>manifesta</strong></span> 
     </span>
    </p>
   </div>
   <div class='ocr_carea' id='block_1_33' title="bbox 157 1629 957 1664">
    <p class='ocr_par' dir='ltr' id='par_1_33' title="bbox 157 1629 957 1664">
     <span class='ocr_line' id='line_1_33' title="bbox 157 1629 957 1664; baseline -0.005 -6"><span class='ocrx_word' id='word_1_223' title='bbox 157 1633 260 1664; x_wconf 82' lang='lat' dir='ltr'><strong>piacula</strong></span> <span class='ocrx_word' id='word_1_224' title='bbox 277 1631 436 1658; x_wconf 73' lang='lat' dir='ltr'><strong>continentes</strong></span> <span class='ocrx_word' id='word_1_225' title='bbox 459 1638 467 1656; x_wconf 92' lang='lat'><strong><em>:</em></strong></span> <span class='ocrx_word' id='word_1_226' title='bbox 489 1634 510 1656; x_wconf 82' lang='lat' dir='ltr'><strong>et</strong></span> <span class='ocrx_word' id='word_1_227' title='bbox 526 1629 607 1663; x_wconf 74' lang='lat' dir='ltr'><strong>plurrs</strong></span> <span class='ocrx_word' id='word_1_228' title='bbox 622 1637 716 1659; x_wconf 81' lang='lat' dir='ltr'><strong>sumus.</strong></span> <span class='ocrx_word' id='word_1_229' title='bbox 731 1637 805 1660; x_wconf 79' lang='lat' dir='ltr'><strong>qnam</strong></span> <span class='ocrx_word' id='word_1_230' title='bbox 827 1633 868 1654; x_wconf 81' lang='lat' dir='ltr'><strong>tua</strong></span> <span class='ocrx_word' id='word_1_231' title='bbox 880 1637 957 1663; x_wconf 86' lang='lat' dir='ltr'><strong>syno-</strong></span> 
     </span>
    </p>
   </div>
   <div class='ocr_carea' id='block_1_34' title="bbox 153 1673 956 1711">
    <p class='ocr_par' dir='ltr' id='par_1_34' title="bbox 153 1673 956 1711">
     <span class='ocr_line' id='line_1_34' title="bbox 153 1673 956 1711; baseline -0.005 -8"><span class='ocrx_word' id='word_1_232' title='bbox 153 1678 211 1708; x_wconf 72' lang='lat' dir='ltr'><strong>cus,</strong></span> <span class='ocrx_word' id='word_1_233' title='bbox 226 1676 275 1703; x_wconf 77' lang='lat' dir='ltr'><strong>Dei</strong></span> <span class='ocrx_word' id='word_1_234' title='bbox 287 1676 375 1711; x_wconf 79' lang='lat' dir='ltr'><strong>gratia</strong></span> <span class='ocrx_word' id='word_1_235' title='bbox 385 1674 536 1709; x_wconf 77' lang='lat' dir='ltr'><strong>congregati,</strong></span> <span class='ocrx_word' id='word_1_236' title='bbox 556 1682 604 1700; x_wconf 89' lang='lat' dir='ltr'><strong>non</strong></span> <span class='ocrx_word' id='word_1_237' title='bbox 620 1673 653 1699; x_wconf 90' lang='lat' dir='ltr'><strong>ad</strong></span> <span class='ocrx_word' id='word_1_238' title='bbox 666 1674 814 1700; x_wconf 67' lang='lat' dir='ltr'><strong>eversionem</strong></span> <span class='ocrx_word' id='word_1_239' title='bbox 828 1673 956 1705; x_wconf 75' lang='lat' dir='ltr'><strong>Ecclesitr,</strong></span> 
     </span>
    </p>
   </div>
   <div class='ocr_carea' id='block_1_35' title="bbox 153 1719 958 1756">
    <p class='ocr_par' dir='ltr' id='par_1_35' title="bbox 153 1719 958 1756">
     <span class='ocr_line' id='line_1_35' title="bbox 153 1719 958 1756; baseline -0.002 -9"><span class='ocrx_word' id='word_1_240' title='bbox 153 1723 197 1747; x_wconf 74' lang='lat' dir='ltr'><strong>ml</strong></span> <span class='ocrx_word' id='word_1_241' title='bbox 210 1723 245 1748; x_wconf 89' lang='lat' dir='ltr'><strong>ad</strong></span> <span class='ocrx_word' id='word_1_242' title='bbox 267 1730 363 1756; x_wconf 80' lang='lat' dir='ltr'><strong>pacem</strong></span> <span class='ocrx_word' id='word_1_243' title='bbox 377 1720 527 1746; x_wconf 67' lang='lat' dir='ltr'><strong>curandum.</strong></span> <span class='ocrx_word' id='word_1_244' title='bbox 546 1719 583 1746; x_wconf 89' lang='grc' dir='ltr'>Τιι</span> <span class='ocrx_word' id='word_1_245' title='bbox 597 1720 663 1746; x_wconf 82' lang='lat' dir='ltr'><strong>enim</strong></span> <span class='ocrx_word' id='word_1_246' title='bbox 679 1719 816 1746; x_wconf 78' lang='lat' dir='ltr'><strong>tricesimus</strong></span> <span class='ocrx_word' id='word_1_247' title='bbox 829 1725 913 1746; x_wconf 69' lang='lat' dir='ltr'><strong>sextus</strong></span> <span class='ocrx_word' id='word_1_248' title='bbox 932 1727 958 1745; x_wconf 78' lang='lat' dir='ltr'><strong>es</strong></span> 
     </span>
    </p>
   </div>
   <div class='ocr_carea' id='block_1_36' title="bbox 151 1765 957 1801">
    <p class='ocr_par' dir='ltr' id='par_1_36' title="bbox 151 1765 957 1801">
     <span class='ocr_line' id='line_1_36' title="bbox 151 1765 957 1801; baseline -0.005 -7"><span class='ocrx_word' id='word_1_249' title='bbox 151 1776 182 1794; x_wconf 77' lang='lat' dir='ltr'><strong>ea:</strong></span> <span class='ocrx_word' id='word_1_250' title='bbox 197 1769 276 1794; x_wconf 83' lang='lat' dir='ltr'><strong>unica</strong></span> <span class='ocrx_word' id='word_1_251' title='bbox 303 1766 457 1801; x_wconf 76' lang='lat' dir='ltr'><strong>provincia;</strong></span> <span class='ocrx_word' id='word_1_252' title='bbox 470 1774 515 1792; x_wconf 88' lang='lat' dir='ltr'><strong>nos</strong></span> <span class='ocrx_word' id='word_1_253' title='bbox 533 1773 590 1792; x_wconf 75' lang='lat' dir='ltr'><strong>vero</strong></span> <span class='ocrx_word' id='word_1_254' title='bbox 611 1773 696 1791; x_wconf 83' lang='lat' dir='ltr'><strong>sumus</strong></span> <span class='ocrx_word' id='word_1_255' title='bbox 711 1765 879 1800; x_wconf 68' lang='lat' dir='ltr'><strong>quadraginta</strong></span> <span class='ocrx_word' id='word_1_256' title='bbox 892 1773 905 1791; x_wconf 88' lang='lat' dir='ltr'><strong>e</strong></span> <span class='ocrx_word' id='word_1_257' title='bbox 919 1765 957 1790; x_wconf 86' lang='lat' dir='ltr'><strong>di-</strong></span> 
     </span>
    </p>
   </div>
   <div class='ocr_carea' id='block_1_37' title="bbox 152 1811 958 1848">
    <p class='ocr_par' dir='ltr' id='par_1_37' title="bbox 152 1811 958 1848">
     <span class='ocr_line' id='line_1_37' title="bbox 152 1811 958 1848; baseline -0.001 -11"><span class='ocrx_word' id='word_1_258' title='bbox 152 1813 227 1840; x_wconf 67' lang='lat' dir='ltr'><strong>rxrsis</strong></span> <span class='ocrx_word' id='word_1_259' title='bbox 238 1812 398 1848; x_wconf 73' lang='lat' dir='ltr'><strong>prorim‘iis,</strong></span> <span class='ocrx_word' id='word_1_260' title='bbox 409 1811 473 1837; x_wconf 82' lang='lat' dir='ltr'><strong>inter</strong></span> <span class='ocrx_word' id='word_1_261' title='bbox 486 1819 548 1845; x_wconf 82' lang='lat' dir='ltr'><strong>quos</strong></span> <span class='ocrx_word' id='word_1_262' title='bbox 569 1819 656 1837; x_wconf 83' lang='lat' dir='ltr'><strong>sumus</strong></span> <span class='ocrx_word' id='word_1_263' title='bbox 668 1811 743 1837; x_wconf 79' lang='lat' dir='ltr'><strong>etiam</strong></span> <span class='ocrx_word' id='word_1_264' title='bbox 755 1816 847 1844; x_wconf 81' lang='lat' dir='ltr'><strong>septem</strong></span> <span class='ocrx_word' id='word_1_265' title='bbox 867 1815 958 1836; x_wconf 86' lang='lat' dir='ltr'><strong>metro-</strong></span> 
     </span>
    </p>
   </div>
   <div class='ocr_carea' id='block_1_38' title="bbox 149 1856 958 1890">
    <p class='ocr_par' dir='ltr' id='par_1_38' title="bbox 149 1856 958 1890">
     <span class='ocr_line' id='line_1_38' title="bbox 149 1856 958 1890; baseline -0.002 -7"><span class='ocrx_word' id='word_1_266' title='bbox 149 1858 246 1890; x_wconf 76' lang='lat' dir='ltr'><strong>polittz.</strong></span> <span class='ocrx_word' id='word_1_267' title='bbox 264 1857 302 1884; x_wconf 80' lang='lat' dir='ltr'><strong>Et</strong></span> <span class='ocrx_word' id='word_1_268' title='bbox 316 1861 515 1884; x_wconf 71' lang='lat' dir='ltr'><strong>consentaneum</strong></span> <span class='ocrx_word' id='word_1_269' title='bbox 529 1859 573 1888; x_wconf 75' lang='lat' dir='ltr'><strong>est,</strong></span> <span class='ocrx_word' id='word_1_270' title='bbox 586 1860 613 1881; x_wconf 83' lang='lat' dir='ltr'><strong>ut</strong></span> <span class='ocrx_word' id='word_1_271' title='bbox 622 1856 703 1881; x_wconf 82' lang='lat' dir='ltr'><strong>minor</strong></span> <span class='ocrx_word' id='word_1_272' title='bbox 714 1864 831 1882; x_wconf 84' lang='lat' dir='ltr'><strong>numerus</strong></span> <span class='ocrx_word' id='word_1_273' title='bbox 841 1864 856 1881; x_wconf 90' lang='lat' dir='ltr'><strong>a</strong></span> <span class='ocrx_word' id='word_1_274' title='bbox 868 1856 958 1890; x_wconf 83' lang='lat' dir='ltr'><strong>majori</strong></span> 
     </span>
    </p>
   </div>
   <div class='ocr_carea' id='block_1_39' title="bbox 147 1900 957 1937">
    <p class='ocr_par' dir='ltr' id='par_1_39' title="bbox 147 1900 957 1937">
     <span class='ocr_line' id='line_1_39' title="bbox 147 1900 957 1937; baseline -0.004 -8"><span class='ocrx_word' id='word_1_275' title='bbox 147 1908 224 1937; x_wconf 67' lang='lat' dir='ltr'><strong>atque</strong></span> <span class='ocrx_word' id='word_1_276' title='bbox 247 1903 352 1937; x_wconf 76' lang='lat' dir='ltr'><strong>potiori</strong></span> <span class='ocrx_word' id='word_1_277' title='bbox 373 1900 509 1928; x_wconf 78' lang='lat' dir='ltr'><strong>secundum</strong></span> <span class='ocrx_word' id='word_1_278' title='bbox 538 1908 645 1927; x_wconf 74' lang='lat' dir='ltr'><strong>canones</strong></span> <span class='ocrx_word' id='word_1_279' title='bbox 669 1900 808 1934; x_wconf 83' lang='lat' dir='ltr'><strong>jndicctnr.</strong></span> <span class='ocrx_word' id='word_1_280' title='bbox 832 1900 957 1927; x_wconf 81' lang='lat' dir='ltr'><strong>Habemus</strong></span> 
     </span>
    </p>
   </div>
   <div class='ocr_carea' id='block_1_40' title="bbox 144 1946 958 1982">
    <p class='ocr_par' dir='ltr' id='par_1_40' title="bbox 144 1946 958 1982">
     <span class='ocr_line' id='line_1_40' title="bbox 144 1946 958 1982; baseline -0.005 -7"><span class='ocrx_word' id='word_1_281' title='bbox 144 1949 212 1974; x_wconf 83' lang='lat' dir='ltr'><strong>mim</strong></span> <span class='ocrx_word' id='word_1_282' title='bbox 227 1953 252 1975; x_wconf 77' lang='lat' dir='ltr'><strong>et</strong></span> <span class='ocrx_word' id='word_1_283' title='bbox 266 1947 411 1982; x_wconf 84' lang='lat' dir='ltr'><strong>epistolam</strong></span> <span class='ocrx_word' id='word_1_284' title='bbox 427 1952 506 1977; x_wconf 87' lang='lat' dir='ltr'><strong>tuam,</strong></span> <span class='ocrx_word' id='word_1_285' title='bbox 526 1954 570 1980; x_wconf 86' lang='lat' dir='ltr'><strong>per</strong></span> <span class='ocrx_word' id='word_1_286' title='bbox 586 1954 663 1980; x_wconf 85' lang='lat' dir='ltr'><strong>quam</strong></span> <span class='ocrx_word' id='word_1_287' title='bbox 685 1954 769 1972; x_wconf 82' lang='lat' dir='ltr'><strong>mones</strong></span> <span class='ocrx_word' id='word_1_288' title='bbox 785 1946 958 1980; x_wconf 68' lang='lat' dir='ltr'><strong>coepiscopum</strong></span> 
     </span>
    </p>
   </div>
   <div class='ocr_carea' id='block_1_41' title="bbox 143 1991 958 2024">
    <p class='ocr_par' dir='ltr' id='par_1_41' title="bbox 143 1991 958 2024">
     <span class='ocr_line' id='line_1_41' title="bbox 143 1991 958 2024; baseline 0.001 -7"><span class='ocrx_word' id='word_1_289' title='bbox 143 1998 261 2020; x_wconf 83' lang='lat' dir='ltr'><strong>nostrum</strong></span> <span class='ocrx_word' id='word_1_290' title='bbox 282 1992 424 2019; x_wconf 83' lang='lat' dir='ltr'><strong>Joannem</strong></span> <span class='ocrx_word' id='word_1_291' title='bbox 438 2012 445 2024; x_wconf 91' lang='lat'><strong>,</strong></span> <span class='ocrx_word' id='word_1_292' title='bbox 460 1991 641 2017; x_wconf 69' lang='lat' dir='ltr'><strong>accusationem</strong></span> <span class='ocrx_word' id='word_1_293' title='bbox 660 1996 730 2018; x_wconf 74' lang='lat' dir='ltr'><strong>extra</strong></span> <span class='ocrx_word' id='word_1_294' title='bbox 750 1991 839 2018; x_wconf 81' lang='lat' dir='ltr'><strong>limites</strong></span> <span class='ocrx_word' id='word_1_295' title='bbox 852 1999 901 2018; x_wconf 86' lang='lat' dir='ltr'><strong>non</strong></span> <span class='ocrx_word' id='word_1_296' title='bbox 916 1992 958 2018; x_wconf 78' lang='lat' dir='ltr'><strong>de-</strong></span> 
     </span>
    </p>
   </div>
   <div class='ocr_carea' id='block_1_42' title="bbox 142 2037 956 2072">
    <p class='ocr_par' dir='ltr' id='par_1_42' title="bbox 142 2037 956 2072">
     <span class='ocr_line' id='line_1_42' title="bbox 142 2037 956 2072; baseline 0 -8"><span class='ocrx_word' id='word_1_297' title='bbox 142 2041 200 2066; x_wconf 86' lang='lat' dir='ltr'><strong>bere</strong></span> <span class='ocrx_word' id='word_1_298' title='bbox 213 2039 337 2065; x_wconf 78' lang='lat' dir='ltr'><strong>admitti.</strong></span> <span class='ocrx_word' id='word_1_299' title='bbox 362 2037 447 2069; x_wconf 75' lang='lat' dir='ltr'><strong>L&#39;ndc,</strong></span> <span class='ocrx_word' id='word_1_300' title='bbox 462 2037 632 2063; x_wconf 80' lang='lat' dir='ltr'><strong>ecclesiasticis</strong></span> <span class='ocrx_word' id='word_1_301' title='bbox 643 2037 737 2072; x_wconf 82' lang='lat' dir='ltr'><strong>legibus</strong></span> <span class='ocrx_word' id='word_1_302' title='bbox 755 2037 898 2072; x_wconf 79' lang='lat' dir='ltr'><strong>obsequens,</strong></span> <span class='ocrx_word' id='word_1_303' title='bbox 914 2046 956 2064; x_wconf 81' lang='lat' dir='ltr'><strong>ac-</strong></span> 
     </span>
    </p>
   </div>
   <div class='ocr_carea' id='block_1_43' title="bbox 139 2083 956 2118">
    <p class='ocr_par' dir='ltr' id='par_1_43' title="bbox 139 2083 956 2118">
     <span class='ocr_line' id='line_1_43' title="bbox 139 2083 956 2118; baseline -0.002 -7"><span class='ocrx_word' id='word_1_304' title='bbox 139 2090 274 2113; x_wconf 76' lang='lat' dir='ltr'><strong>cusatores</strong></span> <span class='ocrx_word' id='word_1_305' title='bbox 286 2091 353 2111; x_wconf 77' lang='lat' dir='ltr'><strong>luas</strong></span> <span class='ocrx_word' id='word_1_306' title='bbox 367 2091 481 2118; x_wconf 82' lang='lat' dir='ltr'><strong>precare,</strong></span> <span class='ocrx_word' id='word_1_307' title='bbox 495 2088 521 2109; x_wconf 84' lang='lat' dir='ltr'><strong>ut</strong></span> <span class='ocrx_word' id='word_1_308' title='bbox 541 2083 578 2110; x_wconf 74' lang='lat' dir='ltr'><strong>vel</strong></span> <span class='ocrx_word' id='word_1_309' title='bbox 589 2083 619 2109; x_wconf 87' lang='lat' dir='ltr'><strong>ab</strong></span> <span class='ocrx_word' id='word_1_310' title='bbox 630 2083 772 2110; x_wconf 82' lang='lat' dir='ltr'><strong>accusando</strong></span> <span class='ocrx_word' id='word_1_311' title='bbox 783 2088 806 2110; x_wconf 87' lang='lat' dir='ltr'><strong>te</strong></span> <span class='ocrx_word' id='word_1_312' title='bbox 821 2083 956 2115; x_wconf 73' lang='lat' dir='ltr'><strong>desistant,</strong></span> 
     </span>
    </p>
   </div>
   <div class='ocr_carea' id='block_1_44' title="bbox 140 2128 958 2166">
    <p class='ocr_par' dir='ltr' id='par_1_44' title="bbox 140 2128 958 2166">
     <span class='ocr_line' id='line_1_44' title="bbox 140 2128 958 2166; baseline -0.001 -10"><span class='ocrx_word' id='word_1_313' title='bbox 140 2132 178 2157; x_wconf 59' lang='lat' dir='ltr'><strong>re!</strong></span> <span class='ocrx_word' id='word_1_314' title='bbox 188 2139 221 2157; x_wconf 88' lang='lat' dir='ltr'><strong>ne</strong></span> <span class='ocrx_word' id='word_1_315' title='bbox 234 2133 395 2166; x_wconf 73' lang='lat' dir='ltr'><strong>provocent</strong></span> <span class='ocrx_word' id='word_1_316' title='bbox 407 2134 430 2155; x_wconf 86' lang='lat' dir='ltr'><strong>te</strong></span> <span class='ocrx_word' id='word_1_317' title='bbox 440 2134 466 2155; x_wconf 87' lang='lat' dir='ltr'><strong>ut</strong></span> <span class='ocrx_word' id='word_1_318' title='bbox 475 2129 509 2155; x_wconf 88' lang='lat' dir='ltr'><strong>ad</strong></span> <span class='ocrx_word' id='word_1_319' title='bbox 519 2128 645 2155; x_wconf 80' lang='lat' dir='ltr'><strong>Joannem</strong></span> <span class='ocrx_word' id='word_1_320' title='bbox 655 2129 770 2156; x_wconf 75' lang='lat' dir='ltr'><strong>accedas.</strong></span> <span class='ocrx_word' id='word_1_321' title='bbox 784 2129 841 2155; x_wconf 76' lang='lat' dir='ltr'><strong>Alia</strong></span> <span class='ocrx_word' id='word_1_322' title='bbox 855 2137 958 2163; x_wconf 84' lang='lat' dir='ltr'><strong>quoque</strong></span> 
     </span>
    </p>
   </div>
   <div class='ocr_carea' id='block_1_45' title="bbox 139 2174 921 2212">
    <p class='ocr_par' dir='ltr' id='par_1_45' title="bbox 139 2174 921 2212">
     <span class='ocr_line' id='line_1_45' title="bbox 139 2174 921 2212; baseline -0.003 -10"><span class='ocrx_word' id='word_1_323' title='bbox 139 2177 181 2203; x_wconf 83' lang='lat' dir='ltr'><strong>his</strong></span> <span class='ocrx_word' id='word_1_324' title='bbox 194 2178 388 2212; x_wconf 87' lang='lat' dir='ltr'><strong>adjecerunt,</strong></span> <span class='ocrx_word' id='word_1_325' title='bbox 406 2182 463 2209; x_wconf 74' lang='lat' dir='ltr'><strong>qua:</strong></span> <span class='ocrx_word' id='word_1_326' title='bbox 479 2174 512 2201; x_wconf 91' lang='lat' dir='ltr'><strong>ab</strong></span> <span class='ocrx_word' id='word_1_327' title='bbox 525 2174 620 2201; x_wconf 87' lang='lat' dir='ltr'><strong>eodem</strong></span> <span class='ocrx_word' id='word_1_328' title='bbox 634 2174 751 2201; x_wconf 85' lang='lat' dir='ltr'><strong>Palladio</strong></span> <span class='ocrx_word' id='word_1_329' title='bbox 763 2174 921 2201; x_wconf 74' lang='lat' dir='ltr'><strong>referuntur.</strong></span> 
     </span>
    </p>
   </div>
   <div class='ocr_carea' id='block_1_46' title="bbox 171 2220 957 2255">
    <p class='ocr_par' dir='ltr' id='par_1_46' title="bbox 171 2220 957 2255">
     <span class='ocr_line' id='line_1_46' title="bbox 171 2220 957 2255; baseline -0.004 -6"><span class='ocrx_word' id='word_1_330' title='bbox 171 2223 217 2249; x_wconf 76' lang='lat' dir='ltr'><strong>Ait</strong></span> <span class='ocrx_word' id='word_1_331' title='bbox 243 2230 318 2250; x_wconf 86' lang='lat' dir='ltr'><strong>vero</strong></span> <span class='ocrx_word' id='word_1_332' title='bbox 343 2220 561 2255; x_wconf 84' lang='lat' dir='ltr'><strong>Chrysostomus</strong></span> <span class='ocrx_word' id='word_1_333' title='bbox 580 2220 606 2246; x_wconf 87' lang='lat' dir='ltr'><strong>in</strong></span> <span class='ocrx_word' id='word_1_334' title='bbox 631 2220 749 2254; x_wconf 76' lang='lat' dir='ltr'><strong>Epistula</strong></span> <span class='ocrx_word' id='word_1_335' title='bbox 768 2228 814 2247; x_wconf 86' lang='lat' dir='ltr'><strong>sua</strong></span> <span class='ocrx_word' id='word_1_336' title='bbox 830 2220 862 2247; x_wconf 87' lang='lat' dir='ltr'><strong>ad</strong></span> <span class='ocrx_word' id='word_1_337' title='bbox 878 2221 957 2247; x_wconf 65' lang='lat' dir='ltr'><strong>Inna—</strong></span> 
     </span>
    </p>
   </div>
   <div class='ocr_carea' id='block_1_47' title="bbox 135 2264 957 2302">
    <p class='ocr_par' dir='ltr' id='par_1_47' title="bbox 135 2264 957 2302">
     <span class='ocr_line' id='line_1_47' title="bbox 135 2264 957 2302; baseline -0.002 -8"><span class='ocrx_word' id='word_1_338' title='bbox 135 2269 255 2295; x_wconf 80' lang='lat' dir='ltr'><strong>centium</strong></span> <span class='ocrx_word' id='word_1_339' title='bbox 279 2268 402 2302; x_wconf 84' lang='lat' dir='ltr'><strong>Papam</strong></span> <span class='ocrx_word' id='word_1_340' title='bbox 413 2286 420 2298; x_wconf 87' lang='lat'><strong>,</strong></span> <span class='ocrx_word' id='word_1_341' title='bbox 429 2267 459 2294; x_wconf 91' lang='lat' dir='ltr'><strong>T.</strong></span> <span class='ocrx_word' id='word_1_342' title='bbox 469 2267 494 2294; x_wconf 79' lang='grc'>5.</span> <span class='ocrx_word' id='word_1_343' title='bbox 503 2274 527 2294; x_wconf 92' lang='lat' dir='ltr'><strong>c.</strong></span> <span class='ocrx_word' id='word_1_344' title='bbox 535 2267 596 2294; x_wconf 82' lang='grc'><strong>551.</strong></span> <span class='ocrx_word' id='word_1_345' title='bbox 606 2265 675 2298; x_wconf 53' lang='grc' dir='ltr'>ιω,</span> <span class='ocrx_word' id='word_1_346' title='bbox 687 2264 865 2299; x_wconf 87' lang='lat' dir='ltr'><strong>Theophilum</strong></span> <span class='ocrx_word' id='word_1_347' title='bbox 875 2265 957 2292; x_wconf 87' lang='lat' dir='ltr'><strong>advo-</strong></span> 
     </span>
    </p>
   </div>
   <div class='ocr_carea' id='block_1_48' title="bbox 135 2311 957 2346">
    <p class='ocr_par' dir='ltr' id='par_1_48' title="bbox 135 2311 957 2346">
     <span class='ocr_line' id='line_1_48' title="bbox 135 2311 957 2346; baseline -0.004 -5"><span class='ocrx_word' id='word_1_348' title='bbox 135 2316 238 2344; x_wconf 74' lang='lat' dir='ltr'><strong>cavisse</strong></span> <span class='ocrx_word' id='word_1_349' title='bbox 268 2313 511 2342; x_wconf 83' lang='lat' dir='ltr'><strong>archidiaconum</strong></span> <span class='ocrx_word' id='word_1_350' title='bbox 541 2311 881 2346; x_wconf 83' lang='lat' dir='ltr'><strong>Constanttnopolilanum,</strong></span> <span class='ocrx_word' id='word_1_351' title='bbox 913 2312 957 2346; x_wconf 88' lang='lat' dir='ltr'><strong>qui</strong></span> 
     </span>
    </p>
   </div>
   <div class='ocr_carea' id='block_1_49' title="bbox 135 2357 959 2394">
    <p class='ocr_par' dir='ltr' id='par_1_49' title="bbox 135 2357 959 2394">
     <span class='ocr_line' id='line_1_49' title="bbox 135 2357 959 2394; baseline -0.002 -8"><span class='ocrx_word' id='word_1_352' title='bbox 135 2362 204 2389; x_wconf 80' lang='lat' dir='ltr'><strong>land</strong></span> <span class='ocrx_word' id='word_1_353' title='bbox 231 2361 325 2388; x_wconf 87' lang='lat' dir='ltr'><strong>dubie</strong></span> <span class='ocrx_word' id='word_1_354' title='bbox 344 2357 478 2394; x_wconf 83' lang='lat' dir='ltr'><strong>partibus</strong></span> <span class='ocrx_word' id='word_1_355' title='bbox 499 2358 554 2385; x_wconf 83' lang='lat' dir='ltr'><strong>suis</strong></span> <span class='ocrx_word' id='word_1_356' title='bbox 564 2357 699 2390; x_wconf 80' lang='lat' dir='ltr'><strong>hzerebat;</strong></span> <span class='ocrx_word' id='word_1_357' title='bbox 720 2362 800 2393; x_wconf 86' lang='lat' dir='ltr'><strong>atque</strong></span> <span class='ocrx_word' id='word_1_358' title='bbox 819 2358 876 2392; x_wconf 85' lang='lat' dir='ltr'><strong>ejus</strong></span> <span class='ocrx_word' id='word_1_359' title='bbox 895 2365 959 2392; x_wconf 51' lang='lat' dir='ltr'><strong>ope‘</strong></span> 
     </span>
    </p>
   </div>
   <div class='ocr_carea' id='block_1_50' title="bbox 131 2403 959 2437">
    <p class='ocr_par' dir='ltr' id='par_1_50' title="bbox 131 2403 959 2437">
     <span class='ocr_line' id='line_1_50' title="bbox 131 2403 959 2437; baseline -0.007 -2"><span class='ocrx_word' id='word_1_360' title='bbox 131 2414 159 2434; x_wconf 81' lang='lat' dir='ltr'><strong>ra</strong></span> <span class='ocrx_word' id='word_1_361' title='bbox 181 2407 301 2435; x_wconf 87' lang='lat' dir='ltr'><strong>Clerum</strong></span> <span class='ocrx_word' id='word_1_362' title='bbox 329 2411 458 2433; x_wconf 86' lang='lat' dir='ltr'><strong>omnem</strong></span> <span class='ocrx_word' id='word_1_363' title='bbox 477 2404 525 2431; x_wconf 85' lang='lat' dir='ltr'><strong>sibi</strong></span> <span class='ocrx_word' id='word_1_364' title='bbox 545 2403 706 2437; x_wconf 75' lang='lat' dir='ltr'><strong>adjunxisse.</strong></span> <span class='ocrx_word' id='word_1_365' title='bbox 729 2403 785 2429; x_wconf 85' lang='lat' dir='ltr'><strong>.lam</strong></span> <span class='ocrx_word' id='word_1_366' title='bbox 804 2404 873 2430; x_wconf 91' lang='lat' dir='ltr'><strong>enim</strong></span> <span class='ocrx_word' id='word_1_367' title='bbox 893 2403 959 2430; x_wconf 84' lang='lat' dir='ltr'><strong>vidi-</strong></span> 
     </span>
    </p>
   </div>
   <div class='ocr_carea' id='block_1_51' title="bbox 110 2448 960 2490">
    <p class='ocr_par' dir='ltr' id='par_1_51' title="bbox 110 2448 960 2490">
     <span class='ocr_line' id='line_1_51' title="bbox 110 2448 960 2490; baseline -0.007 -10"><span class='ocrx_word' id='word_1_368' title='bbox 110 2485 114 2490; x_wconf 38' lang='lat'><strong>,</strong></span> <span class='ocrx_word' id='word_1_369' title='bbox 131 2460 190 2480; x_wconf 83' lang='lat' dir='ltr'><strong>mus</strong></span> <span class='ocrx_word' id='word_1_370' title='bbox 211 2453 334 2481; x_wconf 80' lang='lat' dir='ltr'><strong>Clernm</strong></span> <span class='ocrx_word' id='word_1_371' title='bbox 359 2449 694 2484; x_wconf 81' lang='lat' dir='ltr'><strong>Constantinopolitanum</strong></span> <span class='ocrx_word' id='word_1_372' title='bbox 707 2469 714 2481; x_wconf 90' lang='lat'><strong>,</strong></span> <span class='ocrx_word' id='word_1_373' title='bbox 730 2449 805 2482; x_wconf 84' lang='lat' dir='ltr'><strong>cujus</strong></span> <span class='ocrx_word' id='word_1_374' title='bbox 818 2448 960 2476; x_wconf 86' lang='lat' dir='ltr'><strong>dissolutos</strong></span> 
     </span>
    </p>
   </div>
   <div class='ocr_carea' id='block_1_52' title="bbox 109 2493 956 2530">
    <p class='ocr_par' dir='ltr' id='par_1_52' title="bbox 109 2493 956 2530">
     <span class='ocr_line' id='line_1_52' title="bbox 109 2493 956 2530; baseline -0.009 -2"><span class='ocrx_word' id='word_1_375' title='bbox 109 2510 112 2530; x_wconf 67' lang='grc' dir='ltr'><strong>ι</strong></span> <span class='ocrx_word' id='word_1_376' title='bbox 129 2509 221 2528; x_wconf 69' lang='lat' dir='ltr'><strong>.nores</strong></span> <span class='ocrx_word' id='word_1_377' title='bbox 238 2499 418 2527; x_wconf 86' lang='lat' dir='ltr'><strong>incessebat</strong></span> <span class='ocrx_word' id='word_1_378' title='bbox 433 2494 654 2530; x_wconf 82' lang='lat' dir='ltr'><strong>Chrysostomns,</strong></span> <span class='ocrx_word' id='word_1_379' title='bbox 669 2493 792 2522; x_wconf 80' lang='lat' dir='ltr'><strong>infestum</strong></span> <span class='ocrx_word' id='word_1_380' title='bbox 806 2494 854 2528; x_wconf 86' lang='lat' dir='ltr'><strong>ipsi</strong></span> <span class='ocrx_word' id='word_1_381' title='bbox 867 2494 956 2521; x_wconf 75' lang='lat' dir='ltr'><strong>fuisse.</strong></span> 
     </span>
    </p>
   </div>
   <div class='ocr_carea' id='block_1_53' title="bbox 162 2539 957 2576">
    <p class='ocr_par' dir='ltr' id='par_1_53' title="bbox 162 2539 957 2576">
     <span class='ocr_line' id='line_1_53' title="bbox 162 2539 957 2576; baseline -0.008 -4"><span class='ocrx_word' id='word_1_382' title='bbox 162 2546 291 2574; x_wconf 84' lang='lat' dir='ltr'><strong>Joannes</strong></span> <span class='ocrx_word' id='word_1_383' title='bbox 304 2551 394 2574; x_wconf 88' lang='lat' dir='ltr'><strong>vero,</strong></span> <span class='ocrx_word' id='word_1_384' title='bbox 412 2545 556 2576; x_wconf 79' lang='lat' dir='ltr'><strong>postquam</strong></span> <span class='ocrx_word' id='word_1_385' title='bbox 569 2539 692 2575; x_wconf 84' lang='lat' dir='ltr'><strong>Synodus</strong></span> <span class='ocrx_word' id='word_1_386' title='bbox 705 2540 762 2567; x_wconf 67' lang='lat' dir='ltr'><strong>haec</strong></span> <span class='ocrx_word' id='word_1_387' title='bbox 774 2540 957 2574; x_wconf 86' lang='lat' dir='ltr'><strong>responderat,</strong></span> 
     </span>
    </p>
   </div>
   <div class='ocr_carea' id='block_1_54' title="bbox 127 2585 957 2626">
    <p class='ocr_par' dir='ltr' id='par_1_54' title="bbox 127 2585 957 2626">
     <span class='ocr_line' id='line_1_54' title="bbox 127 2585 957 2626; baseline -0.007 -8"><span class='ocrx_word' id='word_1_388' title='bbox 127 2593 152 2618; x_wconf 92' lang='lat' dir='ltr'><strong>in</strong></span> <span class='ocrx_word' id='word_1_389' title='bbox 169 2593 259 2626; x_wconf 85' lang='lat' dir='ltr'><strong>prima</strong></span> <span class='ocrx_word' id='word_1_390' title='bbox 270 2591 334 2624; x_wconf 87' lang='lat' dir='ltr'><strong>jam</strong></span> <span class='ocrx_word' id='word_1_391' title='bbox 351 2595 410 2615; x_wconf 88' lang='lat' dir='ltr'><strong>sua</strong></span> <span class='ocrx_word' id='word_1_392' title='bbox 428 2586 615 2621; x_wconf 77' lang='lat' dir='ltr'><strong>rCSponsione,</strong></span> <span class='ocrx_word' id='word_1_393' title='bbox 630 2585 663 2613; x_wconf 89' lang='lat' dir='ltr'><strong>de</strong></span> <span class='ocrx_word' id='word_1_394' title='bbox 675 2592 725 2620; x_wconf 92' lang='lat' dir='ltr'><strong>qua</strong></span> <span class='ocrx_word' id='word_1_395' title='bbox 741 2585 880 2619; x_wconf 84' lang='lat' dir='ltr'><strong>superius,</strong></span> <span class='ocrx_word' id='word_1_396' title='bbox 893 2585 957 2612; x_wconf 90' lang='lat' dir='ltr'><strong>insi-</strong></span> 
     </span>
    </p>
   </div>
   <div class='ocr_carea' id='block_1_55' title="bbox 125 2631 957 2669">
    <p class='ocr_par' dir='ltr' id='par_1_55' title="bbox 125 2631 957 2669">
     <span class='ocr_line' id='line_1_55' title="bbox 125 2631 957 2669; baseline -0.008 -6"><span class='ocrx_word' id='word_1_397' title='bbox 125 2642 211 2669; x_wconf 77' lang='lat' dir='ltr'><strong>stens,</strong></span> <span class='ocrx_word' id='word_1_398' title='bbox 228 2637 293 2664; x_wconf 74' lang='lat' dir='ltr'><strong>tunc</strong></span> <span class='ocrx_word' id='word_1_399' title='bbox 308 2634 394 2663; x_wconf 85' lang='lat' dir='ltr'><strong>datis</strong></span> <span class='ocrx_word' id='word_1_400' title='bbox 414 2631 510 2658; x_wconf 86' lang='lat' dir='ltr'><strong>literis</strong></span> <span class='ocrx_word' id='word_1_401' title='bbox 523 2631 674 2666; x_wconf 84' lang='lat' dir='ltr'><strong>respondit,</strong></span> <span class='ocrx_word' id='word_1_402' title='bbox 689 2638 717 2658; x_wconf 84' lang='lat' dir='ltr'><strong>se</strong></span> <span class='ocrx_word' id='word_1_403' title='bbox 733 2631 758 2658; x_wconf 93' lang='lat' dir='ltr'><strong>in</strong></span> <span class='ocrx_word' id='word_1_404' title='bbox 780 2631 873 2665; x_wconf 87' lang='lat' dir='ltr'><strong>quovis</strong></span> <span class='ocrx_word' id='word_1_405' title='bbox 888 2631 957 2661; x_wconf 80' lang='lat' dir='ltr'><strong>loco.</strong></span> 
     </span>
    </p>
   </div>
   <div class='ocr_carea' id='block_1_56' title="bbox 125 2675 957 2710">
    <p class='ocr_par' dir='ltr' id='par_1_56' title="bbox 125 2675 957 2710">
     <span class='ocr_line' id='line_1_56' title="bbox 125 2675 957 2710; baseline -0.007 -2"><span class='ocrx_word' id='word_1_406' title='bbox 125 2683 173 2710; x_wconf 72' lang='lat' dir='ltr'><strong>etsi</strong></span> <span class='ocrx_word' id='word_1_407' title='bbox 188 2683 214 2709; x_wconf 92' lang='lat' dir='ltr'><strong>id</strong></span> <span class='ocrx_word' id='word_1_408' title='bbox 230 2683 258 2709; x_wconf 90' lang='lat' dir='ltr'><strong>in</strong></span> <span class='ocrx_word' id='word_1_409' title='bbox 274 2681 404 2708; x_wconf 75' lang='lat' dir='ltr'><strong>civitate</strong></span> <span class='ocrx_word' id='word_1_410' title='bbox 423 2675 495 2703; x_wconf 83' lang='lat' dir='ltr'><strong>ﬁeri</strong></span> <span class='ocrx_word' id='word_1_411' title='bbox 506 2675 628 2710; x_wconf 81' lang='lat' dir='ltr'><strong>oportuit,</strong></span> <span class='ocrx_word' id='word_1_412' title='bbox 641 2680 759 2710; x_wconf 82' lang='lat' dir='ltr'><strong>paratum</strong></span> <span class='ocrx_word' id='word_1_413' title='bbox 774 2683 833 2702; x_wconf 79' lang='lat' dir='ltr'><strong>esse</strong></span> <span class='ocrx_word' id='word_1_414' title='bbox 843 2675 875 2702; x_wconf 92' lang='lat' dir='ltr'><strong>ad</strong></span> <span class='ocrx_word' id='word_1_415' title='bbox 886 2676 957 2710; x_wconf 88' lang='lat' dir='ltr'><strong>judi-</strong></span> 
     </span>
    </p>
   </div>
   <div class='ocr_carea' id='block_1_57' title="bbox 124 2720 959 2755">
    <p class='ocr_par' dir='ltr' id='par_1_57' title="bbox 124 2720 959 2755">
     <span class='ocr_line' id='line_1_57' title="bbox 124 2720 959 2755; baseline -0.005 -3"><span class='ocrx_word' id='word_1_416' title='bbox 124 2728 194 2755; x_wconf 81' lang='lat' dir='ltr'><strong>rium</strong></span> <span class='ocrx_word' id='word_1_417' title='bbox 209 2726 424 2755; x_wconf 82' lang='lat' dir='ltr'><strong>subeundum,</strong></span> <span class='ocrx_word' id='word_1_418' title='bbox 441 2720 590 2747; x_wconf 86' lang='lat' dir='ltr'><strong>dummodo</strong></span> <span class='ocrx_word' id='word_1_419' title='bbox 601 2721 752 2748; x_wconf 78' lang='lat' dir='ltr'><strong>manifestos</strong></span> <span class='ocrx_word' id='word_1_420' title='bbox 765 2721 884 2748; x_wconf 87' lang='lat' dir='ltr'><strong>inimicos</strong></span> <span class='ocrx_word' id='word_1_421' title='bbox 897 2729 959 2748; x_wconf 90' lang='lat' dir='ltr'><strong>suos</strong></span> 
     </span>
    </p>
   </div>
   <div class='ocr_carea' id='block_1_58' title="bbox 126 2766 959 2801">
    <p class='ocr_par' dir='ltr' id='par_1_58' title="bbox 126 2766 959 2801">
     <span class='ocr_line' id='line_1_58' title="bbox 126 2766 959 2801; baseline -0.006 -3"><span class='ocrx_word' id='word_1_422' title='bbox 126 2782 157 2800; x_wconf 72' lang='lat' dir='ltr'><strong>ex</strong></span> <span class='ocrx_word' id='word_1_423' title='bbox 171 2777 320 2801; x_wconf 74' lang='lat' dir='ltr'><strong>conventu</strong></span> <span class='ocrx_word' id='word_1_424' title='bbox 340 2777 400 2798; x_wconf 85' lang='lat' dir='ltr'><strong>suo</strong></span> <span class='ocrx_word' id='word_1_425' title='bbox 419 2767 568 2801; x_wconf 77' lang='lat' dir='ltr'><strong>ejicerent.</strong></span> <span class='ocrx_word' id='word_1_426' title='bbox 583 2775 676 2801; x_wconf 84' lang='lat' dir='ltr'><strong>nempe</strong></span> <span class='ocrx_word' id='word_1_427' title='bbox 689 2766 877 2801; x_wconf 81' lang='lat' dir='ltr'><strong>Theophilum,</strong></span> <span class='ocrx_word' id='word_1_428' title='bbox 892 2768 959 2794; x_wconf 71' lang='lat' dir='ltr'><strong>Aea—</strong></span> 
     </span>
    </p>
   </div>
   <div class='ocr_carea' id='block_1_59' title="bbox 127 2810 958 2849">
    <p class='ocr_par' dir='ltr' id='par_1_59' title="bbox 127 2810 958 2849">
     <span class='ocr_line' id='line_1_59' title="bbox 127 2810 958 2849; baseline -0.006 -5"><span class='ocrx_word' id='word_1_429' title='bbox 127 2819 196 2846; x_wconf 82' lang='lat' dir='ltr'><strong>cium</strong></span> <span class='ocrx_word' id='word_1_430' title='bbox 207 2840 214 2849; x_wconf 87' lang='lat'><strong>,</strong></span> <span class='ocrx_word' id='word_1_431' title='bbox 231 2818 438 2846; x_wconf 73' lang='lat' dir='ltr'><strong>Severianum</strong></span> <span class='ocrx_word' id='word_1_432' title='bbox 457 2814 491 2838; x_wconf 81' lang='lat' dir='ltr'><strong>el</strong></span> <span class='ocrx_word' id='word_1_433' title='bbox 510 2810 658 2839; x_wconf 72' lang='lat' dir='ltr'><strong>Antiochum</strong></span> <span class='ocrx_word' id='word_1_434' title='bbox 670 2832 676 2844; x_wconf 92' lang='lat'><strong>,</strong></span> <span class='ocrx_word' id='word_1_435' title='bbox 691 2820 757 2847; x_wconf 84' lang='lat' dir='ltr'><strong>quos</strong></span> <span class='ocrx_word' id='word_1_436' title='bbox 768 2813 850 2846; x_wconf 86' lang='lat' dir='ltr'><strong>aperti</strong></span> <span class='ocrx_word' id='word_1_437' title='bbox 865 2812 917 2839; x_wconf 88' lang='lat' dir='ltr'><strong>odii</strong></span> <span class='ocrx_word' id='word_1_438' title='bbox 933 2818 958 2839; x_wconf 87' lang='lat' dir='ltr'><strong>et</strong></span> 
     </span>
    </p>
   </div>
   <div class='ocr_carea' id='block_1_60' title="bbox 127 2858 958 2900">
    <p class='ocr_par' dir='ltr' id='par_1_60' title="bbox 127 2858 958 2900">
     <span class='ocr_line' id='line_1_60' title="bbox 127 2858 958 2900; baseline -0.005 -12"><span class='ocrx_word' id='word_1_439' title='bbox 127 2864 278 2893; x_wconf 53' lang='lat' dir='ltr'><strong>inimicitia;</strong></span> <span class='ocrx_word' id='word_1_440' title='bbox 290 2864 378 2900; x_wconf 74' lang='lat' dir='ltr'><strong>signa</strong></span> <span class='ocrx_word' id='word_1_441' title='bbox 396 2858 526 2887; x_wconf 61' lang='lat' dir='ltr'><strong>dedisse</strong></span> <span class='ocrx_word' id='word_1_442' title='bbox 538 2858 656 2890; x_wconf 77' lang='lat' dir='ltr'><strong>probabat</strong></span> <span class='ocrx_word' id='word_1_443' title='bbox 666 2867 672 2891; x_wconf 68' lang='grc' dir='ltr'>ς</span> <span class='ocrx_word' id='word_1_444' title='bbox 681 2859 817 2885; x_wconf 61' lang='lat' dir='ltr'><strong>declarans</strong></span> <span class='ocrx_word' id='word_1_445' title='bbox 829 2867 856 2886; x_wconf 72' lang='lat' dir='ltr'><strong>se</strong></span> <span class='ocrx_word' id='word_1_446' title='bbox 865 2860 958 2884; x_wconf 76' lang='lat' dir='ltr'><strong>etiam-</strong></span> 
     </span>
    </p>
   </div>
   <div class='ocr_carea' id='block_1_61' title="bbox 774 162 1231 201">
    <p class='ocr_par' dir='ltr' id='par_1_61' title="bbox 774 162 1231 201">
     <span class='ocr_line' id='line_1_61' title="bbox 774 162 1231 201; baseline 0.002 -11"><span class='ocrx_word' id='word_1_447' title='bbox 774 162 864 191; x_wconf 81' lang='lat' dir='ltr'><strong>NUNC</strong></span> <span class='ocrx_word' id='word_1_448' title='bbox 884 162 1014 201; x_wconf 73' lang='lat' dir='ltr'><strong>PRIMUM</strong></span> <span class='ocrx_word' id='word_1_449' title='bbox 1035 163 1231 192; x_wconf 62' lang='lat' dir='ltr'><strong>ADORNATA;</strong></span> 
     </span>
    </p>
   </div>
   <div class='ocr_carea' id='block_1_62' title="bbox 1757 167 1811 194">
    <p class='ocr_par' dir='ltr' id='par_1_62' title="bbox 1757 167 1811 194">
     <span class='ocr_line' id='line_1_62' title="bbox 1757 167 1811 194; baseline 0.019 -1"><span class='ocrx_word' id='word_1_450' title='bbox 1757 167 1811 194; x_wconf 69' lang='lat'><strong>‘202</strong></span> 
     </span>
    </p>
   </div>
   <div class='ocr_carea' id='block_1_63' title="bbox 1021 219 1808 259">
    <p class='ocr_par' dir='ltr' id='par_1_63' title="bbox 1021 219 1808 259">
     <span class='ocr_line' id='line_1_63' title="bbox 1021 219 1808 259; baseline 0.008 -13"><span class='ocrx_word' id='word_1_451' title='bbox 1021 220 1041 246; x_wconf 87' lang='lat' dir='ltr'><strong>si</strong></span> <span class='ocrx_word' id='word_1_452' title='bbox 1065 219 1154 248; x_wconf 87' lang='lat' dir='ltr'><strong>decies</strong></span> <span class='ocrx_word' id='word_1_453' title='bbox 1168 221 1266 248; x_wconf 83' lang='lat' dir='ltr'><strong>millies</strong></span> <span class='ocrx_word' id='word_1_454' title='bbox 1288 222 1418 257; x_wconf 89' lang='lat' dir='ltr'><strong>miserint,</strong></span> <span class='ocrx_word' id='word_1_455' title='bbox 1435 223 1527 251; x_wconf 86' lang='lat' dir='ltr'><strong>eadem</strong></span> <span class='ocrx_word' id='word_1_456' title='bbox 1542 231 1648 259; x_wconf 86' lang='lat' dir='ltr'><strong>semper</strong></span> <span class='ocrx_word' id='word_1_457' title='bbox 1663 231 1808 259; x_wconf 84' lang='lat' dir='ltr'><strong>responsu-</strong></span> 
     </span>
    </p>
   </div>
   <div class='ocr_carea' id='block_1_64' title="bbox 1021 273 1161 292">
    <p class='ocr_par' dir='ltr' id='par_1_64' title="bbox 1021 273 1161 292">
     <span class='ocr_line' id='line_1_64' title="bbox 1021 273 1161 292; baseline 0.007 -1"><span class='ocrx_word' id='word_1_458' title='bbox 1021 273 1078 292; x_wconf 81' lang='lat' dir='ltr'><strong>I&#39;Illl]</strong></span> <span class='ocrx_word' id='word_1_459' title='bbox 1091 273 1161 292; x_wconf 80' lang='lat' dir='ltr'><strong>esse.</strong></span> 
     </span>
    </p>
   </div>
   <div class='ocr_carea' id='block_1_65' title="bbox 1057 312 1810 351">
    <p class='ocr_par' dir='ltr' id='par_1_65' title="bbox 1057 312 1810 351">
     <span class='ocr_line' id='line_1_65' title="bbox 1057 312 1810 351; baseline 0.011 -13"><span class='ocrx_word' id='word_1_460' title='bbox 1057 312 1112 339; x_wconf 86' lang='lat' dir='ltr'><strong>Illis</strong></span> <span class='ocrx_word' id='word_1_461' title='bbox 1126 317 1213 340; x_wconf 90' lang='lat' dir='ltr'><strong>autem</strong></span> <span class='ocrx_word' id='word_1_462' title='bbox 1225 315 1268 348; x_wconf 86' lang='lat' dir='ltr'><strong>qui</strong></span> <span class='ocrx_word' id='word_1_463' title='bbox 1283 315 1454 342; x_wconf 85' lang='lat' dir='ltr'><strong>mittebantur</strong></span> <span class='ocrx_word' id='word_1_464' title='bbox 1466 317 1592 351; x_wconf 79' lang='lat' dir='ltr'><strong>egressis,</strong></span> <span class='ocrx_word' id='word_1_465' title='bbox 1605 317 1676 344; x_wconf 81' lang='lat' dir='ltr'><strong>venit</strong></span> <span class='ocrx_word' id='word_1_466' title='bbox 1686 317 1810 346; x_wconf 83' lang='lat' dir='ltr'><strong>Notarius</strong></span> 
     </span>
    </p>
   </div>
   <div class='ocr_carea' id='block_1_66' title="bbox 1019 356 1810 398">
    <p class='ocr_par' dir='ltr' id='par_1_66' title="bbox 1019 356 1810 398">
     <span class='ocr_line' id='line_1_66' title="bbox 1019 356 1810 398; baseline 0.01 -16"><span class='ocrx_word' id='word_1_467' title='bbox 1019 356 1120 384; x_wconf 85' lang='lat' dir='ltr'><strong>habens</strong></span> <span class='ocrx_word' id='word_1_468' title='bbox 1132 358 1290 392; x_wconf 86' lang='lat' dir='ltr'><strong>rescriptum</strong></span> <span class='ocrx_word' id='word_1_469' title='bbox 1304 359 1489 394; x_wconf 86' lang='lat' dir='ltr'><strong>Imperatoris,</strong></span> <span class='ocrx_word' id='word_1_470' title='bbox 1504 361 1545 388; x_wconf 91' lang='lat' dir='ltr'><strong>eui</strong></span> <span class='ocrx_word' id='word_1_471' title='bbox 1562 361 1660 389; x_wconf 88' lang='lat' dir='ltr'><strong>inserta</strong></span> <span class='ocrx_word' id='word_1_472' title='bbox 1677 368 1733 390; x_wconf 88' lang='lat' dir='ltr'><strong>erat</strong></span> <span class='ocrx_word' id='word_1_473' title='bbox 1748 370 1810 398; x_wconf 90' lang='lat' dir='ltr'><strong>sup-</strong></span> 
     </span>
    </p>
   </div>
   <div class='ocr_carea' id='block_1_67' title="bbox 1019 401 1810 443">
    <p class='ocr_par' dir='ltr' id='par_1_67' title="bbox 1019 401 1810 443">
     <span class='ocr_line' id='line_1_67' title="bbox 1019 401 1810 443; baseline 0.01 -16"><span class='ocrx_word' id='word_1_474' title='bbox 1019 401 1124 436; x_wconf 87' lang='lat' dir='ltr'><strong>plicatio</strong></span> <span class='ocrx_word' id='word_1_475' title='bbox 1143 403 1326 438; x_wconf 90' lang='lat' dir='ltr'><strong>episcoporum</strong></span> <span class='ocrx_word' id='word_1_476' title='bbox 1348 406 1495 439; x_wconf 89' lang='lat' dir='ltr'><strong>petentium</strong></span> <span class='ocrx_word' id='word_1_477' title='bbox 1515 412 1543 433; x_wconf 92' lang='lat' dir='ltr'><strong>ut</strong></span> <span class='ocrx_word' id='word_1_478' title='bbox 1561 407 1677 434; x_wconf 83' lang='lat' dir='ltr'><strong>Joannes</strong></span> <span class='ocrx_word' id='word_1_479' title='bbox 1693 409 1726 434; x_wconf 90' lang='lat' dir='ltr'><strong>ad</strong></span> <span class='ocrx_word' id='word_1_480' title='bbox 1739 409 1810 443; x_wconf 88' lang='lat' dir='ltr'><strong>judi-</strong></span> 
     </span>
    </p>
   </div>
   <div class='ocr_carea' id='block_1_68' title="bbox 1017 447 1810 488">
    <p class='ocr_par' dir='ltr' id='par_1_68' title="bbox 1017 447 1810 488">
     <span class='ocr_line' id='line_1_68' title="bbox 1017 447 1810 488; baseline 0.01 -16"><span class='ocrx_word' id='word_1_481' title='bbox 1017 447 1087 473; x_wconf 83' lang='lat' dir='ltr'><strong>cium</strong></span> <span class='ocrx_word' id='word_1_482' title='bbox 1109 447 1206 475; x_wconf 88' lang='lat' dir='ltr'><strong>iuvitus</strong></span> <span class='ocrx_word' id='word_1_483' title='bbox 1227 449 1376 482; x_wconf 86' lang='lat' dir='ltr'><strong>sisteretur,</strong></span> <span class='ocrx_word' id='word_1_484' title='bbox 1400 450 1527 486; x_wconf 86' lang='lat' dir='ltr'><strong>illumque</strong></span> <span class='ocrx_word' id='word_1_485' title='bbox 1543 451 1668 479; x_wconf 89' lang='lat' dir='ltr'><strong>Notarius</strong></span> <span class='ocrx_word' id='word_1_486' title='bbox 1687 453 1719 480; x_wconf 90' lang='lat' dir='ltr'><strong>ad</strong></span> <span class='ocrx_word' id='word_1_487' title='bbox 1738 454 1810 488; x_wconf 80' lang='lat' dir='ltr'><strong>judi-</strong></span> 
     </span>
    </p>
   </div>
   <div class='ocr_carea' id='block_1_69' title="bbox 1017 493 1808 533">
    <p class='ocr_par' dir='ltr' id='par_1_69' title="bbox 1017 493 1808 533">
     <span class='ocr_line' id='line_1_69' title="bbox 1017 493 1808 533; baseline 0.009 -14"><span class='ocrx_word' id='word_1_488' title='bbox 1017 493 1087 520; x_wconf 90' lang='lat' dir='ltr'><strong>cium</strong></span> <span class='ocrx_word' id='word_1_489' title='bbox 1104 494 1213 528; x_wconf 76' lang='lat' dir='ltr'><strong>urgebat</strong></span> <span class='ocrx_word' id='word_1_490' title='bbox 1228 503 1234 520; x_wconf 89' lang='lat'>:</span> <span class='ocrx_word' id='word_1_491' title='bbox 1252 495 1308 529; x_wconf 82' lang='lat' dir='ltr'><strong>ipse</strong></span> <span class='ocrx_word' id='word_1_492' title='bbox 1322 503 1385 522; x_wconf 83' lang='lat' dir='ltr'><strong>vero</strong></span> <span class='ocrx_word' id='word_1_493' title='bbox 1398 496 1490 523; x_wconf 87' lang='lat' dir='ltr'><strong>eadem</strong></span> <span class='ocrx_word' id='word_1_494' title='bbox 1508 497 1564 531; x_wconf 89' lang='lat' dir='ltr'><strong>ipsa</strong></span> <span class='ocrx_word' id='word_1_495' title='bbox 1585 506 1642 532; x_wconf 76' lang='lat' dir='ltr'><strong>qua:</strong></span> <span class='ocrx_word' id='word_1_496' title='bbox 1659 506 1738 533; x_wconf 88' lang='lat' dir='ltr'><strong>supra</strong></span> <span class='ocrx_word' id='word_1_497' title='bbox 1754 499 1808 526; x_wconf 85' lang='lat' dir='ltr'><strong>No-</strong></span> 
     </span>
    </p>
   </div>
   <div class='ocr_carea' id='block_1_70' title="bbox 1018 540 1808 576">
    <p class='ocr_par' dir='ltr' id='par_1_70' title="bbox 1018 540 1808 576">
     <span class='ocr_line' id='line_1_70' title="bbox 1018 540 1808 576; baseline 0.008 -10"><span class='ocrx_word' id='word_1_498' title='bbox 1018 540 1085 566; x_wconf 88' lang='lat' dir='ltr'><strong>tario</strong></span> <span class='ocrx_word' id='word_1_499' title='bbox 1100 541 1245 574; x_wconf 87' lang='lat' dir='ltr'><strong>respondit.</strong></span> <span class='ocrx_word' id='word_1_500' title='bbox 1259 541 1376 569; x_wconf 88' lang='lat' dir='ltr'><strong>Subinde</strong></span> <span class='ocrx_word' id='word_1_501' title='bbox 1386 547 1474 570; x_wconf 85' lang='lat' dir='ltr'><strong>autem</strong></span> <span class='ocrx_word' id='word_1_502' title='bbox 1486 564 1492 574; x_wconf 86' lang='lat'><strong>,</strong></span> <span class='ocrx_word' id='word_1_503' title='bbox 1507 551 1556 570; x_wconf 89' lang='lat' dir='ltr'><strong>nec</strong></span> <span class='ocrx_word' id='word_1_504' title='bbox 1570 551 1642 571; x_wconf 88' lang='lat' dir='ltr'><strong>mora</strong></span> <span class='ocrx_word' id='word_1_505' title='bbox 1653 565 1661 576; x_wconf 90' lang='lat'><strong>,</strong></span> <span class='ocrx_word' id='word_1_506' title='bbox 1677 550 1808 572; x_wconf 86' lang='lat' dir='ltr'><strong>venerunt</strong></span> 
     </span>
    </p>
   </div>
   <div class='ocr_carea' id='block_1_71' title="bbox 1016 585 1806 624">
    <p class='ocr_par' dir='ltr' id='par_1_71' title="bbox 1016 585 1806 624">
     <span class='ocr_line' id='line_1_71' title="bbox 1016 585 1806 624; baseline 0.006 -12"><span class='ocrx_word' id='word_1_507' title='bbox 1016 585 1069 612; x_wconf 92' lang='lat' dir='ltr'><strong>duo</strong></span> <span class='ocrx_word' id='word_1_508' title='bbox 1085 586 1230 621; x_wconf 85' lang='lat' dir='ltr'><strong>presbyteri</strong></span> <span class='ocrx_word' id='word_1_509' title='bbox 1249 587 1376 620; x_wconf 83' lang='lat' dir='ltr'><strong>Joannis,</strong></span> <span class='ocrx_word' id='word_1_510' title='bbox 1397 588 1531 623; x_wconf 78' lang='lat' dir='ltr'><strong>Eugenius</strong></span> <span class='ocrx_word' id='word_1_511' title='bbox 1543 609 1550 620; x_wconf 95' lang='lat'><strong>,</strong></span> <span class='ocrx_word' id='word_1_512' title='bbox 1569 590 1612 624; x_wconf 90' lang='lat' dir='ltr'><strong>qui</strong></span> <span class='ocrx_word' id='word_1_513' title='bbox 1627 590 1806 624; x_wconf 83' lang='lat' dir='ltr'><strong>episcopatum</strong></span> 
     </span>
    </p>
   </div>
   <div class='ocr_carea' id='block_1_72' title="bbox 1017 630 1804 669">
    <p class='ocr_par' dir='ltr' id='par_1_72' title="bbox 1017 630 1804 669">
     <span class='ocr_line' id='line_1_72' title="bbox 1017 630 1804 669; baseline 0.005 -12"><span class='ocrx_word' id='word_1_514' title='bbox 1017 630 1150 658; x_wconf 71' lang='lat' dir='ltr'><strong>Heraclea:</strong></span> <span class='ocrx_word' id='word_1_515' title='bbox 1170 632 1194 658; x_wconf 93' lang='lat' dir='ltr'><strong>in</strong></span> <span class='ocrx_word' id='word_1_516' title='bbox 1210 633 1414 666; x_wconf 89' lang='lat' dir='ltr'><strong>conspirationis</strong></span> <span class='ocrx_word' id='word_1_517' title='bbox 1434 634 1584 661; x_wconf 85' lang='lat' dir='ltr'><strong>mercedem</strong></span> <span class='ocrx_word' id='word_1_518' title='bbox 1602 639 1760 669; x_wconf 89' lang='lat' dir='ltr'><strong>acceperat,</strong></span> <span class='ocrx_word' id='word_1_519' title='bbox 1777 639 1804 662; x_wconf 92' lang='lat' dir='ltr'><strong>et</strong></span> 
     </span>
    </p>
   </div>
   <div class='ocr_carea' id='block_1_73' title="bbox 1016 676 1807 716">
    <p class='ocr_par' dir='ltr' id='par_1_73' title="bbox 1016 676 1807 716">
     <span class='ocr_line' id='line_1_73' title="bbox 1016 676 1807 716; baseline 0.005 -13"><span class='ocrx_word' id='word_1_520' title='bbox 1016 676 1130 705; x_wconf 86' lang='lat' dir='ltr'><strong>lsaacius</strong></span> <span class='ocrx_word' id='word_1_521' title='bbox 1144 678 1303 710; x_wconf 80' lang='lat' dir='ltr'><strong>Monachus,</strong></span> <span class='ocrx_word' id='word_1_522' title='bbox 1316 687 1368 705; x_wconf 89' lang='lat' dir='ltr'><strong>non</strong></span> <span class='ocrx_word' id='word_1_523' title='bbox 1384 680 1500 706; x_wconf 78' lang='lat' dir='ltr'><strong>melioris</strong></span> <span class='ocrx_word' id='word_1_524' title='bbox 1515 685 1583 707; x_wconf 76' lang='lat' dir='ltr'><strong>notae</strong></span> <span class='ocrx_word' id='word_1_525' title='bbox 1600 681 1678 707; x_wconf 88' lang='lat' dir='ltr'><strong>homo</strong></span> <span class='ocrx_word' id='word_1_526' title='bbox 1688 702 1696 713; x_wconf 89' lang='lat'><strong>,</strong></span> <span class='ocrx_word' id='word_1_527' title='bbox 1710 681 1742 707; x_wconf 91' lang='lat' dir='ltr'><strong>ad</strong></span> <span class='ocrx_word' id='word_1_528' title='bbox 1759 680 1807 716; x_wconf 84' lang='lat' dir='ltr'><strong>Sy-</strong></span> 
     </span>
    </p>
   </div>
   <div class='ocr_carea' id='block_1_74' title="bbox 1016 723 1806 760">
    <p class='ocr_par' dir='ltr' id='par_1_74' title="bbox 1016 723 1806 760">
     <span class='ocr_line' id='line_1_74' title="bbox 1016 723 1806 760; baseline 0.006 -11"><span class='ocrx_word' id='word_1_529' title='bbox 1016 723 1112 750; x_wconf 89' lang='lat' dir='ltr'><strong>nodnm</strong></span> <span class='ocrx_word' id='word_1_530' title='bbox 1127 724 1198 750; x_wconf 91' lang='lat' dir='ltr'><strong>illum</strong></span> <span class='ocrx_word' id='word_1_531' title='bbox 1211 725 1403 758; x_wconf 87' lang='lat' dir='ltr'><strong>compellantes</strong></span> <span class='ocrx_word' id='word_1_532' title='bbox 1415 746 1423 758; x_wconf 87' lang='lat'><strong>,</strong></span> <span class='ocrx_word' id='word_1_533' title='bbox 1439 731 1466 752; x_wconf 94' lang='lat' dir='ltr'><strong>ut</strong></span> <span class='ocrx_word' id='word_1_534' title='bbox 1480 726 1581 760; x_wconf 81' lang='lat' dir='ltr'><strong>objecta</strong></span> <span class='ocrx_word' id='word_1_535' title='bbox 1597 727 1707 753; x_wconf 88' lang='lat' dir='ltr'><strong>erimina</strong></span> <span class='ocrx_word' id='word_1_536' title='bbox 1721 727 1806 754; x_wconf 72' lang='lat' dir='ltr'><strong>dilue-</strong></span> 
     </span>
    </p>
   </div>
   <div class='ocr_carea' id='block_1_75' title="bbox 1016 769 1805 808">
    <p class='ocr_par' dir='ltr' id='par_1_75' title="bbox 1016 769 1805 808">
     <span class='ocr_line' id='line_1_75' title="bbox 1016 769 1805 808; baseline 0.008 -14"><span class='ocrx_word' id='word_1_537' title='bbox 1016 772 1066 794; x_wconf 85' lang='lat' dir='ltr'><strong>ret.</strong></span> <span class='ocrx_word' id='word_1_538' title='bbox 1083 769 1128 795; x_wconf 85' lang='lat' dir='ltr'><strong>llis</strong></span> <span class='ocrx_word' id='word_1_539' title='bbox 1141 770 1277 803; x_wconf 84' lang='lat' dir='ltr'><strong>respondit</strong></span> <span class='ocrx_word' id='word_1_540' title='bbox 1292 770 1408 798; x_wconf 85' lang='lat' dir='ltr'><strong>Joannes</strong></span> <span class='ocrx_word' id='word_1_541' title='bbox 1422 780 1468 806; x_wconf 88' lang='lat' dir='ltr'><strong>per</strong></span> <span class='ocrx_word' id='word_1_542' title='bbox 1482 772 1620 806; x_wconf 84' lang='lat' dir='ltr'><strong>episcopos</strong></span> <span class='ocrx_word' id='word_1_543' title='bbox 1634 773 1658 799; x_wconf 91' lang='lat' dir='ltr'><strong>in</strong></span> <span class='ocrx_word' id='word_1_544' title='bbox 1669 772 1805 808; x_wconf 78' lang='lat' dir='ltr'><strong>Synodum</strong></span> 
     </span>
    </p>
   </div>
   <div class='ocr_carea' id='block_1_76' title="bbox 1014 814 1803 852">
    <p class='ocr_par' dir='ltr' id='par_1_76' title="bbox 1014 814 1803 852">
     <span class='ocr_line' id='line_1_76' title="bbox 1014 814 1803 852; baseline 0.008 -13"><span class='ocrx_word' id='word_1_545' title='bbox 1014 814 1046 840; x_wconf 91' lang='lat' dir='ltr'><strong>ad</strong></span> <span class='ocrx_word' id='word_1_546' title='bbox 1062 814 1192 847; x_wconf 86' lang='lat' dir='ltr'><strong>Quercum</strong></span> <span class='ocrx_word' id='word_1_547' title='bbox 1211 816 1316 842; x_wconf 88' lang='lat' dir='ltr'><strong>missos.</strong></span> <span class='ocrx_word' id='word_1_548' title='bbox 1335 816 1539 852; x_wconf 81' lang='lat' dir='ltr'><strong>Proximumque</strong></span> <span class='ocrx_word' id='word_1_549' title='bbox 1562 819 1616 844; x_wconf 78' lang='lat' dir='ltr'><strong>fore</strong></span> <span class='ocrx_word' id='word_1_550' title='bbox 1637 819 1758 852; x_wconf 83' lang='lat' dir='ltr'><strong>videbat,</strong></span> <span class='ocrx_word' id='word_1_551' title='bbox 1776 824 1803 846; x_wconf 89' lang='lat' dir='ltr'><strong>ut</strong></span> 
     </span>
    </p>
   </div>
   <div class='ocr_carea' id='block_1_77' title="bbox 1015 860 1803 897">
    <p class='ocr_par' dir='ltr' id='par_1_77' title="bbox 1015 860 1803 897">
     <span class='ocr_line' id='line_1_77' title="bbox 1015 860 1803 897; baseline 0.009 -12"><span class='ocrx_word' id='word_1_552' title='bbox 1015 860 1039 885; x_wconf 93' lang='lat' dir='ltr'><strong>in</strong></span> <span class='ocrx_word' id='word_1_553' title='bbox 1055 864 1107 886; x_wconf 89' lang='lat' dir='ltr'><strong>tam</strong></span> <span class='ocrx_word' id='word_1_554' title='bbox 1121 860 1263 888; x_wconf 88' lang='lat' dir='ltr'><strong>damnabili</strong></span> <span class='ocrx_word' id='word_1_555' title='bbox 1279 866 1348 889; x_wconf 74' lang='lat' dir='ltr'><strong>caztu</strong></span> <span class='ocrx_word' id='word_1_556' title='bbox 1364 863 1419 896; x_wconf 83' lang='lat' dir='ltr'><strong>ipse</strong></span> <span class='ocrx_word' id='word_1_557' title='bbox 1433 863 1555 890; x_wconf 77' lang='lat' dir='ltr'><strong>innoxius</strong></span> <span class='ocrx_word' id='word_1_558' title='bbox 1572 864 1649 897; x_wconf 88' lang='lat' dir='ltr'><strong>licet,</strong></span> <span class='ocrx_word' id='word_1_559' title='bbox 1664 872 1742 891; x_wconf 86' lang='lat' dir='ltr'><strong>causa</strong></span> <span class='ocrx_word' id='word_1_560' title='bbox 1757 872 1803 892; x_wconf 88' lang='lat' dir='ltr'><strong>ca-</strong></span> 
     </span>
    </p>
   </div>
   <div class='ocr_carea' id='block_1_78' title="bbox 1014 903 1098 930">
    <p class='ocr_par' dir='ltr' id='par_1_78' title="bbox 1014 903 1098 930">
     <span class='ocr_line' id='line_1_78' title="bbox 1014 903 1098 930; baseline 0 0"><span class='ocrx_word' id='word_1_561' title='bbox 1014 903 1098 930; x_wconf 69' lang='lat' dir='ltr'><strong>deret.</strong></span> 
     </span>
    </p>
   </div>
   <div class='ocr_carea' id='block_1_79' title="bbox 1050 949 1802 990">
    <p class='ocr_par' dir='ltr' id='par_1_79' title="bbox 1050 949 1802 990">
     <span class='ocr_line' id='line_1_79' title="bbox 1050 949 1802 990; baseline 0.012 -15"><span class='ocrx_word' id='word_1_562' title='bbox 1050 949 1087 976; x_wconf 92' lang='lat' dir='ltr'><strong>Illi</strong></span> <span class='ocrx_word' id='word_1_563' title='bbox 1102 957 1164 978; x_wconf 86' lang='lat' dir='ltr'><strong>vero</strong></span> <span class='ocrx_word' id='word_1_564' title='bbox 1179 951 1296 986; x_wconf 81' lang='lat' dir='ltr'><strong>episcopi</strong></span> <span class='ocrx_word' id='word_1_565' title='bbox 1310 953 1342 979; x_wconf 87' lang='lat' dir='ltr'><strong>ad</strong></span> <span class='ocrx_word' id='word_1_566' title='bbox 1361 953 1496 988; x_wconf 86' lang='lat' dir='ltr'><strong>Synodum</strong></span> <span class='ocrx_word' id='word_1_567' title='bbox 1513 955 1585 981; x_wconf 86' lang='lat' dir='ltr'><strong>missi</strong></span> <span class='ocrx_word' id='word_1_568' title='bbox 1599 977 1605 988; x_wconf 86' lang='lat'><strong>,</strong></span> <span class='ocrx_word' id='word_1_569' title='bbox 1623 957 1738 990; x_wconf 69' lang='lat' dir='ltr'><strong>pessime</strong></span> <span class='ocrx_word' id='word_1_570' title='bbox 1755 965 1802 984; x_wconf 77' lang='lat' dir='ltr'><strong>cx-</strong></span> 
     </span>
    </p>
   </div>
   <div class='ocr_carea' id='block_1_80' title="bbox 1013 995 1803 1034">
    <p class='ocr_par' dir='ltr' id='par_1_80' title="bbox 1013 995 1803 1034">
     <span class='ocr_line' id='line_1_80' title="bbox 1013 995 1803 1034; baseline 0.01 -13"><span class='ocrx_word' id='word_1_571' title='bbox 1013 995 1080 1028; x_wconf 89' lang='lat' dir='ltr'><strong>cepti</strong></span> <span class='ocrx_word' id='word_1_572' title='bbox 1097 995 1186 1028; x_wconf 81' lang='lat' dir='ltr'><strong>fuere;</strong></span> <span class='ocrx_word' id='word_1_573' title='bbox 1203 997 1282 1024; x_wconf 93' lang='lat' dir='ltr'><strong>alium</strong></span> <span class='ocrx_word' id='word_1_574' title='bbox 1297 999 1367 1025; x_wconf 90' lang='lat' dir='ltr'><strong>enim</strong></span> <span class='ocrx_word' id='word_1_575' title='bbox 1384 1000 1538 1027; x_wconf 84' lang='lat' dir='ltr'><strong>verberibus</strong></span> <span class='ocrx_word' id='word_1_576' title='bbox 1553 1001 1698 1028; x_wconf 85' lang='lat' dir='ltr'><strong>aﬂ&#39;eceruut</strong></span> <span class='ocrx_word' id='word_1_577' title='bbox 1709 1022 1716 1034; x_wconf 94' lang='lat'><strong>,</strong></span> <span class='ocrx_word' id='word_1_578' title='bbox 1735 1003 1803 1030; x_wconf 74' lang='lat' dir='ltr'><strong>alte~</strong></span> 
     </span>
    </p>
   </div>
   <div class='ocr_carea' id='block_1_81' title="bbox 1013 1039 1802 1076">
    <p class='ocr_par' dir='ltr' id='par_1_81' title="bbox 1013 1039 1802 1076">
     <span class='ocr_line' id='line_1_81' title="bbox 1013 1039 1802 1076; baseline 0.009 -10"><span class='ocrx_word' id='word_1_579' title='bbox 1013 1039 1068 1067; x_wconf 84' lang='lat' dir='ltr'><strong>rius</strong></span> <span class='ocrx_word' id='word_1_580' title='bbox 1083 1045 1168 1067; x_wconf 84' lang='lat' dir='ltr'><strong>vestes</strong></span> <span class='ocrx_word' id='word_1_581' title='bbox 1182 1041 1392 1076; x_wconf 85' lang='lat' dir='ltr'><strong>discerpserunt,</strong></span> <span class='ocrx_word' id='word_1_582' title='bbox 1405 1044 1479 1070; x_wconf 90' lang='lat' dir='ltr'><strong>alteri</strong></span> <span class='ocrx_word' id='word_1_583' title='bbox 1491 1050 1598 1071; x_wconf 84' lang='lat' dir='ltr'><strong>catenas</strong></span> <span class='ocrx_word' id='word_1_584' title='bbox 1614 1046 1713 1072; x_wconf 80' lang='lat' dir='ltr'><strong>ferreas</strong></span> <span class='ocrx_word' id='word_1_585' title='bbox 1732 1047 1802 1074; x_wconf 91' lang='lat' dir='ltr'><strong>collo</strong></span> 
     </span>
    </p>
   </div>
   <div class='ocr_carea' id='block_1_82' title="bbox 1012 1085 1802 1123">
    <p class='ocr_par' dir='ltr' id='par_1_82' title="bbox 1012 1085 1802 1123">
     <span class='ocr_line' id='line_1_82' title="bbox 1012 1085 1802 1123; baseline 0.009 -13"><span class='ocrx_word' id='word_1_586' title='bbox 1012 1085 1226 1119; x_wconf 86' lang='lat' dir='ltr'><strong>circnmposuerc</strong></span> <span class='ocrx_word' id='word_1_587' title='bbox 1239 1107 1245 1117; x_wconf 96' lang='lat'><strong>,</strong></span> <span class='ocrx_word' id='word_1_588' title='bbox 1260 1095 1324 1121; x_wconf 85' lang='lat' dir='ltr'><strong>quas</strong></span> <span class='ocrx_word' id='word_1_589' title='bbox 1343 1092 1434 1114; x_wconf 88' lang='lat' dir='ltr'><strong>sancto</strong></span> <span class='ocrx_word' id='word_1_590' title='bbox 1457 1088 1552 1115; x_wconf 85' lang='lat' dir='ltr'><strong>Joanni</strong></span> <span class='ocrx_word' id='word_1_591' title='bbox 1575 1095 1751 1123; x_wconf 79' lang='lat' dir='ltr'><strong>paraverant,</strong></span> <span class='ocrx_word' id='word_1_592' title='bbox 1775 1096 1802 1117; x_wconf 87' lang='lat' dir='ltr'><strong>ut</strong></span> 
     </span>
    </p>
   </div>
   <div class='ocr_carea' id='block_1_83' title="bbox 1013 1130 1803 1167">
    <p class='ocr_par' dir='ltr' id='par_1_83' title="bbox 1013 1130 1803 1167">
     <span class='ocr_line' id='line_1_83' title="bbox 1013 1130 1803 1167; baseline 0.006 -11"><span class='ocrx_word' id='word_1_593' title='bbox 1013 1130 1050 1156; x_wconf 70' lang='lat' dir='ltr'><strong>sic</strong></span> <span class='ocrx_word' id='word_1_594' title='bbox 1066 1131 1202 1165; x_wconf 70' lang='lat' dir='ltr'><strong>conjectns</strong></span> <span class='ocrx_word' id='word_1_595' title='bbox 1220 1131 1244 1158; x_wconf 88' lang='lat' dir='ltr'><strong>iu</strong></span> <span class='ocrx_word' id='word_1_596' title='bbox 1260 1133 1408 1158; x_wconf 79' lang='lat' dir='ltr'><strong>naviculam</strong></span> <span class='ocrx_word' id='word_1_597' title='bbox 1428 1133 1452 1159; x_wconf 91' lang='lat' dir='ltr'><strong>in</strong></span> <span class='ocrx_word' id='word_1_598' title='bbox 1477 1133 1592 1167; x_wconf 76' lang='lat' dir='ltr'><strong>ignotum</strong></span> <span class='ocrx_word' id='word_1_599' title='bbox 1611 1134 1695 1160; x_wconf 82' lang='lat' dir='ltr'><strong>locum</strong></span> <span class='ocrx_word' id='word_1_600' title='bbox 1711 1143 1803 1161; x_wconf 76' lang='lat' dir='ltr'><strong>aman—</strong></span> 
     </span>
    </p>
   </div>
   <div class='ocr_carea' id='block_1_84' title="bbox 1011 1177 1802 1212">
    <p class='ocr_par' dir='ltr' id='par_1_84' title="bbox 1011 1177 1802 1212">
     <span class='ocr_line' id='line_1_84' title="bbox 1011 1177 1802 1212; baseline 0.005 -9"><span class='ocrx_word' id='word_1_601' title='bbox 1011 1177 1129 1207; x_wconf 86' lang='lat' dir='ltr'><strong>daretur,</strong></span> <span class='ocrx_word' id='word_1_602' title='bbox 1145 1177 1265 1204; x_wconf 73' lang='lat' dir='ltr'><strong>dzL-mone</strong></span> <span class='ocrx_word' id='word_1_603' title='bbox 1280 1177 1350 1208; x_wconf 89' lang='lat' dir='ltr'><strong>illos,</strong></span> <span class='ocrx_word' id='word_1_604' title='bbox 1363 1178 1445 1212; x_wconf 81' lang='lat' dir='ltr'><strong>inquit</strong></span> <span class='ocrx_word' id='word_1_605' title='bbox 1459 1179 1603 1211; x_wconf 79' lang='lat' dir='ltr'><strong>Palladius,</strong></span> <span class='ocrx_word' id='word_1_606' title='bbox 1618 1180 1696 1206; x_wconf 78' lang='lat' dir='ltr'><strong>veluti</strong></span> <span class='ocrx_word' id='word_1_607' title='bbox 1711 1181 1802 1208; x_wconf 86' lang='lat' dir='ltr'><strong>leones</strong></span> 
     </span>
    </p>
   </div>
   <div class='ocr_carea' id='block_1_85' title="bbox 1011 1221 1801 1258">
    <p class='ocr_par' dir='ltr' id='par_1_85' title="bbox 1011 1221 1801 1258">
     <span class='ocr_line' id='line_1_85' title="bbox 1011 1221 1801 1258; baseline 0.005 -11"><span class='ocrx_word' id='word_1_608' title='bbox 1011 1221 1146 1248; x_wconf 75' lang='lat' dir='ltr'><strong>eﬂ‘ercnte.</strong></span> <span class='ocrx_word' id='word_1_609' title='bbox 1161 1221 1273 1254; x_wconf 86' lang='lat' dir='ltr'><strong>Quidam</strong></span> <span class='ocrx_word' id='word_1_610' title='bbox 1288 1229 1351 1249; x_wconf 85' lang='lat' dir='ltr'><strong>vero</strong></span> <span class='ocrx_word' id='word_1_611' title='bbox 1370 1230 1402 1249; x_wconf 87' lang='lat' dir='ltr'><strong>ex</strong></span> <span class='ocrx_word' id='word_1_612' title='bbox 1425 1222 1456 1249; x_wconf 90' lang='lat' dir='ltr'><strong>iis</strong></span> <span class='ocrx_word' id='word_1_613' title='bbox 1469 1224 1511 1257; x_wconf 88' lang='lat' dir='ltr'><strong>qui</strong></span> <span class='ocrx_word' id='word_1_614' title='bbox 1531 1223 1603 1250; x_wconf 86' lang='lat' dir='ltr'><strong>missi</strong></span> <span class='ocrx_word' id='word_1_615' title='bbox 1621 1223 1726 1250; x_wconf 81' lang='lat' dir='ltr'><strong>fuerant</strong></span> <span class='ocrx_word' id='word_1_616' title='bbox 1741 1232 1801 1258; x_wconf 84' lang='lat' dir='ltr'><strong>per-</strong></span> 
     </span>
    </p>
   </div>
   <div class='ocr_carea' id='block_1_86' title="bbox 1012 1265 1800 1301">
    <p class='ocr_par' dir='ltr' id='par_1_86' title="bbox 1012 1265 1800 1301">
     <span class='ocr_line' id='line_1_86' title="bbox 1012 1265 1800 1301; baseline 0.004 -9"><span class='ocrx_word' id='word_1_617' title='bbox 1012 1266 1096 1292; x_wconf 86' lang='lat' dir='ltr'><strong>territi</strong></span> <span class='ocrx_word' id='word_1_618' title='bbox 1117 1265 1150 1292; x_wconf 85' lang='lat' dir='ltr'><strong>ad</strong></span> <span class='ocrx_word' id='word_1_619' title='bbox 1177 1266 1306 1293; x_wconf 88' lang='lat' dir='ltr'><strong>Joannem</strong></span> <span class='ocrx_word' id='word_1_620' title='bbox 1330 1275 1382 1294; x_wconf 92' lang='lat' dir='ltr'><strong>non</strong></span> <span class='ocrx_word' id='word_1_621' title='bbox 1401 1272 1570 1294; x_wconf 79' lang='lat' dir='ltr'><strong>reverterunt</strong></span> <span class='ocrx_word' id='word_1_622' title='bbox 1591 1269 1599 1301; x_wconf 97' lang='lat'>(</span> <span class='ocrx_word' id='word_1_623' title='bbox 1616 1268 1717 1294; x_wconf 68' lang='lat' dir='ltr'><strong>Sozam.</strong></span> <span class='ocrx_word' id='word_1_624' title='bbox 1739 1269 1758 1295; x_wconf 97' lang='lat' dir='ltr'><strong>l.</strong></span> <span class='ocrx_word' id='word_1_625' title='bbox 1774 1269 1800 1296; x_wconf 88' lang='lat'><strong>8.</strong></span> 
     </span>
    </p>
   </div>
   <div class='ocr_carea' id='block_1_87' title="bbox 1010 1309 1802 1347">
    <p class='ocr_par' dir='ltr' id='par_1_87' title="bbox 1010 1309 1802 1347">
     <span class='ocr_line' id='line_1_87' title="bbox 1010 1309 1802 1347; baseline 0.005 -11"><span class='ocrx_word' id='word_1_626' title='bbox 1010 1319 1033 1336; x_wconf 85' lang='lat' dir='ltr'><strong>c.</strong></span> <span class='ocrx_word' id='word_1_627' title='bbox 1051 1309 1093 1346; x_wconf 80' lang='lat'><strong>17)</strong></span> <span class='ocrx_word' id='word_1_628' title='bbox 1107 1319 1113 1337; x_wconf 91' lang='lat'><strong><em>:</em></strong></span> <span class='ocrx_word' id='word_1_629' title='bbox 1129 1311 1277 1337; x_wconf 88' lang='lat' dir='ltr'><strong>Demetrius</strong></span> <span class='ocrx_word' id='word_1_630' title='bbox 1288 1316 1387 1344; x_wconf 89' lang='lat' dir='ltr'><strong>autem,</strong></span> <span class='ocrx_word' id='word_1_631' title='bbox 1403 1317 1430 1338; x_wconf 89' lang='lat' dir='ltr'><strong>et</strong></span> <span class='ocrx_word' id='word_1_632' title='bbox 1444 1313 1602 1347; x_wconf 85' lang='lat' dir='ltr'><strong>quicumque</strong></span> <span class='ocrx_word' id='word_1_633' title='bbox 1615 1313 1725 1340; x_wconf 86' lang='lat' dir='ltr'><strong>Joannis</strong></span> <span class='ocrx_word' id='word_1_634' title='bbox 1738 1321 1802 1340; x_wconf 90' lang='lat' dir='ltr'><strong>con-</strong></span> 
     </span>
    </p>
   </div>
   <div class='ocr_carea' id='block_1_88' title="bbox 1011 1356 1800 1391">
    <p class='ocr_par' dir='ltr' id='par_1_88' title="bbox 1011 1356 1800 1391">
     <span class='ocr_line' id='line_1_88' title="bbox 1011 1356 1800 1391; baseline 0.004 -9"><span class='ocrx_word' id='word_1_635' title='bbox 1011 1357 1120 1383; x_wconf 88' lang='lat' dir='ltr'><strong>sortimu</strong></span> <span class='ocrx_word' id='word_1_636' title='bbox 1132 1356 1233 1383; x_wconf 79' lang='lat' dir='ltr'><strong>cunctis</strong></span> <span class='ocrx_word' id='word_1_637' title='bbox 1247 1356 1325 1383; x_wconf 88' lang='lat' dir='ltr'><strong>rebus</strong></span> <span class='ocrx_word' id='word_1_638' title='bbox 1333 1357 1538 1391; x_wconf 79' lang='lat' dir='ltr'><strong>anteponebant,</strong></span> <span class='ocrx_word' id='word_1_639' title='bbox 1553 1358 1585 1383; x_wconf 88' lang='lat' dir='ltr'><strong>ad</strong></span> <span class='ocrx_word' id='word_1_640' title='bbox 1597 1358 1670 1384; x_wconf 91' lang='lat' dir='ltr'><strong>illum</strong></span> <span class='ocrx_word' id='word_1_641' title='bbox 1685 1358 1800 1386; x_wconf 86' lang='lat' dir='ltr'><strong>rediere.</strong></span> 
     </span>
    </p>
   </div>
   <div class='ocr_carea' id='block_1_89' title="bbox 1011 1401 1800 1433">
    <p class='ocr_par' dir='ltr' id='par_1_89' title="bbox 1011 1401 1800 1433">
     <span class='ocr_line' id='line_1_89' title="bbox 1011 1401 1800 1433; baseline 0.003 -5"><span class='ocrx_word' id='word_1_642' title='bbox 1011 1401 1112 1428; x_wconf 85' lang='lat' dir='ltr'><strong>Eodem</strong></span> <span class='ocrx_word' id='word_1_643' title='bbox 1137 1402 1179 1428; x_wconf 89' lang='lat' dir='ltr'><strong>die</strong></span> <span class='ocrx_word' id='word_1_644' title='bbox 1197 1410 1285 1428; x_wconf 83' lang='lat' dir='ltr'><strong>cursor</strong></span> <span class='ocrx_word' id='word_1_645' title='bbox 1305 1407 1327 1428; x_wconf 86' lang='lat' dir='ltr'><strong>et</strong></span> <span class='ocrx_word' id='word_1_646' title='bbox 1346 1403 1457 1428; x_wconf 86' lang='lat' dir='ltr'><strong>notarius</strong></span> <span class='ocrx_word' id='word_1_647' title='bbox 1469 1423 1476 1433; x_wconf 95' lang='lat'><strong>,</strong></span> <span class='ocrx_word' id='word_1_648' title='bbox 1495 1411 1526 1429; x_wconf 78' lang='lat' dir='ltr'><strong>ex</strong></span> <span class='ocrx_word' id='word_1_649' title='bbox 1548 1402 1648 1429; x_wconf 83' lang='lat' dir='ltr'><strong>Palatio</strong></span> <span class='ocrx_word' id='word_1_650' title='bbox 1662 1403 1800 1430; x_wconf 82' lang='lat' dir='ltr'><strong>venientes</strong></span> 
     </span>
    </p>
   </div>
   <div class='ocr_carea' id='block_1_90' title="bbox 1010 1447 1839 1482">
    <p class='ocr_par' dir='ltr' id='par_1_90' title="bbox 1010 1447 1839 1482">
     <span class='ocr_line' id='line_1_90' title="bbox 1010 1447 1839 1482; baseline 0.004 -9"><span class='ocrx_word' id='word_1_651' title='bbox 1010 1447 1138 1474; x_wconf 87' lang='lat' dir='ltr'><strong>Joannem</strong></span> <span class='ocrx_word' id='word_1_652' title='bbox 1161 1447 1288 1482; x_wconf 82' lang='lat' dir='ltr'><strong>urgebant</strong></span> <span class='ocrx_word' id='word_1_653' title='bbox 1307 1452 1335 1474; x_wconf 89' lang='lat' dir='ltr'><strong>ut</strong></span> <span class='ocrx_word' id='word_1_654' title='bbox 1356 1447 1387 1472; x_wconf 87' lang='lat' dir='ltr'><strong>ad</strong></span> <span class='ocrx_word' id='word_1_655' title='bbox 1407 1447 1545 1481; x_wconf 86' lang='lat' dir='ltr'><strong>episcopos</strong></span> <span class='ocrx_word' id='word_1_656' title='bbox 1565 1447 1705 1474; x_wconf 82' lang='lat' dir='ltr'><strong>accederet</strong></span> <span class='ocrx_word' id='word_1_657' title='bbox 1720 1457 1727 1475; x_wconf 89' lang='lat'><strong><em>:</em></strong></span> <span class='ocrx_word' id='word_1_658' title='bbox 1742 1449 1800 1476; x_wconf 87' lang='lat' dir='ltr'><strong>illos</strong></span> <span class='ocrx_word' id='word_1_659' title='bbox 1838 1447 1839 1450; x_wconf 50' lang='grc'><em>“</em></span> 
     </span>
    </p>
   </div>
   <div class='ocr_carea' id='block_1_91' title="bbox 1010 1491 1800 1527">
    <p class='ocr_par' dir='ltr' id='par_1_91' title="bbox 1010 1491 1800 1527">
     <span class='ocr_line' id='line_1_91' title="bbox 1010 1491 1800 1527; baseline 0.003 -9"><span class='ocrx_word' id='word_1_660' title='bbox 1010 1499 1074 1518; x_wconf 77' lang='lat' dir='ltr'><strong>vero</strong></span> <span class='ocrx_word' id='word_1_661' title='bbox 1084 1492 1179 1519; x_wconf 89' lang='lat' dir='ltr'><strong>hortati</strong></span> <span class='ocrx_word' id='word_1_662' title='bbox 1190 1497 1260 1523; x_wconf 90' lang='lat' dir='ltr'><strong>sunt,</strong></span> <span class='ocrx_word' id='word_1_663' title='bbox 1270 1495 1298 1518; x_wconf 90' lang='lat' dir='ltr'><strong>ut</strong></span> <span class='ocrx_word' id='word_1_664' title='bbox 1307 1491 1435 1526; x_wconf 88' lang='lat' dir='ltr'><strong>judicium</strong></span> <span class='ocrx_word' id='word_1_665' title='bbox 1449 1493 1638 1520; x_wconf 91' lang='lat' dir='ltr'><strong>accelerarent.</strong></span> <span class='ocrx_word' id='word_1_666' title='bbox 1651 1493 1712 1520; x_wconf 81' lang='lat' dir='ltr'><strong>llaec</strong></span> <span class='ocrx_word' id='word_1_667' title='bbox 1721 1501 1800 1527; x_wconf 90' lang='lat' dir='ltr'><strong>porro</strong></span> 
     </span>
    </p>
   </div>
   <div class='ocr_carea' id='block_1_92' title="bbox 1011 1536 1800 1570">
    <p class='ocr_par' dir='ltr' id='par_1_92' title="bbox 1011 1536 1800 1570">
     <span class='ocr_line' id='line_1_92' title="bbox 1011 1536 1800 1570; baseline 0.003 -7"><span class='ocrx_word' id='word_1_668' title='bbox 1011 1537 1097 1563; x_wconf 90' lang='lat' dir='ltr'><strong>omnia</strong></span> <span class='ocrx_word' id='word_1_669' title='bbox 1111 1556 1117 1568; x_wconf 89' lang='lat'><strong>,</strong></span> <span class='ocrx_word' id='word_1_670' title='bbox 1139 1541 1168 1563; x_wconf 89' lang='lat' dir='ltr'><strong>ut</strong></span> <span class='ocrx_word' id='word_1_671' title='bbox 1187 1536 1296 1563; x_wconf 84' lang='lat' dir='ltr'><strong>credere</strong></span> <span class='ocrx_word' id='word_1_672' title='bbox 1310 1541 1368 1570; x_wconf 89' lang='lat' dir='ltr'><strong>est,</strong></span> <span class='ocrx_word' id='word_1_673' title='bbox 1387 1537 1545 1564; x_wconf 84' lang='lat' dir='ltr'><strong>moliebatur</strong></span> <span class='ocrx_word' id='word_1_674' title='bbox 1565 1537 1683 1564; x_wconf 77' lang='lat' dir='ltr'><strong>Eudoxio</strong></span> <span class='ocrx_word' id='word_1_675' title='bbox 1703 1537 1800 1565; x_wconf 91' lang='lat' dir='ltr'><strong>Joanni</strong></span> 
     </span>
    </p>
   </div>
   <div class='ocr_carea' id='block_1_93' title="bbox 1011 1581 1228 1608">
    <p class='ocr_par' dir='ltr' id='par_1_93' title="bbox 1011 1581 1228 1608">
     <span class='ocr_line' id='line_1_93' title="bbox 1011 1581 1228 1608; baseline -0.005 0"><span class='ocrx_word' id='word_1_676' title='bbox 1011 1586 1102 1608; x_wconf 83' lang='lat' dir='ltr'><strong>nostro</strong></span> <span class='ocrx_word' id='word_1_677' title='bbox 1116 1581 1228 1608; x_wconf 81' lang='lat' dir='ltr'><strong>infensa.</strong></span> 
     </span>
    </p>
   </div>
   <div class='ocr_carea' id='block_1_94' title="bbox 1045 1626 1801 1661">
    <p class='ocr_par' dir='ltr' id='par_1_94' title="bbox 1045 1626 1801 1661">
     <span class='ocr_line' id='line_1_94' title="bbox 1045 1626 1801 1661; baseline 0.003 -8"><span class='ocrx_word' id='word_1_678' title='bbox 1045 1626 1236 1661; x_wconf 80' lang='lat' dir='ltr'><strong>Chrysostanms</strong></span> <span class='ocrx_word' id='word_1_679' title='bbox 1244 1626 1269 1653; x_wconf 88' lang='lat' dir='ltr'><strong>in</strong></span> <span class='ocrx_word' id='word_1_680' title='bbox 1282 1626 1386 1661; x_wconf 86' lang='lat' dir='ltr'><strong>Synodo</strong></span> <span class='ocrx_word' id='word_1_681' title='bbox 1400 1627 1433 1653; x_wconf 87' lang='lat' dir='ltr'><strong>ad</strong></span> <span class='ocrx_word' id='word_1_682' title='bbox 1445 1626 1569 1659; x_wconf 81' lang='lat' dir='ltr'><strong>Quercum</strong></span> <span class='ocrx_word' id='word_1_683' title='bbox 1581 1627 1716 1654; x_wconf 81' lang='lat' dir='ltr'><strong>damnatur</strong></span> <span class='ocrx_word' id='word_1_684' title='bbox 1726 1632 1747 1654; x_wconf 76' lang='lat' dir='ltr'><strong>et</strong></span> <span class='ocrx_word' id='word_1_685' title='bbox 1757 1629 1801 1655; x_wconf 83' lang='lat' dir='ltr'><strong>de-</strong></span> 
     </span>
    </p>
   </div>
   <div class='ocr_carea' id='block_1_95' title="bbox 1010 1673 1799 1708">
    <p class='ocr_par' dir='ltr' id='par_1_95' title="bbox 1010 1673 1799 1708">
     <span class='ocr_line' id='line_1_95' title="bbox 1010 1673 1799 1708; baseline 0 -8"><span class='ocrx_word' id='word_1_686' title='bbox 1010 1673 1121 1708; x_wconf 81' lang='lat' dir='ltr'><strong>ponitur.</strong></span> <span class='ocrx_word' id='word_1_687' title='bbox 1137 1688 1171 1693; x_wconf 92' lang='lat'><strong>-—</strong></span> <span class='ocrx_word' id='word_1_688' title='bbox 1183 1673 1250 1700; x_wconf 88' lang='lat' dir='ltr'><strong>Aliis</strong></span> <span class='ocrx_word' id='word_1_689' title='bbox 1263 1679 1328 1700; x_wconf 87' lang='lat' dir='ltr'><strong>vero</strong></span> <span class='ocrx_word' id='word_1_690' title='bbox 1339 1673 1513 1705; x_wconf 86' lang='lat' dir='ltr'><strong>instantibus,</strong></span> <span class='ocrx_word' id='word_1_691' title='bbox 1528 1673 1624 1700; x_wconf 81' lang='lat' dir='ltr'><strong>Paulus</strong></span> <span class='ocrx_word' id='word_1_692' title='bbox 1644 1673 1799 1700; x_wconf 82' lang='lat' dir='ltr'><strong>Ilcracloota</strong></span> 
     </span>
    </p>
   </div>
   <div class='ocr_carea' id='block_1_96' title="bbox 1010 1719 1800 1753">
    <p class='ocr_par' dir='ltr' id='par_1_96' title="bbox 1010 1719 1800 1753">
     <span class='ocr_line' id='line_1_96' title="bbox 1010 1719 1800 1753; baseline 0 -7"><span class='ocrx_word' id='word_1_693' title='bbox 1010 1720 1110 1753; x_wconf 88' lang='lat' dir='ltr'><strong>primus</strong></span> <span class='ocrx_word' id='word_1_694' title='bbox 1130 1726 1223 1746; x_wconf 86' lang='lat' dir='ltr'><strong>omnes</strong></span> <span class='ocrx_word' id='word_1_695' title='bbox 1241 1719 1398 1746; x_wconf 87' lang='lat' dir='ltr'><strong>sententiam</strong></span> <span class='ocrx_word' id='word_1_696' title='bbox 1419 1719 1507 1746; x_wconf 75' lang='lat' dir='ltr'><strong>dicere</strong></span> <span class='ocrx_word' id='word_1_697' title='bbox 1525 1719 1635 1753; x_wconf 84' lang='lat' dir='ltr'><strong>rogavit.</strong></span> <span class='ocrx_word' id='word_1_698' title='bbox 1658 1719 1800 1746; x_wconf 87' lang='lat' dir='ltr'><strong>Statntum-</strong></span> 
     </span>
    </p>
   </div>
   <div class='ocr_carea' id='block_1_97' title="bbox 1009 1764 1800 1799">
    <p class='ocr_par' dir='ltr' id='par_1_97' title="bbox 1009 1764 1800 1799">
     <span class='ocr_line' id='line_1_97' title="bbox 1009 1764 1800 1799; baseline 0.003 -9"><span class='ocrx_word' id='word_1_699' title='bbox 1009 1773 1060 1799; x_wconf 90' lang='lat' dir='ltr'><strong>que</strong></span> <span class='ocrx_word' id='word_1_700' title='bbox 1077 1764 1123 1791; x_wconf 80' lang='lat' dir='ltr'><strong>fuit</strong></span> <span class='ocrx_word' id='word_1_701' title='bbox 1136 1764 1264 1791; x_wconf 85' lang='lat' dir='ltr'><strong>Joannem</strong></span> <span class='ocrx_word' id='word_1_702' title='bbox 1278 1771 1292 1790; x_wconf 86' lang='lat' dir='ltr'><strong>a</strong></span> <span class='ocrx_word' id='word_1_703' title='bbox 1306 1764 1369 1791; x_wconf 91' lang='lat' dir='ltr'><strong>sede</strong></span> <span class='ocrx_word' id='word_1_704' title='bbox 1384 1764 1536 1798; x_wconf 85' lang='lat' dir='ltr'><strong>pellendum</strong></span> <span class='ocrx_word' id='word_1_705' title='bbox 1551 1771 1610 1791; x_wconf 89' lang='lat' dir='ltr'><strong>esse</strong></span> <span class='ocrx_word' id='word_1_706' title='bbox 1625 1773 1632 1790; x_wconf 85' lang='lat'><strong>:</strong></span> <span class='ocrx_word' id='word_1_707' title='bbox 1647 1772 1726 1799; x_wconf 90' lang='lat' dir='ltr'><strong>quam</strong></span> <span class='ocrx_word' id='word_1_708' title='bbox 1739 1772 1800 1792; x_wconf 81' lang='lat' dir='ltr'><strong>sen-</strong></span> 
     </span>
    </p>
   </div>
   <div class='ocr_carea' id='block_1_98' title="bbox 1011 1802 1801 1845">
    <p class='ocr_par' dir='ltr' id='par_1_98' title="bbox 1011 1802 1801 1845">
     <span class='ocr_line' id='line_1_98' title="bbox 1011 1802 1801 1845; baseline 0.001 -8"><span class='ocrx_word' id='word_1_709' title='bbox 1011 1811 1119 1837; x_wconf 85' lang='lat' dir='ltr'><strong>tentiam</strong></span> <span class='ocrx_word' id='word_1_710' title='bbox 1139 1810 1246 1844; x_wconf 88' lang='lat' dir='ltr'><strong>protulit</strong></span> <span class='ocrx_word' id='word_1_711' title='bbox 1264 1809 1422 1844; x_wconf 81' lang='lat' dir='ltr'><strong>Gymnasius</strong></span> <span class='ocrx_word' id='word_1_712' title='bbox 1440 1811 1598 1844; x_wconf 81' lang='lat' dir='ltr'><strong>episcopus,</strong></span> <span class='ocrx_word' id='word_1_713' title='bbox 1611 1802 1801 1845; x_wconf 32' lang='lat' dir='ltr'><strong>et&#39;postremus</strong></span> 
     </span>
    </p>
   </div>
   <div class='ocr_carea' id='block_1_99' title="bbox 1010 1855 1801 1890">
    <p class='ocr_par' dir='ltr' id='par_1_99' title="bbox 1010 1855 1801 1890">
     <span class='ocr_line' id='line_1_99' title="bbox 1010 1855 1801 1890; baseline -0.001 -7"><span class='ocrx_word' id='word_1_714' title='bbox 1010 1856 1184 1890; x_wconf 85' lang='lat' dir='ltr'><strong>Theophilus.</strong></span> <span class='ocrx_word' id='word_1_715' title='bbox 1198 1855 1296 1882; x_wconf 85' lang='lat' dir='ltr'><strong>Omnes</strong></span> <span class='ocrx_word' id='word_1_716' title='bbox 1314 1859 1401 1882; x_wconf 89' lang='lat' dir='ltr'><strong>autem</strong></span> <span class='ocrx_word' id='word_1_717' title='bbox 1418 1856 1533 1889; x_wconf 87' lang='lat' dir='ltr'><strong>episcopi</strong></span> <span class='ocrx_word' id='word_1_718' title='bbox 1557 1863 1669 1882; x_wconf 89' lang='lat' dir='ltr'><strong>numero</strong></span> <span class='ocrx_word' id='word_1_719' title='bbox 1687 1856 1801 1890; x_wconf 76' lang='lat' dir='ltr'><strong>quadra—</strong></span> 
     </span>
    </p>
   </div>
   <div class='ocr_carea' id='block_1_100' title="bbox 1009 1899 1799 1935">
    <p class='ocr_par' dir='ltr' id='par_1_100' title="bbox 1009 1899 1799 1935">
     <span class='ocr_line' id='line_1_100' title="bbox 1009 1899 1799 1935; baseline 0.003 -9"><span class='ocrx_word' id='word_1_720' title='bbox 1009 1902 1080 1935; x_wconf 70' lang='lat' dir='ltr'><strong>ginta</strong></span> <span class='ocrx_word' id='word_1_721' title='bbox 1094 1901 1208 1935; x_wconf 88' lang='lat' dir='ltr'><strong>quinque</strong></span> <span class='ocrx_word' id='word_1_722' title='bbox 1221 1904 1313 1932; x_wconf 86' lang='lat' dir='ltr'><strong>erant,</strong></span> <span class='ocrx_word' id='word_1_723' title='bbox 1329 1901 1350 1927; x_wconf 90' lang='lat' dir='ltr'><strong>si</strong></span> <span class='ocrx_word' id='word_1_724' title='bbox 1363 1899 1427 1927; x_wconf 77' lang='lat' dir='ltr'><strong>fides</strong></span> <span class='ocrx_word' id='word_1_725' title='bbox 1442 1901 1476 1927; x_wconf 89' lang='lat' dir='ltr'><strong>sit</strong></span> <span class='ocrx_word' id='word_1_726' title='bbox 1490 1900 1556 1927; x_wconf 89' lang='lat' dir='ltr'><strong>actis</strong></span> <span class='ocrx_word' id='word_1_727' title='bbox 1570 1908 1584 1926; x_wconf 89' lang='lat' dir='ltr'><strong>a</strong></span> <span class='ocrx_word' id='word_1_728' title='bbox 1598 1900 1691 1926; x_wconf 81' lang='lat' dir='ltr'><strong>Photio</strong></span> <span class='ocrx_word' id='word_1_729' title='bbox 1702 1901 1799 1928; x_wconf 88' lang='lat' dir='ltr'><strong>allatis.</strong></span> 
     </span>
    </p>
   </div>
   <div class='ocr_carea' id='block_1_101' title="bbox 1011 1945 1800 1980">
    <p class='ocr_par' dir='ltr' id='par_1_101' title="bbox 1011 1945 1800 1980">
     <span class='ocr_line' id='line_1_101' title="bbox 1011 1945 1800 1980; baseline 0 -7"><span class='ocrx_word' id='word_1_730' title='bbox 1011 1947 1072 1973; x_wconf 72' lang='lat' dir='ltr'><strong>ll;ce</strong></span> <span class='ocrx_word' id='word_1_731' title='bbox 1087 1953 1167 1980; x_wconf 88' lang='lat' dir='ltr'><strong>porro</strong></span> <span class='ocrx_word' id='word_1_732' title='bbox 1187 1950 1244 1972; x_wconf 87' lang='lat' dir='ltr'><strong>acta</strong></span> <span class='ocrx_word' id='word_1_733' title='bbox 1266 1945 1358 1979; x_wconf 88' lang='lat' dir='ltr'><strong>rejeeit</strong></span> <span class='ocrx_word' id='word_1_734' title='bbox 1373 1945 1501 1972; x_wconf 88' lang='lat' dir='ltr'><strong>Baronius</strong></span> <span class='ocrx_word' id='word_1_735' title='bbox 1514 1965 1521 1977; x_wconf 86' lang='lat'><strong>,</strong></span> <span class='ocrx_word' id='word_1_736' title='bbox 1537 1946 1580 1979; x_wconf 89' lang='lat' dir='ltr'><strong>qui</strong></span> <span class='ocrx_word' id='word_1_737' title='bbox 1602 1953 1616 1971; x_wconf 93' lang='lat' dir='ltr'><strong>a</strong></span> <span class='ocrx_word' id='word_1_738' title='bbox 1632 1945 1717 1972; x_wconf 87' lang='lat' dir='ltr'><strong>doctis</strong></span> <span class='ocrx_word' id='word_1_739' title='bbox 1736 1946 1800 1973; x_wconf 87' lang='lat' dir='ltr'><strong>viris</strong></span> 
     </span>
    </p>
   </div>
   <div class='ocr_carea' id='block_1_102' title="bbox 1008 1990 1798 2025">
    <p class='ocr_par' dir='ltr' id='par_1_102' title="bbox 1008 1990 1798 2025">
     <span class='ocr_line' id='line_1_102' title="bbox 1008 1990 1798 2025; baseline 0.001 -9"><span class='ocrx_word' id='word_1_740' title='bbox 1008 1991 1068 2025; x_wconf 85' lang='lat' dir='ltr'><strong>jure</strong></span> <span class='ocrx_word' id='word_1_741' title='bbox 1089 1991 1249 2024; x_wconf 71' lang='lat' dir='ltr'><strong>exploditur.</strong></span> <span class='ocrx_word' id='word_1_742' title='bbox 1272 1990 1338 2021; x_wconf 87' lang='lat' dir='ltr'><strong>Nam</strong></span> <span class='ocrx_word' id='word_1_743' title='bbox 1357 1995 1414 2017; x_wconf 85' lang='lat' dir='ltr'><strong>acta</strong></span> <span class='ocrx_word' id='word_1_744' title='bbox 1431 1990 1474 2017; x_wconf 91' lang='lat' dir='ltr'><strong>illa</strong></span> <span class='ocrx_word' id='word_1_745' title='bbox 1490 1998 1552 2017; x_wconf 81' lang='lat' dir='ltr'><strong>vera</strong></span> <span class='ocrx_word' id='word_1_746' title='bbox 1565 1997 1624 2017; x_wconf 87' lang='lat' dir='ltr'><strong>esse</strong></span> <span class='ocrx_word' id='word_1_747' title='bbox 1639 1995 1730 2024; x_wconf 88' lang='lat' dir='ltr'><strong>putant</strong></span> <span class='ocrx_word' id='word_1_748' title='bbox 1744 1995 1798 2017; x_wconf 90' lang='lat' dir='ltr'><strong>tum</strong></span> 
     </span>
    </p>
   </div>
   <div class='ocr_carea' id='block_1_103' title="bbox 1010 2036 1800 2070">
    <p class='ocr_par' dir='ltr' id='par_1_103' title="bbox 1010 2036 1800 2070">
     <span class='ocr_line' id='line_1_103' title="bbox 1010 2036 1800 2070; baseline 0 -7"><span class='ocrx_word' id='word_1_749' title='bbox 1010 2037 1052 2063; x_wconf 90' lang='lat' dir='ltr'><strong>alii</strong></span> <span class='ocrx_word' id='word_1_750' title='bbox 1068 2037 1138 2063; x_wconf 90' lang='lat' dir='ltr'><strong>docti</strong></span> <span class='ocrx_word' id='word_1_751' title='bbox 1150 2036 1209 2067; x_wconf 91' lang='lat' dir='ltr'><strong>viri,</strong></span> <span class='ocrx_word' id='word_1_752' title='bbox 1223 2042 1277 2062; x_wconf 89' lang='lat' dir='ltr'><strong>tum</strong></span> <span class='ocrx_word' id='word_1_753' title='bbox 1295 2036 1483 2070; x_wconf 79' lang='lat' dir='ltr'><strong>sagacissimus</strong></span> <span class='ocrx_word' id='word_1_754' title='bbox 1497 2036 1691 2063; x_wconf 85' lang='lat' dir='ltr'><strong>Tillemontius.</strong></span> <span class='ocrx_word' id='word_1_755' title='bbox 1706 2036 1800 2063; x_wconf 85' lang='lat' dir='ltr'><strong>Crimi-</strong></span> 
     </span>
    </p>
   </div>
   <div class='ocr_carea' id='block_1_104' title="bbox 1011 2081 1799 2116">
    <p class='ocr_par' dir='ltr' id='par_1_104' title="bbox 1011 2081 1799 2116">
     <span class='ocr_line' id='line_1_104' title="bbox 1011 2081 1799 2116; baseline -0.001 -7"><span class='ocrx_word' id='word_1_756' title='bbox 1011 2083 1131 2109; x_wconf 82' lang='lat' dir='ltr'><strong>nationes</strong></span> <span class='ocrx_word' id='word_1_757' title='bbox 1152 2088 1234 2116; x_wconf 88' lang='lat' dir='ltr'><strong>porro</strong></span> <span class='ocrx_word' id='word_1_758' title='bbox 1254 2081 1330 2114; x_wconf 90' lang='lat' dir='ltr'><strong>illas,</strong></span> <span class='ocrx_word' id='word_1_759' title='bbox 1351 2081 1392 2108; x_wconf 86' lang='lat' dir='ltr'><strong>vel</strong></span> <span class='ocrx_word' id='word_1_760' title='bbox 1413 2081 1499 2108; x_wconf 79' lang='lat' dir='ltr'><strong>nullas</strong></span> <span class='ocrx_word' id='word_1_761' title='bbox 1512 2101 1519 2113; x_wconf 89' lang='lat'><strong>,</strong></span> <span class='ocrx_word' id='word_1_762' title='bbox 1536 2082 1575 2108; x_wconf 81' lang='lat' dir='ltr'><strong>vel</strong></span> <span class='ocrx_word' id='word_1_763' title='bbox 1591 2086 1744 2114; x_wconf 82' lang='lat' dir='ltr'><strong>contortas,</strong></span> <span class='ocrx_word' id='word_1_764' title='bbox 1758 2082 1799 2108; x_wconf 89' lang='lat' dir='ltr'><strong>vel</strong></span> 
     </span>
    </p>
   </div>
   <div class='ocr_carea' id='block_1_105' title="bbox 1011 2127 1800 2162">
    <p class='ocr_par' dir='ltr' id='par_1_105' title="bbox 1011 2127 1800 2162">
     <span class='ocr_line' id='line_1_105' title="bbox 1011 2127 1800 2162; baseline 0.001 -8"><span class='ocrx_word' id='word_1_765' title='bbox 1011 2128 1118 2154; x_wconf 90' lang='lat' dir='ltr'><strong>omnino</strong></span> <span class='ocrx_word' id='word_1_766' title='bbox 1132 2127 1209 2154; x_wconf 67' lang='lat' dir='ltr'><strong>falsas</strong></span> <span class='ocrx_word' id='word_1_767' title='bbox 1221 2134 1280 2154; x_wconf 88' lang='lat' dir='ltr'><strong>esse</strong></span> <span class='ocrx_word' id='word_1_768' title='bbox 1294 2131 1386 2161; x_wconf 88' lang='lat' dir='ltr'><strong>putant</strong></span> <span class='ocrx_word' id='word_1_769' title='bbox 1400 2132 1453 2153; x_wconf 90' lang='lat' dir='ltr'><strong>tum</strong></span> <span class='ocrx_word' id='word_1_770' title='bbox 1468 2127 1588 2159; x_wconf 72' lang='lat' dir='ltr'><strong>Phenus,</strong></span> <span class='ocrx_word' id='word_1_771' title='bbox 1602 2132 1655 2153; x_wconf 89' lang='lat' dir='ltr'><strong>tum</strong></span> <span class='ocrx_word' id='word_1_772' title='bbox 1670 2133 1800 2162; x_wconf 85' lang='lat' dir='ltr'><strong>quotquot</strong></span> 
     </span>
    </p>
   </div>
   <div class='ocr_carea' id='block_1_106' title="bbox 1010 2171 1798 2200">
    <p class='ocr_par' dir='ltr' id='par_1_106' title="bbox 1010 2171 1798 2200">
     <span class='ocr_line' id='line_1_106' title="bbox 1010 2171 1798 2200; baseline 0.001 -2"><span class='ocrx_word' id='word_1_773' title='bbox 1010 2173 1066 2200; x_wconf 89' lang='lat' dir='ltr'><strong>veri</strong></span> <span class='ocrx_word' id='word_1_774' title='bbox 1088 2180 1180 2199; x_wconf 85' lang='lat' dir='ltr'><strong>amore</strong></span> <span class='ocrx_word' id='word_1_775' title='bbox 1200 2176 1335 2199; x_wconf 86' lang='lat' dir='ltr'><strong>tenentur.</strong></span> <span class='ocrx_word' id='word_1_776' title='bbox 1350 2171 1378 2198; x_wconf 93' lang='lat' dir='ltr'><strong>ln</strong></span> <span class='ocrx_word' id='word_1_777' title='bbox 1393 2171 1570 2199; x_wconf 82' lang='lat' dir='ltr'><strong>damnationis</strong></span> <span class='ocrx_word' id='word_1_778' title='bbox 1585 2180 1648 2198; x_wconf 84' lang='lat' dir='ltr'><strong>vero</strong></span> <span class='ocrx_word' id='word_1_779' title='bbox 1668 2175 1798 2199; x_wconf 86' lang='lat' dir='ltr'><strong>sententia</strong></span> 
     </span>
    </p>
   </div>
   <div class='ocr_carea' id='block_1_107' title="bbox 1011 2218 1794 2253">
    <p class='ocr_par' dir='ltr' id='par_1_107' title="bbox 1011 2218 1794 2253">
     <span class='ocr_line' id='line_1_107' title="bbox 1011 2218 1794 2253; baseline -0.003 -7"><span class='ocrx_word' id='word_1_780' title='bbox 1011 2220 1076 2246; x_wconf 91' lang='lat' dir='ltr'><strong>nihil</strong></span> <span class='ocrx_word' id='word_1_781' title='bbox 1091 2219 1159 2246; x_wconf 88' lang='lat' dir='ltr'><strong>aliud</strong></span> <span class='ocrx_word' id='word_1_782' title='bbox 1176 2219 1318 2250; x_wconf 77' lang='lat' dir='ltr'><strong>ferebatur,</strong></span> <span class='ocrx_word' id='word_1_783' title='bbox 1334 2226 1412 2252; x_wconf 89' lang='lat' dir='ltr'><strong>quam</strong></span> <span class='ocrx_word' id='word_1_784' title='bbox 1428 2218 1498 2252; x_wconf 87' lang='lat' dir='ltr'><strong>quod</strong></span> <span class='ocrx_word' id='word_1_785' title='bbox 1517 2218 1542 2244; x_wconf 94' lang='lat' dir='ltr'><strong>in</strong></span> <span class='ocrx_word' id='word_1_786' title='bbox 1558 2218 1666 2253; x_wconf 84' lang='lat' dir='ltr'><strong>Syuodo</strong></span> <span class='ocrx_word' id='word_1_787' title='bbox 1686 2226 1794 2252; x_wconf 88' lang='lat' dir='ltr'><strong>compa-</strong></span> 
     </span>
    </p>
   </div>
   <div class='ocr_carea' id='block_1_108' title="bbox 1011 2265 1225 2293">
    <p class='ocr_par' dir='ltr' id='par_1_108' title="bbox 1011 2265 1225 2293">
     <span class='ocr_line' id='line_1_108' title="bbox 1011 2265 1225 2293; baseline -0.014 0"><span class='ocrx_word' id='word_1_788' title='bbox 1011 2273 1071 2293; x_wconf 89' lang='lat' dir='ltr'><strong>rere</strong></span> <span class='ocrx_word' id='word_1_789' title='bbox 1087 2265 1225 2293; x_wconf 87' lang='lat' dir='ltr'><strong>noluisset.</strong></span> 
     </span>
    </p>
   </div>
   <div class='ocr_carea' id='block_1_109' title="bbox 1047 2308 1797 2342">
    <p class='ocr_par' dir='ltr' id='par_1_109' title="bbox 1047 2308 1797 2342">
     <span class='ocr_line' id='line_1_109' title="bbox 1047 2308 1797 2342; baseline -0.007 -4"><span class='ocrx_word' id='word_1_790' title='bbox 1047 2312 1141 2338; x_wconf 82' lang='lat' dir='ltr'><strong>Postea</strong></span> <span class='ocrx_word' id='word_1_791' title='bbox 1165 2310 1276 2336; x_wconf 88' lang='lat' dir='ltr'><strong>mittitur</strong></span> <span class='ocrx_word' id='word_1_792' title='bbox 1289 2309 1321 2336; x_wconf 88' lang='lat' dir='ltr'><strong>ad</strong></span> <span class='ocrx_word' id='word_1_793' title='bbox 1343 2308 1451 2336; x_wconf 82' lang='lat' dir='ltr'><strong>Clerum</strong></span> <span class='ocrx_word' id='word_1_794' title='bbox 1473 2308 1797 2342; x_wconf 85' lang='lat' dir='ltr'><strong>Constantinopolitanum</strong></span> 
     </span>
    </p>
   </div>
   <div class='ocr_carea' id='block_1_110' title="bbox 1012 2351 1796 2390">
    <p class='ocr_par' dir='ltr' id='par_1_110' title="bbox 1012 2351 1796 2390">
     <span class='ocr_line' id='line_1_110' title="bbox 1012 2351 1796 2390; baseline -0.005 -8"><span class='ocrx_word' id='word_1_795' title='bbox 1012 2356 1122 2390; x_wconf 85' lang='lat' dir='ltr'><strong>epistola</strong></span> <span class='ocrx_word' id='word_1_796' title='bbox 1137 2354 1234 2390; x_wconf 86' lang='lat' dir='ltr'><strong>(P/tot.</strong></span> <span class='ocrx_word' id='word_1_797' title='bbox 1250 2354 1311 2380; x_wconf 87' lang='lat' dir='ltr'><strong>Cod.</strong></span> <span class='ocrx_word' id='word_1_798' title='bbox 1328 2361 1372 2380; x_wconf 84' lang='lat' dir='ltr'><strong>th</strong></span> <span class='ocrx_word' id='word_1_799' title='bbox 1384 2353 1404 2386; x_wconf 88' lang='lat'><strong>),</strong></span> <span class='ocrx_word' id='word_1_800' title='bbox 1419 2361 1469 2387; x_wconf 86' lang='lat' dir='ltr'><strong>qua</strong></span> <span class='ocrx_word' id='word_1_801' title='bbox 1484 2352 1655 2378; x_wconf 86' lang='lat' dir='ltr'><strong>nuntiabatur</strong></span> <span class='ocrx_word' id='word_1_802' title='bbox 1667 2351 1796 2379; x_wconf 81' lang='lat' dir='ltr'><strong>Joannem</strong></span> 
     </span>
    </p>
   </div>
   <div class='ocr_carea' id='block_1_111' title="bbox 1012 2397 1798 2433">
    <p class='ocr_par' dir='ltr' id='par_1_111' title="bbox 1012 2397 1798 2433">
     <span class='ocr_line' id='line_1_111' title="bbox 1012 2397 1798 2433; baseline -0.005 -6"><span class='ocrx_word' id='word_1_803' title='bbox 1012 2409 1025 2427; x_wconf 88' lang='lat' dir='ltr'><strong>a</strong></span> <span class='ocrx_word' id='word_1_804' title='bbox 1040 2400 1104 2427; x_wconf 73' lang='lat' dir='ltr'><strong>sede</strong></span> <span class='ocrx_word' id='word_1_805' title='bbox 1120 2400 1253 2433; x_wconf 83' lang='lat' dir='ltr'><strong>dcjectum</strong></span> <span class='ocrx_word' id='word_1_806' title='bbox 1269 2397 1367 2431; x_wconf 81' lang='lat' dir='ltr'><strong>fuisse,</strong></span> <span class='ocrx_word' id='word_1_807' title='bbox 1382 2398 1547 2432; x_wconf 88' lang='lat' dir='ltr'><strong>idipsumque</strong></span> <span class='ocrx_word' id='word_1_808' title='bbox 1560 2397 1713 2431; x_wconf 85' lang='lat' dir='ltr'><strong>Imperatori</strong></span> <span class='ocrx_word' id='word_1_809' title='bbox 1730 2405 1798 2424; x_wconf 64' lang='lat' dir='ltr'><strong>nun&lt;</strong></span> 
     </span>
    </p>
   </div>
   <div class='ocr_carea' id='block_1_112' title="bbox 1013 2442 1798 2477">
    <p class='ocr_par' dir='ltr' id='par_1_112' title="bbox 1013 2442 1798 2477">
     <span class='ocr_line' id='line_1_112' title="bbox 1013 2442 1798 2477; baseline -0.004 -5"><span class='ocrx_word' id='word_1_810' title='bbox 1013 2447 1111 2472; x_wconf 87' lang='lat' dir='ltr'><strong>tiatur:</strong></span> <span class='ocrx_word' id='word_1_811' title='bbox 1128 2445 1273 2471; x_wconf 86' lang='lat' dir='ltr'><strong>addebatur</strong></span> <span class='ocrx_word' id='word_1_812' title='bbox 1292 2444 1372 2471; x_wconf 87' lang='lat' dir='ltr'><strong>etiam</strong></span> <span class='ocrx_word' id='word_1_813' title='bbox 1384 2443 1456 2470; x_wconf 89' lang='lat' dir='ltr'><strong>illum</strong></span> <span class='ocrx_word' id='word_1_814' title='bbox 1479 2443 1547 2470; x_wconf 70' lang='lat' dir='ltr'><strong>Izcsm</strong></span> <span class='ocrx_word' id='word_1_815' title='bbox 1563 2442 1708 2477; x_wconf 87' lang='lat' dir='ltr'><strong>majestatis</strong></span> <span class='ocrx_word' id='word_1_816' title='bbox 1723 2450 1798 2470; x_wconf 89' lang='lat' dir='ltr'><strong>reum</strong></span> 
     </span>
    </p>
   </div>
   <div class='ocr_carea' id='block_1_113' title="bbox 1013 2487 1796 2523">
    <p class='ocr_par' dir='ltr' id='par_1_113' title="bbox 1013 2487 1796 2523">
     <span class='ocr_line' id='line_1_113' title="bbox 1013 2487 1796 2523; baseline -0.004 -6"><span class='ocrx_word' id='word_1_817' title='bbox 1013 2491 1151 2518; x_wconf 76' lang='lat' dir='ltr'><strong>declarari.</strong></span> <span class='ocrx_word' id='word_1_818' title='bbox 1170 2490 1330 2516; x_wconf 87' lang='lat' dir='ltr'><strong>Ilortahatur</strong></span> <span class='ocrx_word' id='word_1_819' title='bbox 1342 2493 1431 2516; x_wconf 86' lang='lat' dir='ltr'><strong>autem</strong></span> <span class='ocrx_word' id='word_1_820' title='bbox 1449 2488 1638 2522; x_wconf 87' lang='lat' dir='ltr'><strong>Imperatorem</strong></span> <span class='ocrx_word' id='word_1_821' title='bbox 1657 2487 1796 2523; x_wconf 78' lang='lat' dir='ltr'><strong>Synodus,</strong></span> 
     </span>
    </p>
   </div>
   <div class='ocr_carea' id='block_1_114' title="bbox 1013 2534 1796 2571">
    <p class='ocr_par' dir='ltr' id='par_1_114' title="bbox 1013 2534 1796 2571">
     <span class='ocr_line' id='line_1_114' title="bbox 1013 2534 1796 2571; baseline -0.005 -7"><span class='ocrx_word' id='word_1_822' title='bbox 1013 2542 1040 2564; x_wconf 90' lang='lat' dir='ltr'><strong>ut</strong></span> <span class='ocrx_word' id='word_1_823' title='bbox 1052 2538 1156 2571; x_wconf 87' lang='lat' dir='ltr'><strong>juberct</strong></span> <span class='ocrx_word' id='word_1_824' title='bbox 1169 2536 1241 2562; x_wconf 90' lang='lat' dir='ltr'><strong>illum</strong></span> <span class='ocrx_word' id='word_1_825' title='bbox 1254 2535 1325 2570; x_wconf 85' lang='lat' dir='ltr'><strong>ejici,</strong></span> <span class='ocrx_word' id='word_1_826' title='bbox 1342 2539 1367 2561; x_wconf 85' lang='lat' dir='ltr'><strong>et</strong></span> <span class='ocrx_word' id='word_1_827' title='bbox 1382 2542 1473 2569; x_wconf 71' lang='lat' dir='ltr'><strong>poanas</strong></span> <span class='ocrx_word' id='word_1_828' title='bbox 1484 2535 1553 2561; x_wconf 70' lang='lat' dir='ltr'><strong>Ircsze</strong></span> <span class='ocrx_word' id='word_1_829' title='bbox 1566 2534 1712 2568; x_wconf 72' lang='lat' dir='ltr'><strong>maiestatis</strong></span> <span class='ocrx_word' id='word_1_830' title='bbox 1724 2534 1796 2561; x_wconf 88' lang='lat' dir='ltr'><strong>dare.</strong></span> 
     </span>
    </p>
   </div>
   <div class='ocr_carea' id='block_1_115' title="bbox 1012 2580 1798 2615">
    <p class='ocr_par' dir='ltr' id='par_1_115' title="bbox 1012 2580 1798 2615">
     <span class='ocr_line' id='line_1_115' title="bbox 1012 2580 1798 2615; baseline -0.005 -5"><span class='ocrx_word' id='word_1_831' title='bbox 1012 2584 1113 2610; x_wconf 71' lang='lat' dir='ltr'><strong>chsam</strong></span> <span class='ocrx_word' id='word_1_832' title='bbox 1128 2586 1216 2609; x_wconf 87' lang='lat' dir='ltr'><strong>atttem</strong></span> <span class='ocrx_word' id='word_1_833' title='bbox 1233 2581 1397 2615; x_wconf 87' lang='lat' dir='ltr'><strong>majestatcm</strong></span> <span class='ocrx_word' id='word_1_834' title='bbox 1411 2581 1535 2607; x_wconf 88' lang='lat' dir='ltr'><strong>dicebant</strong></span> <span class='ocrx_word' id='word_1_835' title='bbox 1555 2580 1624 2615; x_wconf 89' lang='lat' dir='ltr'><strong>quod</strong></span> <span class='ocrx_word' id='word_1_836' title='bbox 1647 2580 1798 2615; x_wconf 86' lang='lat' dir='ltr'><strong>Imperatri-</strong></span> 
     </span>
    </p>
   </div>
   <div class='ocr_carea' id='block_1_116' title="bbox 1012 2625 1798 2661">
    <p class='ocr_par' dir='ltr' id='par_1_116' title="bbox 1012 2625 1798 2661">
     <span class='ocr_line' id='line_1_116' title="bbox 1012 2625 1798 2661; baseline -0.009 -4"><span class='ocrx_word' id='word_1_837' title='bbox 1012 2638 1068 2657; x_wconf 77' lang='lat' dir='ltr'><strong>cem</strong></span> <span class='ocrx_word' id='word_1_838' title='bbox 1089 2628 1238 2656; x_wconf 83' lang='lat' dir='ltr'><strong>chabclcm</strong></span> <span class='ocrx_word' id='word_1_839' title='bbox 1262 2627 1422 2661; x_wconf 88' lang='lat' dir='ltr'><strong>appellasset</strong></span> <span class='ocrx_word' id='word_1_840' title='bbox 1449 2635 1454 2653; x_wconf 90' lang='lat'>:</span> <span class='ocrx_word' id='word_1_841' title='bbox 1475 2626 1507 2653; x_wconf 77' lang='lat' dir='ltr'><strong>:zd</strong></span> <span class='ocrx_word' id='word_1_842' title='bbox 1539 2626 1595 2653; x_wconf 77' lang='lat' dir='ltr'><strong>haec</strong></span> <span class='ocrx_word' id='word_1_843' title='bbox 1614 2626 1694 2652; x_wconf 90' lang='lat' dir='ltr'><strong>oblati</strong></span> <span class='ocrx_word' id='word_1_844' title='bbox 1717 2625 1798 2652; x_wconf 87' lang='lat' dir='ltr'><strong>libelli</strong></span> 
     </span>
    </p>
   </div>
   <div class='ocr_carea' id='block_1_117' title="bbox 1012 2669 1799 2706">
    <p class='ocr_par' dir='ltr' id='par_1_117' title="bbox 1012 2669 1799 2706">
     <span class='ocr_line' id='line_1_117' title="bbox 1012 2669 1799 2706; baseline -0.009 -4"><span class='ocrx_word' id='word_1_845' title='bbox 1012 2682 1072 2703; x_wconf 83' lang='lat' dir='ltr'><strong>sunt</strong></span> <span class='ocrx_word' id='word_1_846' title='bbox 1085 2683 1099 2701; x_wconf 86' lang='lat' dir='ltr'><strong>a</strong></span> <span class='ocrx_word' id='word_1_847' title='bbox 1113 2673 1250 2704; x_wconf 87' lang='lat' dir='ltr'><strong>Gcruutio,</strong></span> <span class='ocrx_word' id='word_1_848' title='bbox 1266 2673 1374 2699; x_wconf 82' lang='lat' dir='ltr'><strong>Paulino</strong></span> <span class='ocrx_word' id='word_1_849' title='bbox 1387 2677 1414 2700; x_wconf 88' lang='lat' dir='ltr'><strong>et</strong></span> <span class='ocrx_word' id='word_1_850' title='bbox 1426 2672 1619 2706; x_wconf 77' lang='lat' dir='ltr'><strong>Eugnomonio,</strong></span> <span class='ocrx_word' id='word_1_851' title='bbox 1630 2671 1674 2705; x_wconf 89' lang='lat' dir='ltr'><strong>qui</strong></span> <span class='ocrx_word' id='word_1_852' title='bbox 1687 2678 1716 2697; x_wconf 85' lang='lat' dir='ltr'><strong>se</strong></span> <span class='ocrx_word' id='word_1_853' title='bbox 1731 2669 1799 2702; x_wconf 72' lang='lat' dir='ltr'><strong>iuiu-</strong></span> 
     </span>
    </p>
   </div>
   <div class='ocr_carea' id='block_1_118' title="bbox 1012 2715 1798 2753">
    <p class='ocr_par' dir='ltr' id='par_1_118' title="bbox 1012 2715 1798 2753">
     <span class='ocr_line' id='line_1_118' title="bbox 1012 2715 1798 2753; baseline -0.01 -4"><span class='ocrx_word' id='word_1_854' title='bbox 1012 2727 1051 2749; x_wconf 90' lang='lat' dir='ltr'><strong>ste</strong></span> <span class='ocrx_word' id='word_1_855' title='bbox 1064 2728 1078 2747; x_wconf 93' lang='lat' dir='ltr'><strong>a</strong></span> <span class='ocrx_word' id='word_1_856' title='bbox 1093 2720 1194 2747; x_wconf 83' lang='lat' dir='ltr'><strong>Joanne</strong></span> <span class='ocrx_word' id='word_1_857' title='bbox 1214 2719 1365 2753; x_wconf 87' lang='lat' dir='ltr'><strong>episcopatu</strong></span> <span class='ocrx_word' id='word_1_858' title='bbox 1387 2718 1478 2752; x_wconf 89' lang='lat' dir='ltr'><strong>pulsos</strong></span> <span class='ocrx_word' id='word_1_859' title='bbox 1497 2716 1684 2751; x_wconf 84' lang='lat' dir='ltr'><strong>querebantur.</strong></span> <span class='ocrx_word' id='word_1_860' title='bbox 1699 2715 1798 2741; x_wconf 77' lang='lat' dir='ltr'><strong>Verum</strong></span> 
     </span>
    </p>
   </div>
   <div class='ocr_carea' id='block_1_119' title="bbox 1011 2761 1798 2802">
    <p class='ocr_par' dir='ltr' id='par_1_119' title="bbox 1011 2761 1798 2802">
     <span class='ocr_line' id='line_1_119' title="bbox 1011 2761 1798 2802; baseline -0.008 -11"><span class='ocrx_word' id='word_1_861' title='bbox 1011 2767 1056 2802; x_wconf 85' lang='lat' dir='ltr'><strong>qui</strong></span> <span class='ocrx_word' id='word_1_862' title='bbox 1070 2766 1223 2800; x_wconf 83' lang='lat' dir='ltr'><strong>episcopatu</strong></span> <span class='ocrx_word' id='word_1_863' title='bbox 1238 2764 1271 2791; x_wconf 86' lang='lat' dir='ltr'><strong>ab</strong></span> <span class='ocrx_word' id='word_1_864' title='bbox 1287 2771 1318 2791; x_wconf 87' lang='lat' dir='ltr'><strong>eo</strong></span> <span class='ocrx_word' id='word_1_865' title='bbox 1333 2763 1409 2798; x_wconf 83' lang='lat' dir='ltr'><strong>ejecti</strong></span> <span class='ocrx_word' id='word_1_866' title='bbox 1426 2763 1539 2793; x_wconf 79' lang='lat' dir='ltr'><strong>fuerant,</strong></span> <span class='ocrx_word' id='word_1_867' title='bbox 1557 2761 1660 2788; x_wconf 89' lang='lat' dir='ltr'><strong>nonnisi</strong></span> <span class='ocrx_word' id='word_1_868' title='bbox 1681 2765 1741 2794; x_wconf 87' lang='lat' dir='ltr'><strong>post</strong></span> <span class='ocrx_word' id='word_1_869' title='bbox 1755 2767 1798 2786; x_wconf 53' lang='lat' dir='ltr'><strong>se:</strong></span> 
     </span>
    </p>
   </div>
   <div class='ocr_carea' id='block_1_120' title="bbox 1012 2806 1797 2845">
    <p class='ocr_par' dir='ltr' id='par_1_120' title="bbox 1012 2806 1797 2845">
     <span class='ocr_line' id='line_1_120' title="bbox 1012 2806 1797 2845; baseline -0.014 -3"><span class='ocrx_word' id='word_1_870' title='bbox 1012 2814 1127 2841; x_wconf 84' lang='lat' dir='ltr'><strong>cundum</strong></span> <span class='ocrx_word' id='word_1_871' title='bbox 1147 2813 1269 2840; x_wconf 81' lang='lat' dir='ltr'><strong>exsiliqu</strong></span> <span class='ocrx_word' id='word_1_872' title='bbox 1290 2811 1347 2845; x_wconf 86' lang='lat' dir='ltr'><strong>ejus</strong></span> <span class='ocrx_word' id='word_1_873' title='bbox 1360 2810 1472 2836; x_wconf 83' lang='lat' dir='ltr'><strong>restituti</strong></span> <span class='ocrx_word' id='word_1_874' title='bbox 1491 2814 1552 2836; x_wconf 87' lang='lat' dir='ltr'><strong>sunt</strong></span> <span class='ocrx_word' id='word_1_875' title='bbox 1564 2827 1572 2840; x_wconf 84' lang='lat'><strong>.</strong></span> <span class='ocrx_word' id='word_1_876' title='bbox 1587 2812 1653 2834; x_wconf 79' lang='lat' dir='ltr'><strong>teste</strong></span> <span class='ocrx_word' id='word_1_877' title='bbox 1671 2806 1797 2834; x_wconf 86' lang='lat' dir='ltr'><strong>Palladio.</strong></span> 
     </span>
    </p>
   </div>
   <div class='ocr_carea' id='block_1_121' title="bbox 1014 2851 1792 2889">
    <p class='ocr_par' dir='ltr' id='par_1_121' title="bbox 1014 2851 1792 2889">
     <span class='ocr_line' id='line_1_121' title="bbox 1014 2851 1792 2889; baseline -0.013 -3"><span class='ocrx_word' id='word_1_878' title='bbox 1014 2860 1076 2886; x_wconf 79' lang='lat' dir='ltr'><strong>l‘ost</strong></span> <span class='ocrx_word' id='word_1_879' title='bbox 1090 2859 1147 2885; x_wconf 63' lang='lat' dir='ltr'><strong>hcce</strong></span> <span class='ocrx_word' id='word_1_880' title='bbox 1162 2862 1248 2884; x_wconf 86' lang='lat' dir='ltr'><strong>autem</strong></span> <span class='ocrx_word' id='word_1_881' title='bbox 1258 2855 1420 2889; x_wconf 84' lang='lat' dir='ltr'><strong>Theophilus</strong></span> <span class='ocrx_word' id='word_1_882' title='bbox 1431 2862 1489 2881; x_wconf 89' lang='lat' dir='ltr'><strong>cum</strong></span> <span class='ocrx_word' id='word_1_883' title='bbox 1505 2853 1638 2880; x_wconf 71' lang='lat' dir='ltr'><strong>Fratribus</strong></span> <span class='ocrx_word' id='word_1_884' title='bbox 1654 2852 1748 2886; x_wconf 68' lang='lat' dir='ltr'><strong>l.ou;;is</strong></span> <span class='ocrx_word' id='word_1_885' title='bbox 1762 2851 1792 2877; x_wconf 71' lang='lat' dir='ltr'><strong>i3-</strong></span> 
     </span>
    </p>
   </div>
  </div>
