2032 3110
246 153 297 180 2οό

245 210 343 236 citlime
356 207 540 235 reconciliatus
552 209 611 238 est;
625 207 695 230 tanta
708 202 778 229 enim
790 199 942 228 eliminandi
954 199 1034 226 Joan-

247 255 287 282 nis
300 253 424 288 Cupidine
443 251 597 282 tenebatur,
618 253 647 276 ut
661 252 757 276 caetera
777 247 865 274 omnia
882 253 972 281 parum
988 252 1034 271 cu-

245 304 325 327 ται-ει.

281 343 412 372 Arcadius
431 342 539 379 Synodo
558 339 696 375 rescripsit.
714 343 741 366 et
761 338 870 366 Joannis
889 337 1034 372 depositio-

246 397 307 417 nem
321 388 489 416 conﬁrmavit
504 386 602 423 (Phot.
618 393 661 413 us
672 406 679 419 ,
692 393 724 412 Lx
737 385 756 419 ).
769 384 866 411 Verum
881 382 950 417 quod
964 382 1033 408 iresac

245 434 390 469 majestatis
403 433 503 460 crimen
518 435 630 466 spectat,
646 438 698 458 non
711 429 856 456 attendisse
869 428 972 454 videtur
984 426 1034 453 lm-

244 484 368 514 pcrator;
395 478 458 515 sed,
474 478 560 512 inquit
582 476 714 503 Palladius
740 475 749 510 (
765 474 868 501 Pallad.
887 473 988 508 Dialog.
1005 473 1032 508 ),

245 525 316 552 Deus
333 532 380 552 cor
397 524 455 558 ejus
469 523 598 551 emollivit
613 542 620 555 ,
643 525 672 549 ut
689 529 735 549 eor
748 521 853 548 leonum
870 520 1034 547 emollivcrut

244 578 306 605 erga
321 569 467 597 Danielcm.
488 569 551 596 Πωο
564 568 674 596 Joannis
687 567 817 602 depositio
832 566 881 594 sub
895 573 1032 601 vesperam

243 617 361 646 nuntiata
382 616 485 643 fuerat:
500 623 552 650 quo
572 618 706 648 comperto
725 613 836 648 populus
853 613 886 639 ad
906 612 1032 647 gravissi-

244 670 315 689 mam
336 662 493 689 seditionem
513 661 641 688 excitatus
655 665 695 687 est
711 669 717 686 :
735 664 839 695 totaque
859 663 936 685 nocte
950 665 1032 685 evcu-

243 708 337 735 bantes
350 728 358 740 ,
379 715 440 734 eum
454 707 487 733 ab
497 706 610 734 ecclesia
625 705 717 732 adduci
735 713 785 731 non
802 704 871 738 passi
886 708 968 736 sunt,
985 703 1031 730 sed

243 761 349 780 causam
362 753 419 788 ejus
432 753 458 779 in
472 752 571 787 majore
582 751 694 778 concilio
705 749 898 785 dijudicandam
909 757 968 776 esse
979 750 1033 776 cla-

243 798 360 825 tnabant.
375 797 408 825 Et
420 805 481 824 cum
495 802 618 832 urgerent
630 797 646 824 ii
657 817 664 829 ,
680 797 776 831 quibus
787 795 812 822 id
826 796 859 822 ab
872 795 1033 830 imperatore

244 843 395 870 mandatum
415 842 510 875 fuerat,
522 847 551 869 ut
561 849 622 869 eum
635 842 661 868 in
672 841 795 869 exsilium
811 841 980 871 abducerent,
995 840 1032 866 illi

244 887 450 915 reluctabantur.

279 933 472 968 Clirysostomus
491 934 517 959 in
538 933 653 960 exsilium
674 932 782 959 ducitur.
797 947 832 952 —
844 931 935 966 Neque
947 931 1032 966 jussui

247 978 416 1014 Imperatoris
431 977 479 1005 sibi
494 978 583 1005 statim
596 976 816 1012 acquiescendum
837 976 938 1011 putavit
949 976 1033 1011 Chry-

242 1028 377 1050 sostomus
391 1022 540 1058 (Clu-ysost.
551 1025 568 1047 t.
584 1022 610 1049 5.
625 1032 648 1050 c.
663 1021 744 1056 i5i);
763 1021 871 1048 nonnisi
892 1021 963 1049 enim
975 1025 1034 1055 post

243 1069 352 1096 biduum
367 1075 396 1095 se
410 1068 440 1095 iis
456 1068 560 1095 tradidit
573 1088 581 1099 ,
600 1067 646 1102 qui
667 1075 697 1094 se
717 1067 744 1095 in
757 1067 879 1095 exsilium
892 1068 1033 1102 deportare

242 1113 378 1141 curabant.
393 1113 541 1140 Excubanti
556 1117 644 1140 autem
658 1117 685 1140 et
695 1120 724 1140 se
736 1113 802 1140 tueri
815 1113 921 1140 conanti
937 1113 1033 1147 populo

242 1159 388 1186 orationem
401 1157 501 1190 habuit,
513 1159 539 1184 in
550 1165 601 1192 qua
612 1157 707 1184 mirum
719 1162 844 1192 quantam
854 1158 934 1184 animi
949 1157 1030 1184 tinni-

242 1208 323 1229 tatem
336 1202 470 1235 exhibeat,
484 1210 533 1229 nec
546 1207 659 1229 mortem
676 1209 706 1229 se
719 1206 836 1229 metuere
849 1202 912 1229 dicit
928 1211 934 1228 :
950 1210 1033 1237 popu-

242 1248 350 1281 imnque
363 1247 482 1273 hortatur
492 1246 525 1273 ad
537 1245 690 1280 patientiam
704 1247 729 1272 in
741 1246 861 1274 adversis
873 1256 879 1273 :
890 1247 1032 1282 hostesque

243 1299 306 1318 suos
319 1291 423 1318 mordet
435 1291 540 1318 acriter.
554 1290 614 1317 Non
624 1292 700 1324 enim,
713 1291 806 1326 inquit,
819 1296 920 1326 propter
933 1292 1032 1319 divitias

244 1336 331 1362 mundi
348 1336 452 1363 insidias
465 1336 548 1371 patior
561 1344 569 1362 :
582 1335 649 1370 quod
659 1336 680 1363 si
693 1341 753 1363 esset
764 1356 771 1370 ,
787 1337 872 1371 utique
890 1337 1032 1364 contristari

243 1381 354 1408 deberent
367 1389 376 1408 :
390 1390 434 1408 nec
445 1386 546 1416 propter
555 1381 657 1416 aliquod
670 1387 806 1415 peccatum,
819 1382 862 1408 sed
873 1388 973 1417 propter
986 1391 1030 1409 ca-

242 1428 341 1454 ritatem
353 1448 359 1459 ,
374 1435 449 1462 quant
468 1435 526 1461 erga
546 1435 587 1453 vos
601 1427 678 1453 Imbro
693 1434 701 1453 :
716 1427 773 1461 quia
789 1427 873 1453 omnia
887 1436 934 1462 ago
948 1432 974 1454 ut
988 1436 1032 1455 vos

242 1472 379 1507 proﬁciatis
388 1493 394 1504 ,
408 1478 430 1498 et
443 1480 474 1499 ne
485 1473 539 1507 quis
552 1473 704 1499 sttbintrocat
718 1472 752 1498 ad
762 1473 960 1499 conturbandum
971 1482 1029 1508 gre-

241 1526 294 1552 gem
306 1518 523 1550 buneinstitutum,
537 1518 580 1544 sed
595 1522 622 1544 ut
639 1518 806 1552 permancutis
826 1518 852 1544 in
872 1519 1030 1553 simplicitate

240 1562 309 1596 ﬁdei.
325 1562 386 1588 llwc
400 1567 435 1589 est
446 1571 523 1589 causa
539 1562 707 1597 periculorum
720 1571 832 1589 meorum
844 1583 851 1596 ,
863 1568 885 1589 et
899 1564 953 1590 Itan:
963 1565 1029 1598 sufﬁ-

240 1607 308 1633 ciunt
321 1607 382 1633 mi/n‘
394 1607 426 1633 ad
436 1615 564 1633 coronam.
579 1607 697 1634 Tandem
712 1607 827 1634 Joannes
840 1607 931 1634 videns
945 1608 1030 1644 impe-

242 1657 366 1685 ratorem,
379 1659 407 1679 se
421 1652 446 1678 in
457 1652 579 1678 exsilium
592 1652 841 1686 abducijubentem,
855 1653 880 1679 in
894 1655 1029 1687 proposito

241 1696 381 1730 persistere
393 1717 399 1728 ,
416 1697 492 1723 tertio
512 1702 569 1731 post
588 1697 782 1724 damnationem
798 1698 841 1725 die
856 1699 925 1725 circa
947 1699 1028 1726 meri-

241 1741 311 1767 diem
325 1741 394 1767 nltro
407 1748 436 1767 sc
451 1742 506 1775 ipse
522 1742 638 1773 tradidit,
649 1743 730 1769 inscia
740 1743 830 1777 populi
843 1744 1026 1771 multitudine:

240 1786 349 1813 cavebat
368 1786 438 1813 enim
459 1795 491 1813 ne
512 1787 594 1822 ipsius
607 1795 687 1814 causa
711 1790 835 1816 tumultus
858 1790 1026 1817 excitaretur.

240 1832 285 1859 Sic
300 1832 332 1859 ab
349 1832 465 1859 Ecclesia
478 1833 606 1867 expulsus
623 1833 738 1860 Joannes
751 1854 757 1866 ,
780 1833 874 1861 ductus
893 1840 932 1862 est
947 1843 962 1862 a
977 1836 1028 1862 Co-

241 1878 305 1904 mite
326 1885 386 1905 cum
408 1878 515 1904 miILtari
530 1886 608 1905 mantt
623 1879 655 1906 ad
676 1879 767 1906 navale
781 1880 806 1906 in
819 1880 887 1906 Ostio
900 1880 975 1908 Ponti
989 1882 1026 1908 si-

241 1928 295 1949 tum
309 1944 316 1955 ,
338 1923 406 1957 quod
423 1923 518 1949 liieron
534 1924 663 1950 vocabant
678 1932 685 1956 ;
710 1923 772 1950 hinc
793 1933 855 1951 vero
873 1925 905 1951 ad
918 1933 1027 1960 campos

241 1967 353 1995 l’rzcneti
368 1967 497 2003 Bithynia:
509 1968 638 1996 adductus
652 1973 704 2002 cst,
717 1969 786 2004 quod
805 1975 863 1997 erat
883 1977 898 1997 c
919 1971 1027 2006 regione

239 2011 410 2040 Nicomedite.

276 2059 312 2085 ita
332 2059 423 2093 pulsus
437 2059 552 2087 Joannes
569 2060 666 2095 gratias
687 2061 780 2096 agebat
802 2062 875 2093 Deo,
901 2062 944 2089 illa
966 2061 1026 2090 Jobi

238 2105 319 2132 verba
328 2110 448 2139 repetens
460 2106 468 2141 (
484 2106 574 2140 Chrys.
586 2111 604 2133 t.
615 2107 640 2133 '5.
653 2115 676 2133 c.
686 2107 747 2134 459.
758 2105 805 2133 Mi
813 2105 821 2139 )
830 2116 836 2133 :
845 2107 968 2134 Dominus
981 2108 1026 2134 de-

241 2151 277 2177 dit
292 2172 300 2182 ,
328 2151 451 2178 Dominus
464 2152 584 2179 abstulit:
599 2154 662 2179 sicut
678 2153 784 2180 Domino
799 2154 910 2188 placuit,
928 2154 963 2180 ita
985 2155 1026 2189 {a-

240 2201 308 2222 ctam
326 2200 387 2222 est:
411 2196 443 2223 sit
466 2205 555 2223 nomen
576 2197 678 2223 Domini
699 2197 852 2224 benedictum
874 2198 900 2225 in
922 2200 1023 2226 sa’culu.

239 2241 323 2275 Quem
339 2241 364 2268 in
381 2241 466 2268 locum
482 2242 610 2269 adductus
624 2247 696 2269 esset
711 2243 866 2277 ignorabant
879 2243 919 2270 vel
935 2251 1024 2270 sacer-

237 2285 314 2313 dotes
328 2285 365 2312 illi
381 2285 477 2312 invidia
497 2287 639 2319 excnccati,
654 2287 698 2321 qui
721 2287 770 2320 ipsi
793 2287 902 2314 insidias
920 2293 1024 2315 struxe-

237 2336 297 2358 rant
307 2339 314 2357 :
325 2331 395 2366 quod
409 2335 520 2358 curante
532 2331 679 2366 Thcophilo
693 2331 790 2358 factum
809 2340 868 2359 esse
884 2333 1025 2361 verisimile

237 2380 286 2404 est.
303 2376 466 2410 TlteOphilus
481 2384 553 2407 vero,
569 2377 614 2411 qui
635 2376 770 2412 Synodum
785 2385 859 2404 suam
875 2378 1024 2405 Constanti-

239 2422 327 2456 nopoli
346 2422 482 2450 celebrare
502 2430 582 2449 ausus
605 2430 657 2449 non
679 2427 734 2452 est,
757 2427 896 2457 postquam
909 2423 1024 2451 Joannes

237 2467 329 2501 pulsus
342 2466 425 2494 fuerat
440 2468 449 2502 (
464 2467 561 2494 ibidem
575 2468 594 2502 ),
610 2467 635 2494 in
656 2467 747 2495 urbem
775 2469 881 2496 intravit
895 2474 974 2504 atque
997 2471 1024 2498 in

236 2511 374 2538 ecclesiam
389 2512 462 2539 venit
472 2520 533 2539 cum
547 2513 655 2540 asseclis
668 2513 731 2540 suis.
744 2514 771 2540 Si
786 2514 851 2541 ﬁdes
864 2515 898 2542 sit
912 2515 1024 2550 Georgio

235 2555 416 2582 Alexandrino
428 2577 435 2587 ,
459 2557 631 2584 barbarorum
645 2557 690 2585 ille
703 2565 777 2586 more
792 2566 851 2586 cum
867 2560 1023 2588 satellitibus

235 2602 290 2629 suis
303 2601 418 2628 intravit.
430 2601 496 2634 Quia
511 2610 573 2629 vero
587 2603 665 2630 milite
676 2605 771 2638 saepius
791 2604 899 2632 intenta:
913 2613 964 2632 non
978 2613 1024 2640 po-

235 2651 321 2674 terant
342 2647 468 2682 populum
484 2648 577 2675 sedare
590 2668 597 2681 ,
612 2648 678 2682 pulsi
693 2649 802 2677 Joannis
815 2658 955 2678 tnterorem
970 2659 1023 2678 non

235 2693 373 2726 ferentem,
386 2693 482 2720 violata
496 2693 544 2720 fuit
557 2695 703 2721 reverentia
715 2695 834 2723 ccclesiis
844 2696 942 2724 debita.
956 2696 1022 2725 Cum

234 2740 306 2766 enim
327 2739 502 2774 imperatores
522 2741 547 2767 in
569 2741 624 2768 lucc
641 2748 730 2769 sancta
745 2742 816 2777 pacis
829 2744 884 2770 loca
895 2765 902 2777 ,
918 2745 1022 2772 nonnisi

237 2785 330 2818 positis
345 2787 425 2812 armis
439 2794 470 2814 ac
483 2786 631 2814 diademate
651 2787 751 2821 ingredi
771 2788 904 2821 solerent;
921 2795 982 2817 tunc
996 2790 1022 2817 in

235 2830 360 2858 ecdesias
372 2832 482 2868 ingressi
497 2838 556 2860 sunt
571 2834 734 2862 inimicorum
751 2835 842 2867 instar,
857 2837 949 2863 armati
965 2836 1022 2864 tclis

771 145 800 173 S.
815 143 954 172 JOANNIS
972 140 1205 169 CHRYSOSTOMI
1227 141 1317 175 VITA,

1826 141 1878 170 204

1087 201 1113 223 et
1129 197 1217 223 clavas
1235 201 1379 231 gestantes,
1395 195 1574 231 populumque
1587 203 1618 224 ex
1635 196 1755 225 ecclesris
1767 196 1877 230 depule-

1087 247 1166 274 runt,
1183 242 1226 276 qui
1242 242 1364 276 patientia
1379 247 1405 268 et
1427 242 1548 276 precibus
1562 247 1661 268 tantum
1679 242 1786 269 illorum
1805 243 1874 269 i‘uro-
1888 275 1889 278 η

1086 294 1142 314 rem
1153 294 1322 321 compescere
1332 287 1481 320 studebant,
1491 292 1517 314 et
1528 291 1615 314 tamen
1624 288 1806 323 baptisterium
1819 296 1878 315 san-

1086 331 1164 366 guine
1180 332 1217 358 illi
1230 331 1440 366 compleverunt.

1121 376 1186 404 Cum
1209 378 1247 405 sic
1266 378 1440 405 abduceretur
1459 378 1592 412 Joannes,
1614 379 1658 406 ubi
1675 386 1731 406 rem
1752 379 1866 414 cognovi

1087 423 1215 457 populus,
1231 423 1382 450 tumultuari
1396 424 1487 458 coepit,
1500 430 1526 451 et
1540 424 1729 458 imperatorem
1744 430 1877 460 totamque

1086 468 1221 504 Synodum
1232 490 1239 502 ,
1258 470 1442 504 prmcipueque
1457 469 1634 504 Theophilum
1650 475 1676 498 et
1691 471 1875 504 Severianum,

1086 515 1232 542 maledictis
1255 516 1364 550 appetiit
1388 515 1397 551 (
1418 515 1491 543 Socr.
1514 516 1532 542 ι.
1549 515 1575 543 6.
1599 524 1621 542 c.
1638 517 1679 543 i7.
1697 517 1799 544 Sozam.
1816 517 1834 543 Ι.
1848 516 1876 544 8.

1085 569 1108 587 c.
1123 561 1156 588 i8
1169 560 1189 597 ).
1203 561 1289 589 Ambo
1303 562 1374 589 enim
1390 562 1543 589 insidiarum
1560 562 1585 589 in
1601 568 1720 590 sanctum
1735 563 1875 597 praesulem

1085 612 1206 634 auctores
1229 615 1288 635 esse
1315 607 1478 634 ferebantur.
1505 607 1666 635 Severianus
1688 616 1751 636 vero
1769 616 1830 636 cum
1850 609 1876 636 in

1085 653 1196 680 ecclesia
1215 661 1262 688 per
1282 653 1308 680 id
1329 657 1431 688 tempus
1446 661 1596 681 sermonem
1617 653 1724 681 haberet
1737 675 1745 688 ,
1767 659 1876 681 senten-

1087 700 1160 733 tiam,
1178 707 1229 735 qua
1243 699 1358 727 Joannes
1372 700 1508 734 depOsitus
1523 700 1617 732 fuerat,
1634 700 1758 732 laudavit,
1773 706 1801 727 ut
1813 707 1876 727 con-

1086 749 1125 772 tra
1139 745 1273 772 hominem
1297 751 1464 780 arrogantem
1485 745 1566 772 latam
1579 765 1586 777 ,
1606 746 1709 772 etiamsi
1731 753 1783 772 non
1803 745 1875 772 aliud

1084 791 1186 817 crimen
1200 790 1278 824 objici
1293 795 1392 824 posset.
1407 791 1509 818 Caetera
1521 791 1592 817 enim
1606 791 1712 824 delicta,
1729 791 1873 825 inquiebat,

1087 837 1156 863 Deus
1172 836 1324 864 hominibus
1340 837 1460 868 remittit,
1472 837 1594 871 superbis
1610 841 1697 864 autem
1713 838 1822 864 resistit.
1837 838 1874 864 Ea

1084 889 1147 908 vero
1158 882 1191 909 dc
1201 889 1279 909 causa
1292 882 1403 916 populus
1415 882 1564 917 indignatus
1577 883 1603 909 in
1615 883 1796 918 majoremqne
1808 883 1873 910 iram

1084 927 1232 954 concitatus
1250 931 1300 954 est.
1323 927 1412 962 Neque
1433 927 1544 954 ulteritts
1565 935 1579 954 a
1603 927 1732 955 seditione
1756 928 1875 955 revocari

1085 978 1198 1008 poterat,
1209 973 1254 1000 sed
1264 978 1291 1001 et
1304 974 1329 1000 in
1344 973 1463 1000 ecclesiis
1476 974 1539 1008 ipsis
1547 978 1573 1001 et
1591 974 1616 1000 in
1625 973 1684 1001 foro
1699 974 1875 1000 tumultuaba-

1085 1022 1137 1045 tur.
1152 1018 1245 1053 Ingens
1258 1026 1321 1046 vero
1337 1019 1425 1054 populi
1439 1019 1514 1046 turba
1528 1019 1560 1046 ad
1574 1019 1702 1046 Palatium
1715 1020 1833 1054 perrexit
1846 1024 1874 1047 et

1085 1063 1273 1098 imperatorem
1294 1064 1433 1099 deprecata
1458 1069 1540 1092 estut
1560 1064 1610 1092 sibi
1633 1070 1766 1099 pastorem
1795 1073 1872 1093 suum

1084 1110 1245 1136 restitueret.

1119 1153 1160 1181 Ea:
1173 1159 1245 1181 terra:
1257 1160 1324 1181 motu
1338 1154 1528 1190 Clirysostomus
1541 1161 1723 1183 reuocatur.—
1733 1156 1802 1183 Inter
1815 1156 1873 1184 b:cc

1083 1203 1171 1225 autem
1184 1199 1275 1226 Palatii
1288 1200 1437 1227 cubiculum
1453 1208 1611 1227 concussum
1625 1206 1674 1233 est,
1688 1205 1715 1228 et
1726 1205 1803 1228 terra:
1816 1209 1874 1228 mo-

1085 1247 1126 1270 tus
1144 1251 1254 1278 magnus
1270 1245 1361 1271 urbem
1377 1245 1512 1279 quassavit
1532 1245 1651 1281 (Pallad.
1669 1245 1738 1272 Dial.
1754 1245 1871 1273 Theodo-

1083 1293 1130 1314 rel.
1141 1287 1159 1315 ι.
1174 1289 1199 1315 ὃ.
1213 1288 1300 1324 c.5i).
1312 1289 1369 1323 Quo
1383 1290 1479 1317 iactum
1491 1295 1518 1316 ut
1531 1291 1669 1324 perterrita
1679 1291 1806 1324 Eudoxia,
1820 1291 1871 1318 Itu-

1083 1338 1205 1366 peratore
1219 1334 1298 1361 etiam
1311 1340 1453 1368 annuente,
1467 1336 1566 1369 populo
1578 1337 1769 1369 conciamante,
1781 1337 1814 1364 de
1828 1345 1872 1364 re-

1083 1380 1201 1407 vocando
1218 1379 1320 1406 Joanne
1339 1384 1466 1407 statutum
1487 1380 1573 1407 fuerit.
1596 1381 1694 1408 Eadem
1718 1382 1772 1415 ipsa
1795 1387 1872 1410 norte

1082 1426 1201 1453 Eudoxia
1213 1426 1315 1452 litteras
1327 1425 1360 1452 ad
1373 1425 1500 1453 Joannem
1515 1426 1596 1458 misit,
1608 1434 1719 1461 quarum
1733 1428 1870 1454 exordium

1082 1471 1126 1499 ille
1141 1470 1221 1498 refert
1234 1471 1243 1505 (
1256 1471 1348 1506 Chrys.
1361 1476 1379 1498 t.
1393 1471 1420 1498 5.
1431 1479 1455 1498 ε.
1469 1471 1801 1507 “5.1.40):Nearbitretnr
1816 1481 1872 1499 san-

1081 1516 1153 1542 ctitas
1168 1521 1220 1548 tua,
1232 1516 1325 1550 inquit,
1342 1524 1380 1543 nte
1394 1516 1438 1542 illa
1449 1516 1544 1543 novisse
1554 1524 1609 1551 qua:
1622 1521 1690 1552 gesta
1703 1522 1760 1543 sunt
1774 1525 1783 1543 :
1798 1519 1871 1543 inno—

1081 1570 1139 1588 cens
1147 1569 1191 1597 ego
1200 1569 1254 1588 smn
1265 1570 1280 1587 α
1289 1561 1410 1596 sanguine
1423 1566 1476 1588 tuo.
1492 1561 1504 1587 1
1509 1562 1607 1595 mprobi
1620 1567 1642 1588 et
1656 1563 1748 1597 perditi
1759 1563 1870 1589 homines

1081 1607 1146 1634 hanc
1158 1612 1271 1634 struxere
1281 1607 1433 1633 machinam.
1449 1606 1564 1633 Mearum
1577 1607 1746 1642 lacrymarum
1758 1608 1825 1634 testis
1835 1613 1870 1634 cst

1081 1652 1158 1684 Deus,
1167 1652 1287 1679 cuisacra
1296 1652 1371 1687 facio.
1380 1652 1469 1687 Pergit
1479 1659 1542 1679 vero
1553 1652 1756 1688 Chrysustomus
1769 1661 1775 1678 :
1787 1652 1869 1686 Quam

1080 1697 1223 1724 libationem
1236 1697 1324 1729 e/fudit
1335 1697 1348 1724 ?
1363 1697 1481 1732 lacrymte
1495 1698 1549 1732 ejus
1566 1697 1651 1724 libatio
1666 1703 1745 1724 erant.
1760 1697 1808 1724 Cui
1825 1706 1869 1724 sa-

1080 1749 1124 1769 cra
1139 1741 1215 1768 facio.
1232 1741 1356 1768 Sacerdos
1371 1742 1415 1768 illa
1433 1750 1521 1776 nempe
1531 1762 1538 1773 ,
1557 1750 1601 1777 per
1614 1742 1721 1777 seipsam
1733 1743 1848 1769 ordinata
1860 1763 1867 1775 ,

1079 1794 1135 1821 qua:
1150 1786 1204 1813 Deo
1221 1786 1339 1819 offerebat
1356 1787 1480 1821 lacrymas
1492 1807 1500 1819 ,
1516 1787 1696 1822 confessionem
1711 1792 1734 1814 et
1748 1788 1869 1822 ptrniten-

1079 1833 1149 1865 tiam,
1165 1840 1214 1859 non
1229 1840 1275 1867 pro
1292 1832 1435 1863 sacerdote,
1449 1832 1492 1858 sed
1505 1840 1550 1866 pro
1568 1831 1698 1864 Ecclesia,
1717 1841 1762 1867 pro
1775 1834 1868 1867 popula

1079 1878 1200 1912 disperso.
1220 1877 1318 1904 Mentor
1338 1882 1403 1904 certe
1421 1883 1474 1904 erat
1493 1883 1516 1904 et
1538 1878 1648 1912 ﬁliorum
1663 1883 1685 1904 et
1701 1879 1868 1913 baptismatis.

1078 1922 1215 1950 liccordor
1230 1929 1277 1956 per
1289 1930 1383 1949 manus
1399 1927 1456 1949 tuas
1471 1922 1539 1949 lilios
1553 1930 1627 1950 meos
1648 1923 1729 1950 fuisse
1749 1924 1868 1958 baptiza-

1078 1972 1130 1994 tos.
1149 1967 1212 1994 lltec
1233 1967 1398 2002 Imperatrix.
1418 1967 1485 1994 iiiuc
1504 1967 1548 1994 illa
1571 1968 1759 2002 imperatorem
1782 1969 1865 2001 adiit,

1078 2013 1189 2047 ejusque
1203 2020 1288 2047 genua
1307 2013 1432 2047 tangebat
1446 2021 1507 2040 cmn
1523 2013 1646 2048 iacrytnis
1663 2014 1806 2041 obsecrans
1817 2035 1823 2047 ,
1840 2021 1868 2042 ut

1078 2058 1242 2085 sacerdotem
1257 2063 1393 2085 revocaret
1409 2067 1416 2085 :
1433 2057 1514 2085 Nulla
1529 2059 1599 2085 nobis
1610 2079 1617 2092 ,
1638 2059 1789 2093 inquiebat,
1812 2067 1868 2095 spes

1077 2103 1183 2138 Imperii
1197 2109 1317 2138 superest,
1334 2104 1382 2130 nisi
1394 2104 1477 2138 ipsum
1491 2104 1648 2130 reducamus.
1663 2104 1735 2131 illam
1748 2112 1811 2131 vero
1823 2112 1867 2132 vo-

1077 2154 1120 2176 cat
1132 2147 1336 2184 Chrysostomus
1349 2153 1458 2175 matrem
1473 2148 1661 2181 Ecclesiarum,
1676 2149 1796 2176 altricem
1811 2157 1866 2176 mo—

1077 2195 1233 2228 nachorum,
1248 2198 1399 2221 sanctorum
1413 2198 1560 2228 patronam,
1577 2201 1720 2228 pauperum
1735 2195 1866 2223 baculum.

1078 2241 1131 2267 iias
1143 2248 1222 2275 porro
1230 2240 1321 2266 laudes
1331 2239 1528 2271 Tillemontius,
1538 2247 1553 2266 a
1565 2239 1678 2274 Georgio
1687 2241 1867 2268 Alexandrino

1077 2286 1203 2320 deceptus
1215 2305 1222 2318 ,
1238 2285 1311 2320 quasi
1326 2285 1360 2312 ab
1373 2285 1492 2312 Eudoxia
1507 2285 1590 2312 dictas
1611 2286 1637 2312 in
1656 2285 1766 2312 Joannis
1782 2287 1866 2313 hono-

1076 2338 1143 2364 rem,
1160 2330 1208 2365 ipsi
1223 2330 1319 2357 Joanni
1334 2330 1434 2363 tribuit,
1447 2338 1498 2357 non
1511 2330 1725 2358 animadvertens
1738 2332 1770 2358 ad
1784 2332 1866 2359 Joan-

1077 2384 1137 2403 nem
1151 2384 1203 2403 non
1215 2375 1346 2410 quadrare
1360 2375 1435 2409 illud,
1453 2375 1560 2402 Matrem
1575 2375 1746 2403 Ecclesiarum
1759 2377 1865 2413 (Chrys.

1077 2427 1095 2448 ι.
1111 2423 1138 2449 5.
1152 2429 1175 2448 c.
1190 2421 1251 2449 tto.
1264 2421 1281 2447 ι.
1296 2418 1351 2456 15).

1113 2467 1278 2502 Theophilus
1285 2476 1359 2502 vero,
1368 2469 1424 2504 qui,
1435 2473 1502 2496 teste
1513 2469 1629 2496 Palladio
1641 2468 1762 2505 (Pallad.
1772 2470 1864 2505 Dial.),

1076 2513 1202 2541 diaconos
1214 2514 1291 2546 duos,
1306 2521 1418 2549 quorum
1433 2513 1500 2541 alter
1515 2514 1666 2547 homicidii,
1681 2515 1751 2542 alter
1760 2515 1866 2543 adulte-

1077 2560 1108 2586 rii
1123 2567 1201 2587 causa
1213 2559 1325 2594 depositi
1340 2558 1453 2591 fuerant,
1470 2560 1495 2586 in
1509 2560 1650 2594 pristinum
1662 2560 1772 2595 gradum
1787 2561 1866 2588 resti-

1077 2606 1237 2641 tuerat,jam
1249 2610 1314 2633 teste
1323 2605 1435 2641 Georgio
1449 2606 1629 2633 Alexandrino
1643 2606 1668 2633 in
1683 2606 1770 2634 locum
1784 2606 1865 2634 Joan-

1076 2652 1117 2677 nis
1132 2651 1165 2678 ab
1184 2658 1214 2678 se
1235 2650 1354 2685 improbe
1368 2650 1481 2684 depositi
1494 2670 1500 2681 .
1518 2651 1597 2677 alium
1612 2652 1766 2686 episcopum
1781 2651 1863 2679 desti-

1076 2701 1186 2724 naverat
1209 2700 1235 2723 et
1250 2697 1450 2729 nominaverat,
1466 2700 1493 2723 et
1511 2697 1667 2732 rescriptum
1682 2705 1713 2724 ca
1726 2697 1759 2724 de
1773 2705 1802 2725 re
1817 2697 1864 2724 ha-

1076 2743 1155 2771 bebat
1168 2750 1250 2778 penes
1262 2751 1301 2775 se,
1313 2743 1355 2770 cui
1369 2742 1584 2777 subscripserunt
1595 2743 1699 2777 plurimi
1713 2743 1864 2771 Constanti-

1076 2789 1220 2824 nopolitaui
1234 2789 1360 2824 episcopi.
1374 2789 1408 2816 At
1419 2797 1468 2815 non
1483 2789 1602 2823 permisit
1616 2789 1686 2817 Deus
1697 2811 1702 2823 ,
1714 2790 1861 2825 improbum

1076 2835 1225 2871 lmjnsmodi
1241 2835 1396 2870 rescriptum
1413 2835 1437 2862 in
1453 2836 1537 2862 iurem
1553 2835 1668 2871 prodire.
