2032 3110
161 128 214 156 2ος

197 186 317 220 Rogante
326 185 417 219 itaque
427 184 553 216 Eudoxia,
561 183 706 218 Imperator
714 183 812 217 legatos
823 182 893 208 misit
905 181 950 216 qui

164 230 292 257 Joannem
308 229 485 261 reducerent,
501 233 527 255 et
536 229 667 256 civitatem
681 227 796 261 periculo
810 227 952 254 liberarent

162 275 247 311 (Socr.
260 275 279 301 ι.
293 275 319 302 6.
331 283 356 302 c.
370 275 412 301 I6.
430 274 559 301 SozomJ.
569 274 594 301 8.
605 282 627 300 ι.
639 274 693 308 I8).
709 273 771 300 Post
785 273 831 299 hos
843 272 951 299 secundi

163 320 233 346 missi
241 324 312 352 sunt,
325 324 353 346 et
374 324 433 353 post
447 319 577 346 secundos
595 319 675 349 tertii,
686 319 719 344 ita
733 322 761 343 ut
772 317 904 351 Bosporus
914 317 951 343 le-

162 371 281 399 gatorum
310 364 480 390 multitudine
514 363 671 398 operiretur.
699 362 742 389 Sic
770 361 951 388 Thcodorctus

163 409 196 444 (Ι.
214 409 240 436 ὅ.
251 417 274 435 c.
292 409 348 443 54).
361 409 455 434 Verum
473 408 595 435 Socrates
612 412 639 435 et
655 408 816 434 Sozomenus
831 407 952 434 hmctan-

163 459 216 480 tum
227 454 316 480 dicunt
328 462 335 479 z
347 453 493 487 Imperator
502 461 562 479 eum
572 453 711 480 celerrime
721 452 838 479 revocari
860 452 948 485 jussit.

162 499 256 525 Missus
271 499 349 532 igitur
364 499 441 524 Briso
455 499 578 532 Augustae
595 497 740 530 cunuclnts,
766 497 875 524 offendit
889 504 949 523 eum

162 543 283 572 Praeneti.
293 543 363 577 quod
375 543 521 576 emporium
532 547 572 570 est
583 551 614 569 cx
626 542 736 569 adverso
747 541 905 568 Nicomedia:
915 541 950 567 si-

162 592 259 619 tum,et
271 587 515 621 Constantinopolin
530 587 615 613 redire
626 587 708 620 jubet.
724 587 751 613 Id
763 594 821 612 cum
835 586 950 612 novisset

162 633 284 668 populus,
297 638 324 659 ut
335 633 439 659 obviam
451 633 486 659 illi
499 632 662 666 procederet,
673 632 767 658 ostimu
780 631 947 664 Propontidis

169 680 279 714 navigiis
293 679 404 706 obtexit.
421 679 463 705 Sic
478 678 607 704 innumeri
617 678 642 704 in
653 685 791 704 occursum
801 677 857 710 ejus
871 683 949 703 vene-

161 728 232 755 runt,
246 731 338 750 cereas
365 724 436 750 faces
459 724 637 757 pra-ferentes.
654 722 689 748 Ita
712 721 792 748 redux
815 721 947 751 Joannes.

160 769 246 794 statim
255 769 368 802 negabat
379 775 408 794 se
418 768 443 794 in
453 768 543 794 urbem
554 767 731 801 ingressurum
740 773 809 796 csse,
818 766 866 792 nisi
878 766 948 799 prius

161 812 186 839 in
200 814 299 846 majore
323 812 443 846 judicum
454 820 583 839 consessu
600 813 726 838 innocens
746 811 925 838 declararelur
940 820 946 837 :

159 858 184 884 in
197 857 362 889 suburbano,
374 857 443 891 quod
455 857 578 883 Mariana:
586 857 683 883 dicitur
693 856 754 891 (Soz
760 863 870 882 oincnus
878 856 949 882 Ana-

159 903 230 938 plum
239 904 338 936 vocat),
347 903 473 932 substitit,
482 902 569 936 ibique
580 902 752 928 mansit.Cum
761 906 848 928 autem
860 907 948 927 moras

157 952 287 979 necteret,
303 955 388 981 neque
403 947 502 981 ingredi
517 947 605 977 vellet,
618 947 691 980 plebs
704 946 729 972 in
741 946 946 980 indignationem

158 993 286 1027 prorupit,
306 994 450 1027 statimque
464 993 488 1019 in
512 993 583 1026 ipsos
608 992 783 1026 Imperatores
807 992 946 1018 maledicta

158 1038 304 1072 congessit.
320 1037 434 1071 Ideoque
455 1037 660 1071 Chrysostomus
683 1037 708 1063 in
732 1037 822 1064 urbem
846 1037 946 1071 ingredi

157 1088 265 1109 coactus
276 1087 327 1114 est,
340 1082 445 1108 obviam
466 1082 503 1108 illi
519 1082 590 1108 venit
602 1081 741 1108 multitudo
755 1082 834 1116 vulgi,
848 1086 875 1108 ct
887 1089 946 1108 curti

156 1135 261 1155 summa
279 1128 426 1154 reverentia
442 1128 469 1154 in
483 1127 622 1154 ecclesiam
636 1126 752 1158 deducit,
767 1134 847 1153 orans
861 1131 887 1152 ut
899 1133 947 1160 pro

157 1181 235 1199 more
257 1180 304 1199 suo
326 1173 351 1199 in
375 1172 518 1206 episcopali
543 1171 667 1198 cathedra
687 1171 788 1202 sedeat,
810 1176 836 1197 et
856 1178 946 1205 pacem

157 1217 259 1251 popqu
271 1222 436 1251 apprecatur.
452 1216 516 1243 Cum
537 1221 672 1244 recusaret
696 1216 738 1244 ille
750 1224 781 1242 ac
795 1216 906 1248 diceret,
921 1215 946 1242 id

157 1263 278 1297 judicum
300 1263 405 1289 decreto
428 1262 484 1288 ﬁeri
502 1270 568 1296 opus
585 1269 659 1294 esse,
673 1266 699 1288 et
717 1266 840 1295 oportere
855 1265 884 1287 ut
907 1261 947 1288 iia

158 1309 253 1343 quibus
270 1308 462 1334 coademnatus
473 1307 568 1338 fuerat,
582 1307 665 1341 ipsum
681 1306 848 1333 absolverent
863 1314 869 1331 :
884 1310 946 1332 tunc

159 1355 270 1387 populus
286 1355 368 1387 magis
382 1353 517 1387 magisque
528 1353 674 1379 concitatus
688 1351 772 1385 ipsum
788 1350 947 1377 concionan-

161 1405 210 1426 tem
233 1399 322 1425 videre
348 1398 457 1424 omnino
478 1397 578 1430 voluit,
601 1401 628 1424 et
638 1397 754 1423 Joannes
774 1396 824 1430 ipsi
844 1402 945 1422 morem

160 1452 252 1479 gerere
263 1449 370 1471 COilClllS
383 1449 434 1471 est.

192 1490 284 1517 Redit:
297 1490 485 1524 Clirysauomus
496 1489 620 1516 orationes
629 1488 693 1515 duas
705 1488 854 1515 liabet—In
863 1488 947 1516 eccle-

159 1536 196 1563 sia
208 1541 297 1563 autem
312 1536 510 1570 Apostolorum,
527 1535 552 1561 in
565 1542 643 1569 quam
665 1539 726 1561 tunc
741 1535 874 1569 ingressus
893 1539 944 1567 est,

159 1581 315 1608 concionem
334 1580 540 1614 extemporalem
554 1584 580 1606 et
595 1579 778 1606 brevissimam
800 1579 892 1605 habuit
913 1579 946 1606 ad

160 1627 293 1660 populum,
307 1626 350 1653 ubi
365 1626 420 1652 Deo
433 1625 566 1652 multotics
579 1624 758 1655 benedixit,et
766 1624 834 1652 hanc
843 1632 945 1657 vocem,

160 1670 309 1698 Benedictus
334 1670 416 1703 Dens,
440 1669 591 1704 frequenter
611 1669 790 1704 pronuntiavit
803 1669 944 1704 (Chryxost.

160 1720 180 1740 t.
198 1720 221 1742 τ.
242 1714 318 1748 459)
346 1724 353 1741 :
378 1715 494 1749 dicitque
516 1715 637 1741 inimicos
657 1722 719 1741 suos
740 1720 871 1741 atuatores
896 1715 946 1741 sibi

160 1761 257 1788 multos
280 1761 464 1788 conciliavissc
483 1761 617 1794 etiamque
629 1760 744 1791 Judzcos,
760 1760 829 1794 quod
845 1764 871 1786 et
881 1759 947 1786 infra

161 1806 264 1839 repetit.
279 1807 319 1832 Ac
334 1805 368 1832 de
383 1809 455 1832 tanta
471 1805 639 1831 multitudine
651 1804 778 1839 gaudens,
789 1804 877 1830 lmtitia
886 1812 947 1839 per-

161 1852 231 1879 fusus
253 1852 340 1879 dicit:
357 1852 440 1878 lladie
462 1853 585 1878 circenses
605 1856 672 1883 sunt,
685 1856 707 1878 et
721 1859 792 1878 nemo
814 1851 893 1882 adest,
906 1850 949 1876 sed

160 1905 244 1924 omne:
264 1899 291 1924 in
313 1899 442 1924 ecclesiam
465 1906 509 1924 ceu
535 1903 655 1924 torrente:
675 1898 860 1931 con/luxerunt.
874 1896 909 1923 Se
923 1897 948 1923 in

161 1944 275 1971 ecclesia
288 1943 336 1971 SS.
353 1944 537 1977 Apostolorum
561 1943 711 1970 concionari
727 1942 887 1973 testificatur,
906 1941 948 1968 ubi

160 1995 236 2017 erant
248 1990 278 2016 S.
292 1989 424 2016 Timothei
445 1989 573 2024 reliquiae.
590 1989 617 2015 In
631 1990 683 2016 line
702 1995 765 2015 vero
779 1988 856 2021 lupos
875 1987 950 2013 aufu-

160 2036 230 2070 gisse
242 2035 318 2067 dicit,
328 2041 382 2068 quo
389 2034 554 2061 subiudicare
562 2034 665 2060 videtur
678 2033 761 2069 ipsum
773 2031 950 2066 Theophilum

161 2082 212 2115 jam
227 2089 260 2109 cl
274 2080 384 2108 civitate
398 2087 532 2114 egressum
545 2086 604 2106 esse
620 2087 626 2105 :
642 2086 701 2112 quae
714 2082 801 2104 tamen
823 2084 866 2103 res
879 2076 950 2103 diffl-

162 2128 259 2154 cultate
272 2134 325 2153 non
341 2130 427 2153 Vacat.
441 2126 598 2160 Insequente
610 2125 652 2152 die
670 2125 748 2151 aliam
774 2123 865 2150 habuit
884 2130 949 2149 con-

163 2173 264 2200 cionem
283 2172 432 2205 longiorem
448 2179 455 2198 :
471 2172 496 2197 in
510 2179 560 2205 qua
575 2171 661 2204 primo
682 2170 846 2196 Pharaonem
866 2167 949 2202 [Egy-

165 2218 244 2251 ptium
255 2220 395 2250 comparat
406 2223 466 2242 cum
487 2216 538 2242 alio
557 2215 693 2250 Egyptio,
713 2214 758 2249 qui
783 2213 851 2240 haud
872 2213 951 2240 dubie

165 2268 200 2289 est
215 2261 394 2295 Theophilus,
416 2261 552 2294 episcopus
577 2259 782 2291 Alexandrinus,
800 2258 914 2291 dicitque
925 2257 951 2284 in

166 2306 213 2333 Inc
227 2306 355 2333 Ecclesiae
377 2304 527 2332 calamitate
543 2304 682 2330 hmreticos
695 2304 728 2330 ad
742 2303 819 2330 fidem
842 2309 952 2329 conver-

166 2358 207 2377 505
228 2351 321 2378 fuisse.
335 2349 443 2376 Judaeos
465 2350 586 2376 meliores
597 2349 724 2381 evasisse,
735 2353 814 2382 atque
829 2347 860 2373 ad
874 2346 952 2373 Chri-

167 2396 264 2422 stianos
286 2394 454 2426 accurrisse;
477 2394 502 2420 in
524 2393 675 2427 huiusmodi
702 2397 789 2419 autem
804 2391 953 2418 calamitate

167 2441 349 2476 baptisterium
363 2440 490 2474 sanguine
505 2439 633 2473 repletum
652 2438 742 2465 fuisse.
756 2437 857 2464 Laudat
870 2444 952 2470 popu-

169 2487 219 2513 lum
233 2494 248 2513 a
269 2486 321 2513 (ide
340 2489 368 2512 et
389 2485 548 2511 constantia.
573 2484 723 2517 Deindcque
743 2482 905 2509 convertitur
927 2482 953 2508 in

171 2531 258 2557 laudes
272 2530 401 2557 Eudoxiaz
413 2530 546 2563 Augustae,
557 2529 632 2562 cujus
644 2527 762 2562 epistola:
775 2527 808 2553 ad
821 2534 850 2553 se
865 2526 954 2553 missae

173 2581 270 2610 partem
302 2575 408 2605 adfert,
435 2573 556 2607 illamque
588 2573 715 2600 encomiis
735 2571 860 2599 celebrat.
884 2570 952 2598 Dicit

171 2627 255 2649 autem
268 2622 323 2655 hic,
342 2625 372 2647 ut
385 2627 476 2652 supra,
492 2619 609 2646 inimicos
624 2619 648 2645 in
665 2618 750 2652 fugam
771 2625 861 2644 versos
883 2624 952 2644 esse.

173 2667 287 2693 Alteram
299 2669 362 2700 post
382 2663 496 2690 reditum
514 2671 588 2690 suum
601 2663 734 2690 homiliam
750 2662 840 2689 habuit
853 2662 955 2696 longio-

175 2719 238 2742 rem,
252 2719 310 2745 quin
323 2710 358 2736 de
372 2708 521 2734 Chananma
535 2709 693 2741 inscribitur,
705 2707 738 2734 de
751 2715 802 2742 qua
813 2707 954 2734 videndum

176 2756 297 2783 Honitum
312 2759 436 2785 nostrum
451 2751 483 2777 Τ.
496 2752 522 2786 ὅ,
539 2755 562 2777 c.
575 2752 636 2778 447.

203 2801 278 2827 Aiunt
286 2800 413 2826 Socrates
421 2795 509 2831 (Sacr.
517 2796 584 2823 t.6.c.
592 2796 635 2832 Π)
642 2797 831 2825 etSozomcnus
839 2795 953 2832 (Sazom.

753 124 841 153 NUNC
860 124 989 153 PRIMUM
1010 125 1204 154 ADORNATA.

1740 131 1793 160 ‘206

1005 182 1023 208 Ι.
1033 182 1059 209 8.
1068 190 1090 208 c.
1100 183 1155 217 l9),
1164 188 1299 217 postquam
1308 183 1421 211 Joannes
1431 185 1456 212 in
1466 185 1555 212 sedem
1568 193 1643 213 suam
1655 188 1791 216 restitutus

1005 227 1271 263 fueratTheophilum
1283 230 1428 257 Ileraclidis
1436 238 1542 258 causam
1556 237 1582 258 ct
1597 232 1791 260 ordinationem

1004 273 1137 307 inquirere
1155 275 1280 306 voluisse,
1304 280 1331 301 ut
1354 275 1415 302 inde
1427 276 1593 303 occasionem
1616 278 1744 311 arriperet
1758 277 1790 305 ad

1004 317 1132 345 Joannem
1154 319 1342 346 damnandum.
1367 320 1518 347 Ileraclides
1539 329 1602 347 vero
1620 329 1671 348 nou
1687 322 1789 355 aderat,

1006 368 1144 398 tamenque
1159 365 1193 391 de
1208 365 1252 391 illo
1265 365 1374 392 absente
1385 366 1560 399 judicahatur,
1576 368 1650 401 quasi
1661 367 1789 401 quosdam

1005 409 1101 442 injuste
1125 409 1295 442 damnasset,
1315 415 1341 437 et
1366 411 1466 437 catenis
1488 411 1589 438 vinctos
1611 419 1659 446 per
1676 412 1789 439 mediam

1003 453 1177 487 Ephesiorum
1203 455 1293 481 urbem
1319 455 1619 490 lraduxisset.Cumque
1629 456 1744 483 Joannes
1763 462 1790 484 et

1003 499 1047 532 qui
1070 507 1129 525 cum
1155 499 1198 526 illo
1221 500 1332 526 adcraut
1353 499 1472 526 dicerent
1490 500 1524 526 de
1545 501 1698 528 absentibus
1718 501 1788 534 judi-

1002 544 1070 570 cium
1093 543 1154 570 fcrrt
1178 552 1229 570 non
1249 544 1356 575 debere,
1373 544 1541 571 Alexandrini
1565 551 1657 571 contra
1678 551 1787 572 content-

1002 589 1114 621 debant,
1138 589 1315 616 admittendos
1334 597 1394 616 csso
1423 594 1591 616 accusatores
1623 590 1786 623 Heraclidis,

1002 635 1134 662 liccteum
1149 635 1284 661 absentem
1308 640 1473 661 accuSarent.
1500 636 1593 661 Gravis
1614 636 1674 662 inde
1695 637 1789 663 seditio

1003 680 1073 706 inter
1087 680 1393 714 Constantiuopolitanos
1407 684 1434 706 et
1449 680 1645 706 Alexandrinos
1658 686 1714 707 orta
1727 686 1786 708 est:

1001 726 1194 759 commissaque
1217 733 1314 760 pugna,
1332 725 1406 752 multi
1420 725 1560 757 vulnerati,
1577 726 1682 759 quidam
1707 727 1787 753 etiam

1001 770 1149 804 interempti
1163 775 1235 797 sunt.
1252 771 1313 797 llaec
1333 777 1393 797 cum
1406 771 1508 797 videret
1523 770 1700 805 Theophilus,
1716 771 1787 798 illico

1000 816 1187 843 Alexandriam
1208 816 1318 850 aufugit.
1336 815 1405 842 Idem
1420 816 1464 842 alii
1480 822 1584 850 (pioque
1604 816 1787 850 I'cceruntcpi-

999 861 1082 894 scopi,
1097 865 1192 894 praeter
1213 868 1311 895 paucos
1325 861 1369 895 qui
1384 860 1493 887 Joannis
1516 865 1602 894 partes
1626 861 1784 888 tuebantur:

999 907 1139 940 cunctique
1151 910 1255 939 arrepta
1267 905 1327 939 fuga
1337 905 1369 932 ad
1385 913 1446 932 suas
1456 905 1533 932 sedes
1548 910 1724 932 reverterunt.

1034 951 1104 983 Haec,
1113 955 1251 985 postquam
1258 951 1372 977 Joannes
1381 951 1405 976 in
1412 950 1502 976 sedem
1510 958 1583 976 suam
1593 951 1727 977 restitutus
1735 950 1786 978 fue-

998 1000 1048 1025 rat,
1061 1000 1132 1029 gesta
1149 994 1230 1022 fuisse
1246 995 1363 1022 referunt
1377 994 1499 1021 Socrates
1511 999 1537 1021 et
1549 994 1728 1026 Sozomcnus,
1739 996 1784 1029 qui

1000 1045 1148 1074 postremus
1163 1041 1236 1067 illum
1250 1041 1303 1074 jam
1318 1041 1468 1067 restitutum
1481 1040 1561 1067 fuisse
1572 1045 1713 1074 antequam
1729 1041 1785 1067 lucc

999 1091 1139 1120 agerentur
1153 1091 1242 1120 apcrtc
1257 1085 1329 1112 dicit.
1349 1085 1472 1112 Socrates
1488 1093 1550 1112 vero
1571 1085 1684 1118 idipsum
1706 1093 1783 1119 pror-

999 1138 1044 1157 sus
1066 1131 1190 1157 insinuat.
1206 1131 1270 1157 Nam
1296 1136 1434 1164 postquam
1446 1131 1573 1158 Joannem
1585 1132 1639 1164 jam
1653 1132 1677 1157 iu
1693 1131 1782 1157 sedem

999 1183 1072 1202 suam
1093 1175 1231 1202 reductum
1255 1175 1335 1202 fuisse
1358 1181 1529 1208 narraverat,
1552 1180 1631 1209 caput
1652 1176 1783 1202 decimum

999 1221 1139 1254 septimum
1162 1221 1274 1253 orditur,
1300 1221 1343 1247 ubi
1366 1221 1423 1247 haec
1442 1225 1621 1251 recensentur,
1637 1225 1664 1246 ut
1677 1228 1783 1246 causam

998 1266 1149 1292 certaminis
1162 1266 1229 1292 inter
1240 1265 1545 1299 Constantinopolitanos
1555 1270 1581 1291 et
1592 1265 1784 1291 Alexandrinos

999 1315 1024 1336 et
1038 1310 1123 1345 fugam
1140 1310 1279 1344 Theophili
1291 1310 1398 1337 referat.
1413 1310 1440 1337 Si
1463 1317 1550 1337 autem
1573 1311 1629 1337 bzec
1651 1311 1686 1337 ita
1710 1315 1783 1344 gesta

999 1355 1061 1385 sint,
1077 1355 1217 1381 dicendum
1233 1363 1292 1382 csso
1307 1356 1412 1382 videtur
1423 1356 1598 1389 Theophilum
1620 1356 1709 1389 paucis
1728 1355 1785 1382 die-

999 1399 1048 1426 bus
1070 1404 1129 1434 post
1151 1401 1300 1426 restitutum
1313 1399 1441 1426 Joannem
1457 1399 1598 1433 aufugisse,
1615 1405 1641 1426 et
1653 1400 1713 1426 ideo
1727 1405 1784 1426 tan-

1000 1444 1084 1470 tillum
1099 1445 1229 1471 mansisse
1239 1444 1478 1478 Constantinopoli,
1502 1445 1563 1478 quia
1584 1452 1643 1471 cum
1668 1444 1784 1472 Joannes

999 1494 1136 1516 revocatus
1151 1489 1251 1520 fuisset,
1266 1497 1318 1515 non
1332 1489 1527 1515 contradixerat
1540 1489 1644 1522 quidem
1661 1489 1720 1521 ille;
1737 1489 1783 1516 sed

999 1541 1057 1560 cum
1079 1533 1226 1560 Heraclidis
1245 1541 1353 1561 causam
1368 1534 1393 1560 in
1410 1534 1524 1560 medium
1539 1535 1700 1568 protulisset.
1714 1541 1782 1567 quo-

999 1579 1068 1606 niam
1083 1579 1125 1605 hic
1138 1586 1152 1605 a
1166 1579 1267 1606 Joanne
1290 1578 1427 1606 ordinatus
1448 1579 1542 1611 fuerat,
1560 1579 1585 1604 in
1605 1578 1783 1611 susliicionem

999 1624 1121 1656 venisse,
1145 1623 1214 1658 quod
1238 1631 1342 1650 rursum
1367 1623 1475 1650 Joannis
1496 1631 1603 1650 causam
1634 1623 1784 1656 disquirere

999 1670 1087 1701 vellet,
1111 1674 1138 1696 ut
1161 1670 1234 1696 illmn
1260 1669 1364 1696 tandem
1380 1677 1394 1695 a
1409 1669 1473 1695 sude
1493 1668 1783 1702 Constantinopolitano

999 1715 1160 1742 delurbarct.
1177 1714 1273 1741 Verum
1297 1719 1383 1741 tamen
1398 1719 1438 1741 est
1451 1713 1668 1749 Chrysostomum
1684 1715 1708 1740 Ill
1729 1713 1785 1747 cpi-

999 1760 1066 1786 stola
1080 1760 1112 1785 ad
1124 1759 1303 1786 Innocentium
1318 1759 1406 1785 dicere
1432 1766 1462 1786 se
1477 1758 1528 1793 (Τ.
1537 1759 1562 1786 5.
1569 1758 1682 1787 εθιὸὅὶ.
1692 1758 1709 1784 ι.
1725 1757 1781 1792 58)

1000 1810 1137 1839 postquam
1159 1805 1184 1830 in
1204 1804 1294 1831 sedem
1317 1811 1391 1830 suam
1405 1804 1541 1830 restitutus
1555 1807 1606 1834 est,
1623 1803 1655 1828 ab
1672 1802 1787 1835 Impera-

1001 1854 1058 1876 tore
1068 1849 1224 1883 postulasse,
1239 1853 1266 1875 ut
1277 1847 1410 1882 Synodum
1423 1851 1539 1881 cogeret,
1552 1846 1596 1873 ubi
1606 1846 1639 1872 de
1647 1853 1692 1872 sua
1704 1852 1785 1872 causa

997 1893 1160 1927 judicaretur
1173 1901 1179 1918 :
1196 1898 1221 1919 ct
1235 1900 1294 1918 cuin
1318 1892 1349 1918 ad
1373 1892 1443 1917 illam
1456 1890 1600 1925 cogendam
1615 1889 1785 1924 Imperatoris

1001 1938 1084 1964 litera:
1098 1938 1123 1964 in
1141 1938 1228 1964 omnia
1249 1937 1306 1963 loca
1329 1937 1506 1967 mitterentur,
1522 1935 1698 1969 Theophilum
1717 1934 1785 1961 male

1001 1984 1050 2010 sibi
1065 1984 1210 2015 consciunt,
1228 1983 1313 2009 media
1327 1986 1569 2014 nocte,.conscensa
1585 1981 1643 2007 navi
1657 1988 1716 2007 cum
1732 1980 1786 2007 suis

1001 2027 1142 2063 aufugisse.
1158 2027 1232 2054 Unde
1247 2026 1373 2061 consequi
1391 2025 1505 2057 videtur,
1532 2025 1705 2059 Theophilum
1728 2029 1787 2058 post

1002 2073 1114 2101 reditum
1127 2073 1236 2100 Joannis
1255 2071 1457 2106 aliquotdiebus
1471 2070 1698 2104 Constantinopoli
1711 2077 1787 2096 man-

1002 2119 1078 2150 sisse,
1092 2118 1175 2145 d0nec
1189 2117 1311 2144 videlicet
1333 2121 1442 2150 rogante
1459 2116 1561 2142 Joanne
1585 2115 1732 2148 Imperator
1754 2114 1786 2140 li-

1002 2168 1072 2190 teras
1088 2163 1183 2196 ubique
1198 2162 1269 2189 misit
1281 2161 1313 2188 ad
1325 2161 1459 2196 Synodum
1476 2160 1630 2194 cogendam.
1641 2160 1707 2185 Cum
1722 2166 1786 2192 ergo

1002 2208 1028 2234 in
1041 2208 1219 2238 concioiiibus,
1232 2215 1296 2240 quas
1314 2207 1339 2232 in
1351 2206 1392 2232 die
1405 2205 1503 2231 reditus
1513 2210 1537 2231 et
1546 2204 1670 2238 postridie
1682 2204 1784 2236 habuit,

1002 2252 1072 2280 dicat
1080 2252 1200 2279 inimicos
1208 2259 1270 2278 suos
1280 2250 1421 2285 aufugisse,
1430 2250 1468 2276 sic
1477 2250 1661 2283 intelligendus
1671 2249 1786 2275 videtur.

1040 2299 1179 2332 Postquam
1194 2297 1309 2331 episcopi
1319 2296 1365 2328 illi,
1376 2294 1562 2329 qniSynodum
1577 2294 1602 2320 in
1613 2293 1788 2326 Quercucon—

1004 2343 1152 2372 stituerant,
1175 2349 1233 2368 cum
1248 2341 1330 2375 gloria
1350 2340 1473 2366 reducent
1491 2338 1609 2364 videntes
1625 2337 1786 2372 Chrysosto-

1005 2395 1086 2419 nium,
1103 2387 1294 2417 discesserant;
1309 2385 1469 2419 Theophilus
1480 2404 1486 2415 ,
1499 2383 1541 2417 qui
1559 2381 1786 2416 Constantinopoli

1005 2438 1066 2460 tunc
1076 2437 1144 2465 erat,
1152 2431 1314 2466 quiescebat,
1330 2438 1379 2457 nec
1389 2433 1478 2456 contra
1491 2429 1563 2454 illum
1574 2427 1707 2462 quidpiam
1723 2435 1784 2462 pro-

1006 2478 1075 2505 ferre
1087 2478 1153 2504 ultra
1163 2477 1275 2503 audebat
1287 2484 1293 2502 :
1310 2476 1366 2502 haec
1376 2479 1447 2501 certe
1456 2474 1539 2508 potuit
1548 2473 1692 2507 generatim
1700 2472 1787 2499 dicere

1005 2523 1217 2557 Chrysostomus.
1237 2521 1358 2554 Alioquin
1377 2526 1440 2546 vero
1461 2518 1518 2545 Inec
1547 2517 1785 2545 Alexandrinorum

1005 2577 1063 2596 cum
1071 2565 1370 2600 Constantinopolitanis
1380 2563 1512 2591 contentio
1522 2567 1549 2590 et
1557 2571 1641 2597 pugna
1652 2570 1704 2588 non
1713 2562 1787 2588 vidc-

1007 2618 1047 2640 tur
1055 2620 1130 2647 posse
1137 2616 1196 2638 ante
1203 2610 1384 2645 Chrysostomi
1393 2609 1503 2636 reditum
1516 2607 1653 2636 accidisse.
1670 2606 1786 2634 Severia-

1006 2665 1056 2685 nus
1069 2664 1173 2692 quoquc
1186 2655 1345 2683 Gabalorum
1359 2655 1455 2689 aliique
1465 2661 1559 2680 omnes
1570 2652 1677 2680 Joannis
1687 2651 1785 2678 inimici

1007 2704 1091 2738 fugam
1110 2703 1235 2729 fecerunt.
1249 2701 1328 2728 Addit
1350 2708 1412 2727 vero
1431 2696 1562 2726 Palladius
1577 2696 1697 2733 (Pallad.
1717 2694 1788 2723 Dial.

1006 2748 1309 2782 Constantinopolitanos
1318 2745 1492 2780 Theophilum
1502 2744 1664 2779 qutcsivisse,
1676 2747 1704 2769 ut
1713 2740 1787 2768 illum

1007 2795 1034 2818 in
1049 2801 1121 2820 mare
1136 2793 1329 2827 deniergercnt.
