2032 3110
256 114 308 141 207

295 174 357 200 Ιόβι
369 172 509 207 Theophili
526 173 612 208 fugam
626 180 679 200 non
704 174 817 200 cessavit
840 174 1046 210 Chrysostomus

257 227 266 253 ι
286 220 357 247 115.
370 228 394 246 ε.
408 219 469 246 552.
481 228 508 246 η.
522 219 538 245 ὅ
552 219 561 253 )
576 218 764 253 Imperatorem
782 220 896 254 precari,
915 224 943 246 ut
963 221 1048 256 Syno-

257 265 308 292 dus
323 265 417 292 iterum
432 268 571 299 cogeretur
585 264 618 291 ad
633 271 739 291 causam
753 273 827 292 suam
843 267 1047 299 retractandam,

258 317 340 346 utque
360 311 523 345 Thc0philus
542 311 647 338 adesset
667 312 785 346 rogabat.
800 312 869 339 Misil
892 313 1046 347 Imperator,

257 357 301 390 qui
325 356 500 390 Theophilum
523 356 611 383 redire
633 356 758 390 juberent
789 365 849 384 cum
881 358 1049 384 consortibus

257 402 311 428 suis
325 402 458 434 omnibus,
473 407 501 428 ut
515 408 652 436 gestorum
665 410 774 429 suorum
800 404 930 431 rationem
954 403 1048 430 redde-

258 452 325 473 rent.
342 445 388 474 [lle
402 455 464 474 vero
480 448 649 482 Imperatoris
670 448 756 482 jussui
780 457 831 476 non
846 450 1047 484 obtemperavit,

258 498 406 526 prmtexens
430 495 518 529 populi
540 494 708 525 seditionan
724 496 768 529 qui
787 496 976 531 Cbrysostomo
991 501 1048 523 stu-

257 537 346 564 debat.
361 538 452 573 Neque
467 544 554 566 tamen
569 540 683 566 cessavit
696 539 902 575 Chrysostomus
915 541 947 567 ab
962 541 1047 575 impe-

258 588 346 609 ratore
369 584 501 617 postulare
522 589 549 610 ut
571 584 694 619 Synodus
718 590 866 620 cogeretur,
879 587 904 612 in
918 594 967 621 qua
991 586 1048 620 ipse

257 635 365 654 causam
381 637 456 655 suam
473 635 661 664 propugnaret.
686 631 849 665 Snpererant
871 632 956 659 adhuc
978 632 1048 660 Con-

259 674 429 708 stantinopoli
445 675 545 709 aliquot
559 675 675 710 episcopi
689 676 758 712 Syri,
770 677 814 711 qui
832 685 891 704 cum
901 677 1048 712 Theophilo

259 718 285 744 in
300 718 407 753 Synodo
421 719 452 745 ad
465 719 596 752 Quercum
618 726 710 748 contra
731 721 861 749 Joannem
885 723 1044 749 sententiam

258 764 396 791 dixerant:
413 764 461 791 hos
476 766 554 792 etiam
569 766 676 801 Synodo
690 771 752 793 tunc
772 767 898 802 cogendae
921 769 1049 795 interesse

258 811 367 845 rogabat
380 810 506 838 Joannes.
523 811 617 838 Narrat
636 820 699 839 vero
713 812 876 840 Sozomenus
899 813 1014 847 (Sozom.
1029 813 1046 840 ι.

258 856 284 883 8.
308 864 330 882 c.
354 855 413 891 19),
438 861 497 891 post
527 865 677 892 regressum
707 857 889 893 Chrysostomi
913 859 1048 893 sexaginta

258 899 364 928 circiter
376 902 516 936 episcopos
526 923 533 934 ,
545 902 589 937 qui
610 903 1046 939 Constantinopoliconvenerant,

257 953 314 974 acta
338 947 436 982 Synodi
457 948 482 975 in
505 948 608 982 Quercu
628 949 700 976 nulla
723 957 783 977 esse
803 950 996 983 declaravisse,
1021 955 1048 977 ct

259 997 321 1018 tunc
341 992 559 1028 Chrysostomum
583 994 744 1029 episcopalia
756 995 844 1022 munia
860 997 1046 1030 resumpsisse.

261 1037 413 1064 Reclamant
426 1045 488 1065 vero
503 1039 596 1073 nuperi
617 1039 761 1074 scriptores
785 1040 834 1067 hac
849 1040 921 1068 ducti
935 1041 1046 1068 ratione.

257 1081 284 1108 Si
300 1081 350 1109 hoc
366 1082 400 1109 ita
413 1088 517 1118 gestum
539 1083 641 1116 fuisset,
658 1084 708 1111 ltoc
721 1090 793 1112 certe
808 1085 918 1112 dixisset
932 1085 1047 1120 Chryso-

257 1133 360 1155 stomus
374 1127 526 1155 Innocentio
539 1129 628 1164 Papae,
643 1137 701 1164 qua:
719 1134 792 1164 gesta
804 1129 907 1157 fuerant
920 1130 1046 1157 referens.

258 1173 354 1200 Verum
365 1173 528 1201 Sozomenus
543 1182 595 1201 non
610 1175 675 1202 dicit
690 1175 738 1202 hos
758 1175 897 1210 cpi~copos
910 1175 1046 1210 Synodum

257 1218 449 1250 celebravisse;
472 1219 518 1246 sed
544 1220 629 1246 solum
654 1220 804 1248 declarasse
828 1220 1046 1256 Chrysostomum

258 1263 354 1297 injuste
364 1263 512 1298 depositum
529 1265 627 1297 fuisse;
640 1271 666 1292 et
678 1271 730 1292 tam
746 1266 825 1293 multa
836 1266 951 1293 Joannes
967 1271 1044 1300 tacet,

258 1312 286 1334 ut
300 1308 416 1334 nesciam
431 1316 463 1335 an
478 1308 537 1343 ejus
549 1309 654 1336 silentio
674 1309 771 1345 aliqttid
793 1315 885 1338 eontra
907 1311 1046 1338 Sozomeni

257 1353 434 1381 narrationem
447 1354 537 1381 inferri
552 1355 645 1389 possit.

292 1399 350 1426 Non
374 1399 499 1427 diuturna
522 1400 638 1428 Joannes
663 1403 852 1436 tranquillitate
876 1403 925 1429 frui
951 1403 1044 1437 potttit.

257 1444 394 1472 Postduos
415 1453 529 1480 namque
549 1450 656 1472 exactos
677 1454 691 1472 a
715 1447 800 1474 reditu
823 1455 937 1479 menses,
962 1447 1046 1482 inquit

256 1488 387 1517 Palladius
399 1498 425 1524 p.
442 1490 586 1521 75,rerum
612 1492 722 1518 mutatio
742 1497 828 1527 coepta
849 1497 889 1520 est
911 1501 916 1518 :
937 1492 1046 1520 Joannis

255 1536 325 1562 enim
338 1535 437 1563 inimici
456 1535 521 1562 nihil
542 1544 595 1563 non
608 1537 751 1564 movebant
764 1541 793 1564 ut
805 1538 914 1572 pristina
929 1543 986 1565 acta
1000 1546 1045 1566 re-

258 1586 386 1615 peterent.
411 1582 539 1608 Arcadius
562 1590 625 1609 vero
648 1583 793 1617 Imperator
815 1584 886 1611 mitis
910 1583 1045 1618 facilisque

256 1631 321 1659 erat,
335 1627 380 1654 sed
395 1635 426 1654 cx
443 1627 539 1662 ingenii
554 1627 660 1655 levitate
675 1628 707 1655 ad
721 1629 878 1655 sententiam
893 1629 1044 1656 mutandam

257 1679 366 1705 pronus.
378 1673 497 1699 Eudoxia
521 1681 584 1700 vero
604 1674 721 1709 Augusta
742 1674 826 1706 illum,
842 1679 869 1701 ut
888 1679 1004 1709 putatur,
1016 1681 1045 1702 ut

255 1722 348 1744 contra
361 1718 490 1745 Joannem
503 1718 591 1746 denuo
606 1720 711 1747 szevirct
731 1720 881 1746 concitavit.
897 1720 987 1754 Neque
1001 1728 1044 1747 re-

258 1762 308 1789 fert
320 1763 464 1796 Palladius,
480 1772 530 1798 qua
545 1764 578 1792 de
592 1771 670 1791 causa
693 1765 736 1792 illa
750 1765 877 1792 Joannem
891 1765 978 1792 denuo
994 1767 1043 1793 im-

257 1810 372 1844 petierit,
389 1814 469 1845 atque
485 1815 513 1838 ut
539 1818 598 1838 eum
621 1810 773 1838 dcturbarct
792 1819 884 1838 omnes
909 1812 1043 1839 machinas

256 1857 369 1884 moverit
381 1865 388 1883 ε
404 1865 495 1884 verum
513 1856 637 1884 Socrates
651 1862 677 1884 et
697 1857 861 1884 Sozomenus
875 1857 942 1884 hanc
956 1858 1043 1884 denuo

256 1902 324 1936 pulsi
335 1902 444 1929 Joannis
458 1903 624 1929 occasionem
639 1902 784 1936 proferunt.

291 1947 461 1983 Clirysoslomi
482 1949 580 1974 dicendi
602 1949 702 1974 libertas
731 1947 874 1974 Eudoxiam
894 1948 975 1975 denuo
998 1957 1041 1974 ra:-

254 1993 533 2027 asperat.——-Argentea
543 1997 628 2019 statua
639 1992 765 2020 Eudoxio:
777 1994 910 2028 Augustin,
922 1993 1042 2020 muliebri

255 2038 323 2064 stola
334 2038 449 2070 amictae,
461 2045 538 2072 supra
550 2038 632 2065 basim
642 2043 668 2065 et
679 2039 827 2066 columnam
843 2044 931 2066 erecta
947 2039 1041 2072 fuerat,

256 2083 376 2116 proxime
391 2082 531 2109 ecclesiam
542 2082 570 2109 S.
585 2082 705 2116 Sophim;
720 2083 754 2110 ita
768 2088 796 2110 ut
818 2084 886 2110 inter
904 2088 1042 2118 utramque

256 2127 341 2154 media
356 2127 491 2154 dumtaxat
505 2127 597 2162 platea:
609 2128 648 2153 via
660 2128 796 2163 inter-jecta
807 2133 877 2155 esset
888 2128 971 2163 (Socr.
985 2129 1000 2155 Ι.
1014 2129 1040 2155 6.

255 2181 279 2198 ι.
294 2172 336 2199 18.
351 2172 454 2198 Sozam.
469 2173 487 2198 ι.
503 2172 530 2198 8.
544 2180 567 2198 c.
590 2172 647 2206 20).
672 2174 739 2200 Ante
763 2173 833 2199 illam
856 2178 968 2200 statuam
994 2181 1042 2207 pro

257 2222 362 2252 recepto
374 2225 448 2244 more
462 2217 600 2251 popttlares
614 2217 667 2244 ludi
680 2218 805 2245 celebrati
819 2222 890 2245 sunt.
910 2218 986 2253 Smpe
1002 2219 1041 2244 vi-

256 2264 342 2290 ditnus
361 2262 579 2297 Chrysostomum
602 2267 692 2290 contra
719 2263 870 2297 ltujusmodi
893 2265 1041 2298 spectacula

255 2307 529 2342 declamantem,quia
547 2315 642 2342 nempe
657 2307 683 2333 in
697 2307 848 2342 hujusmodi
871 2308 977 2335 ludicris
998 2317 1042 2336 re-

258 2353 304 2380 bus
318 2361 424 2387 semper
433 2352 553 2387 qumdam
566 2352 782 2385 admittebantur,
797 2360 855 2387 qua:
879 2353 1042 2381 Christiano-

257 2406 315 2424 rum
330 2398 448 2424 moribus
470 2401 497 2424 et
510 2405 579 2424 vera:
592 2398 682 2432 pietati
694 2397 905 2425 adversarentur.
927 2399 1042 2434 Quapr0<

255 2446 314 2476 pter
325 2442 543 2477 Chrysostomus,
563 2450 624 2469 cum
647 2441 704 2469 haec
725 2447 792 2469 ante
809 2443 898 2470 valvas
922 2444 1042 2472 ecclesia:

255 2487 323 2515 facta
329 2493 446 2514 cerneret
453 2489 599 2522 ,pristinam
608 2488 732 2523 loquendi
739 2488 885 2516 libertatem
893 2497 1040 2523 resumens,

255 2537 349 2559 contra
361 2539 407 2559 eos
415 2533 459 2567 qui
472 2533 600 2566 ejusmodi
612 2533 688 2560 ludos
701 2534 838 2565 curabant,
849 2534 889 2561 vel
900 2535 951 2561 illis
965 2535 1042 2562 inter-

258 2582 351 2610 erant,
367 2585 427 2604 cum
442 2578 607 2605 vehementia
618 2579 694 2606 solita
716 2580 888 2607 concionatus
901 2585 951 2607 est.
968 2581 1041 2608 Hanc

257 2628 285 2650 ut
305 2623 493 2651 contumeliam
513 2631 528 2651 a
547 2623 650 2652 Joanne
674 2625 723 2652 sibi
738 2625 836 2652 illatam
851 2625 931 2654 fuisse
947 2631 1042 2661 putans

258 2668 386 2702 Eudoxio,
399 2669 424 2695 in
440 2669 505 2696 iram
519 2670 659 2701 concitata.
678 2677 770 2697 rursus
788 2671 973 2706 episcoporum
993 2671 1042 2706 Sy-

258 2714 354 2741 nodum
368 2714 494 2742 adversus
509 2715 583 2742 illum
595 2716 748 2750 congregari
762 2717 872 2743 curavit.

292 2759 340 2786 Hic
351 2767 432 2795 porro
443 2760 566 2788 Socrates
581 2768 611 2788 se
624 2760 734 2788 Joannis
745 2765 819 2796 gesta
830 2762 979 2796 improbare
990 2770 1041 2789 non

259 2804 416 2832 dissimulat.
428 2805 566 2833 Debuisse!
577 2807 660 2840 enim,
677 2807 771 2842 inquit,
786 2809 858 2842 prius
870 2808 963 2835 blanda
977 2809 1040 2836 hor-

790 116 817 143 S.
838 117 977 144 JOANNIS
997 117 1231 147 CHRYSOSTOMI
1253 119 1342 152 VITA.

1841 121 1894 149 208

1102 176 1201 204 latione
1215 176 1380 212 Principibus
1395 177 1517 211 suadere.
1532 181 1560 205 ut
1574 177 1608 206 ab
1622 177 1771 213 hujusmodi
1785 178 1893 208 ludicris

1102 221 1278 255 abstinerent,
1293 229 1377 256 neque
1389 223 1492 256 probris
1506 223 1634 258 impetere
1646 230 1703 254 eos,
1717 225 1762 258 qui
1777 224 1826 252 ista
1838 225 1892 252 fieri

1102 272 1292 301 przrceperant.
1304 267 1402 294 Verum
1414 268 1472 302 quis
1486 269 1536 295 scit
1549 276 1583 295 an
1596 269 1742 302 Augustam
1756 277 1809 296 non
1821 270 1893 304 prius

1102 312 1236 338 monuerit
1249 316 1356 339 sanctus
1367 312 1497 339 antistes?
1507 312 1597 344 Certe,
1610 313 1741 340 referente
1752 313 1893 348 Theopha-

1102 363 1145 388 ne,
1161 355 1367 391 Chrysostomus
1382 357 1537 384 Praefectum
1551 357 1639 390 urbis,
1657 357 1724 385 ludis
1743 357 1892 392 hujusmodi

1102 402 1282 436 praepositum,
1297 402 1347 430 hac
1361 402 1394 430 de
1410 410 1438 429 re
1453 403 1564 430 monuit.
1577 401 1623 429 llle
1639 409 1719 434 vero,
1744 402 1789 436 qui
1809 402 1892 430 Mani-

1101 447 1191 474 chacus
1204 452 1270 481 erat,
1288 447 1436 475 Eudoxiam
1453 449 1516 475 adiit
1533 449 1681 475 nuntiatum
1697 448 1734 476 illi
1749 455 1800 474 non
1816 455 1891 482 posse

1100 492 1228 519 Joannem
1244 493 1322 526 ferre,
1338 498 1366 520 ut
1376 498 1472 520 statua:
1482 501 1537 521 sua:
1549 493 1634 520 honor
1645 492 1826 527 exhiberetur,
1839 501 1893 529 quo

1101 539 1185 573 magis
1198 539 1315 566 animum
1328 539 1386 574 ejus
1401 545 1582 574 exasperaret.

1136 583 1253 611 Eudoxia
1275 585 1355 620 igitur
1379 585 1405 612 id
1429 586 1454 612 in
1476 585 1663 612 contumeliam
1688 592 1764 612 suam
1789 586 1891 614 dictum

1101 634 1236 663 reputans,
1254 638 1345 657 rursus
1361 630 1471 658 Joannis
1484 631 1628 665 perniciem
1642 631 1790 658 machinata
1803 637 1853 664 est,
1865 637 1893 659 et

1101 674 1236 709 Synodum
1250 675 1435 710 episcoporum
1451 676 1578 703 adversus
1590 676 1663 703 illum
1678 677 1830 711 congregari
1844 685 1891 704 cu-

1102 721 1178 747 ravit.
1198 721 1225 748 ld
1249 722 1290 748 ubi
1315 722 1421 748 rescivit
1435 722 1550 749 Joannes
1562 743 1568 754 ,
1583 723 1605 749 si
1627 722 1691 749 fides
1705 723 1738 749 sit
1750 722 1850 749 Socrati
1864 727 1891 749 et

1100 766 1248 793 Sozomcno
1259 787 1266 798 ,
1282 767 1352 793 illam
1378 767 1513 794 homiliam
1533 767 1640 800 habuit,
1654 774 1713 802 qua:
1726 767 1764 794 sic
1779 768 1868 801 incipit
1882 775 1890 794 ε

1103 811 1213 838 Rursum
1227 811 1351 839 Herodias
1360 812 1436 850 furit.
1452 812 1595 839 llomiliam
1610 820 1674 839 vero
1690 812 1731 839 his
1745 812 1834 840 verbis
1847 812 1890 839 in-

1101 858 1240 891 cipientem
1254 858 1278 884 in
1291 863 1384 886 octavo
1395 859 1479 885 Tomo
1491 859 1560 885 inter
1570 856 1800 892 spuriasedidimns
1806 865 1826 884 c.
1836 859 1894 885 685'.

1101 904 1175 931 l‘utat
1182 910 1268 931 autem
1275 905 1539 932 SaviliusGraeculum
1547 904 1694 939 quempiam
1703 905 1817 938 ineptum
1824 904 1891 930 etin-

1100 949 1205 976 doctutn
1212 969 1219 982 ,
1229 957 1287 976 cum
1294 949 1362 984 apud
1369 950 1503 977 Socratem
1510 950 1718 976 etSozomenum
1732 949 1890 976 hocconcio-

1100 995 1141 1021 nis
1149 995 1305 1029 principium
1315 995 1421 1022 vidisset
1432 1016 1439 1027 ,
1453 995 1520 1022 hanc
1529 995 1683 1022 concionem
1697 994 1888 1028 ineptissimam

1100 1041 1236 1074 pramiisso
1245 1040 1394 1075 lmjusmodi
1407 1040 1536 1075 principio
1546 1039 1670 1067 edidisse.
1683 1041 1716 1066 At
1725 1047 1783 1066 eum
1797 1039 1889 1073 hujus-

1100 1085 1170 1112 tnodi
1182 1085 1301 1120 opusculi
1316 1090 1408 1112 auctor
1421 1085 1620 1120 antiquissimus
1636 1085 1669 1110 sit
1684 1085 1756 1118 (nam
1769 1084 1802 1110 ab
1815 1085 1887 1111 Ana-

1099 1131 1179 1157 stasio
1192 1131 1292 1158 Sinaita
1306 1131 1402 1158 citatur
1411 1130 1432 1166 ),
1450 1131 1574 1159 libentius
1593 1130 1729 1158 crederem
1753 1130 1803 1157 hoc
1823 1138 1889 1165 opu-

1099 1177 1200 1204 sculum
1222 1184 1236 1203 a
1261 1177 1382 1204 Graeculo
1399 1177 1514 1212 quodam
1527 1198 1535 1211 ,
1559 1181 1702 1211 antequam
1724 1176 1848 1204 Socrates
1861 1181 1889 1203 ct

1099 1221 1261 1248 Stvzomenus
1276 1222 1439 1254 scriberent,
1456 1222 1615 1250 adornatum
1630 1222 1719 1248 fuisse.
1733 1221 1790 1248 Non
1806 1229 1887 1255 pauca

1099 1266 1169 1292 enim
1194 1265 1321 1294 habemus
1345 1267 1483 1301 opuscula,
1504 1268 1584 1295 etiam
1605 1267 1786 1302 Chrysoswmi
1810 1270 1888 1292 attate

1098 1311 1177 1343 edita,
1194 1311 1251 1345 ejus
1268 1312 1375 1339 nomine
1388 1312 1530 1346 publicata.

1134 1355 1168 1384 Ut
1181 1361 1209 1383 ut
1223 1365 1266 1384 res
1278 1362 1335 1390 est,
1349 1357 1458 1385 Joannis
1480 1358 1595 1390 inimici,
1623 1365 1679 1384 rem
1703 1357 1753 1383 sibi
1773 1364 1806 1384 ex
1825 1361 1887 1383 voto

1098 1401 1193 1428 cedere
1208 1402 1344 1434 videntes,
1372 1402 1404 1429 ad
1419 1402 1595 1437 Theophilum
1621 1401 1805 1429 Alexandriam
1827 1401 1887 1428 mit-

1099 1451 1171 1480 tunt,
1188 1447 1324 1474 hortantes
1340 1452 1369 1474 ut
1383 1447 1632 1482 Constantinopolin
1654 1447 1773 1479 veniret,
1788 1451 1847 1478 aut,
1863 1446 1886 1473 si

1098 1493 1202 1527 plebem
1216 1493 1416 1525 reformidaret.
1440 1493 1478 1520 rei
1494 1493 1617 1528 gerenda:
1632 1491 1738 1519 modum
1753 1491 1801 1518 sibi
1817 1498 1885 1525 pra:-

1098 1538 1235 1565 scriberet.
1257 1537 1422 1572 Theophilus
1437 1545 1501 1565 vero
1517 1545 1620 1565 memor
1634 1536 1703 1564 haud
1725 1536 1761 1563 ita
1784 1535 1885 1570 pridem

1099 1584 1224 1611 transaeti
1246 1583 1374 1618 periculi.
1400 1583 1488 1610 denuo
1510 1583 1577 1610 istuc
1602 1583 1652 1609 iter
1675 1582 1812 1616 suscipere
1832 1588 1885 1607 non

1097 1636 1176 1656 ausus
1188 1632 1246 1661 est;
1258 1628 1304 1656 sed
1316 1628 1388 1656 misit
1403 1632 1457 1655 tres
1467 1628 1605 1663 episcopos
1615 1647 1621 1658 .
1636 1627 1745 1654 Paulum
1758 1646 1764 1658 ,
1778 1625 1882 1652 Preme-

1096 1683 1157 1701 nem
1170 1678 1197 1701 et
1210 1674 1290 1701 alium
1301 1681 1394 1701 recens
1406 1673 1565 1704 ordinatum;
1577 1673 1648 1699 misit
1666 1672 1745 1699 etiam
1757 1671 1884 1706 quosdam

1096 1726 1222 1751 canones,
1233 1726 1299 1753 quos
1311 1719 1437 1745 adversus
1449 1719 1555 1745 beatum
1565 1717 1736 1744 Athanasium
1751 1716 1838 1743 Ariani
1848 1715 1886 1742 fe-

1097 1768 1204 1796 cerant,
1223 1768 1251 1790 ut
1273 1763 1305 1790 iis
1323 1767 1463 1790 uterentur
1485 1763 1613 1789 adversus
1628 1762 1767 1789 Joannem.
1787 1761 1819 1788 lli
1837 1768 1886 1787 auc

1097 1813 1149 1835 tem
1164 1816 1280 1836 canones
1300 1809 1326 1834 in
1340 1808 1507 1835 Antiocheno
1520 1807 1634 1834 concilio
1648 1807 1710 1833 anni
1732 1807 1779 1833 5M
1797 1806 1885 1840 publi—

1095 1853 1147 1880 cati
1158 1853 1273 1880 fuerant.
1288 1852 1316 1879 In
1327 1853 1359 1879 iis
1370 1860 1434 1879 vero
1445 1853 1622 1884 statuebatur,
1635 1856 1663 1878 ut
1674 1852 1696 1879 si
1711 1851 1771 1886 quis
1780 1851 1885 1885 episco-

1096 1906 1145 1933 pus
1160 1907 1175 1925 a
1197 1899 1313 1925 concilio
1333 1898 1448 1932 quodam
1464 1898 1602 1932 depositus
1616 1897 1659 1924 vel
1680 1905 1712 1923 ex
1737 1904 1780 1928 se,
1795 1896 1837 1923 vel
1851 1903 1883 1922 ex

1095 1945 1225 1979 imperiali
1240 1945 1397 1972 auctoritate
1409 1944 1499 1972 sedem
1514 1951 1591 1971 suam
1611 1947 1760 1978 repeteret,
1780 1944 1806 1969 in
1821 1949 1883 1976 pcr-

1095 1996 1206 2025 petuum
1218 1989 1272 2024 jatn
1288 1990 1426 2024 depositus
1442 1995 1562 2016 maneret
1573 2010 1580 2021 ,
1594 1997 1642 2015 nec
1656 1992 1745 2022 posset
1758 1994 1882 2021 umquam

1095 2035 1126 2062 ad
1139 2042 1249 2062 causam
1262 2035 1402 2062 dicendam
1425 2035 1539 2061 admitti.
1563 2034 1618 2061 Nec
1640 2033 1815 2067 Theophilum
1836 2040 1884 2066 pu-

1095 2080 1152 2107 duit
1176 2081 1334 2107 Arianorum
1361 2087 1497 2112 canones,
1525 2079 1559 2106 ad
1586 2078 1737 2114 pellendum
1763 2082 1882 2104 sanctum

1095 2125 1267 2152 Athanasium
1292 2126 1436 2157 conﬂatos,
1463 2125 1496 2152 ad
1512 2124 1618 2152 beatum
1640 2123 1770 2150 Joannem
1791 2130 1806 2150 e
1819 2122 1883 2150 sede

1095 2170 1267 2205 rejiciendum
1282 2170 1418 2197 adhibere.

1129 2217 1245 2244 Joannes
1258 2224 1322 2243 vero
1339 2216 1371 2242 ad
1382 2215 1512 2250 synodum
1532 2222 1560 2242 se
1575 2219 1714 2242 venturum
1729 2217 1757 2241 et
1773 2220 1881 2240 causam

1094 2262 1227 2289 dicturum
1249 2269 1308 2288 esse
1322 2261 1454 2295 pollicitus
1476 2259 1561 2287 fuerat
1581 2268 1587 2286 :
1610 2259 1754 2286 dummodo
1779 2259 1812 2290 ii,
1839 2258 1882 2292 qui

1094 2311 1186 2342 aperte
1199 2307 1297 2333 inimici
1309 2306 1359 2333 sibi
1371 2310 1458 2337 erant,
1472 2313 1504 2332 ex
1515 2305 1632 2339 judicum
1644 2304 1752 2331 sedibus
1766 2310 1885 2330 remove-

1094 2357 1208 2379 rentur:
1226 2359 1277 2378 non
1302 2351 1406 2378 auditus
1433 2356 1521 2377 tamen
1539 2350 1679 2377 damnatus
1701 2348 1798 2375 fuerat.
1821 2347 1887 2374 Tale

1093 2404 1158 2424 vero
1173 2397 1268 2432 synodi
1282 2403 1364 2431 genus
1381 2396 1430 2423 hoc
1445 2395 1553 2422 nomine
1566 2393 1753 2429 appellandum
1764 2400 1816 2420 non
1826 2399 1889 2420 esse

1094 2442 1266 2476 conspicuum
1280 2446 1330 2468 est.
1352 2441 1406 2468 Nec
1426 2441 1478 2467 nisi
1503 2439 1670 2474 imperatoris
1689 2439 1765 2472 jussu
1779 2445 1794 2463 a
1821 2436 1889 2464 sede

1095 2488 1187 2523 pulsus
1197 2508 1204 2520 ,
1217 2487 1390 2522 ejusdemque
1407 2487 1483 2521 jussu
1506 2487 1531 2514 in
1546 2486 1636 2513 sedem
1649 2492 1772 2513 reversus
1787 2484 1888 2510 fuerat.

1095 2535 1135 2562 Ab
1151 2534 1284 2568 episcopis
1297 2533 1463 2568 congregatis
1473 2553 1480 2565 ,
1503 2533 1604 2566 majore
1626 2538 1737 2558 numero
1750 2538 1833 2564 quam
1848 2530 1863 2555 ii
1878 2550 1889 2561 ,

1094 2581 1139 2616 qui
1159 2580 1298 2616 Synodum
1327 2579 1359 2607 ad
1383 2580 1515 2613 Qucrcum
1539 2577 1748 2609 constituebant,
1775 2583 1890 2603 causam

1095 2634 1169 2653 suam
1181 2630 1371 2660 propugnatam
1383 2625 1463 2652 fuisse
1473 2624 1587 2652 dicebat.
1599 2623 1750 2657 Eodemque
1763 2626 1893 2656 tempore

1095 2671 1269 2705 Theophilus,
1287 2671 1330 2705 qui
1348 2671 1372 2697 in
1388 2670 1436 2698 hac
1452 2668 1661 2704 Pseudosynodo
1674 2667 1826 2702 praecipuus
1841 2666 1873 2700 ju
1887 2680 1895 2686 -

1095 2717 1146 2745 dex
1166 2717 1292 2749 sedebat,
1317 2717 1342 2743 in
1357 2723 1464 2744 causam
1487 2719 1596 2742 vocatus
1611 2713 1710 2745 fuerat,
1733 2718 1763 2739 ut
1777 2718 1897 2747 septua—

1095 2764 1167 2798 ginta
1187 2762 1400 2792 criminationum
1414 2761 1499 2796 capita
1513 2760 1659 2796 depelleret
1671 2779 1679 2791 ,
1693 2764 1720 2785 et
1735 2757 1800 2785 falsa
1823 2764 1897 2785 esse

1097 2808 1298 2844 comprobaret,
1314 2810 1348 2835 ita
1362 2813 1390 2835 ut
1401 2808 1487 2835 omnia
1501 2811 1592 2834 contra
1605 2805 1648 2840 jus
1663 2805 1754 2839 tesquis
1766 2805 1791 2830 in
1804 2811 1835 2830 ea
1847 2803 1895 2832 ad
