2032 3110
161 89 212 117 θοι)

162 146 296 179 Quercum
309 145 419 183 Synodo
433 152 491 175 acta
507 153 613 180 essent.
640 149 662 175 si
688 153 775 176 tamen
796 150 895 184 Synodi
912 158 959 178 l'0-

164 200 221 220 tuen
237 198 397 220 mereretur.
413 193 479 221 Cum
493 202 557 221 vero
571 194 670 221 Natalis
680 194 738 222 dies
755 196 858 222 Domini
872 195 958 223 adve-

164 238 245 265 nissel
264 238 360 274 (Socr.
378 239 396 264 ι.
412 238 438 265 6.
455 247 477 264 ι’.
498 239 564 273 I8),
580 239 727 274 Imperator
740 240 773 266 ad
795 240 937 267 ceclesiam
950 261 956 273 ,

164 283 199 310 uti
213 289 407 316 consueverat,
427 291 478 310 non
500 285 611 311 accessit
627 306 633 315 .
649 286 694 312 sed
709 285 804 312 Joattni
825 287 959 313 mandavit

165 336 192 356 se
207 337 259 356 non
283 330 358 363 prius
375 337 435 356 cum
452 330 497 356 illo
511 330 770 358 conununicaturum
785 339 860 365 esse,
878 340 957 367 quam

165 375 234 402 illata
247 375 297 402 sibi
314 376 427 402 crimina
442 375 571 402 diluisset.

209 421 331 455 Synodus
347 421 466 447 adversus
489 421 694 456 Clirysoslomum
705 422 788 449 denuo
801 423 910 457 cogitur.
923 438 958 443 —

166 465 235 492 ilulti
251 473 330 500 porro
342 466 461 500 episcopi
474 474 580 493 venere.
594 466 632 493 Ex
646 466 722 501 Syria
737 475 811 499 vero,
823 467 958 501 Cappado-

163 512 202 538 cia
216 532 224 543 ,
247 511 330 538 I‘onto
343 516 370 538 et
387 511 500 546 Phrygia
518 512 632 539 universi
653 513 848 546 metropolitani
863 518 889 539 ct
902 513 958 547 cpi-

165 557 236 592 scopi
251 558 403 592 congregati
419 563 499 591 sunt,
516 566 601 592 exque
623 558 682 585 aliis
697 558 789 585 vicinis
803 559 955 593 regionibus

165 602 282 637 (Pallad.
306 603 434 638 Dialog.).
450 603 519 630 Inter
531 603 591 630 illos
601 609 689 630 autem
709 603 752 630 isti
765 608 953 636 memorantur,

164 650 277 676 Aeacius
293 649 394 676 Beroxe
405 670 412 681 ,
427 648 552 676 Leontius
572 650 700 685 Ant'yrm,
716 650 872 676 Ammonius
885 649 953 676 Lao-

163 695 247 722 dicea:
274 696 299 722 in
327 696 424 730 Syria,
448 703 506 730 quae
532 695 630 723 Adusta
655 696 857 727 nominabatur,
882 696 957 723 Briso

163 741 356 776 Philippopolis
372 743 397 768 in
424 742 536 768 Thracia
549 762 556 774 ,
571 741 729 770 Theodorus
742 742 855 777 Tyanre,
881 743 956 776 tiyri~

164 796 215 816 nus
229 788 407 816 Chalcedonis
418 809 425 822 ,
443 788 561 823 Elpidius
574 788 712 816 Laodiceae
726 789 750 815 in
765 789 839 824 Syria
850 809 858 822 ,
873 788 957 815 Tran-

162 834 260 869 quillus
286 839 313 862 et
334 835 378 861 alii
401 834 597 869 quamplurimi.
622 834 688 860 Dum
716 835 772 861 haee
801 839 956 868 agerentur,

161 881 280 909 Joannes
293 881 424 915 adjunctls
444 881 618 916 quadraginta
636 880 739 908 duobus
752 881 884 915 episcopis
894 888 958 907 con-

162 932 257 955 ventus
278 927 391 962 agebat,
408 931 436 954 et
457 926 570 961 populus
584 933 678 960 magna
693 934 751 953 cum
770 926 851 952 animi
865 925 959 952 alacri-

162 977 217 1001 tate
229 973 289 1008 ejus
310 972 432 1000 doctrina
449 971 593 998 fruebatur.
608 971 682 999 Solet
696 972 765 998 enim
780 979 853 998 vana:
866 971 958 1006 gloria:

164 1026 262 1054 expers
285 1019 391 1045 animus
412 1018 439 1045 in
453 1017 647 1044 calamitatibus
658 1017 842 1052 jucundiorem
862 1022 888 1044 et
909 1024 957 1051 po-

162 1064 306 1091 lentiorem
320 1070 473 1091 sermonem
486 1062 633 1090 effundere.
649 1061 721 1089 Inter
742 1070 788 1090 eos
802 1062 845 1097 qui
861 1062 957 1089 Juauni

160 1109 304 1142 favebant,
327 1113 405 1136 erant
427 1108 565 1142 Elpidius,
595 1107 783 1142 Tranquillus,
805 1107 956 1134 Alexander

161 1154 375 1188 Basilinopoleos
398 1154 424 1181 in
448 1153 569 1188 Bithynia
584 1173 592 1186 ,
607 1153 764 1180 Theodorus
777 1153 875 1188 Tyana:
885 1174 892 1185 ,
918 1154 958 1179 vir

159 1200 266 1234 probus
282 1208 289 1226 :
306 1200 347 1233 qui
362 1207 422 1227 eum
438 1207 470 1225 ex
487 1199 517 1226 iis
528 1219 535 1231 ,
551 1206 611 1234 qua:
625 1203 686 1225 tunc
700 1199 726 1225 in
737 1198 874 1232 colloquiis
890 1198 958 1225 fere-

158 1247 279 1278 bantur,
296 1245 436 1280 Theophili
453 1244 675 1279 conspirationem
698 1244 890 1275 intellexisset,
917 1251 958 1270 re.

157 1293 228 1319 lictis
244 1291 369 1318 omnibus
391 1291 549 1322 insalutatis,
574 1289 717 1317 Ecclesium
740 1296 814 1316 suam
835 1290 957 1323 repetiit,

155 1341 271 1376 longum
286 1341 441 1368 valedicens
454 1340 598 1368 Comitatui
611 1340 666 1367 sive
680 1340 747 1367 aula:
768 1338 956 1374 Imperatoriae,

153 1393 288 1422 suamque
298 1386 476 1421 provinciam,
485 1386 567 1420 inquit
575 1385 706 1413 Palladius
716 1384 829 1420 Dialog.,
837 1384 869 1411 ad
878 1384 958 1411 tinent

151 1440 239 1468 usque
250 1433 279 1459 in
295 1432 348 1459 [ide
362 1431 542 1459 Romanorum
557 1435 770 1466 perseverantem
782 1430 957 1457 conservavit.

186 1478 323 1513 Episcopi
339 1481 428 1504 autem
444 1484 538 1504 omnes
553 1483 613 1504 cum
635 1476 771 1503 venissent
787 1475 870 1510 (Auno
884 1475 958 1509 404),

147 1524 356 1558 cujuscumque
371 1523 453 1557 partis
468 1527 557 1550 essent
567 1543 575 1556 ,
591 1530 650 1550 cum
665 1522 765 1549 Joanne
779 1521 959 1549 communica—

145 1577 211 1599 νει-ε
223 1592 231 1603 ,
254 1579 294 1599 ne
311 1570 407 1598 eadem
422 1570 494 1604 ipsa,
510 1577 570 1604 qua:
592 1570 681 1604 prius,
703 1570 864 1597 acciderent.
880 1569 956 1602 Quod

142 1624 205 1643 cum
216 1617 254 1644 ad
267 1623 359 1643 aures
375 1616 546 1650 Imperatoris
561 1621 586 1642 et
600 1617 726 1650 Augusta:
739 1616 873 1647 venisset,
889 1621 960 1649 aegre

141 1663 267 1691 tulerunt
289 1663 335 1691 illi
357 1670 417 1690 eam
437 1670 499 1689 eum
524 1662 626 1689 Joanne
649 1663 873 1690 communionem.
892 1662 958 1688 Cum

139 1716 226 1743 porro
242 1709 378 1736 Joannes
393 1708 418 1734 in
434 1707 572 1742 Synodum
586 1707 718 1740 venisset,
732 1707 840 1734 adfuere
853 1714 960 1734 accusa-

137 1759 212 1782 tores
220 1755 289 1790 ejus
301 1764 308 1780 :
321 1754 372 1789 qui
385 1761 444 1780 cum
457 1754 588 1788 egregiam
600 1754 657 1788 ejus
670 1753 750 1780 animi
761 1752 961 1780 Iiduciamvide—

136 1805 210 1832 rent,
220 1801 329 1827 animo
347 1799 493 1830 cadebant,
504 1799 538 1825 ita
550 1804 578 1825 nt
588 1800 631 1826 vix
643 1799 712 1833 loqui
721 1799 856 1826 auderent.
868 1798 893 1825 Id
904 1798 960 1825 ani-

131 1847 363 1874 madvertentcs
376 1845 494 1879 episcopi
509 1844 604 1879 reliqui
617 1844 701 1878 (Socr.
717 1845 735 1870 l.
750 1844 775 1871 6.
796 1853 818 1870 ι.
832 1843 874 1878 I8)
886 1864 893 1875 ,
908 1851 962 1870 eae-

131 1896 204 1918 teras
218 1891 349 1926 quidem
364 1889 566 1917 criminationes
587 1889 729 1916 mittendas
744 1896 803 1916 esse
817 1889 958 1921 duxerunt,

126 1937 161 1963 de
177 1937 234 1964 hoc
262 1941 375 1963 autem
401 1941 454 1961 uno
469 1935 643 1969 quaestionem
667 1934 816 1961 habendam
840 1941 899 1961 esse
911 1934 959 1960 de-

123 1981 317 2008 damvcrunt
329 2001 339 2013 ,
367 1979 444 2014 quod
459 1984 517 2013 post
536 1979 727 2013 depositionem
743 1979 842 2013 absque
859 1978 960 2013 Synodi

123 2027 303 2053 auctoritate
318 2046 328 2058 ,
358 2031 418 2051 suo
434 2024 516 2057 ipsius
535 2024 646 2051 arbitrio
667 2024 844 2058 episcopalem
870 2024 960 2050 sedem

121 2070 293 2099 invasisset.
323 2068 471 2097 Leontius
495 2076 558 2096 vero
578 2070 734 2104 Ancyranus
758 2073 785 2095 ct
804 2069 962 2096 Ammonius

119 2116 310 2145 Laodiccnus
329 2113 488 2149 Theophili
501 2115 652 2149 opinionem
665 2120 822 2150 sequentes,
834 2115 902 2142 hanc
915 2123 961 2143 so-

119 2162 173 2189 lam
198 2163 424 2197 quaestionem
441 2160 598 2188 movendam
617 2168 676 2188 esse
690 2161 814 2188 dixerunt
835 2161 959 2196 (Pallad.

117 2208 190 2235 Dial.
207 2209 298 2236 Sacr.
319 2209 344 2234 Ι.
361 2206 396 2234 6.
412 2213 440 2232 c.
453 2205 507 2239 18).
517 2206 664 2240 Respondit
673 2213 735 2233 vero
749 2205 875 2239 Joannes,
886 2206 963 2240 quin-

113 2261 166 2287 que
182 2258 212 2280 οι
242 2252 419 2287 sexaginta
438 2251 575 2284 episcopos
597 2250 713 2285 quicum
735 2251 792 2285 ipso
815 2251 963 2278 communi-

111 2305 248 2327 caverant
262 2320 273 2333 ,
299 2300 365 2326 hoc
387 2296 574 2330 decrevisse,
600 2302 629 2323 ut
652 2297 752 2324 scilicet
778 2297 869 2325 sedem
887 2305 962 2325 suam

106 2351 262 2379 repeteret.
279 2343 456 2372 Leontius
468 2347 571 2374 contra,
582 2343 632 2369 hoc
646 2342 812 2369 mendacium
823 2343 963 2378 impuden-

103 2396 145 2419 ter
159 2393 288 2427 protulit
305 2401 314 2418 :
340 2390 483 2419 Plures,
496 2387 592 2422 inquit,
606 2389 675 2423 fuere
685 2409 692 2421 ,
706 2396 721 2414 ο
738 2388 866 2422 Joannes,
885 2389 928 2424 qui
942 2394 964 2416 te

106 2440 134 2464 in
149 2440 271 2474 ευποάο
288 2437 571 2466 condemnaverunt.
585 2435 613 2462 Id
635 2435 705 2470 quod
727 2443 760 2462 ne
780 2435 824 2462 alii
839 2436 945 2471 quidem
956 2456 963 2469 ,

111 2487 154 2520 qui
171 2488 201 2514 in
216 2485 350 2522 Synodo
364 2483 410 2510 ad
426 2481 571 2514 Quercum
586 2481 701 2516 fuerant,
723 2482 811 2509 dicere
824 2483 882 2510 ausi
901 2482 966 2510 fuis-

106 2538 179 2559 sent.
198 2532 246 2560 Ad
269 2531 342 2560 haec
360 2534 447 2557 vero
467 2524 575 2553 dicebat
594 2526 709 2554 Joannes
729 2535 857 2555 eanonem
873 2527 965 2560 illum,

106 2586 161 2612 quo
186 2579 244 2614 ipsi
274 2576 478 2605 nitebantur
493 2590 502 2601 ,
525 2579 577 2599 ηοιι
598 2573 723 2600 Ecclesiae
737 2573 896 2606 Catholicae,
919 2573 965 2601 sed

103 2625 281 2654 Arianorum
299 2630 378 2653 esse
400 2631 409 2648 :
428 2617 589 2653 episcopos
603 2619 672 2646 enim
688 2620 836 2647 Antiochite
856 2627 968 2655 congre-

101 2679 181 2706 gates
206 2674 246 2700 ad
275 2666 502 2700 evertendam
529 2663 763 2693 Consubstantialis
785 2665 882 2698 ﬁdem,
907 2674 968 2694 cum

101 2718 167 2747 odio
181 2720 357 2755 ﬂagrarent
372 2713 545 2742 adversus
558 2709 724 2739 Athanasium
733 2732 740 2744 ,
757 2711 826 2739 hunc
837 2719 967 2739 canonem

103 2765 248 2793 emisisse.

140 2810 276 2845 syrma,“
289 2805 562 2842 Chrysoslomum
572 2806 586 2825 α
596 2800 650 2828 sede
672 2802 814 2838 pellendum
833 2811 885 2830 me
904 2811 966 2838 pro-

745 93 837 121 liUNC
858 93 986 122 PRIMUM
1007 94 1205 122 ADORNATA.

1755 96 1808 122 210

1015 152 1122 178 nuntiat.
1137 166 1172 172 —
1183 152 1307 183 Aeacius,
1322 153 1479 185 Antiochus,
1503 153 1627 188 Cyrinus,
1648 153 1807 180 Severianus

1013 204 1073 222 cum
1096 197 1237 225 Ammonio
1262 202 1288 224 et
1318 197 1430 226 Leontio
1455 198 1644 234 Imperatorem
1663 199 1804 230 adierunt,

1013 243 1188 278 dixeruntque
1210 245 1359 272 evocandos
1374 253 1432 272 esse
1450 253 1482 273 ex
1498 250 1572 280 parte
1592 245 1701 273 Joannis
1714 246 1807 273 decem

1017 291 1158 324 episcopos
1170 311 1177 322 ,
1201 291 1233 317 ad
1248 292 1438 318 conciliandam
1455 292 1602 319 canonibus
1620 293 1805 320 auctoritatem

1013 334 1140 368 (Pallad.
1161 336 1188 361 in
1214 335 1352 370 Dialogo).
1381 336 1493 371 lngrcssi
1521 342 1607 363 autem
1636 337 1755 371 Elpidius
1780 342 1807 363 (ιι

1013 381 1184 415 Tranquillus
1201 381 1349 408 suadebant
1362 382 1516 416 Imperatori
1529 402 1536 414 ,
1557 391 1608 409 non
1625 387 1749 416 oportere
1762 383 1802 410 iu-

1012 426 1082 453 dicta
1095 434 1174 453 causa
1187 427 1247 461 ejici
1259 428 1399 454 Joannem.
1411 427 1475 453 Cum
1492 431 1579 454 autem
1595 427 1703 454 Joannis
1714 427 1804 454 adver-

1012 473 1075 498 sarii
1100 473 1309 505 altereareutur,
1330 473 1450 507 Elpidius
1476 473 1629 508 Imperatori
1653 474 1806 508 proposuit.

1014 523 1042 545 tit
1063 519 1176 545 Aeacius
1195 524 1222 545 ct
1246 519 1392 546 Antiochus
1413 519 1612 547 subseriberent
1636 527 1665 547 se
1687 519 1807 555 ejusdem

1013 572 1032 590 e.
1043 571 1072 590 se
1087 564 1147 590 ﬁdei
1160 569 1238 599 atque
1260 572 1306 592 eos
1317 565 1360 599 qui
1377 572 1493 592 canones
1513 565 1669 596 ediderunt,
1685 573 1752 599 quos
1767 566 1802 592 illi

1012 610 1167 636 orlhodoxis
1187 610 1380 644 proponebant.
1413 610 1559 645 Imperator
1582 618 1646 637 vero
1666 611 1807 638 subridens

1013 655 1078 682 dixit
1089 656 1221 682 Antiocho
1233 665 1238 682 :
1251 656 1320 682 Nihil
1331 656 1395 682 mihi
1405 656 1494 682 utilius
1503 655 1617 683 videtur.
1631 656 1668 682 Illi
1682 663 1745 683 vero
1757 664 1807 683 cett

1013 700 1140 735 vertigine
1153 701 1233 735 capti,
1249 709 1279 728 se
1291 701 1488 736 subseripturos
1497 701 1603 734 dixere,
1616 709 1702 736 neque
1719 706 1807 728 tamen

1013 752 1102 780 postea
1114 746 1307 781 subscripsere.
1318 747 1478 782 lnterimque
1490 748 1606 775 Joannes
1620 756 1679 775 eum
1692 747 1806 783 quadra-

1013 792 1086 826 ginta
1097 792 1201 819 duobus
1209 793 1340 828 episcopis
1348 794 1499 829 frequenter
1506 794 1679 822 conveniebat
1689 798 1717 821 et
1723 794 1806 820 collo-

1011 839 1071 872 quia
1085 839 1222 871 miscebat,
1238 841 1386 875 populoque
1408 847 1456 867 suo
1468 848 1559 867 sanam
1575 840 1723 867 doctrinam
1738 847 1808 874 pra:~

1011 884 1100 910 dicare
1112 892 1165 911 non
1179 884 1332 912 desistebat.
1344 885 1412 918 Quid
1423 891 1510 912 autem
1527 886 1569 912 illa
1586 885 1807 920 Pscudosyuodus

1011 933 1102 956 contra
1113 929 1332 964 Cbrysostomum
1346 930 1531 964 pronuntiarit.
1544 938 1597 958 non
1606 931 1729 958 convenit
1739 931 1807 957 inter

1012 975 1155 1009 scriptores
1167 984 1174 1002 :
1186 980 1341 1010 certumque
1354 981 1440 1002 tamen
1462 976 1566 1003 videtur
1577 977 1648 1010 ipsos
1664 977 1731 1003 hanc
1743 984 1806 1010 pro-

1013 1020 1105 1047 tulisse
1115 1022 1272 1048 sententiam
1283 1042 1290 1053 ,
1301 1029 1316 1048 a
1329 1021 1393 1048 sede
1406 1021 1557 1055 pellendum
1573 1029 1633 1049 esse
1646 1029 1705 1048 eum
1715 1042 1721 1053 ,
1732 1021 1776 1055 qui
1791 1030 1804 1046 a

1011 1066 1119 1101 Synodo
1135 1066 1275 1094 damnatus
1294 1072 1321 1094 et
1343 1066 1498 1101 depositus,
1521 1066 1611 1094 sedem
1635 1073 1710 1093 suam
1727 1073 1804 1100 repe-

1013 1112 1101 1140 tierat.

1049 1159 1149 1186 Deinde
1162 1166 1225 1186 vero
1246 1158 1394 1186 Antiochus
1409 1159 1562 1194 Imperatori
1585 1158 1668 1185 suasit
1682 1162 1728 1190 ut,
1743 1165 1803 1185 cum

1010 1204 1064 1238 jam
1086 1204 1186 1231 Pascha
1210 1204 1375 1235 immineret.
1391 1205 1497 1240 juberet
1511 1205 1659 1239 Imperator
1672 1204 1803 1231 Joannem

1013 1258 1044 1277 ex
1061 1251 1178 1277 Ecclesia
1191 1251 1281 1285 egredi
1299 1251 1387 1283 (Pull.
1404 1260 1430 1285 ρ.
1446 1252 1475 1278 81
1488 1251 1507 1286 ).
1531 1251 1571 1278 Illi
1585 1259 1685 1278 morem
1706 1258 1802 1285 gerens

1013 1296 1156 1328 Arcadius,
1179 1295 1275 1323 Joanni
1299 1296 1434 1323 mandavit
1461 1301 1489 1323 ut
1511 1296 1628 1323 Ecclesia
1651 1295 1802 1322 excederet.

1013 1341 1162 1375 Respondit
1176 1341 1303 1374 Joannes,
1328 1349 1356 1368 se
1371 1349 1385 1368 a
1402 1342 1454 1367 Deo
1471 1341 1616 1368 Ecclesiam
1632 1341 1765 1374 accepisse
1778 1345 1804 1366 et

1012 1387 1046 1414 ab
1071 1387 1117 1414 illo
1142 1388 1201 1414 solo
1224 1387 1283 1421 ejici
1304 1395 1393 1422 posse.
1414 1388 1458 1414 Ait
1477 1394 1556 1421 porro
1571 1387 1694 1414 Socrates
1715 1387 1753 1420 (l.
1776 1388 1802 1413 ti.

1012 1441 1034 1459 ε.
1050 1431 1102 1468 I8)
1125 1432 1254 1460 Joannem
1279 1433 1456 1467 obsequutum
1471 1440 1531 1459 esse
1545 1432 1668 1458 mandato
1685 1432 1802 1465 Impera-

1013 1478 1087 1505 toris.
1111 1477 1209 1505 Contra
1232 1486 1296 1505 vero
1318 1478 1451 1505 Palladius
1467 1482 1557 1504 narrat
1581 1477 1691 1504 sabbato
1712 1482 1803 1503 sancto

1012 1531 1072 1551 eum
1087 1523 1136 1558 ipsi
1159 1523 1314 1550 mandatum
1328 1523 1362 1549 ab
1385 1523 1546 1557 imperatore
1566 1522 1676 1550 missum
1691 1521 1784 1548 luisset
1795 1542 1803 1553 ,

1012 1569 1142 1596 Joannem
1177 1568 1270 1596 eadem
1295 1576 1355 1603 quae
1376 1572 1454 1595 antea
1482 1567 1652 1602 respondisse
1674 1566 1803 1601 (Pallad.

1012 1613 1141 1649 Μαίας.)-

1048 1659 1183 1686 Instahant
1194 1667 1299 1694 semper
1312 1659 1424 1686 Aeacius
1439 1663 1466 1686 et
1487 1659 1632 1686 Antiochus
1644 1679 1651 1692 ,
1666 1662 1694 1685 et.
1707 1658 1803 1693 deponi

1013 1706 1141 1733 Joannctn
1170 1706 1284 1740 ejicique
1309 1706 1490 1740 postulabant.
1516 1705 1635 1740 Cumque
1661 1705 1805 1738 Imperator

1013 1752 1126 1779 iuercret
1140 1759 1170 1778 ae
1185 1759 1339 1784 vereretur,
1358 1757 1412 1778 lum
1429 1751 1479 1778 diei
1501 1751 1668 1778 sanctitatem
1680 1771 1686 1782 ,
1705 1755 1758 1777 tum
1773 1757 1806 1776 ne

1013 1803 1101 1825 motus
1123 1798 1212 1832 populi
1227 1799 1405 1830 excitaretur,
1423 1798 1516 1824 dixere
1540 1797 1652 1824 Aeacius
1665 1800 1693 1824 et
1712 1796 1806 1822 Antio-

1013 1844 1079 1871 clms
1096 1852 1102 1870 :
1120 1843 1146 1870 In
1161 1849 1240 1878 caput
1261 1848 1380 1870 nostrum
1402 1844 1436 1870 sit
1456 1843 1565 1870 Joannis
1580 1841 1721 1876 depositio.
1737 1841 1804 1868 Tum

1013 1889 1186 1923 quadraginta
1202 1889 1239 1915 illi
1253 1889 1369 1922 episcopi
1381 1909 1389 1921 ,
1403 1888 1446 1922 qui
1462 1895 1522 1915 cum
1542 1887 1644 1914 Joanne
1656 1886 1806 1913 consentie-

1014 1935 1095 1966 bant,
1110 1935 1297 1968 imperatorem
1315 1939 1342 1961 ct
1364 1934 1508 1968 Augustam
1529 1933 1672 1965 adierunt,
1687 1932 1731 1966 qui
1750 1937 1805 1958 tum

1014 1981 1140 2016 martyria
1155 1988 1202 2008 seu
1215 1981 1344 2008 ecclesias
1360 1985 1490 2015 matyrum
1507 1979 1657 2006 invisebant
1669 1999 1676 2011 ,
1691 1978 1806 2004 obnixe-

1014 2033 1065 2061 que
1079 2026 1176 2060 precati
1188 2030 1249 2052 sunt
1261 2046 1269 2058 ,
1294 2030 1321 2051 ut
1337 2025 1481 2052 Ecclesiam
1495 2025 1539 2051 Dci
1557 2024 1581 2050 in
1594 2031 1658 2058 pace
1672 2023 1806 2057 relinque-

1015 2075 1075 2098 rent
1088 2092 1094 2104 ,
1109 2071 1277 2104 maximeque
1293 2075 1401 2105 propter
1416 2070 1516 2097 Pascha
1533 2075 1560 2096 et
1582 2073 1690 2104 propter
1700 2076 1746 2096 eos
1761 2068 1805 2102 qui

1016 2117 1193 2151 regenerandi
1213 2121 1299 2144 erant.
1315 2117 1354 2143 Ac
1368 2124 1428 2143 cum
1440 2115 1504 2142 nihil
1519 2116 1662 2150 impetrare
1677 2120 1804 2149 possent,

1016 2162 1123 2196 Paulus,
1135 2163 1275 2197 cpiscopus
1295 2162 1401 2193 Gratiae,
1417 2161 1540 2189 clamavit
1554 2170 1560 2188 :
1576 2160 1704 2192 Eudoxia,
1723 2160 1804 2186 Deum

1017 2209 1097 2241 time,
1112 2214 1216 2236 tuorum
1231 2209 1375 2235 liberorum
1390 2208 1535 2234 miserere:
1552 2213 1638 2241 neque
1651 2205 1734 2232 violes
1744 2212 1806 2231 san-

1016 2259 1085 2282 ctam
1099 2254 1198 2281 Christi
1217 2254 1414 2281 solemnitatem
1429 2253 1566 2288 sanguinis
1581 2251 1721 2279 etrusione.
1740 2251 1805 2277 Tum

1017 2301 1053 2327 illi
1068 2300 1240 2335 quadraginta
1255 2300 1372 2335 episcopi
1388 2299 1476 2327 moesti
1490 2299 1522 2326 ad
1533 2297 1679 2326 diversoria
1691 2304 1720 2324 se
1730 2303 1806 2324 rece-

1018 2353 1081 2380 pere
1095 2353 1152 2372 sua.

1054 2391 1148 2418 Milites
1156 2391 1285 2418 ecclesiam
1294 2389 1543 2417 invadunt.——Primi
1548 2389 1643 2423 pilarcs
1653 2395 1716 2415 vero
1723 2386 1810 2422 Chry-

1019 2438 1129 2465 sostomi
1149 2437 1240 2465 hostes
1274 2437 1348 2464 illum
1372 2436 1514 2464 detrudere
1537 2435 1684 2470 cogitantes
1704 2434 1808 2469 (Chrys.

1021 2483 1110 2510 t.'o'.c.
1123 2482 1246 2511 552.22.?)
1263 2482 1294 2518 ),
1314 2491 1374 2510 cum
1397 2482 1567 2517 Imperatoris
1583 2481 1675 2516 copias
1696 2481 1729 2508 ad
1752 2487 1810 2508 ma-

1021 2537 1084 2556 num
1098 2529 1232 2556 haberent
1242 2549 1250 2562 ,
1261 2528 1401 2556 collectam
1416 2527 1530 2555 militum
1545 2532 1656 2554 turmam
1670 2526 1809 2554 miserunt.

1021 2574 1048 2601 In
1062 2575 1119 2609 ipso
1134 2573 1244 2601 sabbato
1259 2578 1353 2600 sancto
1376 2573 1409 2600 ad
1425 2580 1563 2608 vesperam
1586 2573 1612 2599 in
1631 2572 1758 2599 ecclesias
1772 2571 1809 2597 iu-

1020 2621 1104 2655 gressi
1124 2620 1233 2653 milites,
1250 2619 1356 2646 Clerum
1372 2627 1479 2646 omnem
1497 2619 1541 2653 qui
1557 2626 1617 2646 eum
1638 2618 1740 2645 Joanne
1754 2623 1810 2643 erat

1021 2667 1156 2700 eiecerunt
1168 2686 1175 2697 ,
1190 2670 1218 2693 et
1230 2665 1311 2692 armis
1319 2665 1499 2692 sanctuarium
1510 2664 1625 2698 undique
1635 2661 1808 2690 obsederunt.

1022 2712 1145 2739 Mulieres
1158 2718 1264 2746 quoque
1278 2717 1413 2737 sacrarum
1428 2710 1524 2737 :edium
1535 2729 1542 2742 ,
1558 2716 1617 2743 qua:
1638 2715 1667 2734 se
1681 2710 1810 2734 exuerant

1022 2763 1049 2784 ut
1065 2757 1271 2792 haptizareutur,
1287 2760 1359 2784 metu
1372 2755 1519 2790 perterrita:
1530 2775 1537 2787 ,
1555 2753 1630 2781 nuda:
1643 2751 1810 2786 aufugerunt;

1024 2811 1108 2833 neque
1123 2803 1194 2830 enim
1214 2802 1410 2830 concedebatur
1425 2802 1476 2829 illis
1490 2805 1518 2828 ut
1532 2807 1561 2827 se
1586 2799 1704 2826 velarent
1715 2819 1721 2831 ,
1746 2797 1812 2826 sicut
