2032 3110
262 123 310 150 2H

257 181 383 208 mulieres
402 181 526 207 honestas
540 179 625 208 decet.
646 179 733 207 Multa:
752 180 830 206 etiam
853 179 967 214 acceptis
983 178 1039 206 vul-

255 225 365 253 neribus
374 225 561 261 ejicicbantnr,
577 231 604 253 et
621 225 747 260 sanguine
769 225 945 259 implebantur
959 225 1038 258 hisci-

255 277 295 296 nze
306 291 313 302 ,
328 278 474 305 cruorcquc
489 271 554 298 sacri
572 271 663 298 latices
683 271 868 297 rnbcsccbanl.
892 269 982 304 Neque
998 270 1040 296 hic

255 324 343 343 rerum
365 317 422 343 finis
437 317 484 343 fuit
499 326 506 343 :
523 317 546 343 in
563 317 648 343 locum
664 317 743 343 etiam
760 317 785 342 in
806 324 858 350 quo
873 321 963 342 sancta
976 323 1039 342 con-

256 362 309 388 dita
321 363 495 389 servabantur
509 362 618 395 ingrcssi
638 367 699 388 sunt
720 362 818 389 milites
850 369 962 396 quorum
988 361 1038 388 ali-

257 411 322 441 qnot
351 407 430 433 nullis
456 407 548 433 initiati
579 412 654 433 crant
681 407 814 442 mysteriis
832 427 838 438 ,
865 406 1040 439 videruntque

254 457 342 478 tamen
356 452 442 478 omnia
460 461 518 486 qum
532 452 602 478 intus
616 452 806 479 servabantur:
819 452 881 485 quin
892 456 918 478 et
929 452 1040 477 sanctis-

254 498 336 524 simus
346 497 443 524 Chriin
461 498 600 531 sanguisut
614 497 639 523 in
657 497 699 523 tali
715 497 828 523 tumultu
839 497 959 523 accidere
970 501 1040 530 pote-

256 549 305 576 rat,
325 544 349 570 in
361 544 474 570 militum
490 549 578 570 vestes
591 544 689 571 ell'nsns
702 549 751 571 est.
767 544 840 571 Tunc
856 544 998 570 omniaccn
1013 544 1039 570 in

255 589 392 616 barbarica
409 589 554 623 irruptione
571 594 672 623 patrata
686 589 797 616 vidisses
813 599 818 615 ί
834 589 959 623 vulgusin
976 589 1040 616 soli-

256 635 373 662 tudinem
393 635 544 670 fugabatur;
559 635 700 662 multitudo
717 636 802 662 omnis
818 639 891 662 extra
906 635 1039 662 civitatem

257 681 429 712 versabatur;
441 686 568 715 erantque
582 681 702 708 ecclesia:
713 681 738 708 in
750 686 820 707 tanta
831 680 971 708 festivitate
981 687 1039 706 om-

257 726 320 752 nino
341 733 441 752 vacurc.
459 726 580 760 Episcopi
593 727 653 761 plus
667 726 839 761 quadraginta
851 747 857 758 ,
873 726 916 760 qui
932 725 1040 752 Joannis

256 771 389 797 consortio
406 770 569 804 fruebantur,
580 779 640 798 cum
651 771 730 798 Clero
743 776 770 798 ct
780 772 875 805 populo
890 771 948 798 sine
962 778 1040 797 causa

259 815 286 842 in
301 814 386 849 fugam
411 816 480 842 versi
504 820 575 842 sunt.
601 816 745 843 Horrendis
769 815 919 850 hujusmodi
937 815 1042 849 ﬂagitiis

257 860 345 886 omnia
359 859 439 887 mixta
455 861 612 895 turbataque
625 865 701 888 erant
716 870 723 888 :
740 861 836 895 ubique
850 868 898 895 per
910 861 965 887 fora
975 880 982 892 ,
995 867 1042 894 per

257 905 349 933 domos
363 925 370 937 ,
382 912 428 939 per
441 905 615 938 Solitudines,
629 913 677 940 per
697 913 789 933 omnes
804 905 917 932 civitatis
936 909 1023 939 partes
1033 924 1040 937 ,

257 950 345 976 omnia
365 950 487 977 lamentis
498 970 505 983 ,
519 950 675 984 ejulatibus,
691 954 718 977 et
732 950 848 977 fontibus
865 950 1040 984 lacrymarum

260 994 335 1028 plena
348 1002 355 1026 ;
371 998 398 1020 ut
410 1001 461 1020 non
476 995 554 1021 modo
565 995 608 1030 qui
624 995 649 1021 in
661 995 784 1022 rerumnis
795 994 982 1026 versabantur,
995 993 1042 1020 sed

256 1043 284 1065 et
297 1039 343 1072 qui
358 1038 421 1065 nihil
433 1039 485 1066 tale
498 1040 679 1073 patiebantur;
692 1047 743 1066 non
754 1039 882 1066 Catholici
894 1038 983 1071 modo,
996 1038 1042 1065 sed

256 1083 334 1110 etiam
351 1083 477 1116 haeretici,
489 1084 583 1117 Judmi,
594 1084 738 1111 idololatrze
749 1092 809 1111 eum
819 1083 961 1111 Catholicis
971 1083 1043 1110 dole-

257 1132 318 1155 rent
333 1137 339 1155 :
357 1133 383 1156 et
394 1130 468 1163 quasi
480 1134 628 1164 expugnata
638 1130 671 1156 ab
685 1129 804 1156 hostibus
817 1129 937 1162 civitate,
950 1129 1044 1156 tumul-

258 1178 284 1199 ιιι
295 1194 302 1207 ,
320 1174 494 1208 trepidatione
507 1179 534 1201 et
545 1175 650 1208 planetu
666 1174 743 1208 plena
766 1178 841 1200 erant
855 1174 954 1201 omnia.

293 1219 449 1245 Additvero
467 1219 673 1254 Chrysostomus
695 1219 756 1246 talia
776 1226 854 1246 ausos
875 1227 935 1246 esse
956 1219 1044 1246 inimi-

258 1271 304 1291 cos
316 1268 413 1299 praeter
424 1265 581 1292 sententiam
595 1265 706 1299 piissimi
718 1264 898 1300 imperatoris.
913 1265 1041 1292 Nimirum

259 1310 344 1336 bonus
358 1316 389 1337 ac
404 1310 474 1336 mitis
486 1310 628 1342 Arcadius,
645 1310 689 1344 qui
700 1310 734 1337 ab
754 1310 911 1337 adversariis
926 1310 1042 1345 Chryso-

258 1354 336 1380 stomi
347 1354 487 1388 deceptus,
500 1354 648 1388 pellendum
660 1355 733 1381 illum
747 1361 807 1381 esse
820 1359 975 1387 censuerat,
988 1361 1041 1381 non

259 1399 497 1434 putabateousque
517 1407 689 1434 processuros
711 1407 770 1427 esse
787 1400 992 1427 consceleratos.
1015 1399 1042 1427 Id

259 1450 337 1472 nocte
358 1445 438 1472 multa
448 1465 456 1476 ,
471 1446 555 1479 inquit
576 1445 692 1473 Joannes
702 1465 709 1478 ,
724 1446 822 1472 factum
835 1449 892 1478 est,
912 1445 1043 1480 episcopis

259 1491 316 1518 lucc
330 1490 537 1523 instruentibus,
554 1495 580 1517 et
594 1491 682 1518 multis
693 1491 718 1518 in
735 1491 800 1518 locis
809 1490 916 1518 ordines
925 1490 1044 1517 ducenti-

259 1536 325 1569 bus,
339 1544 388 1564 nec
402 1536 620 1564 erubescentibus
632 1556 638 1568 ,
655 1536 724 1570 quod
738 1543 786 1570 pro
806 1535 925 1563 diaeonis
943 1535 1042 1569 campi-

259 1581 382 1608 ductores
395 1582 523 1609 haberent
536 1586 694 1615 prmeuntes.

294 1627 351 1653 Alia
362 1628 479 1654 violenter
489 1627 655 1653 actm—Haec
663 1627 877 1662 Chrysostomus,
890 1626 933 1652 ubi
946 1625 1045 1653 adver-

260 1675 300 1697 tas
311 1671 395 1704 ipsum
407 1671 496 1698 dicere
511 1671 596 1705 primo
608 1671 665 1697 hmo
676 1671 701 1697 in
715 1677 825 1704 vespera
839 1670 941 1697 sabbati
960 1670 1044 1697 sancti

259 1721 345 1750 empta
359 1736 366 1748 ,
380 1721 406 1743 et
417 1716 536 1750 qua-dam
548 1716 629 1743 multa
642 1721 721 1743 nocte
734 1716 800 1742 facta
809 1736 816 1747 ,
828 1716 853 1742 in
865 1715 984 1743 ecclesiis
995 1723 1044 1742 au-

261 1765 312 1787 tem
327 1760 484 1794 quibusdam
499 1760 556 1787 haec
578 1765 678 1794 patrata
698 1760 778 1787 fuisse
799 1760 872 1787 dicit.
886 1760 951 1786 Cum
966 1767 1046 1794 porro

259 1812 291 1832 cx
306 1804 425 1832 ccclesiis
439 1805 474 1832 ita
490 1804 557 1840 pulsi
578 1804 691 1832 fuissent
710 1804 819 1832 Joannis
841 1805 1002 1840 presbyteri,
1019 1805 1045 1832 in

260 1850 366 1885 publico
387 1850 492 1878 lavacro
504 1871 511 1883 ,
527 1850 598 1885 quod
613 1850 818 1878 Coustantianas
833 1850 951 1878 thermas
965 1857 1045 1878 vaca-

260 1895 323 1927 bant
344 1896 496 1923 convocatis
518 1896 622 1931 populis
646 1896 750 1930 vigilias
769 1896 896 1930 agebant,
913 1896 956 1922 alii
972 1896 1045 1923 Scri-

260 1946 351 1976 pluras
357 1941 461 1969 divinas
469 1942 597 1976 legentes,
605 1941 648 1968 alii
657 1941 863 1969 catechumenos
872 1941 1045 1976 baptizantes,

261 1993 290 2016 ut
310 1989 391 2015 moris
415 1993 472 2016 erat
497 1989 523 2015 in
545 1989 673 2016 Paschate
697 1988 820 2025 (Pallad.
843 1988 946 2024 Dialog.
971 1988 1045 2016 Socr.

260 2035 279 2060 Ι.
291 2034 333 2061 16.
344 2042 367 2060 c.
383 2033 425 2061 18.
441 2034 543 2061 Sozom.
556 2034 575 2060 ι.
589 2034 616 2061 8.
630 2042 653 2061 c.
668 2033 699 2061 2t
715 2034 734 2069 ).
747 2034 821 2061 Tunc
833 2034 986 2064 Antiochus.
999 2034 1047 2062 Se-

260 2079 385 2106 verianus
399 2083 426 2106 et
438 2080 549 2106 Aeacius
563 2079 691 2107 Patronos
704 2084 813 2114 rogant,
829 2084 858 2106 ut
872 2080 959 2114 populi
973 2087 987 2106 a
1002 2080 1047 2106 tali

260 2130 393 2153 conventu
407 2130 569 2152 arcerentur.
583 2125 703 2159 Magister
713 2132 811 2157 antem,
826 2125 868 2152 vir
880 2126 986 2159 probus,
1002 2125 1048 2152 ab-

262 2170 391 2197 nuebatet
401 2175 471 2198 tanta
480 2176 557 2198 noctu
569 2171 666 2198 inferre
677 2172 746 2198 mala
755 2171 972 2206 populonolebat.
980 2171 1046 2198 Tum

261 2216 375 2242 Aeacius
391 2216 483 2243 limere
498 2223 527 2242 se
541 2215 619 2248 dixit,
635 2224 667 2243 ne
680 2216 702 2243 si
715 2217 858 2250 imperator
871 2216 895 2243 in
908 2217 1047 2244 ecclesiam

260 2262 370 2289 veniens
380 2261 452 2288 illam
462 2269 569 2289 vacuam
585 2262 721 2294 inveniret,
733 2266 794 2289 tunc
803 2263 890 2296 populi
898 2270 959 2297 erga
969 2262 1049 2290 Joan-

261 2315 321 2336 nem
332 2308 542 2336 benevolentiam
556 2308 722 2343 intelligeret.
737 2315 803 2335 neve
816 2315 844 2335 se
855 2313 882 2335 ut
892 2308 992 2335 invidos
1003 2308 1049 2334 ha-

261 2354 344 2380 hcret.
354 2353 513 2388 Urgentibus
523 2354 584 2385 illis,
594 2353 703 2380 Lucium
714 2353 757 2380 ille
767 2353 904 2387 quemdam
913 2354 1046 2381 etlinicnm

259 2399 336 2433 jussit
349 2406 408 2426 cum
421 2399 601 2426 Scutariorum
617 2405 696 2424 manu
707 2398 752 2424 illo
767 2405 796 2425 se
807 2398 936 2426 conferre.
953 2398 1048 2425 Lucius

261 2451 323 2470 vero
333 2452 393 2471 cum
403 2444 526 2478 populum
537 2443 596 2471 inde
606 2443 734 2470 excedere
744 2443 813 2470 nolle
824 2444 942 2476 vidisset,
956 2452 1046 2471 rever-

261 2496 305 2515 sus
320 2493 369 2515 est.
384 2488 458 2515 Tunc
471 2489 581 2516 Aeacius
598 2493 625 2515 et
637 2488 700 2515 socii
715 2487 798 2522 ipsum
819 2488 949 2523 deprecati
970 2493 1046 2520 sunt,

262 2532 400 2566 promissis
413 2533 491 2559 etiam
511 2533 617 2566 additis,
633 2538 660 2560 ut
675 2533 798 2568 populum
814 2534 838 2560 vi
854 2534 964 2568 pelleret
976 2539 1002 2560 et
1015 2534 1048 2560 ad

261 2577 399 2604 ecclesiam
409 2577 560 2605 adduceret.
569 2578 641 2606 Tunc
654 2579 696 2606 ille
705 2580 846 2613 assumptis
857 2586 946 2606 secum
960 2579 1047 2606 Acacii

261 2623 364 2650 clericis
380 2624 493 2650 secunda
508 2624 595 2659 vigilia
609 2625 694 2652 noctis
706 2625 750 2652 illo
764 2632 792 2652 se
805 2625 924 2656 confert,
949 2629 975 2651 et
988 2633 1047 2652 cum

261 2669 389 2696 militibus
409 2670 507 2696 strictis
521 2670 631 2705 gladiis,
656 2671 681 2697 in
703 2670 894 2698 multitudinem
916 2670 1046 2704 irrumpit,

263 2719 384 2749 penetrat
399 2722 480 2749 usque
493 2715 526 2741 ad
547 2721 652 2743 sanctas
665 2723 746 2750 aquas
758 2735 765 2746 ,
781 2720 809 2742 ut
829 2715 981 2749 prohiberet
1002 2722 1049 2742 eos

262 2761 306 2795 qui
334 2761 506 2788 initiahantur
522 2761 699 2789 Saeramentis
714 2761 855 2788 Dominica:
868 2761 1048 2789 Resurrectio-

262 2805 301 2831 nis
311 2811 351 2832 :et
363 2807 499 2834 diaconum
512 2808 672 2834 truculenter
683 2807 807 2834 invadens
817 2807 935 2842 symbola
947 2806 1037 2833 alludit

790 122 817 149 S.
837 121 976 150 JOANNIS
994 119 1231 149 CIIRYSOSTOJII
1252 122 1341 154 V'ITA,

1837 121 1889 149 2η

1093 179 1263 214 presbyteros
1277 187 1340 206 vero
1352 179 1507 213 graodmvos
1517 179 1629 206 fustibus
1639 178 1665 205 lu
1681 183 1766 214 capite
1778 177 1886 210 feriens,

1092 231 1194 251 sacrum
1206 224 1302 251 fontem
1313 232 1406 252 cruore
1416 226 1571 259 conspersit.
1583 226 1657 252 Tunc
1666 232 1721 252 rem
1732 223 1886 259 stupendant

1092 269 1180 295 videre
1195 274 1260 295 erat.
1276 269 1358 296 Nuda:
1368 271 1438 296 enim
1453 271 1576 297 mulieres
1587 278 1646 298 cum
1660 271 1721 298 viris
1735 271 1800 303 suis,
1814 275 1886 298 metu

1093 315 1184 341 mortis
1195 319 1223 341 et
1238 323 1269 341 ex
1284 315 1440 341 verecundia
1453 316 1520 349 turpi
1534 323 1562 342 se
1576 315 1643 350 fugae
1656 315 1767 342 dabant:
1780 315 1885 350 quidam

1092 368 1169 387 manu
1192 361 1321 388 vulnerati
1337 361 1445 388 abibant
1467 362 1611 396 plorantes.
1628 363 1665 389 Ex
1680 362 1806 389 militibus
1824 369 1886 389 vero

1092 406 1209 432 nonnulli
1234 406 1347 440 virgines
1362 406 1466 432 trahere
1487 406 1628 433 conscissis
1643 407 1726 433 sacris
1748 406 1885 434 vestibus:

1091 459 1184 478 omnes
1199 457 1287 479 autem
1299 459 1374 479 sacra
1388 460 1449 479 vasa
1464 452 1627 486 depra‘dare,
1641 453 1690 480 sibi
1704 460 1806 488 rapere.
1819 453 1884 480 Prc-

1091 497 1190 532 sbyteri
1207 503 1233 524 et
1243 499 1345 525 diaconi
1360 498 1385 525 in
1399 506 1533 526 carcerem
1549 499 1731 526 tradebantur.
1748 499 1776 526 In
1788 500 1885 534 populo

1091 543 1134 577 qui
1151 543 1333 570 honoratiores
1347 548 1430 575 erant,
1448 551 1480 570 ex
1493 551 1586 578 magna
1601 545 1643 571 illa
1655 545 1719 571 urbe
1732 546 1798 579 pulsi
1813 550 1882 573 sunt.

1092 588 1182 615 Edicta
1198 588 1335 615 confertim
1350 590 1550 624 publicabantnr
1561 610 1568 621 ,
1585 598 1643 617 cum
1658 590 1738 617 minis
1750 591 1885 619 intentatis

1091 633 1118 660 in
1133 640 1188 665 eos,
1203 634 1246 668 qui
1262 642 1276 660 a
1290 634 1399 661 Joannis
1415 635 1602 662 communione
1616 643 1668 662 non
1683 636 1848 664 recederent.

1128 678 1175 705 illa
1193 687 1258 706 vero
1274 680 1362 706 omnia
1382 681 1558 707 moliebantur
1574 681 1684 708 Aeacius
1706 682 1883 709 eteonscelc-

1091 724 1141 750 rati
1156 744 1163 756 ,
1177 728 1207 750 ut
1221 732 1252 751 ex
1271 725 1301 752 iis
1324 724 1389 752 locis
1413 725 1511 759 ejectus
1526 725 1637 759 populus
1651 726 1676 752 in
1695 726 1833 753 ecclesiam
1855 733 1884 753 se

1091 768 1233 802 conferret,
1246 769 1271 796 in
1286 778 1336 804 qua
1351 770 1399 804 ipsi
1415 770 1489 804 pulso
1502 770 1602 797 Joanne
1620 770 1776 798 celebraturi
1792 779 1879 799 erant.

1093 815 1188 842 Verum
1202 815 1319 842 ecclesiae
1333 823 1400 850 pene
1414 823 1506 842 omnes
1526 823 1614 842 vacua:
1629 820 1801 843 manserunt:
1816 823 1884 850 pau-

1091 860 1189 887 cissimi
1205 861 1274 887 enim
1288 865 1381 894 erant,
1395 861 1439 895 qui
1454 868 1470 887 a
1482 860 1592 887 Joannis
1606 861 1793 888 communione
1807 868 1882 889 roce—

1092 906 1195 933 derent.

1127 952 1214 978 Clarus
1227 957 1249 978 et
1262 953 1370 987 populus
1384 951 1410 978 in
1425 960 1486 987 agro
1503 952 1619 979 collectus
1641 953 1776 979 invadilur.
1787 968 1821 973 ——
1831 952 1883 980 Ubi

1093 1005 1157 1024 vero
1170 998 1254 1024 illuxit
1267 998 1402 1025 Paschalis
1414 998 1481 1032 dies,
1495 999 1581 1025 omnis
1594 999 1686 1026 civitas
1700 1004 1775 1026 extra
1789 1006 1879 1027 muros

1095 1044 1120 1070 in
1132 1044 1218 1070 locum
1234 1044 1340 1070 nomine
1352 1044 1479 1078 Pempton
1498 1043 1668 1079 demigravit:
1687 1045 1774 1079 ibique
1794 1045 1883 1080 populi

1094 1089 1264 1116 festivitatem
1278 1090 1445 1117 celebravere
1458 1090 1531 1124 quasi
1545 1096 1607 1117 oves
1618 1090 1744 1125 dispersa:
1755 1091 1763 1125 (
1774 1090 1878 1118 Pallad.

1094 1134 1221 1170 Dialog.).
1233 1135 1376 1169 imperator
1390 1140 1477 1162 autem
1493 1143 1615 1171 egressus
1627 1139 1678 1169 est,
1688 1140 1716 1162 ut
1729 1143 1789 1163 sese
1803 1143 1884 1163 exer-

1096 1183 1168 1206 ceret
1183 1180 1208 1206 in
1221 1179 1309 1206 vicino
1322 1187 1424 1215 campo,
1442 1181 1557 1215 viditque
1570 1189 1661 1216 agrum
1675 1189 1726 1208 non
1740 1182 1882 1215 consitum,

1096 1228 1235 1259 tamenque
1250 1225 1417 1257 candentem,
1432 1226 1491 1259 quia
1503 1234 1598 1261 nempe
1608 1227 1625 1253 ii
1640 1234 1732 1254 omnes
1742 1227 1786 1262 qui
1798 1234 1882 1261 nuper

1095 1269 1220 1303 baptiznti
1236 1270 1353 1303 fuerant,
1367 1271 1487 1298 candidis
1499 1272 1617 1299 vestibus
1636 1272 1719 1299 induti
1738 1277 1823 1299 erant.
1838 1272 1883 1300 Ait

1094 1321 1173 1348 porro
1188 1315 1350 1343 Sozomenus
1367 1316 1453 1343 locum
1470 1317 1543 1343 illum
1563 1316 1644 1344 fuisse
1658 1325 1736 1352 quem
1753 1318 1884 1345 Constan-

1094 1359 1145 1386 tius
1157 1359 1189 1386 ad
1203 1360 1279 1387 ludos
1301 1361 1434 1388 circenses
1455 1362 1668 1396 complanaverat
1679 1382 1687 1395 ,
1703 1367 1730 1389 et
1751 1364 1884 1391 asseribus

1092 1404 1498 1439 circumsepserat.Erantautem
1508 1406 1543 1433 illi
1552 1407 1669 1434 candidis
1679 1407 1759 1434 induti
1769 1407 1885 1435 vestibus

1094 1452 1134 1475 ter
1148 1449 1219 1476 mille
1231 1449 1337 1476 circiter
1351 1457 1471 1477 onmem.
1486 1451 1652 1485 Stupel‘actus
1663 1453 1791 1479 Arcadius
1801 1453 1884 1480 inter-

1093 1494 1202 1529 rogabat
1214 1495 1334 1529 quisnam
1346 1495 1388 1522 ille
1396 1500 1479 1522 coetus
1491 1501 1570 1523 esset.
1583 1497 1619 1523 llli
1631 1505 1706 1530 vero,
1721 1505 1735 1524 a
1749 1498 1885 1525 conscele-

1094 1540 1158 1566 ratis
1171 1539 1281 1566 Joannis
1296 1540 1407 1568 inimicis
1422 1541 1552 1573 instituti,
1567 1542 1760 1576 responderunt
1779 1543 1885 1570 hzereti-

1094 1591 1185 1611 eorum
1208 1589 1304 1612 coetum
1320 1591 1388 1612 esse.
1405 1585 1459 1612 Nec
1472 1593 1545 1612 mora
1561 1586 1598 1612 illi
1614 1587 1739 1614 smviores
1753 1596 1785 1615 ex
1804 1588 1885 1615 satel-

1094 1630 1183 1658 litibus
1197 1631 1303 1657 mittunt
1313 1638 1327 1656 a
1343 1635 1416 1665 tergo
1427 1650 1434 1663 ,
1449 1631 1492 1665 qui
1505 1631 1639 1659 auditores
1652 1632 1783 1666 dissipent
1794 1637 1822 1660 et
1834 1633 1885 1659 (Ιο-

1094 1679 1183 1702 ctores
1195 1675 1431 1710 comprehendant.
1445 1676 1511 1702 Tum
1525 1677 1613 1703 clerici
1624 1677 1693 1711 capti
1703 1682 1775 1710 sunt,
1787 1682 1884 1704 etcum

1095 1720 1147 1747 illis
1161 1720 1219 1747 laici
1238 1720 1361 1755 quidam:
1375 1721 1576 1755 comprehensa:
1597 1727 1659 1749 sunt
1673 1723 1752 1749 etiam
1768 1730 1887 1750 th'OI'llm

1096 1765 1223 1792 nobilium
1236 1766 1372 1799 conjuges,
1388 1773 1499 1800 quarum
1513 1766 1571 1794 aliis
1586 1768 1652 1801 rapti
1668 1766 1794 1794 mafortes
1805 1773 1886 1802 sunt,

1095 1809 1155 1836 aliis
1169 1809 1274 1836 inaures
1296 1817 1356 1836 cum
1373 1814 1492 1838 extrema
1504 1812 1575 1838 auris
1589 1812 1727 1845 particula.
1748 1813 1810 1840 lla‘c
1823 1821 1888 1841 curn

1096 1854 1197 1882 videret
1218 1854 1353 1882 Eleutheri
1368 1855 1504 1890 cujusdam
1523 1863 1590 1882 uxor
1603 1856 1815 1891 opulentissima,
1840 1867 1889 1886 re-

1096 1899 1159 1927 licto
1169 1899 1289 1933 maforte,
1301 1904 1328 1927 et
1339 1905 1413 1927 veste
1421 1900 1540 1927 ancillari
1549 1906 1694 1935 assumpta,
1704 1909 1783 1929 cursu
1793 1902 1891 1930 civita-

1097 1949 1150 1971 tem
1166 1944 1251 1979 petiit,
1275 1949 1303 1971 ut
1317 1944 1468 1979 pudicitiam
1483 1950 1620 1978 servaret;
1634 1950 1691 1973 erat
1703 1947 1773 1973 enim
1787 1947 1891 1976 decora

1097 1989 1164 2016 facie
1178 1993 1205 2016 et
1214 1989 1326 2023 eleganti
1339 1989 1431 2016 forma.
1447 1989 1490 2016 Sic
1499 1997 1620 2018 carceres
1642 1991 1742 2025 impleti
1757 1997 1819 2019 sunt
1832 2000 1891 2020 non

1097 2035 1150 2062 reis
1161 2038 1188 2062 et
1198 2035 1326 2067 scelestis,
1336 2034 1381 2062 sed
1391 2035 1604 2063 coufcssoribus:
1618 2040 1698 2070 atque
1710 2038 1749 2064 sic
1762 2037 1788 2064 in
1799 2039 1896 2066 cede.

1098 2079 1150 2105 sias
1164 2079 1255 2105 mutati
1267 2083 1337 2105 sunt.
1349 2080 1382 2106 Et
1391 2080 1460 2114 quod
1471 2080 1567 2106 mirum
1579 2081 1708 2113 videatur,
1719 2082 1781 2108 dum
1794 2083 1895 2117 hymni

1098 2128 1125 2150 et
1138 2123 1285 2150 oblationes
1299 2124 1325 2150 in
1341 2124 1491 2151 carceribus
1502 2125 1704 2159 peragebantur,
1719 2126 1810 2160 ﬂagra,
1823 2135 1895 2154 cru-

1099 2168 1182 2195 ciatus
1195 2173 1223 2195 et
1235 2168 1370 2196 horribilia
1382 2169 1531 2203 juramenta
1546 2170 1571 2196 in
1584 2171 1703 2198 ecclesiis
1714 2179 1776 2206 erga
1790 2174 1899 2201 multos

1099 2213 1302 2246 adhibebantur,
1320 2219 1348 2240 ut
1360 2214 1489 2241 Joannem
1511 2215 1679 2243 anathemate
1698 2216 1825 2243 damnare
1840 2225 1900 2244 co.

1098 2263 1232 2294 gerentur.
1250 2259 1289 2286 Ex
1303 2259 1347 2286 illo
1361 2264 1448 2286 autem
1464 2264 1581 2294 tempore
1596 2261 1675 2287 variis
1690 2261 1716 2287 in
1731 2261 1797 2288 locis
1809 2263 1901 2290 modo

1100 2304 1168 2337 istic,
1181 2304 1260 2330 modo
1276 2304 1330 2330 illic
1345 2304 1553 2337 conveniebant;
1576 2309 1603 2331 et
1625 2306 1684 2339 quia
1698 2305 1792 2332 Joanni
1814 2313 1902 2333 sem-

1100 2358 1148 2384 per
1169 2350 1266 2376 addicti
1290 2355 1384 2381 erant,
1410 2350 1541 2377 Joannitaz
1564 2351 1687 2385 appellati
1708 2356 1772 2378 sunt
1792 2351 1902 2387 (Socr.

1099 2395 1142 2422 lib.
1157 2395 1182 2422 6.
1196 2403 1219 2421 c.
1236 2395 1278 2422 19.
1294 2394 1396 2422 Sozam.
1413 2395 1430 2422 l.
1447 2395 1473 2423 8.
1489 2404 1511 2422 ε.
1527 2396 1558 2422 21

1138 2442 1181 2468 .Io.
1196 2441 1385 2476 Chrysostomus
1398 2442 1431 2468 ad
1447 2441 1621 2469 Innocentio»:
1636 2442 1736 2475 Papam
1750 2444 1846 2470 scribit.
1860 2460 1908 2466 --

1101 2488 1156 2515 Hoc
1166 2488 1191 2514 in
1203 2493 1270 2515 statu
1280 2495 1322 2514 res
1332 2492 1417 2520 erant,
1429 2495 1488 2514 eum
1499 2488 1637 2522 epistolam
1648 2488 1758 2522 primam
1768 2488 1888 2524 Chrysa
1897 2507 1909 2514 .

1100 2538 1203 2560 stomus
1227 2533 1332 2567 scripsit
1352 2533 1385 2559 ad
1408 2533 1591 2560 Innocentium
1606 2534 1722 2568 Papam,
1745 2539 1910 2567 antequam

1101 2579 1159 2614 ipsc
1173 2579 1198 2605 in
1210 2579 1354 2606 secundum
1370 2578 1492 2608 exsilium
1506 2584 1635 2614 pergeret,
1650 2587 1665 2606 a
1680 2587 1732 2614 quo
1743 2587 1913 2613 numquam

1102 2623 1188 2650 rediit.
1204 2623 1287 2656 Quam
1308 2624 1434 2658 temporis
1448 2629 1536 2650 notam
1550 2624 1612 2651 hinc
1624 2628 1791 2656 mutuamur,
1816 2627 1913 2659 quiod

1101 2669 1306 2703 Cltrysoslomus
1315 2673 1452 2703 postquam
1465 2669 1552 2695 omnia
1567 2669 1708 2700 recensuit,
1723 2676 1783 2703 qua:
1795 2668 1834 2696 ab
1853 2671 1915 2699 ad-

1103 2719 1183 2741 ventu
1191 2713 1578 2748 TheophiliConstantinopolin
1587 2719 1660 2748 gesta
1668 2719 1739 2746 sunt,
1749 2718 1916 2748 postquam

1102 2760 1135 2787 de
1148 2759 1255 2795 Synodo
1269 2760 1311 2786 ubi
1327 2760 1383 2794 ipse
1395 2760 1530 2794 depositus
1545 2759 1629 2786 fuerat
1642 2759 1704 2793 egit,
1720 2764 1748 2786 et
1762 2766 1791 2785 se
1804 2758 1918 2790 desti-

1104 2810 1187 2832 tutum
1203 2806 1405 2840 restitutumque
1417 2804 1498 2832 fuisse
1519 2804 1752 2836 commemoravit;
1774 2803 1919 2836 deinde.
