2032 3110
189 123 240 152 215

186 187 238 216 que
251 180 346 208 iterant
358 184 518 213 exagitatam
534 185 560 204 ct,
573 180 733 205 accusatum,
750 179 828 208 atque
843 181 873 199 ex
886 172 975 198 Eccle-

190 227 227 251 sia
240 224 364 259 pulsum;
380 229 517 258 postquam
537 222 678 248 violentam
702 220 872 254 irruptionem
887 225 911 244 In
931 224 976 243 ec-

186 270 293 298 clesiam
310 274 338 296 et
352 269 377 295 in
393 268 573 302 baptisterium
588 267 681 294 faciam
704 265 852 292 enarravit:
869 262 976 298 gradum

188 315 277 347 sistit,
297 322 382 349 neque
397 322 427 340 ea
441 322 500 348 qua:
515 317 606 348 postea
624 317 698 347 gesta
721 315 782 338 sunt
795 331 801 341 ,
824 314 850 336 et
871 308 976 344 quidem

188 360 363 392 atrocissima,
387 363 585 386 commemorat.
602 357 648 384 llic
673 361 759 383 autem
776 355 901 390 plurimos
919 353 976 388 epi-

189 412 282 439 scopos
292 404 444 439 alloquitur,
459 403 574 438 dicitque
589 402 720 430 Palladius
729 402 754 427 in
766 400 843 432 Dia|.,
854 399 922 426 hanc
935 399 976 432 ip-

190 457 245 475 satn
261 450 401 483 epistolam
417 449 541 482 scriptam
556 447 636 474 fuisse
647 446 761 474 Venerio
777 443 975 474 Illediolanensi,

189 499 215 520 et
239 493 392 521 Chromatio
417 493 580 528 Aquileiensi
613 491 753 526 episcopis.
783 490 860 517 Addit
889 494 976 515 autem

189 539 394 574 Clirysostomns
406 558 414 572 ,
431 539 527 565 malum
542 538 592 565 hoc
608 537 755 572 pervasisse
775 537 799 563 in
822 536 955 563 Orientem
969 544 975 561 :

193 585 304 612 clericos
329 585 400 612 enim
416 585 441 611 in
456 585 595 618 episcopos
610 585 744 618 insurgere
758 604 765 615 ,
787 582 926 616 episcopos
943 580 977 606 ab

195 630 336 664 episcopis,
352 629 465 664 populos
479 638 494 656 a
508 630 612 663 populis
625 636 722 656 setssos
736 635 810 660 esse,
826 628 976 660 instareque

191 674 347 708 periculum,
362 681 395 701 ne
409 674 540 701 dissensio
556 679 642 700 manet
657 675 682 700 itt
698 673 754 700 dies
770 672 857 699 latius.
880 671 977 706 Rogat-

189 727 240 754 quc
254 720 311 746 illos
322 720 371 746 sibi
382 721 539 746 subveniant
549 719 754 754 etopitulentur.
766 718 793 745 Si
807 726 869 744 vero
879 718 977 744 instent

188 763 332 790 adversarii
341 765 451 792 erimina
466 765 514 791 sibi
526 764 692 799 objicientes,
705 769 823 797 paratum
837 770 866 788 se
875 769 933 788 esse
944 761 975 788 ad

188 815 294 835 causam
310 816 399 836 coram
421 809 580 843 incorruptis
592 807 884 843 judicibusdicendam,
902 807 977 841 queis

187 854 318 887 signiIiCaI
331 861 360 880 se
374 854 399 880 id
414 859 515 888 optare,
530 859 556 881 ut
573 855 598 880 in
612 854 724 880 concilio
738 853 852 888 legitime
867 860 899 878 ro
911 860 977 886 igre-

188 904 258 933 gnto,
276 899 332 926 hzec
345 906 425 926 causa
442 904 568 926 tractetur
583 905 605 926 ct
624 899 773 926 definiatur.

226 944 292 971 lluic
305 945 424 977 cpistola:
437 945 525 972 addita
538 951 577 972 est
590 946 673 972 altera
686 944 800 979 (Pallad.
819 944 901 980 Dial.)
922 945 976 978 cpi.

187 997 326 1025 scoparum
342 991 513 1026 quadraginta
527 1013 534 1023 ,
545 992 588 1026 qui
603 999 662 1018 cum
684 990 783 1018 Joanne
799 990 977 1017 communica-

187 1035 265 1068 bant;
279 1037 356 1063 tertia
365 1043 469 1070 quoque
481 1036 550 1063 Cleri
564 1035 856 1070 Conslantiuopolitani,
870 1035 914 1070 qui
929 1042 977 1070 pro

188 1080 293 1107 Joanne
308 1081 405 1107 stabat.
418 1081 471 1108 llas
485 1089 546 1108 vero
563 1081 652 1108 literas
663 1081 688 1108 in
702 1080 804 1107 Italiam
818 1080 974 1107 deferendas

185 1134 327 1161 suscepere
342 1127 530 1162 religiosissimi
553 1127 668 1161 episcopi
683 1148 689 1159 ,
705 1127 863 1158 Demetrius,
878 1126 977 1152 Panso-

187 1172 278 1206 phius,
288 1172 389 1206 Pappus
403 1177 428 1199 ct
444 1173 586 1207 Eugenius,
599 1173 643 1207 qui
658 1173 754 1198 relictis
771 1171 896 1198 Eeclcsiis
910 1171 974 1203 suis,

187 1218 284 1252 pel.th
295 1225 324 1244 se
335 1219 507 1251 commisere,
521 1223 547 1245 et
560 1226 619 1245 cum
636 1219 685 1244 illis
700 1218 797 1245 Paulus
813 1223 839 1245 et
851 1217 978 1252 Cyriacus

183 1263 292 1290 diaconi
309 1262 398 1299 (Pali.
417 1263 509 1298 ΠΜ.)-
535 1264 681 1298 Antequam
705 1270 768 1290 vero
790 1263 845 1289 limc
866 1262 976 1296 epistola

183 1310 216 1334 ad
237 1308 418 1335 Innocentium
441 1309 619 1343 pervenisset,
634 1313 770 1342 acceperat
784 1308 826 1334 ille
839 1307 975 1341 epistolam

185 1354 331 1389 Theophili
346 1355 532 1387 Alexandrini,
557 1363 615 1390 qua:
632 1355 666 1381 ita
680 1359 807 1388 concepta
821 1359 892 1385 erat,
907 1358 935 1380 ut
950 1353 975 1380 in

184 1409 215 1426 ea
232 1400 361 1427 Pontifex
378 1401 533 1428 temeritatis
546 1406 573 1428 et
587 1401 717 1436 superbia:
733 1405 820 1427 notam
832 1400 977 1435 deprehen-

179 1446 259 1473 deret
271 1454 278 1478 ;
293 1446 366 1480 quod
378 1447 450 1474 solus
463 1447 614 1482 scripsisset
633 1455 681 1474 nec
694 1448 792 1474 claram
808 1447 864 1482 ejus
874 1447 912 1474 rei
927 1454 974 1474 no-

179 1491 269 1518 titiam
285 1491 416 1525 misisset,
439 1499 488 1518 nec
501 1491 600 1519 diceret
614 1498 658 1518 aut
671 1499 718 1519 cur
730 1512 737 1524 ,
761 1496 806 1518 aut
826 1491 921 1526 quibus
934 1499 976 1518 as-

174 1537 298 1572 sumptis
306 1536 389 1563 sociis
398 1536 526 1564 Joannem
537 1537 712 1572 deposuisset.
719 1536 783 1564 Cum
795 1544 873 1571 porro
881 1536 976 1563 dubius

172 1582 262 1609 animi
279 1586 368 1614 esset,
391 1589 439 1608 nec
454 1582 488 1608 ob
503 1582 540 1609 rei
554 1588 633 1617 gesta:
646 1582 778 1609 levitatem
792 1603 798 1614 ,
824 1582 906 1616 inquit
918 1581 976 1608 Pal-

171 1628 274 1659 ladius,
295 1627 449 1654 rescribere
461 1627 551 1660 vellet,
566 1628 693 1654 Eusebius
709 1627 813 1662 quidam
827 1627 977 1654 Constanti-

169 1673 358 1707 nopolitanus
366 1671 501 1704 diaconus,
514 1673 557 1707 qui
570 1677 631 1699 lunc
644 1673 734 1699 lloma:
747 1677 805 1699 erat
818 1671 976 1699 ecclesiasti-

167 1726 265 1744 carum
282 1725 380 1744 rerum
396 1724 484 1748 causa,
502 1717 681 1745 Innocentium
703 1718 784 1750 adiit,
805 1723 832 1744 et
844 1718 976 1752 supplices

164 1764 279 1790 libellos
295 1762 398 1793 dedit,
424 1762 550 1796 adjurans
574 1770 632 1790 cum
650 1768 677 1789 ut
693 1763 824 1789 modicum
850 1762 976 1797 temporis

765 118 854 146 NUNC
874 114 1004 143 PRIMUM
1025 115 1220 145 ADOIlN.\TA.

1767 114 1818 141 ΞΗ

1033 171 1077 204 qui
1087 170 1320 206 literas'l‘heophili
1335 170 1485 197 Innocentio
1494 169 1638 196 attulerunt
1650 169 1733 203 (Pali.
1747 169 1814 195 Dial.

1031 216 1100 252 24),
1115 222 1142 244 et
1156 217 1275 252 quzcdam
1290 223 1348 244 acta
1360 217 1470 244 Concilii
1485 217 1517 243 ad
1532 216 1675 250 Quercum,
1692 217 1719 244 in
1740 218 1816 251 queis

1031 263 1163 289 ferebatur
1175 262 1290 290 Joannes
1303 270 1316 289 a
1331 263 1437 297 triginta
1452 269 1499 289 sex
1513 261 1644 296 episcopis
1657 262 1796 288 damnatus
1812 282 1818 291 ,

1030 316 1141 342 quorum
1155 308 1331 344 undetriginta
1342 308 1458 343 Egyptii
1468 312 1552 340 erant,
1565 312 1664 342 septem
1679 314 1742 333 vero
1753 307 1816 332 alia-

1030 362 1088 381 rum
1104 355 1250 389 regionum.
1272 354 1374 388 Quibus
1396 355 1461 382 actis
1483 354 1605 388 perlectis
1628 353 1795 380 Innocentius
1810 372 1818 384 ,

1030 407 1089 426 cum
1103 400 1275 434 comperisset
1286 400 1371 427 nullas
1386 407 1479 434 graves
1489 407 1549 426 esse
1562 399 1754 430 accusationes,
1767 406 1815 425 ne-

1030 452 1082 478 quc
1094 445 1222 472 Joannem
1236 446 1351 473 adfuisse
1362 467 1369 478 ,
1384 445 1427 480 qui
1439 452 1544 472 causam
1560 452 1634 472 suam
1649 444 1814 476 defenderet,

1030 490 1168 525 Theophili
1193 491 1306 518 furorem
1332 491 1472 518 exsibilare
1496 491 1618 525 perstitit,
1643 489 1711 525 quod
1725 495 1816 517 contra

1030 535 1165 563 absentem
1177 541 1228 562 tam
1240 537 1399 570 pra-cipitcm
1408 535 1816 563 sententiamemisisset.l.iteras

1030 585 1116 607 autem
1130 580 1202 607 dedit
1213 581 1250 607 illi
1261 581 1293 607 ad
1306 580 1491 614 Theophilum,
1504 588 1592 615 quem,
1605 585 1632 606 ut
1644 580 1722 607 etiam
1734 579 1815 607 Joan-

1031 634 1089 652 ucm
1113 627 1146 652 ad
1168 628 1380 654 communioan
1396 634 1425 654 se
1447 626 1585 653 admittere
1607 625 1815 656 testificabatur.

1031 679 1115 706 neque
1129 680 1157 698 se
1170 680 1183 697 a
1199 671 1307 698 Joannis
1323 672 1505 699 communione
1517 671 1672 698 destitnrum
1684 678 1742 698 esse
1756 679 1817 705 pro-

1031 721 1089 750 pter
1099 724 1129 743 ea
1143 725 1200 752 quae
1212 725 1258 751 per
1270 718 1409 744 ludibrium
1421 722 1494 752 gesta
1515 717 1627 744 fuerant.
1640 717 1818 750 Ilortaturque

1031 761 1103 788 illum
1118 767 1145 788 ut
1158 763 1189 789 ad
1197 762 1344 790 Concilium
1357 771 1415 790 mox
1430 763 1642 798 congregandum
1653 767 1815 797 compareat.

1032 807 1118 840 ibique
1131 816 1163 834 ex
1176 808 1322 834 canonibus
1335 807 1448 835 Nicamis
1460 830 1466 841 ,
1481 816 1533 835 non
1553 808 1613 835 aliis
1629 808 1741 844 (notans
1755 808 1816 835 illos

1031 853 1209 880 Antiocltenos
1220 853 1229 887 )
1242 874 1248 884 ,
1265 854 1422 881 sententiam
1438 854 1572 881 ferendam
1588 861 1646 881 esse
1659 853 1732 880 dicit.

1069 897 1230 924 Innocentius
1253 897 1326 932 Papa
1345 904 1368 925 et
1393 898 1522 925 Honorius
1545 898 1614 933 lnip.
1637 898 1816 925 mcumenicam

1033 944 1164 978 Synodum
1177 945 1231 979 cogi
1245 945 1330 970 volunt
1340 944 1540 971 .—Concilium
1559 950 1647 971 autem
1659 943 1722 970 illud
1736 944 1814 978 quasi

1033 996 1094 1015 mox
1117 988 1233 1015 futurum
1249 993 1379 1016 memorat
1393 988 1575 1021 Innocentius,
1599 989 1659 1022 quia
1675 988 1816 1021 Ilonorins,

1030 1034 1180 1062 Occidentis
1196 1035 1340 1070 Imperator
1349 1036 1492 1070 Augustus,
1508 1034 1580 1062 fratri
1594 1042 1642 1061 suo
1654 1034 1767 1061 Arcadio
1781 1035 1817 1062 li-

1031 1085 1101 1106 teras
1116 1080 1243 1111 miserat,
1260 1080 1336 1114 queis
1359 1079 1515 1107 hortabatur
1536 1080 1608 1106 illutn
1632 1085 1661 1107 ut
1682 1079 1817 1114 utriusque

1029 1135 1181 1158 consensu,
1207 1127 1380 1154 Orientalium
1394 1132 1419 1154 ct
1439 1126 1647 1154 Occidentalium
1669 1126 1815 1154 Concilium

1031 1172 1227 1198 ’I‘liessalouicm
1243 1172 1431 1203 celebraretur,
1447 1179 1499 1206 quo
1514 1171 1616 1198 facilius
1630 1176 1740 1205 utraque
1756 1179 1816 1204 pars

1030 1223 1117 1252 pos-set
1130 1218 1270 1244 convenire
1283 1217 1397 1248 (Pallad.
1412 1217 1506 1251 Dial'.).
1517 1217 1611 1243 Verum
1626 1221 1682 1243 astu
1699 1216 1817 1243 inimico—

1030 1271 1086 1289 rnm
1103 1263 1212 1290 Joannis
1225 1285 1231 1293 ,
1246 1268 1272 1290 et
1287 1263 1321 1289 ita
1334 1268 1444 1290 curante
1462 1262 1577 1289 Eudoxia
1587 1283 1593 1294 ,
1609 1270 1667 1296 qua:
1680 1262 1712 1288 ad
1726 1266 1817 1288 ltllllllll

1029 1316 1103 1335 suum
1113 1309 1196 1334 Aread
1210 1308 1335 1335 iconzilia
1347 1308 1541 1339 moderabatur,
1555 1307 1650 1333 factum
1664 1312 1704 1333 est
1716 1306 1820 1333 utCon—

1028 1354 1115 1380 ciliutu
1131 1354 1281 1388 huiusmodi
1293 1375 1300 1386 ,
1325 1354 1357 1380 ah
1369 1354 1519 1380 Innocentio
1535 1353 1604 1387 Papa
1618 1358 1642 1380 ct
1655 1353 1688 1378 ab
1702 1352 1818 1379 llonorio

1030 1399 1190 1434 lmpcraturc
1207 1404 1344 1433 tantopere
1359 1399 1502 1433 expetitum
1517 1419 1523 1430 ,
1539 1405 1589 1424 nun
1603 1398 1791 1424 celebraretur.

1065 1445 1158 1472 Sirarii
1167 1445 1292 1473 Joannem
1307 1446 1446 1478 interﬁcere
1465 1449 1568 1471 tentant.
1584 1459 1619 1464 —-
1634 1444 1735 1471 Interea
1754 1451 1817 1470 vero

1028 1490 1232 1526 Chrysostomus
1239 1491 1468 1524 Constantinopoli
1483 1489 1569 1517 adhuc
1583 1490 1608 1516 in
1624 1489 1817 1524 cpiscnpalibus

1028 1536 1128 1564 milibus
1139 1536 1356 1570 mauebat(Socr.
1372 1535 1390 1562 l.
1403 1534 1429 1562 6.
1445 1543 1466 1561 c.
1482 1534 1525 1562 I8.
1538 1534 1640 1562 Sozam.
1653 1534 1670 1560 ι.
1685 1535 1711 1561 8.
1724 1542 1746 1560 c.
1758 1533 1812 1569 2|),

1027 1588 1058 1608 ac
1069 1586 1127 1616 post
1138 1581 1236 1608 Pascha
1248 1581 1365 1609 bimestri
1378 1581 1464 1615 spatio
1474 1579 1569 1607 ibidem
1581 1580 1703 1614 perstitit.
1717 1579 1815 1606 Eodem

1029 1631 1148 1661 tempore
1162 1627 1200 1653 vir
1214 1627 1319 1661 quidam
1342 1626 1520 1654 dzemouiacus
1532 1647 1539 1659 ,
1554 1631 1599 1653 aut
1611 1626 1655 1660 qui
1670 1634 1699 1653 se
1713 1625 1815 1652 d:emo-

1030 1673 1132 1699 niacum
1149 1672 1298 1705 simulabat,
1315 1671 1530 1706 deprehenditur,
1542 1672 1680 1706 pugionem
1700 1671 1810 1702 habens.

1031 1722 1163 1752 tamquam
1177 1718 1209 1745 ad
1221 1718 1349 1744 Joannem
1374 1717 1546 1744 occidendum
1566 1722 1680 1751 paratus,
1698 1716 1814 1744 nondum

1029 1768 1116 1790 tamen
1130 1762 1155 1789 id
1166 1763 1267 1790 facinus
1280 1770 1428 1798 aggressus.
1443 1763 1492 1796 Qui
1506 1762 1713 1797 comprehensus
1723 1770 1737 1788 a
1749 1766 1815 1789 mul-

1028 1808 1147 1839 titudine,
1157 1809 1349 1843 perindcatque
1356 1809 1377 1835 si
1387 1808 1471 1842 pretio
1477 1808 1622 1835 conductus
1630 1808 1720 1835 fuisset
1728 1808 1760 1835 ad
1767 1815 1816 1835 cto-

161 1813 366 1844 exspectaret.
396 1812 422 1834 ct
444 1808 662 1842 conspirationem
677 1808 832 1842 patefactam
856 1806 974 1834 videret:

156 1863 188 1880 ac
204 1860 271 1887 post
289 1853 419 1880 triduum
435 1852 598 1879 advenerunt
612 1853 726 1887 episcopi
741 1860 819 1888 supra
843 1860 974 1880 memora-

155 1905 197 1925 tas
212 1901 320 1926 literas
339 1898 498 1924 afferentes.

186 1945 368 1972 Secundum
381 1943 439 1970 bzcc
451 1944 615 1971 Innocentius
625 1945 692 1980 Papa
702 1946 804 1980 utrique
816 1947 880 1980 parti
893 1946 974 1982 (Pali.

148 1990 262 2026 Dia/ag.
280 1990 310 2025 ),
331 1988 439 2016 Joanui
453 1988 532 2016 simul
548 1995 575 2016 ct
597 1989 762 2024 Theophila,
774 1991 864 2017 literas
890 1991 974 2023 misit,

144 2038 302 2071 utriusque
318 2034 550 2063 communionem
564 2042 594 2062 se
604 2035 743 2062 admittere
754 2035 858 2071 quidem
873 2036 973 2068 dicens,

140 2090 176 2109 ne
193 2081 375 2109 l-chlesiam
395 2078 538 2113 scinderet,
550 2080 677 2114 judicium
697 2085 783 2107 tamen
798 2088 812 2107 ει
826 2080 975 2116 Theophila

138 2130 228 2156 latum
261 2126 467 2164 improbans,
493 2126 657 2162 addebatque
669 2127 748 2154 aliam
762 2127 820 2162 cogi
839 2128 973 2162 Synodqu

135 2182 276 2211 oportere
295 2172 532 2202 Occidentalium
557 2177 583 2200 et
595 2173 780 2205 Orientalium,
795 2174 862 2208 :cqui
881 2181 973 2200 amau-

133 2228 200 2256 tent,
217 2229 290 2257 qua:
304 2219 390 2247 nulli
405 2218 521 2252 partium
532 2218 634 2245 addicta
645 2223 726 2246 esset.
737 2218 780 2245 llis
789 2218 879 2252 adjicit
888 2218 972 2245 Theo-

130 2267 241 2301 phanes
259 2262 481 2293 Innocentium
492 2268 518 2290 et
529 2263 680 2290 Flavianum
694 2263 884 2291 Antiochenum
897 2262 974 2290 Clern

127 2310 408 2346 Ciuistantinopoli
415 2314 480 2336 lano
487 2310 635 2344 scripsisse,
645 2315 672 2336 ut
682 2310 756 2337 illum
762 2309 970 2342 consolarentur,

123 2365 150 2386 et
159 2359 421 2395 indignationem
431 2362 507 2382 Suam
514 2355 687 2390 exprimerent
694 2355 772 2389 ,qund
778 2360 868 2382 contra
876 2355 972 2388 episco-

121 2413 185 2438 pum
202 2414 294 2432 sum"
311 2409 381 2431 tam
405 2400 523 2435 indigna
533 2405 634 2434 patrata
649 2404 737 2426 essent
749 2398 864 2434 (Pallad.
878 2399 971 2435 ΗΜΛ).

116 2451 156 2477 lix
167 2452 332 2486 episcopis
352 2454 451 2476 vero,
466 2446 510 2479 qui
522 2445 612 2472 literas
623 2445 730 2472 Joannis
744 2445 777 2472 ad
791 2443 971 2473 Innocentium

111 2496 280 2524 ila-tulerunt
285 2518 292 2528 ,
302 2490 459 2521 Demetri
463 2498 511 2517 um
518 2490 666 2518 Pcsiuuutis
671 2490 804 2518 Orientem
812 2491 972 2526 percurrisse

78 2565 82 2575 τ
103 2548 222 2570 narrant
235 2536 669 2578 pnudicantemliomauorum
680 2545 738 2564 cum
744 2537 845 2565 Joanne
853 2545 972 2565 commu~

76 2577 81 2596 ⁸
103 2577 310 2623 ιιῑοιιεηιέεῃιῐ
325 2587 436 2614 etiam
461 2582 555 2609 literas
563 2583 705 2610 Innocentii
721 2584 799 2619 Papa
809 2584 969 2619 proferebat,

106 2642 220 2663 necnon
235 2635 485 2669 episcoporum
499 2627 587 2661 Cariw.
603 2630 720 2664 quicum
736 2630 837 2658 Joanne
851 2638 970 2658 commu-

102 2681 255 2707 uitabant.

139 2726 248 2754 Paucis
267 2725 401 2754 exactis
418 2718 537 2748 diebus
559 2726 615 2753 post
626 2721 700 2749 datas
720 2723 753 2750 ab
770 2723 924 2752 Innocentio
939 2723 971 2750 li-

101 2775 190 2806 teras,
207 2772 347 2800 Bonnam
363 2764 519 2806 advenit:
528 2764 615 2793 Petrus
629 2768 742 2802 quidam,
757 2769 894 2805 Theophili
911 2778 969 2805 pre-
1025 2768 1075 2796 fert
1096 2767 1238 2795 Palladius.
1259 2766 1354 2802 Elpidii
1367 2787 1374 2799 ,
1396 2767 1500 2802 inquit,
1523 2765 1670 2801 presbyteri
1693 2764 1807 2791 famulus

99 2824 210 2860 lbyler,
222 2826 258 2852 ct
279 2814 491 2852 MartyriuS,
517 2808 817 2847 Constantinopolitanus
829 2814 964 2849 diaconus,
1025 2815 1211 2851 quinquaginta
1236 2819 1264 2842 ut
1276 2815 1358 2848 aiunt,
1373 2813 1460 2841 aureis
1471 2813 1627 2845 conductus,
1643 2817 1670 2838 ut
1682 2811 1710 2839 S.
1727 2810 1807 2839 Joan-

283 2876 462 2907 PATBOL.
502 2865 534 2896 G
544 2875 570 2895 ιι.
587 2868 707 2901 XLVII.

1607 2867 1645 2898 13

1028 1853 1087 1880 dem
1100 1854 1265 1888 patrandam,
1277 1854 1309 1880 ad
1325 1853 1478 1881 Prtefectum
1502 1853 1574 1880 urbis
1588 1853 1683 1880 ductus
1696 1858 1746 1880 est.
1762 1853 1814 1882 Sed

1027 1899 1151 1932 Joannes,
1161 1899 1248 1926 missis
1256 1899 1411 1934 quibusdam
1419 1899 1548 1934 episcopis
1556 1907 1586 1926 ex
1595 1907 1812 1931 uumerocorutn,

1027 1953 1093 1981 quos
1107 1953 1196 1973 secum
1221 1945 1351 1977 habebat,
1368 1945 1502 1972 hominem
1518 1946 1638 1973 liberavit
1662 1947 1813 1981 priusquam

1028 1992 1165 2020 tormentis
1187 1991 1369 2026 subjiccrctur.
1385 1992 1505 2019 Postha-c
1529 1999 1621 2018 servus
1641 1991 1735 2026 Elpidii
1752 1999 1813 2026 prc-

1027 2037 1124 2072 sbyteri
1140 2037 1223 2064 etl‘uso
1234 2045 1312 2064 cursu
1327 2037 1351 2064 in
1367 2038 1438 2065 mdes
1451 2037 1613 2072 episcopales
1630 2037 1731 2072 irrupit.
1743 2037 1814 2071 Quo-

1026 2083 1086 2110 dam
1105 2087 1192 2110 autem
1207 2091 1260 2118 quo
1272 2091 1383 2111 currens
1396 2088 1516 2118 pergeret
1527 2084 1706 2118 interrogante
1718 2104 1724 2116 ,
1740 2083 1812 2110 illum

1028 2135 1122 2156 servus
1138 2129 1211 2156 nullo
1225 2129 1287 2156 dato
1300 2136 1428 2164 responso
1438 2150 1444 2162 ,
1461 2129 1514 2156 sica
1530 2130 1675 2164 percussit:
1688 2129 1812 2161 alterum,

1026 2174 1069 2208 qui
1081 2174 1168 2208 priore
1176 2181 1302 2209 percusso
1315 2174 1511 2208 inclamaverat,
1523 2174 1642 2201 similiter
1656 2173 1810 2204 vulneravit;

1027 2221 1131 2247 tertium
1145 2227 1247 2255 quoque
1259 2220 1399 2248 transfixit.
1413 2220 1479 2248 Cum
1494 2227 1586 2247 omnes
1599 2220 1641 2254 qui
1654 2219 1763 2246 aderant
1772 2219 1812 2246 in-

1026 2272 1132 2300 gentem
1147 2267 1290 2294 clamorem
1301 2266 1479 2298 sustulissent,
1495 2266 1539 2293 ille
1553 2265 1643 2300 fugere
1655 2265 1746 2300 coepit.
1761 2265 1810 2299 Qui

1030 2319 1092 2338 vero
1115 2310 1188 2338 illum
1204 2310 1419 2345 insequebantur,
1442 2309 1533 2344 procul
1549 2310 1641 2344 positis
1662 2309 1811 2337 clamabant

1026 2362 1052 2383 ut
1065 2357 1205 2392 fugientem
1217 2357 1481 2391 comprehenderent.
1494 2356 1605 2389 Quidam
1619 2364 1650 2384 ex
1664 2356 1758 2384 balneo
1769 2364 1811 2384 rc-

1025 2403 1099 2430 diens
1111 2403 1243 2430 hominem
1254 2403 1445 2438 apprehendit,
1457 2403 1599 2438 lethalique
1609 2403 1643 2431 ab
1656 2411 1689 2430 eo
1700 2403 1809 2431 vulnere

1024 2449 1172 2482 confossus,
1185 2454 1303 2477 mortuus
1313 2449 1417 2477 cecidit.
1429 2450 1448 2476 A
1460 2449 1557 2484 popqu
1569 2449 1676 2476 demum
1687 2457 1756 2484 :egre
1766 2457 1810 2477 ca-

1024 2499 1093 2529 ptus,
1101 2495 1195 2522 ductus
1205 2500 1244 2522 cst
1255 2495 1280 2522 in
1291 2494 1606 2522 PalatiitnLTestabantur
1613 2495 1683 2522 cives
1694 2495 1741 2522 has
1751 2502 1810 2522 esse

1025 2541 1132 2568 insidias
1148 2541 1314 2568 inimicorum
1326 2541 1434 2568 Joannis
1443 2562 1450 2574 ,
1465 2540 1667 2575 clamabantque
1680 2540 1808 2571 dicentes,

1023 2591 1050 2612 ct
1064 2586 1186 2612 sicarium
1199 2589 1226 2612 et
1237 2593 1283 2613 cos
1296 2586 1340 2620 qui
1353 2586 1485 2612 misissent
1498 2592 1590 2620 pcenas
1601 2585 1665 2612 dare
1675 2589 1806 2619 oportere.

1023 2629 1166 2658 I’rrefectus
1179 2635 1265 2657 autem
1282 2630 1369 2662 urbis,
1386 2637 1445 2657 cum
1459 2638 1518 2657 cum
1533 2636 1664 2665 tamquam
1681 2629 1807 2665 judicium

1024 2676 1175 2710 prolaturus
1194 2680 1267 2702 esset
1278 2675 1423 2710 accepisset
1435 2695 1443 2708 ,
1458 2676 1547 2710 pupilli
1571 2675 1686 2702 furorem
1697 2680 1805 2708 compc—

1023 2721 1091 2748 scuit
1103 2729 1110 2753 ;
1126 2721 1172 2748 sed
1188 2725 1280 2755 postea
1291 2720 1365 2748 illum
1378 2720 1486 2747 dimisit.
1501 2719 1567 2748 Rem
1581 2720 1658 2754 paulo
1672 2725 1749 2746 secus
1762 2725 1806 2745 re-
