2032 3110
228 100 285 128 Ἐξΐό

236 163 296 182 ncru
311 154 373 181 dolo
396 153 575 186 interficeret,
590 159 650 180 eum
673 152 854 186 deprehensus
874 157 945 179 esset
968 157 1023 178 tres

234 199 339 233 gladios
352 198 462 230 habere,
475 203 576 233 septem
590 205 622 224 cx
640 197 669 224 iis
684 197 728 232 qui
740 197 824 232 ipstun
838 196 1023 232 apprehende-

235 249 304 277 nun,
317 244 454 278 percussit,
467 251 578 278 quorum
586 247 698 278 quatuor
709 244 834 270 continuo
844 243 939 278 sepulti
951 247 1024 276 sunt,

237 295 289 316 tres
304 297 366 316 vero
377 289 420 316 alii
433 295 489 323 post
503 289 654 316 diuturnam
665 289 828 316 curationem
841 289 907 316 salvi
918 296 1026 316 evasere

237 336 247 369 (
259 335 361 362 Pallad.
373 334 466 370 Dial.).

272 379 347 406 Plebs
361 380 455 406 Joanni
469 380 571 406 addicta
584 380 665 415 ipsum
681 380 798 407 custodit.
808 396 843 401 —
855 380 902 408 His
915 387 1027 415 conspe-

235 425 293 456 ctis,
311 426 354 460 qui
369 425 544 452 ferventiores
559 429 636 453 erant
649 433 680 453 ex
692 426 780 461 plebe.
794 426 923 453 Joannem
933 431 1026 454 custo-

232 471 293 499 dire
307 475 457 506 carpet-unt,
473 475 552 498 ncetu
563 476 589 498 et
605 473 719 499 interdiu
733 472 843 499 alternis
856 472 957 499 vicibus
967 471 1026 507 epi-

235 519 355 553 scopales
365 519 436 545 aedes
450 518 670 545 circumsidentes
683 518 754 554 (Soz.
770 518 787 545 ι.
801 518 827 546 8.
846 527 870 545 ε.
893 518 952 552 22).
966 518 1027 545 llaec

236 572 288 592 non
301 572 376 600 :cquo
392 565 481 591 animo
498 564 614 592 ferentes
629 565 757 599 episcopi,
772 566 815 598 qui
838 569 930 591 contra
944 564 1026 591 Joan-

236 618 297 638 nem
317 615 508 642 convenerant,
530 610 724 638 ecclesiasticas
751 611 822 645 leges
845 611 941 638 calcari
961 618 1026 637 con-

237 661 395 690 querentes,
424 656 456 683 de
484 656 530 683 illo
557 664 666 691 prorsus
690 656 820 691 ejiciendo
844 656 1028 684 deliberabant

236 701 377 737 (Cltrysosl.
396 701 479 736 Epist.
495 702 568 736 125).
592 702 689 736 Quinto
704 707 792 729 autem
817 707 876 736 post
898 702 1027 729 Penteco-

234 751 294 774 sten
310 746 363 777 die,
381 747 503 779 Aeacius,
516 746 686 780 Severianus,
701 747 847 775 Antiochus
858 752 937 783 atque
951 747 1028 784 Cyri-

235 799 286 819 nus
301 791 492 826 lmperatorcm
516 792 623 824 adeunt,
647 792 856 828 adulatoriisque
879 801 910 821 ac
933 794 1028 821 fucatis

237 839 381 871 praemissis
397 839 495 872 verbis,
512 845 616 874 rogant,
632 840 760 867 Joannem
776 840 907 874 episcopis
919 840 1029 875 presby-

237 885 353 919 terisque
370 893 493 920 perosum
507 886 567 920 cjici
581 886 684 921 jubeat,
701 886 769 921 quod
781 886 836 920 jam
851 886 975 914 dixerant
986 886 1027 914 ef-

237 930 361 965 ferentes,
379 939 484 966 nempe,
500 932 526 959 in
543 937 709 967 caputsuum
726 932 783 959 fore
793 932 904 960 Joannis
918 932 1027 967 deposi-

236 977 345 1010 tioncm,
361 978 383 1004 si
399 986 495 1012 nempe
519 978 616 1013 injusta
637 983 717 1006 esset.
734 978 781 1005 llis
794 986 825 1005 ex
842 979 966 1006 facilitate
988 979 1028 1006 ni-

235 1023 287 1048 mia
300 1022 378 1049 fidem
389 1023 491 1050 habens
499 1023 656 1058 Imperator,
667 1024 782 1051 instante
793 1030 899 1059 quoque
908 1023 1026 1051 Eudoxia

235 1067 361 1102 Augusta,
384 1068 526 1095 Patricium
544 1068 682 1096 Notarium
704 1069 785 1102 misit,
802 1069 846 1104 qui
861 1068 918 1096 hzee
931 1069 1027 1096 Joanni

235 1114 379 1146 nuntiaret,
394 1122 489 1148 nempe
514 1115 650 1147 Acacium,
672 1114 842 1147 Antiochum,
854 1115 1026 1142 Severianum

234 1165 261 1185 et
275 1158 401 1193 Cyrinum
414 1159 606 1193 depositionem
619 1160 700 1194 ipsius
709 1160 817 1187 Joannis
827 1161 853 1187 in
861 1164 939 1195 caput
949 1168 1026 1187 suum

234 1205 400 1238 conjecisse:
417 1211 579 1240 quapropter
594 1215 622 1234 se
639 1207 693 1234 Deo
713 1207 914 1241 commendans,
935 1207 1028 1234 Eccle—

235 1250 274 1276 sia
290 1250 441 1278 excederet.
463 1251 530 1278 Tum
552 1251 669 1279 Joannes
692 1253 824 1287 episcopis
849 1254 892 1288 qui
917 1252 1027 1280 aderant

235 1295 301 1322 dixit
312 1305 318 1322 :
334 1296 419 1323 Venite
429 1305 568 1332 precemur,
582 1303 605 1325 et
615 1299 704 1334 angelo
713 1298 836 1326 Ecclesia:
846 1299 1026 1332 ualedicantus;

236 1341 309 1368 laetus
319 1342 418 1376 quidem
432 1342 462 1369 ob
471 1351 608 1376 wrumnas,
620 1344 665 1371 sed
675 1344 763 1372 dolens
774 1345 805 1372 de
814 1345 901 1380 populi
912 1353 1025 1373 onerare.

235 1385 311 1413 Tunc
325 1394 388 1413 vero
400 1387 506 1422 quidam
521 1395 554 1416 ex
569 1390 733 1424 proceribus,
750 1391 792 1417 vir
812 1391 923 1425 probus,
946 1391 1028 1418 Joan-

236 1440 297 1460 nem
319 1434 438 1461 monuit:
454 1434 575 1468 Lucium,
596 1436 725 1463 audacem
744 1437 840 1470 virum,
861 1445 920 1464 cum
937 1437 1027 1465 militi-

236 1479 285 1506 bus
298 1479 324 1506 in
339 1485 462 1515 promptu
478 1488 549 1514 esse,
564 1482 624 1508 utsi
637 1482 831 1510 contradiceret
844 1483 884 1510 vel
896 1483 1025 1516 differret,

235 1525 278 1552 ille
285 1525 370 1560 ipsum
378 1526 495 1554 traheret
504 1530 583 1562 atque
591 1528 751 1562 expelleret;
761 1536 792 1556 ac
800 1529 946 1563 periculum
956 1537 1023 1562 esse,

234 1579 268 1598 ne
275 1575 407 1598 commota
417 1572 492 1607 plebs
500 1579 559 1600 eum
571 1574 698 1601 militibus
710 1582 823 1610 pugnam
833 1576 1024 1603 committeret.

235 1617 309 1644 Tunc
318 1617 434 1645 Joannes
443 1626 503 1646 cum
518 1619 642 1655 laerymis
655 1621 756 1656 aliquot
765 1630 797 1648 ex
807 1622 939 1656 episcopis
950 1629 1028 1649 oscu-

235 1663 314 1695 latus,
331 1663 448 1698 reliquos
467 1665 537 1691 enim
551 1666 664 1692 osculari
681 1674 732 1693 non
749 1667 919 1701 permittebat
938 1668 1025 1701 dolor,

235 1707 339 1733 caeteris
354 1708 423 1734 intus
438 1709 464 1735 in
479 1710 596 1737 sacrario
608 1710 734 1738 valedixit
747 1720 753 1737 :
772 1711 882 1745 Maneto,
892 1712 1024 1746 inqttiens,

236 1752 276 1778 hic
290 1753 397 1785 interim,
410 1759 437 1780 ut
454 1755 580 1781 modicum
595 1756 730 1790 quiescam.
746 1756 882 1792 ingressus
897 1763 985 1785 autem
1000 1759 1026 1786 iu

235 1799 428 1833 baptisterium,
445 1799 630 1836 Olympiadem
652 1807 739 1836 vocat,
764 1811 823 1838 qua:
848 1803 881 1830 ab
906 1804 1026 1832 Ecclesia

234 1853 286 1872 non
301 1846 464 1879 discedebat,
480 1847 615 1882 etiamque
631 1848 785 1875 Pcutadiam
797 1854 824 1876 et
837 1849 958 1877 Proclam
970 1850 1026 1877 dia-

235 1891 354 1917 conissas
366 1912 374 1923 ,
399 1891 528 1919 Silvinam
551 1893 631 1920 etiam
649 1893 678 1920 Β.
694 1893 810 1921 Nebridii
828 1902 950 1927 uxorem,
967 1903 1026 1930 quae

233 1935 387 1963 viduitatem
410 1944 485 1963 suam
503 1937 643 1965 honestate
664 1946 695 1965 ac
717 1940 844 1966 modestia
867 1940 1025 1974 decorabat;

234 1982 358 2017 ipsasque
371 1983 409 2010 sic
422 1984 575 2018 alloquutus
588 1989 646 2011 est:
666 1984 762 2016 Venite,
774 1994 788 2012 ο
799 1986 869 2020 ﬁliw,
882 1986 967 2014 audite
977 1995 1025 2014 me.

236 2027 301 2060 ρυω
314 2028 347 2054 ad
363 2037 401 2055 me
424 2030 540 2062 attinent,
565 2030 640 2064 ﬁnem
663 2035 689 2057 ttt
713 2031 783 2058 video
804 2031 912 2064 habent;
926 2040 1027 2058 cursum

234 2082 315 2100 nteant
329 2076 508 2106 consummari,
526 2080 548 2102 et
562 2077 626 2110 forte
639 2076 734 2103 vultum
753 2085 835 2103 meum
855 2086 904 2104 non
918 2078 1027 2113 amplius

233 2120 355 2147 videbitis.
373 2119 430 2147 Hoc
445 2130 521 2148 unum
534 2127 569 2149 est
582 2122 649 2156 quod
660 2131 732 2158 rogo,
749 2131 779 2149 ne
791 2132 806 2149 a
820 2124 895 2150 solita
906 2133 965 2160 erga
976 2124 1027 2151 Ec-

234 2166 333 2192 clesium
345 2166 512 2194 benevolentia
527 2175 570 2194 vos
584 2168 708 2201 areltatis,
732 2173 756 2195 et
775 2174 802 2195 ut
816 2170 847 2201 ei,
868 2170 911 2205 qui
924 2171 1024 2202 invitus,

234 2219 278 2238 nec
292 2212 413 2245 ambiens,
430 2221 461 2240 ea:
473 2222 595 2240 consensu
609 2215 732 2248 omnium,
748 2216 774 2242 in
788 2215 852 2242 hanc
866 2217 948 2243 sedem
959 2217 1028 2244 ordi-

233 2262 306 2284 natus
320 2262 342 2284 et
363 2258 479 2285 intinctus
503 2259 587 2293 fuerit,
613 2264 740 2294 tamquam
764 2261 825 2287 mihi
841 2261 939 2289 Joamti
953 2268 1027 2298 caput

233 2307 341 2329 vestrum
354 2303 516 2330 submittatis.
532 2303 592 2332 Non
605 2310 684 2338 potest
699 2306 764 2333 enim
778 2306 894 2334 Ecclesia
909 2317 961 2335 esse
975 2310 1028 2336 sine

232 2349 359 2384 episcopo.
376 2349 417 2376 lla
430 2350 627 2378 ntiuricordiam
643 2354 826 2386 consequentini
841 2362 850 2380 :
864 2359 887 2381 ct
906 2363 1027 2383 memores

233 2399 309 2421 estote
317 2396 364 2422 κεεί
377 2396 403 2422 in
416 2396 569 2424 orationibus
578 2398 672 2424 uestris.
688 2398 740 2425 lll:e
753 2407 818 2426 vero
833 2400 957 2436 lacrymis
968 2409 1027 2435 per-

234 2440 309 2471 fusae.
325 2440 359 2467 ad
371 2441 428 2474 ejus
443 2441 525 2476 pedes
539 2443 757 2471 advolvobantur.
770 2445 845 2472 Tunc
859 2447 976 2474 Joannes
988 2449 1027 2474 in-

774 97 804 123 S.
825 94 964 123 JOANNIS
983 92 1222 121 CHRYSOSTOMI
1247 95 1334 125 \'l'l‘A,

1822 96 1874 125 9.16

1082 155 1174 185 negata
1184 150 1234 178 sibi
1245 151 1367 178 facultate
1380 151 1599 179 causatn'dicendi
1611 157 1672 179 ante
1686 153 1816 188 legitimos
1829 154 1872 189 jn-

1080 195 1164 226 dices,
1181 196 1251 230 quod
1266 200 1354 223 tamen
1368 196 1508 224 homicidis
1520 203 1546 224 et
1561 197 1689 226 adulteris
1706 198 1873 227 concedeba-

1081 245 1139 268 tur:
1152 249 1286 277 parvoque
1299 243 1438 277 impositus
1452 243 1564 279 navigio,
1585 245 1673 271 statim
1686 245 1711 272 in
1725 245 1873 280 Bithyniam

1081 292 1278 323 transportatur
1291 288 1405 320 (Sozam.
1417 290 1435 316 ι.
1451 290 1477 317 8.
1493 299 1515 317 c.
1530 289 1587 325 2'2).
1598 291 1818 319 Testificaturille
1827 299 1873 319 eos

1076 335 1138 370 (Ep.
1150 336 1190 367 l0,
1199 341 1217 362 t.
1225 335 1364 372 5.6.608),
1378 336 1421 369 qui
1440 343 1469 363 se
1481 337 1507 363 in
1526 336 1645 363 exsilium
1658 336 1788 364 ducebant
1803 358 1810 370 ,
1825 346 1875 364 cu-

1080 388 1137 407 ram
1149 387 1255 407 omnem
1275 386 1301 408 et
1313 381 1430 408 studium
1445 382 1606 413 adhibuisse,
1622 383 1701 409 etiam
1721 383 1778 417 plus
1792 391 1871 417 quam

1081 425 1137 460 ipse
1164 426 1291 459 volebat,
1322 430 1351 453 ut
1379 427 1463 461 ipsum
1491 433 1644 454 rccrearent
1673 436 1703 455 ac
1731 428 1874 455 reficerent

1080 471 1174 505 (Epist.
1192 472 1267 506 22f).
1284 472 1422 500 Profectus
1435 478 1474 500 est
1488 478 1575 500 autem
1591 473 1626 500 ΞΟ
1637 473 1708 500 Junii
1724 475 1786 500 anni
1799 474 1870 501 404:

1079 520 1106 543 et
1120 515 1234 543 Nicaeam
1251 517 1276 543 in
1299 517 1421 552 Bithynia
1441 517 1569 545 adductus
1593 523 1643 551 est,
1667 519 1709 545 ubi
1733 527 1815 554 usque
1839 520 1872 546 ad

1080 567 1201 595 quartam
1214 561 1275 589 Julii
1290 563 1394 590 mansit.
1412 563 1477 590 Cum
1493 563 1537 590 illo
1552 569 1628 590 erant
1639 563 1734 591 Nicone
1747 564 1872 599 Cyriacus

1079 607 1202 635 Sinuadan
1215 609 1241 635 in
1256 609 1379 645 Phrygia,
1394 613 1421 636 et
1436 609 1558 644 Eulysius
1571 610 1696 644 Apamea:
1711 610 1736 637 in
1751 610 1871 646 Bithynia

1079 655 1209 689 episcopi,
1224 656 1266 690 qui
1282 663 1314 683 eo
1330 656 1409 683 vincti
1431 656 1538 684 adducti
1553 662 1644 689 erant;
1668 657 1716 685 sed
1737 663 1828 692 postea
1844 662 1874 685 ut

1080 701 1204 736 inculpati
1218 702 1319 729 dimissi
1332 703 1403 729 fuere
1415 702 1532 738 (Pallad.
1548 703 1573 729 in
1587 702 1681 736 Dial).

1115 747 1226 780 Quidam
1240 751 1328 774 autem
1345 756 1377 775 ex
1392 748 1502 775 Joannis
1515 749 1638 781 inimicis,
1654 749 1777 776 timentes
1791 756 1833 781 ne,
1847 749 1872 776 si

1079 794 1191 828 populus
1206 794 1251 828 qui
1272 794 1299 821 in
1313 794 1426 822 ecclesia
1441 799 1498 822 erat
1512 795 1659 822 discessum
1674 794 1731 829 ejus
1745 801 1872 829 agnosce-

1079 844 1130 870 ret,
1146 840 1216 866 illum
1232 840 1416 875 insequeretur
1427 848 1458 867 ac
1470 840 1556 867 redire
1568 846 1685 875 cogeret,
1702 840 1771 868 fores
1784 840 1871 868 eccle-

1079 885 1125 911 sia:
1136 885 1305 912 occluserunt.
1319 885 1434 921 (Sozam.
1459 886 1478 912 ι.
1496 886 1522 913 8.
1538 894 1561 912 c.
1586 885 1643 920 22).
1657 886 1694 913 Ex
1708 886 1740 913 iis
1753 893 1815 913 vero
1828 886 1874 921 qui

1079 930 1104 956 in
1118 929 1210 964 plateis
1221 935 1310 964 erant,
1319 931 1363 957 alii
1375 931 1406 958 ad
1421 938 1493 958 mare
1504 937 1677 959 accurrerunt
1688 937 1714 958 ut
1723 939 1783 959 eum
1797 939 1872 959 asse-

1078 980 1233 1010 querentur,
1249 976 1292 1002 alii
1306 980 1377 1003 metu
1389 977 1524 1004 conterriti
1547 977 1634 1012 fugam
1657 978 1802 1012 arripuere,
1819 977 1872 1004 lm-

1079 1022 1211 1056 peratoris
1226 1022 1290 1049 iram
1306 1023 1381 1049 veriti
1393 1031 1400 1050 :
1412 1023 1428 1049 ii
1441 1031 1504 1050 vero
1513 1024 1556 1058 qui
1578 1024 1603 1051 in
1622 1024 1734 1051 ecclesia
1747 1029 1834 1058 erant,
1847 1025 1872 1052 vi

1079 1074 1172 1100 inagna
1187 1072 1278 1102 portas
1290 1067 1461 1102 effregerunt.

1115 1111 1236 1139 Ecclesia.-
1250 1113 1401 1140 incendium.
1411 1129 1447 1133 —
1460 1114 1530 1141 Inter
1544 1114 1600 1142 haec
1613 1114 1719 1142 ﬂamma
1733 1115 1759 1142 in
1768 1115 1814 1143 illa
1826 1123 1872 1144 se-

1078 1157 1122 1191 de,
1136 1159 1160 1184 in
1177 1166 1227 1192 qua
1247 1159 1349 1186 solebat
1362 1159 1478 1187 Joannes
1493 1160 1655 1193 concionari,
1671 1162 1767 1189 emissa
1782 1167 1834 1195 est,
1845 1168 1874 1190 et

1078 1210 1217 1237 progressa
1227 1203 1259 1230 ad
1273 1209 1368 1231 tectum
1381 1212 1463 1239 ttsque
1474 1206 1593 1239 pervenit
1604 1211 1737 1241 totamque
1747 1207 1874 1235 combus-

1079 1248 1113 1274 sit
1126 1248 1265 1275 ccclesiam
1278 1249 1394 1284 (Pallad.
1403 1258 1431 1284 ρ.
1445 1250 1488 1277 91.
1502 1250 1546 1285 9'2)
1559 1260 1564 1277 :
1578 1251 1638 1278 inde
1648 1259 1709 1278 vero
1719 1253 1873 1280 transiliens

1079 1292 1184 1320 flamma
1206 1294 1270 1321 nihil
1285 1295 1346 1322 mali
1363 1296 1523 1330 interpoaita:
1539 1297 1628 1332 populi
1649 1297 1817 1326 multizudine
1832 1299 1873 1326 in-

1079 1339 1176 1373 ferens,
1199 1340 1232 1368 ad
1247 1341 1318 1368 aedes
1329 1346 1437 1369 senatus
1452 1342 1574 1370 transiliit
1589 1343 1678 1370 multis
1694 1344 1816 1377 passibus
1829 1345 1872 1371 di-

1079 1390 1193 1419 stantes;
1205 1386 1328 1422 quodque
1340 1388 1434 1415 mirum
1450 1389 1582 1422 videatur,
1593 1389 1690 1416 mdium
1701 1390 1805 1416 illarqu
1818 1398 1872 1417 non

1078 1439 1136 1459 eam
1151 1437 1251 1467 partem
1265 1441 1324 1468 qua:
1334 1434 1473 1461 ecclesiam
1491 1434 1658 1468 respiciebat,
1674 1435 1720 1462 sed
1731 1435 1872 1463 adversam

1079 1482 1193 1512 partem,
1207 1486 1267 1514 qua:
1281 1479 1381 1505 Palatio
1395 1479 1527 1513 imperiali
1543 1480 1663 1514 proxima
1678 1485 1745 1512 erat,
1765 1480 1871 1512 invasit,

1078 1528 1156 1558 atque
1169 1524 1208 1551 sic
1221 1524 1293 1551 :edes
1307 1524 1364 1551 illas
1378 1524 1405 1552 in
1418 1525 1534 1552 eineretn
1547 1525 1660 1560 redegit,
1671 1532 1773 1552 necnon
1788 1525 1873 1553 eccle-

1078 1570 1144 1596 siam
1160 1575 1187 1597 ει
1201 1570 1295 1597 domos
1306 1571 1511 1606 circumquaun
1527 1571 1636 1605 positas,
1653 1575 1679 1598 et
1692 1571 1741 1598 soli
1753 1571 1872 1598 a-dicul.e

1078 1616 1205 1649 pepercit,
1220 1615 1246 1643 in
1258 1623 1310 1651 qua
1326 1623 1400 1644 sacra
1414 1625 1473 1644 vasa
1488 1617 1601 1651 reposita
1616 1622 1701 1644 erant.
1711 1617 1769 1644 Non
1778 1626 1871 1644 aurum

1079 1661 1209 1688 reveritus
1231 1667 1272 1689 est
1287 1662 1364 1696 ignis,
1387 1670 1436 1689 nec
1449 1669 1597 1697 argentum,
1613 1663 1697 1697 inquit
1717 1663 1870 1695 Palladius;

1078 1707 1124 1733 sed
1149 1711 1177 1733 ut
1200 1715 1234 1734 nc
1257 1707 1332 1735 locus
1355 1707 1465 1735 daretur
1493 1709 1727 1736 calunmiatoribus
1751 1709 1872 1736 Joannis.

1078 1752 1243 1787 Theophilus
1253 1754 1324 1781 enim
1338 1754 1442 1781 diccbat
1454 1755 1538 1789 ipsum
1551 1756 1672 1783 ecclesia:
1685 1756 1792 1784 mobilia
1806 1764 1873 1784 ven-

1079 1798 1189 1826 didisse.
1205 1798 1303 1826 Verum
1324 1807 1381 1826 rem
1404 1799 1497 1827 falsam
1521 1808 1580 1828 esse
1603 1801 1700 1828 clarius
1720 1802 1817 1828 enituit
1840 1810 1874 1829 ex

1079 1844 1214 1872 breviculo
1230 1845 1285 1879 illo,
1303 1853 1380 1880 quem
1396 1847 1544 1874 Germanus
1565 1848 1705 1883 presbyter
1719 1853 1747 1875 et
1767 1848 1875 1876 Cassia-

1079 1899 1128 1918 nus
1142 1890 1270 1918 diaconus
1294 1891 1425 1925 obtulere,
1449 1893 1576 1919 cllercnte
1591 1894 1660 1926 quod
1677 1894 1792 1928 pretiosa
1810 1902 1875 1921 vasa

1079 1936 1249 1963 tradidissent
1262 1945 1350 1964 coram
1363 1937 1504 1971 judicibus,
1526 1938 1619 1965 Studio
1635 1939 1763 1966 Praefecto
1788 1940 1874 1972 urbis,

1080 1982 1245 2017 Eutychiano
1259 1983 1388 2009 Pra'fccto
1402 1983 1539 2015 Prmtorii,
1565 1983 1667 2010 Joanne
1681 1984 1783 2012 Comite
1799 1985 1875 2012 Tlte-

1079 2034 1236 2058 saurorum,
1265 2027 1405 2054 Eustathio
1428 2029 1582 2061 Quantorc,
1607 2033 1633 2055 et
1655 2029 1822 2062 Tabulariis,
1847 2030 1879 2057 in

1079 2081 1154 2107 auro,
1169 2079 1278 2108 argento
1293 2079 1318 2101 et
1333 2075 1458 2102 vestibus.
1473 2075 1500 2101 In
1517 2080 1589 2102 tanto
1599 2080 1689 2102 autem
1702 2081 1728 2102 ct
1742 2081 1794 2103 tam
1806 2084 1884 2111 pra:—

1079 2121 1151 2155 cipiti
1162 2121 1284 2148 incendio
1299 2129 1378 2148 nemo
1399 2122 1485 2156 periit.
1504 2122 1577 2148 Circa
1593 2122 1650 2156 ejus
1665 2127 1788 2150 auctores
1801 2124 1883 2150 varia

1079 2175 1093 2193 a
1106 2167 1279 2201 scriptoribus
1298 2168 1467 2194 refcrantur:
1484 2167 1618 2194 Palladius
1644 2175 1700 2195 rem
1721 2173 1829 2201 narrat,
1846 2175 1887 2196 ιιι

1079 2213 1205 2240 divinitus
1220 2213 1330 2240 omnino
1342 2213 1437 2240 factam
1454 2222 1460 2239 :
1477 2214 1641 2240 Sozomcnus
1654 2213 1727 2244 dicit,
1745 2215 1886 2248 populoin

1078 2260 1172 2287 Joanni
1188 2259 1322 2287 addictum
1338 2259 1362 2287 id
1384 2261 1409 2286 in
1429 2260 1488 2294 ejus
1507 2260 1628 2287 inimicos
1651 2261 1791 2292 retulisse;
1814 2261 1892 2289 illus

1080 2314 1143 2333 vero
1161 2306 1185 2333 id
1200 2306 1310 2333 Joannis
1331 2306 1425 2333 amicis
1442 2306 1616 2340 adscripsisse
1627 2327 1634 2338 ,
1658 2306 1781 2333 Socrates
1797 2316 1802 2332 :
1819 2307 1892 2333 Zu—

1079 2352 1162 2379 simus
1177 2352 1394 2387 etThcophancs
1420 2352 1516 2386 popttlo
1538 2352 1634 2379 Joanni
1657 2352 1765 2379 addicto
1788 2358 1898 2380 totum

1080 2397 1207 2424 referunt.

1116 2443 1143 2469 ln
1159 2443 1218 2469 aula
1240 2450 1302 2469 vero
1317 2442 1486 2476 imperatoria
1504 2442 1630 2477 flagitium
1648 2443 1711 2469 illud
1728 2451 1741 2470 a
1759 2443 1894 2471 Joanni-

1079 2489 1112 2515 tis
1133 2492 1264 2522 patratum
1290 2487 1371 2515 fttisse
1389 2487 1430 2514 vel
1449 2488 1609 2522 putabatur,
1634 2488 1672 2515 vel
1696 2487 1901 2517 simulabatur

1079 2534 1165 2569 (Socr.
1187 2534 1205 2559 Ι.
1224 2533 1251 2560 6.
1276 2541 1299 2559 ε.
1318 2533 1359 2561 18.
1374 2533 1479 2560 Pallad.
1495 2534 1521 2560 in
1537 2533 1633 2569 Dial.).
1649 2533 1724 2561 Tunc
1743 2534 1875 2568 Optale
1891 2558 1902 2568 ,

1080 2580 1152 2606 urbis
1173 2579 1316 2606 Praefectus
1328 2600 1335 2612 ,
1358 2579 1486 2614 religione
1499 2580 1615 2614 gentilis,
1630 2580 1655 2606 in
1669 2579 1808 2606 Joannitas
1826 2589 1902 2610 seu

1079 2625 1189 2652 Joannis
1204 2624 1321 2652 fautores
1333 2625 1476 2652 admodum
1492 2625 1588 2652 saeviit.
1612 2627 1631 2652 Α
1646 2625 1717 2652 nullo
1733 2629 1830 2652 tamen
1858 2635 1906 2655 ex

1081 2673 1132 2700 illis
1146 2673 1170 2699 vi
1186 2677 1378 2699 tormentorum
1393 2672 1418 2699 id
1432 2671 1540 2700 efficere
1557 2672 1652 2706 potuit,
1669 2676 1695 2698 ut
1709 2679 1737 2698 sc
1753 2671 1791 2698 Vel
1807 2679 1909 2703 suos

1081 2719 1159 2754 hujus
1174 2719 1288 2747 incendii
1300 2723 1424 2746 auctores
1435 2726 1495 2746 esse
1511 2718 1687 2751 declararent,
1703 2719 1760 2753 ipso
1771 2717 1915 2751 fatente

1080 2766 1187 2793 Zositno
1202 2775 1207 2793 :
1227 2766 1251 2793 id
1267 2765 1337 2800 quod
1349 2765 1427 2792 etiam
1441 2765 1597 2792 testificatur
1607 2764 1723 2792 Joannes
1736 2764 1823 2798 epist.
1845 2768 1871 2794 9
1882 2770 1916 2797 ς,

1081 2814 1136 2841 lmo
1156 2812 1242 2848 ipsum
1265 2812 1394 2840 Joannem
1418 2816 1445 2839 ut
1470 2810 1584 2838 incendii
1608 2816 1744 2838 auctorem
1764 2818 1912 2843 accnsa-

235 2492 329 2515 nucns,
343 2486 447 2512 cuidam
468 2494 483 2513 e
505 2488 664 2516 venerandis
687 2490 850 2526 presbyteris
869 2493 1028 2520 aitzAmovc

233 2538 275 2556 ens
289 2530 357 2563 lu‘nc,
369 2539 400 2558 ne
412 2532 532 2567 populant
546 2534 699 2568 perturbent.

267 2575 380 2603 Joannes
399 2577 519 2605 militibus
531 2587 558 2606 se
571 2581 647 2607 tradit
659 2582 684 2608 in
697 2582 813 2609 exsilium
829 2583 981 2611 ducendum.
992 2598 1026 2603 —-

233 2621 278 2648 ille
298 2629 361 2649 vero
376 2630 423 2657 per
441 2628 543 2658 partem
559 2625 720 2653 Orientalem
740 2636 861 2662 egressus
881 2633 935 2661 est;
951 2631 1025 2663 pos!-

232 2676 309 2702 quam
323 2668 437 2704 jusserat
449 2677 545 2705 equum
559 2679 636 2699 suum
649 2673 682 2700 ad
702 2678 804 2708 partem
827 2674 1024 2702 Occidentalem

232 2716 335 2748 adduci,
348 2722 375 2744 ut
387 2718 501 2753 populus
514 2726 547 2746 eo
559 2726 589 2747 se
603 2719 752 2747 conferret:
769 2721 858 2755 sicque
872 2721 916 2748 illo
928 2721 970 2756 pie
980 2720 1026 2748 de-

232 2761 300 2793 fuso,
317 2762 453 2796 profectus
473 2769 524 2797 est,
549 2770 576 2791 ct
596 2773 625 2793 se
648 2765 776 2793 militibus
791 2766 907 2796 tradidit,
925 2767 949 2793 id
965 2772 1025 2792 lan-

234 2809 370 2836 tummodu
384 2815 503 2845 questus,
519 2812 590 2846 quod
610 2816 703 2839 contra
725 2812 795 2849 leges
809 2813 961 2846 ejiceretur,
976 2814 1024 2842 de-
