2032 3110
180 118 232 146 21⁸3

181 185 264 210 vere;
282 176 405 210 ideoque,
417 180 444 201 ut
458 175 494 201 ait
510 173 641 201 Palladius
663 174 688 199 in
705 173 816 206 Dialog..
835 171 937 197 vinctus
949 169 974 196 in

182 224 305 260 Bithynia
319 223 445 250 detentus
458 222 504 248 fuit
514 229 574 248 cum
585 220 695 256 Cyriaco
708 223 734 246 ct
747 218 855 253 Eulysio
867 216 971 252 episco-

183 271 223 304 pis
234 291 240 300 ,
256 268 302 303 qui
317 267 446 303 postremi
460 274 519 293 cum
534 266 594 293 aliis
611 263 806 292 Cbalccdoncm
828 261 932 289 adducti
947 265 975 288 et

182 313 310 341 custodia:
321 312 464 346 mancipati
477 315 538 339 sunt
553 319 559 337 :
574 315 653 344 atque
667 317 700 336 eo
711 317 793 343 usque
806 306 976 342 impudentia:

184 366 209 386 et
223 359 348 393 nequitia:
361 362 547 392 processerunt
557 356 680 388 Aeacius,
692 355 798 386 Paulus,
815 352 974 384 Antiochus,

184 405 354 435 Severianus,
371 408 397 430 et
413 403 456 430 alii
469 403 575 437 quidam
587 423 594 434 ,
610 406 638 429 ut
653 402 679 428 in
691 401 774 428 literis
784 400 840 427 suis
851 399 884 426 ad
898 399 975 425 Iuno.

183 451 299 478 ecntium
325 450 422 484 I’apam
437 471 443 481 ,
469 449 596 476 Joannem
620 448 694 482 quasi
720 446 860 474 ecclesiam
884 446 976 472 inccn-

184 497 266 523 disset
278 517 284 527 ,
300 495 538 523 calumniarentur.
564 494 682 521 Joannes
701 500 766 520 vero
781 491 888 525 scripsit
909 490 973 523 illis,

184 541 234 568 etsi
246 542 272 568 in
288 540 348 567 aliis
362 541 411 567 sibi
429 539 588 567 defendendi
609 539 651 566 sui
666 539 752 565 locum
765 546 817 564 non
833 536 973 567 dedi-rant,

185 588 211 613 in
235 587 283 613 hoc
298 586 393 613 saltem
409 585 502 612 darent
519 590 547 611 ut
563 584 596 611 de
613 583 765 618 ltujusuuuli
781 581 902 609 incendio
915 587 975 607 sese

185 636 319 667 purgaret.

221 678 272 704 Alii
297 685 402 712 quoque
421 684 469 711 per
492 676 583 703 urbem
608 673 898 708 circumcuntes(So:.
913 673 930 699 Ι.
947 672 973 699 8.

184 733 207 751 ι.
222 724 284 759 ‘22),
307 731 354 750 eos
373 723 418 757 qui
437 723 518 750 delati
533 723 637 749 fuerant
652 721 721 756 quod
735 720 828 747 Joanui
844 720 973 751 faverent,

185 769 464 804 emuprelicndcrunt,
478 773 503 794 et
519 768 544 795 in
560 767 706 794 custodiam
724 766 800 792 dates
812 786 819 797 ,
836 769 865 791 ut
879 763 974 791 Joauni

187 810 600 844 anathemadieerentcogebant
611 809 707 844 (Epist.
719 809 780 837 “8.
793 815 812 836 t.
827 809 852 836 3.
868 818 891 835 ε.
901 809 976 842 675).

188 857 240 884 Illis
256 865 321 884 vero
333 857 478 891 episcopis,
491 857 656 892 presbyteris
666 856 779 890 aliisque
789 856 834 891 qui
848 856 888 882 sui
898 861 978 882 causa

188 904 213 930 in
229 911 366 930 carcerem
388 902 455 930 trusi
479 903 593 935 fuerant,
616 902 755 936 epistolam
771 901 979 928 consolatoriam

187 950 259 977 misit
271 949 482 985 Cbrysostomus
498 949 551 984 (Ib.
573 957 596 976 ι’.
621 949 696 983 541),
721 948 765 975 ubi
782 948 873 982 paucis
889 948 980 974 berta-

183 1002 228 1024 tur
241 997 301 1023 ilIos
313 995 346 1023 ad
365 995 520 1030 patientiam
533 1015 540 1027 ,
565 994 681 1028 dicitque
696 999 828 1020 (erumnas
841 995 868 1018 et
883 997 975 1026 [muas

183 1042 337 1076 huiusmodi
351 1063 358 1073 ,
379 1048 428 1075 pro
444 1041 540 1075 pietate
561 1043 699 1074 susceptas
711 1059 717 1069 ,
741 1044 900 1065 coronarunt
915 1043 974 1063 esse

181 1089 388 1116 conciliatrices.

219 1134 338 1161 Arsacias
351 1133 395 1160 Jo.
411 1132 590 1167 Cltrysostomo
604 1131 771 1158 substituitur.
786 1144 822 1149 ——
833 1129 974 1162 Postquam

181 1180 224 1206 sie
234 1179 362 1206 abductus
373 1179 461 1205 fuerat
472 1177 588 1203 Joannes
600 1197 608 1209 ,
623 1180 735 1203 curante
750 1174 870 1201 Eudoxia
887 1174 974 1207 Impe-

183 1225 283 1252 ratrice
296 1225 320 1252 in
339 1224 431 1251 sedem
451 1223 510 1257 ejus
530 1222 688 1249 substitutus
703 1221 750 1247 fuit
765 1220 890 1247 Arsacias
901 1219 975 1253 vige-

179 1273 250 1299 sima
274 1271 385 1305 septima
409 1269 453 1296 die
472 1268 571 1296 mensis
591 1267 660 1295 Junii
685 1275 755 1294 anno
769 1266 829 1293 404.
853 1265 917 1292 Erat
932 1265 975 1291 ille

180 1317 309 1344 Arsacius
322 1316 403 1343 frater
423 1313 555 1346 Nectarii,
569 1313 614 1348 qui
637 1313 662 1339 in
684 1312 775 1339 sedem
788 1311 976 1338 Constantino-

179 1363 337 1397 politanam,
357 1360 489 1395 Gregorio
502 1359 670 1386 Nazianzcno
684 1357 834 1388 secedente,
852 1355 975 1382 inductus

179 1408 268 1434 fuerat
293 1406 457 1441 (Chronicon.
475 1405 564 1437 τηετις
578 1403 706 1438 Chrysost.
724 1402 806 1437 Epist.
829 1402 902 1436 125).
921 1402 975 1428 Au-

175 1461 274 1480 normn
289 1452 426 1487 octoginta
439 1455 498 1478 erat
513 1450 649 1483 Arsacius,
665 1457 743 1484 quem
759 1448 883 1480 delitum,
899 1452 975 1475 vocat

174 1499 400 1535 (Zbrysostomus,
414 1502 441 1525 et
454 1497 544 1533 Iupmn
555 1502 633 1531 atque
649 1496 808 1528 adulterum,
824 1495 893 1529 quod
910 1495 975 1522 alic-

172 1553 234 1572 nam
250 1544 347 1572 sedem
360 1545 399 1570 sic
414 1543 563 1570 invasisset.
577 1541 736 1576 Aitquidem
748 1541 872 1568 Sorr-ales
889 1541 973 1575 ipsum

168 1591 204 1618 ob
217 1590 390 1625 singularem
415 1588 647 1616 mansuetudinem
663 1587 810 1615 Ecclesium
832 1586 975 1621 tranquille

167 1638 345 1671 gubernasse
370 1635 461 1671 (Socr.
484 1635 502 1661 ι.
517 1635 543 1662 6.
562 1643 585 1661 c.
603 1634 662 1670 19).
689 1634 788 1661 Verum
811 1633 974 1661 Sozomenus

165 1687 262 1709 narrat
280 1682 363 1709 illum
376 1680 484 1715 quidem
497 1684 664 1707 mansuetum
677 1679 757 1706 fuisse
771 1684 797 1706 et
812 1686 873 1713 erga
889 1679 970 1705 Deum

164 1729 331 1763 religiosum
343 1736 350 1760 ;
364 1726 410 1754 sed
420 1726 524 1753 Iaudem
534 1726 617 1757 illam,
629 1733 707 1760 quam
716 1726 834 1753 onmium
843 1732 974 1753 consensu

161 1774 282 1808 adeptus
297 1773 392 1800 fuerat
405 1772 545 1807 presbyter
555 1793 562 1804 ,
577 1772 741 1800 imminuisse
754 1771 882 1807 quosdam
895 1772 974 1798 cleri-

160 1826 222 1851 cos,
242 1819 295 1854 qui
312 1818 406 1845 omnia
422 1825 469 1852 pro
485 1817 568 1844 lubito
581 1824 631 1844 suo
644 1817 773 1852 agebant,
791 1822 818 1844 et
831 1822 907 1852 gesta
927 1824 973 1843 sua

157 1864 196 1891 illi
211 1864 409 1899 imputabant.
425 1863 540 1898 Anysius
551 1870 624 1895 vero,
646 1870 726 1890 senex
738 1863 878 1898 episcopus
891 1862 974 1890 Thes-

154 1911 355 1938 salonicensis
367 1930 374 1940 .
389 1917 418 1936 se
433 1909 561 1936 Ecclesiae
576 1909 702 1936 Romana:
717 1909 857 1936 sententiae
872 1909 974 1936 bzererc

153 1957 169 1983 d
183 1965 253 1984 cens
267 1979 276 1989 ,
298 1965 314 1983 ιι
333 1956 451 1983 Jonunis
472 1955 591 1990 partibus
611 1960 682 1982 stare
705 1963 734 1982 se
754 1954 840 1982 dixit:
857 1955 974 1990 episcopi

151 2011 266 2037 quoque
300 2003 401 2028 (Ζηνί-υ
424 2009 454 2028 se
476 2001 585 2027 Joannis
609 2001 823 2027 communionem
850 2000 973 2034 amplecti

149 2050 248 2076 dixere
265 2047 410 2084 (Pallad.
435 2048 461 2073 in
482 2046 581 2081 Dialog.
596 2047 614 2081 ).
630 2046 699 2073 Infra
720 2046 869 2073 videbimus
890 2045 974 2073 Palas-

147 2096 252 2122 stinam
272 2100 303 2122 ct
323 2093 499 2121 thuiciam
514 2101 560 2128 pro
572 2093 673 2120 Joatme
687 2093 798 2120 fecisse:
811 2093 902 2120 Cilicia
911 2100 974 2119 vero

147 2141 235 2168 divisa
254 2142 323 2168 fuit.

181 2189 297 2215 Arsacii
319 2187 443 2218 famam,
456 2185 539 2221 inquit
550 2186 723 2219 Soznmenus,
735 2188 860 2214 laeserunt
873 2195 902 2214 ea
915 2195 974 2222 quae

143 2239 220 2268 gesta
237 2239 307 2261 sunl
330 2232 421 2269 (So:
441 2232 495 2259 1.8.
511 2232 682 2261 c.25).1\'am
702 2241 762 2260 cum
782 2233 890 2261 Joannis
917 2233 974 2260 fau-

143 2284 217 2307 tores
232 2288 290 2307 nec
305 2287 381 2306 cum
400 2278 511 2305 Arsacio
525 2299 531 2310 ,
545 2286 593 2305 nec
606 2286 664 2305 cum
679 2279 735 2313 ejus
750 2279 897 2306 fautoribus
908 2287 973 2314 syn-

140 2333 207 2353 axes
228 2333 323 2361 agere
339 2324 391 2350 γρ]
417 2330 509 2356 preces
526 2323 635 2351 fundere
654 2324 761 2358 vellent,
778 2324 890 2359 ideoque
900 2332 973 2351 seor-

139 2371 190 2398 sim
201 2376 231 2398 et
247 2371 277 2398 in
295 2368 452 2398 extremis
465 2368 577 2395 civitatis
589 2369 707 2404 partibus
718 2369 845 2397 collectas
852 2374 972 2404 agerent,

139 2425 196 2444 rem
215 2418 280 2452 ipsc
293 2416 332 2443 ad
352 2416 561 2448 Imperatorem
575 2415 674 2441 retulit.

173 2463 329 2492 Tribunus
363 2462 471 2494 itaque
495 2467 555 2486 cum
587 2460 716 2488 militibus
744 2461 769 2487 in
798 2465 972 2496 congregatos

135 2508 286 2536 Joannitas
314 2508 472 2541 impetum
497 2505 583 2533 facere
604 2506 692 2540 jussus
720 2505 849 2541 (Sozam.
865 2505 935 2533 Ibid.
952 2507 972 2541 ),

137 2555 251 2587 plebem
278 2553 420 2581 fustibus
455 2554 482 2576 ct
501 2551 571 2577 saxis
593 2551 697 2578 casdcns
717 2551 807 2586 fugere
829 2551 972 2586 compulit;

135 2601 295 2628 nobiliores
311 2605 392 2625 vero
408 2599 444 2623 et
463 2601 509 2622 eos
528 2595 571 2630 qui
591 2595 700 2624 Joannis
717 2602 807 2631 partes
821 2597 973 2629 tuebantur,

133 2647 271 2674 custodia:
284 2643 428 2673 tradidit.
452 2639 530 2668 Tunc
541 2647 647 2674 autem,
669 2643 705 2669 uti
720 2642 788 2670 solet
802 2643 908 2678 quando
924 2643 973 2670 tui-

131 2692 225 2721 Iitibus
239 2692 366 2720 licentia
386 2689 500 2719 datur,
516 2688 639 2714 mulieres
648 2693 744 2715 ornatu
759 2695 807 2715 suo
821 2688 845 2715 vi
857 2687 974 2715 adhibita

132 2740 291 2774 spoliantur
305 2747 314 2772 ς
328 2735 405 2765 aliis
422 2732 554 2764 monilia,
565 2741 639 2761 mute
648 2742 737 2762 aureae
747 2739 774 2762 et
787 2738 895 2770 torques
905 2735 976 2762 abri-

136 2786 258 2819 piuntur,
283 2785 357 2814 aliis
378 2782 514 2810 inaures
528 2779 603 2806 simul
622 2787 681 2808 cum
694 2780 802 2808 auribus
827 2781 973 2808 detrahun-

138 2839 190 2859 tur.
218 2833 356 2866 Cumque
387 2828 510 2862 ingens
528 2824 687 2858 perturbatio
710 2830 736 2854 et
757 2826 843 2854 luctus
861 2827 887 2854 in
909 2826 974 2854 urbe

785 112 875 140 NUNC
895 110 1026 139 PRIMUM
1046 111 1243 140 ADORNATA.

1761 118 1814 147 218

1028 174 1114 202 esset,
1131 177 1163 197 ne
1178 170 1216 197 sic
1230 170 1336 205 quidem
1358 170 1433 205 plebs
1454 171 1591 206 pristinam
1612 180 1674 208 erga
1688 173 1817 202 Joannem

1029 215 1240 243 benevolentiam
1256 216 1362 251 abjeeit.

1065 260 1103 287 Illi
1117 268 1181 289 vero
1195 261 1299 295 publice
1315 261 1421 296 quidem
1436 263 1579 291 convenire
1591 271 1644 290 non
1659 264 1726 291 ultra
1739 265 1818 292 aude-

1029 306 1092 334 bant
1105 306 1176 341 (Soz.
1189 307 1207 333 Ι.
1221 307 1249 334 8.
1263 316 1286 334 ε.
1299 307 1345 343 ‘23)
1358 329 1366 341 ,
1390 308 1463 335 multi
1487 316 1535 336 nec
1549 309 1576 336 in
1595 309 1680 337 forum
1691 331 1698 344 ,
1717 318 1765 337 nec
1786 311 1819 338 ad

1029 353 1121 380 balnea
1143 353 1304 388 procedere;
1321 353 1477 388 quibusdam
1496 354 1575 382 etiam
1591 359 1676 382 tutum
1695 363 1747 383 non
1761 362 1818 383 erat

1028 397 1101 425 domi
1122 405 1249 430 manere;
1277 398 1324 426 sed
1349 399 1455 433 plurimi
1479 400 1528 426 viri
1555 400 1617 427 boni
1644 400 1818 436 honestarquc

1028 443 1154 471 mulieres
1169 444 1234 471 urbe
1255 444 1417 472 excedebant
1432 454 1437 472 :
1453 453 1485 472 ex
1506 453 1618 480 quorum
1643 454 1753 474 numero
1769 446 1818 474 fuit

1027 489 1148 518 Niearete
1162 490 1273 525 Bithyna
1284 511 1290 522 ,
1315 490 1396 518 nobili
1416 499 1513 526 genere
1525 491 1684 518 Nicomedite
1699 498 1767 524 orta,
1784 492 1818 519 ob

1029 542 1181 572 perpetuam
1196 537 1372 572 virginitatem
1395 542 1421 564 et
1441 537 1501 564 vita:
1524 538 1726 564 sanctimoniam
1746 538 1817 565 cele—

1029 582 1142 610 berrima
1157 582 1241 617 (Anno
1255 583 1319 617 ΑΜ)
1332 603 1339 615 ,
1357 582 1483 609 virtutum
1499 583 1616 610 omnium
1631 583 1758 610 exercitio
1769 583 1818 610 ad-

1027 628 1108 660 dicta,
1125 629 1159 655 ita
1175 633 1202 655 ut
1217 636 1277 655 cum
1290 628 1454 663 amplissimo
1473 628 1631 663 patrimonio
1647 629 1744 664 injusie
1756 636 1818 664 spo-

1027 675 1088 701 liata
1103 674 1204 707 fuisset,
1225 682 1280 702 rem
1295 674 1486 709 patientissime
1499 674 1606 707 tulerit;
1620 674 1667 702 sed
1681 682 1714 702 ex
1728 675 1818 710 paucis

1029 720 1080 747 sibi
1095 720 1211 752 relictis;
1229 720 1352 754 prudenti
1364 728 1409 747 usa
1423 720 1661 751 administratione,
1677 728 1728 747 non
1740 721 1818 748 modo

1027 767 1077 793 sibi
1090 770 1117 793 et
1128 766 1280 797 domesticis
1291 767 1440 794 necessaria
1450 767 1667 801 suppeditaverit,
1680 767 1726 794 sed
1737 767 1816 794 etiam

1027 812 1086 839 aliis
1098 813 1350 845 subministraverit.
1363 813 1529 848 maximeque
1542 813 1744 846 medicamenta,
1757 821 1818 848 qua:

1027 857 1083 892 ipsa
1095 858 1229 893 Ingeniosa
1248 858 1280 885 ad
1295 866 1437 893 pauperum
1452 858 1634 893 :rgrotantium
1647 866 1722 886 usum
1735 866 1817 893 appa-

1027 904 1111 931 rabat.
1128 904 1235 931 Certum
1249 909 1336 931 tamen
1351 909 1391 932 est
1403 925 1410 935 ,
1432 905 1511 931 etiam
1533 909 1594 931 tunc
1611 904 1679 931 clam
1692 924 1700 937 ,
1714 909 1742 931 et
1761 904 1817 931 for-

1027 953 1098 977 tasse
1117 950 1185 976 intra
1199 950 1294 977 domos
1307 958 1420 985 synaxes
1435 950 1581 977 celebratas
1596 949 1687 978 fuisse.
1702 950 1819 977 Joannes

1027 996 1098 1023 enim
1115 995 1291 1031 Theophilum
1314 1001 1341 1023 et
1354 996 1498 1024 Salustium
1524 996 1694 1032 presbyteros
1715 996 1816 1030 culpat,

1026 1040 1097 1075 quod
1117 1041 1261 1076 synaxibus
1280 1041 1386 1068 assidue
1409 1048 1461 1067 non
1484 1041 1653 1068 interessent.
1675 1039 1730 1067 Ime
1743 1045 1817 1067 extra

1027 1087 1118 1114 urbem
1133 1095 1238 1122 quoque
1254 1088 1279 1114 iu
1294 1088 1428 1114 tuentibus
1443 1092 1470 1114 et
1489 1087 1571 1123 sylvis
1583 1095 1696 1122 synaxes
1712 1087 1815 1114 habitas

1028 1131 1109 1160 fuisse
1122 1153 1129 1165 ,
1152 1132 1326 1159 testificantur
1345 1133 1488 1167 scriptores
1501 1132 1608 1167 quidam
1621 1153 1627 1164 ,
1644 1138 1670 1160 et
1685 1133 1711 1160 iu
1724 1133 1816 1160 codice

1026 1177 1212 1205 Theodosiano
1224 1178 1354 1212 ejusmodi
1368 1185 1483 1214 synaxes
1496 1178 1663 1206 severissime
1676 1178 1817 1214 punienda:

1026 1223 1152 1250 dicuntur
1163 1223 1285 1258 (Niccplt.
1301 1223 1419 1259 Cltron.).

1063 1268 1200 1304 Eutropius
1224 1269 1313 1296 Lector
1332 1269 1357 1296 in
1381 1270 1531 1296 cruciatibus
1553 1270 1658 1296 moritur
1677 1274 1701 1296 et
1723 1275 1818 1305 martyr

1028 1315 1140 1342 habrtur.
1167 1330 1202 1335 ——
1224 1316 1291 1342 Cum
1312 1316 1403 1350 ingens
1425 1320 1512 1342 metus
1537 1315 1662 1350 populum
1678 1322 1693 1342 a
1706 1316 1817 1342 tumultu

1026 1361 1202 1393 coercuisset,
1221 1361 1364 1388 Praefectus
1378 1362 1449 1388 urbis
1469 1361 1502 1388 de
1523 1361 1646 1388 inccndio
1657 1361 1778 1388 ecclesias
1792 1367 1817 1388 et

1027 1407 1292 1441 curiaequmstionem
1317 1406 1424 1438 habuit,
1449 1406 1599 1441 multosque
1616 1406 1742 1441 gravibus
1755 1414 1817 1441 sup-

1027 1453 1112 1488 pliciis
1121 1453 1219 1480 affecit.
1234 1452 1299 1480 Cum
1314 1453 1384 1480 enim
1397 1452 1534 1479 idololatra
1548 1457 1627 1485 esset,
1645 1452 1679 1479 de
1692 1452 1818 1480 Ecclesia:

1026 1498 1219 1525 calamitatibus
1244 1498 1425 1525 delectabatur
1449 1498 1531 1533 (Soz.
1553 1498 1572 1524 Ι,
1595 1497 1621 1524 8.
1641 1506 1664 1524 c.
1686 1496 1731 1524 25.
1752 1497 1815 1532 24).

1029 1543 1170 1578 Eutropius
1185 1543 1270 1570 lector
1284 1544 1317 1570 ad
1337 1543 1492 1570 iudicandos
1502 1551 1558 1575 eos,
1575 1544 1619 1578 qui
1636 1544 1722 1579 ignem
1732 1544 1818 1571 eccle-

1027 1590 1073 1616 sia:
1088 1589 1232 1624 injecerant
1245 1610 1251 1621 ,
1274 1590 1300 1617 in
1319 1589 1446 1624 judicium
1470 1589 1616 1622 adductus,
1637 1589 1739 1616 etiamsi
1755 1589 1818 1616 loris

1026 1640 1053 1662 et
1064 1635 1176 1663 fustibus
1189 1643 1283 1668 etcsus,
1304 1636 1407 1662 etiamsi
1421 1637 1444 1662 ei
1461 1636 1542 1663 latera
1556 1640 1582 1663 et
1597 1643 1671 1670 gente
1687 1636 1818 1671 unguibus

1028 1681 1208 1708 Iacerarentur
1219 1701 1226 1713 ,
1240 1681 1418 1716 ardentesque
1439 1680 1510 1708 faces
1520 1681 1624 1716 corpori
1643 1680 1818 1708 admoveren-

1027 1731 1085 1758 tur,
1109 1727 1157 1753 etsi
1176 1726 1263 1754 adbuc
1283 1726 1438 1754 adolescens
1460 1731 1486 1753 et
1504 1734 1616 1761 corpore
1636 1731 1728 1759 tener,
1752 1726 1818 1753 nihil

1027 1779 1151 1807 nm‘juam
1174 1771 1313 1799 confessus
1334 1777 1374 1799 est
1388 1781 1395 1799 Ζ
1409 1780 1440 1800 ac
1458 1777 1517 1807 ροςῑ
1537 1777 1667 1800 tormenta
1683 1772 1709 1799 in
1728 1780 1819 1799 carce-

1026 1825 1082 1845 rem
1095 1818 1231 1852 conjectus
1243 1839 1250 1851 ,
1274 1818 1327 1845 illic
1345 1818 1460 1845 animam
1483 1818 1552 1845 baud
1567 1819 1649 1846 multo
1665 1823 1756 1854 postea
1771 1826 1818 1845 ex-

1027 1864 1134 1890 halavit.
1162 1863 1226 1898 Ejus
1245 1864 1386 1891 occasione
1406 1864 1570 1892 Sozomenus
1589 1865 1721 1891 somnium
1737 1863 1818 1893 refert

1027 1908 1134 1936 Sisinnii
1147 1909 1304 1944 cujusdam,
1320 1909 1526 1936 Novatianorum
1546 1910 1662 1944 episcopi
1674 1930 1682 1942 ,
1697 1909 1739 1937 cui
1753 1909 1818 1937 dor-

1027 1956 1117 1983 mienti
1133 1955 1231 1982 dictqu
1253 1956 1300 1982 fuit
1315 1956 1471 1990 Eutropium
1491 1956 1576 1982 solum
1598 1955 1709 1990 probum
1729 1955 1815 1982 virum

1027 2003 1053 2029 in
1067 2003 1172 2029 civitate
1185 2003 1276 2029 fuisse.
1290 2002 1432 2036 Eutropius
1446 2006 1534 2028 autem
1549 2001 1592 2029 hic
1604 2002 1672 2028 inter
1685 2006 1816 2036 martyres

1028 2048 1053 2074 in
1067 2048 1254 2083 liiartyrolngio
1273 2048 1392 2074 Romano
1407 2047 1560 2075 celebratur
1573 2069 1580 2080 ,
1603 2047 1761 2074 duodecimo
1774 2046 1818 2074 die

1027 2094 1145 2121 Januarii
1161 2095 1271 2121 mensis.

1061 2139 1163 2174 Tigrim;
1181 2139 1316 2175 Presbyter
1339 2139 1475 2166 cruciatur.
1487 2154 1522 2159 —
1532 2139 1605 2166 Tuuc
1617 2139 1697 2166 etiam
1714 2139 1819 2174 Tigrius

1027 2185 1165 2219 presbyter
1175 2205 1182 2218 ,
1201 2185 1365 2212 vestimentis
1379 2190 1474 2212 exutus
1486 2189 1512 2212 ct
1525 2189 1598 2220 tergo
1613 2184 1701 2219 ﬂagris
1712 2192 1796 2211 caesus
1807 2205 1814 2216 ,

1027 2231 1173 2266 vinetisque
1192 2231 1302 2266 pedibus
1315 2236 1340 2258 ct
1355 2231 1477 2258 manibus
1500 2231 1524 2258 in
1545 2231 1657 2266 cquulco
1672 2235 1798 2257 extensus
1809 2251 1817 2262 ,

1028 2277 1154 2304 membris
1168 2277 1312 2304 dissolutus
1325 2282 1365 2304 est
1376 2276 1449 2312 (Sos.
1466 2276 1483 2303 ι.
1497 2277 1524 2304 8.
1538 2285 1561 2304 c.
1576 2276 1631 2311 ‘24).
1652 2276 1715 2303 Erat
1729 2281 1816 2303 autem

1027 2323 1070 2350 hic
1085 2323 1190 2350 natione
1205 2323 1332 2350 barbarus
1343 2328 1369 2350 et
1380 2322 1526 2356 eunuchus,
1537 2322 1583 2350 sed
1597 2322 1689 2349 ncnub
1698 2322 1817 2356 origine:

1027 2369 1144 2403 quicum
1167 2368 1192 2394 in
1215 2367 1294 2395 domo
1309 2368 1446 2403 cujusdam
1460 2367 1575 2402 potentis
1593 2375 1685 2395 servus
1705 2367 1816 2400 fuisset,

1027 2413 1135 2440 domino
1157 2421 1206 2440 suo
1223 2414 1347 2448 probatus
1362 2433 1369 2446 ,
1395 2414 1543 2441 libertatem
1562 2417 1707 2440 meruerat.
1724 2413 1817 2440 Postea

1027 2467 1090 2487 vero
1103 2459 1134 2486 ad
1145 2459 1301 2496 presbyterii
1312 2460 1421 2495 gradum
1433 2465 1578 2494 promotus,
1588 2459 1705 2486 moribus
1717 2464 1817 2494 gratus,

1027 2506 1110 2532 contis
1121 2527 1128 2538 ,
1150 2509 1228 2540 atque
1237 2513 1298 2540 erga
1312 2513 1442 2541 pauperes
1457 2510 1483 2533 et
1497 2505 1650 2540 peregrinos
1662 2505 1818 2540 benignissi-

1028 2559 1087 2578 mus
1101 2551 1157 2577 fuit.
1174 2550 1222 2578 IIic
1241 2551 1320 2578 etiam
1342 2552 1494 2578 enuntiatur
1513 2550 1538 2578 in
1554 2550 1742 2586 Martyrologio
1764 2550 1817 2576 Ro-

1028 2605 1107 2625 mano
1130 2597 1287 2624 duodecimo
1307 2597 1351 2624 die
1375 2597 1502 2625 Januarii.
1529 2597 1557 2624 In
1586 2602 1686 2631 partem
1714 2603 1819 2631 quoque

1028 2650 1206 2670 aerumnarum
1220 2647 1350 2669 vcueruut
1366 2642 1490 2670 monachi
1511 2642 1706 2677 Mesopotamiae
1721 2647 1745 2668 et
1760 2641 1817 2667 dia-
1849 2671 1851 2674 ν

1028 2690 1141 2717 conissa?
1151 2689 1179 2715 C.
1197 2689 1239 2721 P.,
1254 2697 1313 2724 qua:
1328 2690 1491 2724 cogebantur
1503 2689 1545 2717 vel
1553 2697 1612 2717 cum
1625 2688 1732 2716 Arsacio
1742 2694 1816 2714 cotu-

1030 2735 1178 2768 municare,
1190 2735 1232 2762 vel
1243 2735 1300 2762 auri
1312 2734 1365 2763 200
1376 2735 1457 2763 libras
1468 2735 1542 2763 dare.

1066 2780 1198 2815 Olympias
1225 2779 1384 2808 Diaconisoa.
1410 2795 1443 2801 —-
1475 2782 1610 2820 Olympias
1625 2784 1775 2813 diaeonissa
1792 2785 1820 2812 in

1031 2827 1082 2854 hoc
1105 2834 1192 2854 rerum
1216 2826 1371 2855 discrimine
1395 2829 1579 2857 fortitudinem
1596 2828 1679 2857 animi
1697 2828 1820 2859 exhibuit
