2032 3110
213 106 264 134 219

216 164 287 194 (Sat.
306 164 326 190 Ι.
342 163 367 190 8.
384 173 405 190 u.
420 163 475 200 2t).
489 163 552 191 Nam
562 171 621 191 cum
634 164 660 191 in
670 163 798 199 judicium
806 165 917 192 adducta
927 171 996 192 esset

220 212 401 244 interrogante
419 210 546 237 Prarfccto
559 217 607 237 cur
619 209 757 237 ecclesiam
775 211 943 243 incendisset,
964 219 1007 238 re-

217 256 324 290 spondit
343 266 348 282 :
364 256 422 283 Non
440 261 474 283 est
489 257 536 283 hoc
550 256 606 284 vita:
618 264 679 283 mea
698 257 847 284 institutum.
863 257 918 292 Ego
941 258 1006 285 enim

217 301 350 335 facnltotrs
366 310 431 328 meo:
444 310 500 336 qum
512 303 597 328 multa:
609 307 679 329 erant
700 308 722 329 ct
746 305 862 330 maxime
874 324 881 337 ,
909 305 1008 338 templis

219 347 266 374 Ι)ρί
284 348 455 374 instanramlis
481 348 600 382 impendi.
624 348 690 376 Cum
716 354 804 376 autem
827 349 927 376 diceret
945 350 1007 382 ille,

219 393 299 426 probe
312 393 361 419 sibi
373 397 460 419 notant
474 401 533 420 esse
547 394 616 420 illius
635 394 739 421 vivendi
760 395 888 421 rationem
902 416 910 428 ,
925 403 1008 430 appo-

217 438 268 465 site
282 439 416 472 respondit
428 439 469 464 illa
481 448 486 465 :
500 438 539 465 Tu
550 447 608 474 ergo
619 440 644 465 in
658 440 811 467 accusatoris
825 441 906 467 locum
919 441 1010 472 transi,

218 489 241 510 et
256 484 322 510 alius
337 483 369 510 de
383 484 452 510 nobis
463 484 571 518 judicet.
595 484 736 511 Prml'ectus
753 484 816 512 nihil
828 485 927 512 habens
940 486 1010 520 quod

219 528 327 564 culpare
343 533 442 563 posset,
455 529 487 556 ad
500 529 570 556 aliud
587 538 616 557 se
631 531 771 564 convertit,
787 535 865 566 atque
877 531 1010 567 Olympia-

220 573 246 601 di
274 575 431 609 caeterisquc
466 575 623 602 mulieribus
655 577 799 603 amentiam
824 578 1010 612 exprobravit,

221 620 290 655 quod
313 621 428 656 episcopi
451 621 490 647 sui
504 642 510 653 ,
537 622 638 648 Arsacii
661 630 775 657 nempe,
799 624 1011 651 communionem

221 672 417 694 aversarentur.
435 667 579 694 Prarfcctus
593 675 656 695 vero
682 673 743 695 tunc
766 668 871 703 quidem
889 669 959 696 illatn
973 669 1013 696 di-

223 712 315 744 misit;
333 713 416 740 altero
429 718 517 740 autem
532 714 574 740 die
596 719 734 741 evocatam
752 715 822 742 illam
844 723 939 750 magno
957 716 1012 743 auri

222 760 340 794 pondere
351 761 494 787 iutilctavit.
510 760 634 794 Quaedam
651 765 738 788 autem
752 761 810 788 alia:
826 767 897 789 metu
909 763 1012 797 percul-

223 811 259 831 sa:
277 826 282 836 ,
300 805 400 832 Arsacii
416 807 630 833 communionem
642 807 682 834 vel
696 807 783 834 invitm
797 808 927 842 amplexa:
944 814 1014 835 sunt.

259 849 384 876 Pentadio
397 851 549 878 diuronissa.
562 867 597 871 ——
612 852 736 879 Pentadio
754 860 858 887 quoque
868 853 1015 881 diaconissa

224 895 301 923 vidua
313 916 320 928 ,
337 896 400 923 olim
417 897 525 924 Timasii
546 897 668 924 Comulis
684 906 750 925 uxor
764 919 771 931 ,
786 903 894 926 strenue
906 903 932 926 et
949 906 1015 926 con-

226 942 389 969 stautissime
412 950 518 969 causam
541 943 651 970 Joannis
673 943 799 970 defendit.
824 943 938 979 Ideoque
952 943 1014 977 illa,

226 994 286 1020 quae
307 987 409 1013 nonnisi
430 987 570 1014 ecclesiam
593 988 797 1023 euhiculutnque
818 996 894 1016 suum
908 994 1018 1016 noverat

229 1032 371 1067 (Chrysost.
392 1033 471 1068 Epist.
487 1033 543 1068 94),
558 1035 583 1060 in
598 1033 683 1061 forum
702 1039 830 1069 pertracto
843 1035 890 1062 fuit
903 1056 909 1068 ,
930 1043 943 1061 a
960 1035 1017 1062 foro

224 1078 257 1106 ad
272 1079 424 1110 tribunalia,
435 1079 477 1106 ubi
487 1080 762 1116 firmitatisauimiquc
776 1081 937 1108 fortitudinis
951 1089 1018 1108 nova

225 1124 300 1158 signa
322 1124 480 1159 egregiaque
500 1124 588 1158 dedit;
615 1130 705 1160 postea
728 1133 791 1152 vero
811 1134 825 1152 a
849 1125 970 1152 tribunali
986 1125 1018 1152 ad

225 1177 360 1196 carcerem
387 1170 520 1202 deducta,
546 1171 601 1205 pari
623 1171 812 1206 tranquillitate
842 1171 1018 1206 ﬁrmituthue

226 1215 315 1241 omnia
335 1215 458 1249 pertulit;
479 1215 590 1250 ideoque
611 1216 671 1250 jure
685 1223 700 1242 a
714 1215 904 1251 Chrysostomo
923 1217 949 1244 in
972 1225 1017 1244 sua

228 1261 260 1286 ad
288 1260 358 1286 illam
382 1260 494 1294 epistola
519 1261 661 1287 admodum
685 1261 842 1289 celebratur.
872 1262 961 1289 Voluit
976 1262 1018 1289 illa

230 1305 317 1332 hieme
338 1310 466 1340 sequente
480 1306 576 1341 (Epist.
587 1307 660 1342 104),
676 1306 904 1342 Constantinopoli
916 1308 1018 1339 relicta.

230 1350 282 1378 alio
296 1357 437 1385 peragrare
451 1360 457 1378 :
481 1359 573 1378 verum
591 1351 707 1379 Joannes
721 1351 791 1378 illam
805 1352 924 1379 hortatus
939 1356 980 1380 est
994 1357 1021 1379 ut

231 1397 255 1422 in
267 1395 332 1422 urbe
348 1401 479 1428 maneret,
495 1396 538 1422 ubi
550 1397 703 1423 concivibus
712 1397 789 1423 variis
803 1397 887 1424 modis
903 1396 1021 1424 subsidio

229 1448 288 1468 esse
308 1446 406 1476 posset.
427 1441 454 1468 In
472 1442 530 1469 illos
545 1442 624 1469 etiam
641 1443 783 1470 stm'ierunt
800 1443 843 1478 qui
869 1443 1021 1470 vexationes

230 1486 328 1513 vitandi
344 1494 422 1514 causa
437 1487 505 1521 apud
520 1487 700 1514 monachosse
710 1492 864 1522 receperant
875 1487 969 1524 (Epist.
981 1489 1019 1523 2):

230 1532 292 1566 quitt
306 1532 385 1558 etiam
402 1532 473 1566 ipsos
489 1533 632 1560 monachos
645 1538 672 1560 et
686 1533 800 1568 virgines
813 1534 836 1560 in
850 1533 947 1561 fittncm
957 1541 1021 1561 con—

229 1577 318 1610 jccere
334 1581 361 1603 et
374 1577 490 1604 vestibus
505 1577 648 1604 nudavere.
660 1576 803 1604 Mooaehos
813 1583 900 1605 autem
909 1578 1022 1605 Gottlios

231 1621 416 1658 (Epist.20'l),
437 1623 480 1658 qui
495 1622 520 1649 in
537 1627 606 1650 terra
619 1623 735 1650 Promoti
752 1623 903 1658 degebant,
925 1631 1021 1651 conso-

231 1669 300 1695 latus
322 1673 361 1694 est
378 1668 586 1703 Chrysostomus
598 1689 606 1702 ,
620 1669 726 1704 quando
740 1669 780 1696 sui
795 1677 874 1697 causa
889 1669 1022 1696 molestias

233 1713 330 1740 niultas
343 1718 367 1740 et
380 1722 514 1741 :erumnas
529 1716 646 1749 perpessi
658 1721 729 1742 sunt.

269 1757 388 1793 Episcopi
405 1759 506 1793 quidam
521 1759 597 1794 pulsi.
612 1775 647 1779 —
661 1760 744 1787 Tanto
769 1761 906 1788 fet'vebant
925 1761 941 1788 ii
955 1782 962 1792 ,
978 1762 1022 1796 qui

233 1808 296 1830 tunc
308 1803 393 1829 aulam
415 1803 839 1839 lmperatoriammoderabantur,
857 1806 881 1833 in
893 1806 1022 1834 Joannem

233 1853 260 1876 et
284 1849 341 1884 ejus
368 1856 506 1877 consortes
534 1850 611 1884 odio,
635 1857 659 1878 nt
687 1859 739 1879 non
754 1852 830 1886 pauci
846 1857 907 1879 tunc
921 1853 1023 1887 episco-

235 1896 280 1930 pi,
295 1897 338 1931 qui
360 1897 440 1931 probe
461 1905 517 1924 rem
545 1898 750 1925 ecclesiasticam
778 1899 905 1934 gerebant
924 1920 932 1931 ,
953 1899 1022 1934 quod

233 1943 326 1970 Joaoni
354 1943 450 1970 addicti
471 1949 576 1974 essent.
600 1945 666 1979 pulsi
686 1944 812 1981 (Pallad.
829 1945 957 1980 p.195);
979 1945 1023 1972 alii

234 1995 306 2021 vero.
320 1996 371 2015 non
387 1989 484 2023 indigni
501 1990 588 2021 modo,
600 1990 644 2017 sed
657 1990 734 2017 etiam
745 1991 898 2025 plerumque
907 1990 1022 2023 seelesti,

235 2034 262 2060 in
277 2033 379 2060 illorum
389 2034 476 2061 locutu
492 2034 700 2062 intrmlerentur.

269 2080 441 2114 Serapionem
465 2079 564 2113 igitur,
594 2089 670 2115 quem
705 2081 821 2108 Joannes
849 2082 981 2108 Heraclea:
998 2081 1024 2108 in

237 2124 349 2152 Thracia
375 2125 526 2158 episcqutm
545 2126 718 2152 constituerat
746 2126 910 2162 (1ζρίει.14)
926 2147 933 2159 ,
967 2131 1025 2160 post

234 2170 388 2196 imuuueras
423 2170 522 2205 absque
566 2171 616 2197 ulla
657 2171 812 2205 probatione
854 2171 1021 2203 calumnias,

234 2222 336 2243 sunnna
359 2214 514 2241 crudelitate
540 2223 638 2242 ctesum
675 2223 757 2250 usque
783 2216 814 2242 ad
841 2217 1022 2243 excussionetn

233 2260 350 2287 cientium
375 2261 399 2286 in
425 2260 535 2294 patriam
562 2268 636 2287 suam
657 2261 807 2296 relcgarunt
831 2262 945 2295 (Pallad.
964 2261 1024 2288 Dia-

234 2308 311 2342 μιᾳ.)
338 2315 343 2332 z
367 2306 410 2332 ille
435 2314 497 2332 vero
516 2306 547 2332 ad
573 2306 718 2333 monachos
742 2307 842 2333 Marsos
865 2312 891 2334 et
911 2308 1023 2335 Gotthos

233 2353 387 2387 aufugerat,
404 2352 492 2386 ibique
503 2351 547 2378 diu
561 2352 702 2380 delituerat
715 2357 857 2388 antequam
871 2357 1020 2388 caperetur.

235 2397 262 2424 in
277 2397 334 2431 ejus
349 2404 411 2424 vero
423 2396 509 2424 locum
525 2397 683 2424 substitutus
698 2397 745 2425 fuit
758 2397 890 2432 Eugenius
902 2397 1020 2432 quidam,

235 2445 260 2471 iu
275 2443 424 2471 mercedem
438 2443 652 2477 conspirationis,
666 2452 744 2479 quam
755 2443 882 2471 adversus
893 2443 1021 2470 Joannem

233 2490 388 2524 episcopum
403 2497 478 2518 suum
499 2495 663 2525 susceperat.
691 2490 742 2517 Sex
767 2490 804 2516 illi
826 2489 943 2524 episcopi
956 2511 962 2519 .
978 2490 1022 2523 qui

234 2535 355 2562 sinioniae
369 2542 448 2563 causa
469 2543 483 2562 a
499 2535 600 2563 Joanne
615 2535 727 2570 depositi
744 2535 849 2562 fuerant
865 2534 980 2570 (Pallad.
997 2535 1023 2561 in

237 2580 332 2614 Dial.),
344 2585 373 2607 ut
384 2588 462 2615 supra
476 2581 600 2612 diximus,
615 2581 719 2616 rejectis
736 2581 768 2608 iis
780 2581 869 2615 probis
882 2580 1022 2615 episcoin

233 2633 301 2661 quos
314 2626 430 2654 Joannes
447 2626 471 2653 in
487 2633 578 2653 corum
595 2627 679 2654 locum
701 2626 888 2656 ordinaverat,
904 2625 929 2652 in
944 2625 1024 2651 sedes

234 2681 295 2701 suas
311 2679 373 2701 tunc
387 2673 500 2701 restituti
512 2678 591 2705 sunt,
609 2673 654 2700 sed
672 2677 809 2707 postquam
825 2671 1023 2699 restituentibus

234 2727 263 2746 se
277 2719 396 2755 pccunim
406 2726 536 2746 summam
551 2723 753 2745 numerat-erant
768 2727 774 2743 :
796 2725 847 2751 quo
862 2722 933 2743 certe
946 2717 1024 2744 modo

235 2766 374 2792 simoniam
394 2764 567 2792 renovabam.
595 2763 747 2790 lleraclidcs
775 2768 862 2789 autem
886 2764 1024 2798 episeopus

237 2810 331 2845 l-Lptn-si
348 2817 362 2836 a
390 2810 493 2838 Joanne
507 2814 674 2842 constitutos,
690 2814 722 2836 ab
743 2809 855 2837 inimicis
869 2811 925 2845 ejus
941 2810 1023 2844 depo-

763 107 790 134 S.
809 108 947 136 JUANNIS
963 109 1197 138 CllltYSOSTOMI
1220 110 1308 143 VITA,

1797 111 1849 140 220

1060 166 1138 198 situs,
1154 173 1200 200 per
1215 166 1417 200 quadriennium
1427 165 1521 193 saltem
1532 165 1692 193 Nicomedia:
1706 166 1734 193 iu
1742 173 1850 195 carcere

1061 211 1178 238 inclusus
1193 212 1289 237 mansit
1318 210 1446 245 (Pallad.
1471 210 1571 246 Dialog.
1589 211 1608 245 ).
1635 210 1662 237 lu
1685 209 1743 245 ejus
1762 216 1850 238 autem

1061 257 1147 284 locum
1160 255 1321 283 substituere
1334 256 1447 283 Victoris
1459 256 1556 283 tribuni
1570 255 1731 288 eunuchum,
1747 257 1850 284 manci-

1062 303 1143 337 pium,
1156 303 1240 337 inquit
1255 302 1397 333 Palladius,
1411 302 1546 329 ebriosum
1558 323 1565 336 ,
1582 302 1773 336 meretricium,
1789 309 1851 329 ava-

1061 356 1119 375 rum
1132 357 1137 379 ;
1154 353 1250 375 etetera
1264 355 1326 375 vero
1342 347 1443 374 referre
1455 347 1544 381 pudet.

1096 393 1151 421 Sub
1178 393 1234 420 lucc
1255 397 1344 420 autent
1377 393 1546 420 Theotecnus
1573 393 1712 428 presbyter
1741 393 1852 420 Romam

1064 439 1152 470 venit,
1176 439 1268 466 literas
1279 438 1392 466 efferens
1406 438 1498 473 viginti
1513 438 1630 473 quinque
1645 439 1828 473 episcoporum
1844 459 1853 470 ,

1063 485 1106 519 qui
1125 492 1184 511 cum
1200 484 1302 512 Joanne
1315 484 1348 511 ad
1363 483 1499 520 Synodum
1519 484 1706 511 celebrandam
1721 491 1852 512 convene-

1064 534 1123 556 rant
1135 529 1143 564 (
1157 529 1262 556 Pallad.
1279 528 1382 564 Dialog.
1400 529 1428 565 )z
1443 530 1518 564 queis
1535 529 1688 557 Innocentio
1703 529 1781 564 Papae
1793 537 1855 557 nar-

1065 575 1158 602 rabant
1176 583 1228 610 quo
1250 580 1326 610 pacto
1343 575 1458 603 Joannes
1482 583 1497 602 a
1520 576 1632 603 militum
1656 583 1734 603 manu
1751 576 1854 611 pulsus.

1065 620 1197 647 Cucusum
1213 621 1237 647 iu
1252 621 1373 648 exsilium
1389 621 1485 648 missus
1497 620 1598 648 fuisset.
1619 621 1700 648 Paulo
1710 626 1770 655 post
1784 622 1857 649 venit

1067 666 1194 694 l‘aternns
1208 687 1215 699 ,
1240 667 1324 701 quise
1338 667 1640 701 Constantinopolitanae
1654 667 1782 694 Ecclesia:
1795 674 1856 701 pre-

1066 713 1202 747 sbyterum
1216 712 1331 745 diccbat,
1344 712 1506 747 Joannisque
1519 711 1642 739 inimicus
1660 721 1666 738 :
1687 712 1777 739 literas
1791 711 1856 740 ³11³8-

1067 759 1139 786 rebal
1156 758 1243 785 Aeacii
1256 779 1264 789 ,
1291 758 1363 785 Pauli
1380 778 1387 791 ,
1412 757 1533 784 Antiochi
1547 757 1719 784 etSevcriaui
1732 758 1858 785 aliorum-

1067 811 1117 838 que
1130 825 1137 837 ,
1166 803 1211 838 qui
1230 804 1358 831 Joannem
1382 803 1610 830 calumniabantur
1625 804 1698 838 quasi
1713 804 1858 831 ecclesiam

1068 849 1239 877 incendisset.
1256 849 1428 877 Innocentius
1444 857 1506 876 vero
1520 849 1571 876 illis
1585 849 1750 883 respondere
1765 850 1857 884 digna-

1068 900 1111 923 tus
1124 904 1176 923 non
1191 900 1241 923 est.
1274 896 1336 923 Post
1355 895 1455 930 aliquot
1473 895 1530 922 dies
1550 895 1660 922 Romam
1689 896 1760 923 venit
1779 897 1860 923 etiam

1068 942 1193 978 Cyriacus
1203 942 1344 977 episcopus
1357 949 1389 969 ex
1404 941 1523 974 Oriente,
1536 942 1627 976 pulsus
1639 949 1685 976 per
1697 949 1757 968 eam
1771 941 1858 976 legem

1068 995 1128 1022 qnte
1142 987 1258 1015 ferebat:
1272 987 1302 1014 Si
1316 987 1371 1022 quis
1380 995 1428 1014 non
1453 987 1620 1014 communicat
1632 995 1688 1013 cum
1702 986 1858 1022 Theophila,

1070 1034 1174 1060 Arsacia
1188 1038 1209 1060 et
1225 1033 1380 1068 Porphyrio,
1397 1033 1439 1060 ille
1453 1033 1553 1067 quidem
1564 1033 1709 1068 episcopatu
1719 1037 1837 1060 arceatur
1850 1053 1859 1065 ,

1069 1079 1145 1106 simul
1159 1078 1233 1105 etiam
1247 1078 1347 1105 amittat
1362 1099 1368 1110 ,
1385 1078 1407 1105 si
1427 1086 1501 1112 quam
1519 1078 1586 1104 visas
1606 1078 1680 1112 fuerit
1696 1078 1787 1105 habere
1799 1078 1860 1104 sub-

1070 1125 1188 1151 stantiam
1209 1124 1373 1158 pecuniarum
1395 1129 1438 1150 aut
1460 1123 1621 1157 prwdiorum.
1638 1123 1699 1150 Post
1721 1123 1860 1158 Cyriacum

1070 1170 1176 1198 advertit
1198 1170 1322 1206 Eulysius
1335 1190 1341 1202 ,
1363 1175 1390 1196 et
1410 1170 1454 1196 alii
1475 1177 1579 1204 quoque
1595 1189 1602 1201 ,
1622 1169 1655 1196 de
1674 1169 1771 1203 quibus
1793 1168 1862 1196 infra

1072 1215 1256 1243 narrabimus:
1272 1223 1332 1242 naut
1358 1215 1483 1250 Cyriacus
1507 1214 1611 1241 nonnisi
1635 1222 1706 1242 anno
1719 1215 1770 1242 405
1782 1215 1862 1242 adve-

1072 1261 1142 1288 nisse
1157 1261 1250 1294 potuit.
1268 1260 1338 1287 Ante
1352 1260 1542 1294 profectionem
1558 1268 1619 1286 vero
1632 1268 1707 1287 suam
1725 1260 1862 1295 aliquanto

1073 1313 1190 1342 tempore
1204 1307 1432 1342 Constantinopoli
1446 1307 1542 1334 occulti
1560 1314 1691 1334 mansere.

1108 1352 1215 1379 Honorii
1227 1353 1296 1387 Imp.
1311 1353 1344 1379 ad
1357 1352 1494 1378 Arcadium
1507 1352 1596 1378 (item.
1605 1366 1640 1371 —
1652 1352 1707 1378 lloc
1721 1353 1777 1386 ipso
1790 1359 1863 1379 anno

1074 1399 1136 1433 tot,
1154 1407 1204 1426 nec
1221 1399 1303 1426 multo
1312 1403 1372 1433 post
1384 1398 1487 1433 pulsum
1500 1398 1640 1429 Joannem,
1653 1397 1797 1430 Honorius,
1811 1399 1863 1425 0c-

1073 1445 1185 1472 eidentis
1205 1444 1361 1479 Imperator,
1378 1443 1491 1471 Arcadio
1505 1442 1579 1470 fratri
1593 1450 1641 1470 suo
1654 1443 1776 1476 scripsit.
1790 1450 1821 1470 ac
1833 1451 1864 1470 se

1074 1498 1156 1525 nuper
1173 1490 1309 1524 accepisse
1322 1489 1385 1516 dicit
1399 1489 1424 1516 in
1439 1489 1481 1516 die
1495 1489 1524 1515 S.
1541 1487 1648 1515 Pascha:
1667 1487 1769 1523 (Chrys.
1789 1492 1808 1514 t.
1827 1490 1853 1516 5.

1077 1544 1099 1562 r.
1115 1535 1189 1568 559),
1202 1537 1305 1564 clausas
1329 1535 1416 1563 subito
1441 1534 1522 1562 fuisse
1545 1534 1694 1561 Catltolicas
1718 1534 1862 1562 ecclesias.

1074 1586 1160 1608 trusos
1175 1581 1200 1608 in
1215 1581 1363 1608 custodiam
1388 1581 1559 1611 sacerdotes,
1580 1579 1669 1606 omnia
1695 1579 1818 1606 bellicum
1837 1579 1863 1605 in

1074 1626 1181 1654 modum
1196 1626 1299 1654 turbata
1313 1626 1437 1661 mysteria
1450 1646 1458 1658 ,
1471 1625 1611 1652 nonnullos
1626 1623 1652 1651 in
1666 1624 1728 1658 ipsis
1743 1625 1864 1651 ecclesiae

1073 1672 1197 1700 sacrariis
1208 1673 1380 1706 interemptos
1390 1672 1480 1702 fuisse,
1491 1671 1684 1705 episcoposque
1698 1670 1722 1696 in
1737 1670 1860 1697 exsilium

1075 1718 1174 1752 pulsos.
1197 1717 1223 1744 lu
1237 1719 1294 1744 lucc
1308 1722 1396 1744 atttem
1409 1717 1452 1744 ille
1468 1715 1666 1743 vehementiore
1679 1716 1758 1750 stylo,
1776 1720 1802 1742 ut
1816 1723 1862 1749 par

1074 1769 1140 1796 erat,
1156 1764 1305 1794 invehitur;
1319 1763 1368 1790 sub
1382 1763 1461 1789 tinent
1474 1770 1537 1789 vero
1552 1762 1637 1789 innuit
1653 1760 1859 1795 exspectanda-ti

1076 1810 1156 1837 fuisse
1172 1809 1248 1844 Papze.
1263 1809 1446 1835 auctoritatem
1461 1828 1468 1840 ,
1481 1808 1523 1842 qtti
1550 1807 1685 1841 pacilicam
1698 1805 1794 1833 Joantti
1808 1807 1864 1840 epi-

1075 1864 1155 1890 seopo
1180 1855 1348 1882 concordiam
1366 1855 1482 1885 miserat,
1513 1861 1560 1880 nec
1581 1860 1740 1887 quemquam
1758 1851 1865 1886 putabat

1075 1909 1135 1929 ante
1146 1902 1273 1936 judicium
1288 1901 1470 1935 repellendum
1484 1907 1552 1926 esse.
1571 1898 1723 1926 Periculum
1743 1905 1807 1925 vero
1822 1897 1863 1924 di-

1076 1947 1110 1973 cit
1132 1955 1189 1973 esse
1202 1967 1209 1979 ,
1231 1954 1262 1973 ne
1278 1946 1302 1972 id
1319 1946 1343 1972 iu
1359 1945 1464 1972 htunani
1481 1944 1586 1979 generis
1606 1943 1749 1978 perniciem
1766 1942 1864 1970 factum

1075 1992 1120 2018 sit.

1113 2036 1229 2063 lito/01in
1242 2036 1353 2069 Augusta
1365 2033 1586 2061 moritura—Nihil
1598 2034 1622 2060 in
1640 2033 1697 2059 aula
1712 2032 1864 2059 Constanti-

1077 2083 1226 2117 nopolitaua
1233 2082 1292 2109 boui
1301 2081 1574 2116 pepereruntllonurii
1584 2079 1794 2106 litcrzr.!lrcadio
1801 2086 1866 2105 sem-

1077 2136 1123 2163 per
1137 2128 1225 2154 moris
1238 2133 1260 2154 ct
1278 2127 1421 2154 aulicorum
1434 2131 1521 2160 optata
1536 2129 1663 2159 sequente
1678 2123 1795 2159 (Sozam.
1809 2123 1827 2150 Ι.
1838 2124 1865 2150 8.

1077 2175 1147 2201 c233.
1161 2174 1219 2201 Zor.
1236 2175 1254 2200 ί.
1269 2174 1308 2207 5).
1326 2173 1423 2200 Verum
1435 2173 1472 2199 ira
1484 2171 1650 2205 vindiclaque
1664 2169 1750 2196 divina
1765 2170 1847 2196 sa-viil
1858 2190 1866 2200 ,

1077 2229 1089 2246 ςι
1113 2219 1253 2254 multisque
1266 2218 1403 2246 observata
1416 2218 1479 2244 fuit:
1494 2225 1553 2243 nam
1564 2217 1613 2242 hoe
1627 2222 1696 2241 anno
1711 2214 1823 2241 Thracia
1842 2219 1868 2240 et

1078 2265 1208 2300 Illyticunt
1227 2264 1260 2290 ab
1275 2263 1376 2290 llunnis
1388 2262 1520 2289 devastata
1540 2261 1629 2287 fuere:
1645 2265 1671 2286 et
1683 2267 1736 2292 quo
1748 2264 1869 2293 tempore

1076 2309 1353 2344 Joannespclichnlttt‘,
1367 2308 1514 2335 Isaurorum
1525 2305 1868 2339 rebellioConstantinopoli

1077 2357 1191 2383 nuntiata
1208 2356 1265 2388 fuit,
1284 2355 1326 2389 qui
1340 2355 1364 2380 in
1383 2354 1470 2380 Asiam
1480 2352 1606 2379 Minorem
1616 2351 1675 2378 etin
1686 2350 1789 2386 Syriam
1800 2350 1866 2376 tnala

1076 2402 1213 2428 innumera
1229 2401 1350 2427 intulere.
1365 2399 1487 2434 Cyrinus,
1502 2396 1678 2424 Chalcedonis
1701 2395 1845 2430 cpiscopus
1858 2413 1863 2417 -

1077 2455 1144 2473 tutus
1157 2454 1188 2473 ex
1202 2445 1397 2473 ardetttioribus
1410 2443 1519 2471 Joannis
1542 2442 1671 2472 inimicis.
1696 2441 1740 2476 qui
1751 2441 1776 2468 in
1788 2447 1866 2474 caput

1076 2499 1169 2523 suum,
1183 2496 1210 2518 ut
1229 2497 1307 2525 supra
1331 2489 1442 2516 vidimus
1459 2508 1466 2519 ,
1494 2487 1647 2522 sanguinem
1662 2485 1772 2514 Joannis
1797 2492 1861 2512 con-

1079 2537 1183 2569 lnlcrat,
1196 2545 1228 2563 ex
1244 2536 1336 2563 dolore
1357 2543 1417 2562 crus
1437 2534 1486 2561 sibi
1501 2533 1619 2560 exscindi
1643 2532 1735 2566 jubere
1755 2535 1864 2558 coactus

1078 2587 1118 2609 est
1131 2603 1139 2614 ,
1159 2586 1187 2608 ut
1200 2586 1290 2617 postea
1306 2581 1331 2607 in
1351 2579 1482 2607 diuturnis
1498 2578 1657 2606 cruciatibus
1672 2577 1742 2604 lente
1760 2577 1866 2610 periret.

1079 2627 1226 2662 Trigesimo
1236 2627 1278 2653 die
1286 2625 1450 2661 Septembris
1464 2621 1707 2657 Constantinopolis
1718 2626 1745 2648 et
1753 2621 1869 2647 circum-

1078 2673 1162 2708 posita
1183 2673 1256 2707 regio
1276 2671 1404 2708 grandine
1431 2669 1641 2705 ingenti-afflicta
1657 2669 1721 2695 fuit:
1744 2672 1771 2694 et
1794 2671 1869 2693 sexto

1078 2718 1200 2745 Octobris
1220 2718 1309 2744 infelix
1325 2716 1442 2744 Eudoxio
1458 2716 1483 2742 in
1499 2715 1591 2742 abortu
1607 2714 1694 2749 periit.
1716 2712 1779 2739 Hinc
1793 2710 1867 2737 multi

1079 2765 1251 2790 observarem
1265 2785 1272 2794 ,
1294 2768 1319 2789 et
1334 2763 1380 2789 has
1401 2761 1534 2797 paettasob
1546 2761 1667 2796 injustam
1683 2764 1709 2787 et
1723 2758 1866 2784 violentam

1076 2809 1188 2836 Joziuuis
1216 2809 1396 2844 e\pulsionem
1411 2815 1424 2834 a
1442 2808 1494 2836 Deo
1512 2807 1623 2833 inflictas
1640 2810 1765 2840 putavcrc
1778 2803 1863 2836 (Socr.
