2032 3110
176 206 225 235 ει

179 264 198 288 t.
211 262 239 289 6.
253 269 276 287 ι·-
292 259 324 287 l9
334 258 353 293 ).
373 257 502 284 Arcadius
520 259 610 282 tamen
627 274 634 286 ,
655 258 700 280 aut
722 252 808 287 potius
828 251 872 285 qui
897 249 967 276 illius

180 307 287 335 nomine
312 305 400 331 omnia
422 302 628 330 moderabantur
641 321 648 331 ,
669 299 694 326 in
717 303 805 332 empto
819 296 968 332 perstitere.

214 352 330 379 Joannes
340 356 405 377 vero
415 348 509 375 Nicmaz
522 347 548 374 in
562 346 683 381 Bithynia
702 345 836 379 aliquanto
850 347 970 376 tempore

181 399 306 425 detentus
319 417 326 427 ,
341 403 374 422 ex
391 394 461 421 aeris
475 392 632 420 salubritate
644 389 822 417 valetudinem
835 394 860 414 et
873 394 970 422 corpo-

182 444 217 469 ris
238 442 319 468 robur
339 442 520 474 consequutus
536 442 597 469 est,
618 441 647 463 ut
662 436 718 470 ipse
731 435 794 462 dicit
811 435 836 460 in
853 433 970 467 Epistula

181 489 284 515 decima
298 486 329 514 ad
348 484 542 521 Olympiadem,
554 490 632 517 quam
651 481 757 516 scripsit
770 479 897 515 postridie
909 487 969 512 pro-

182 535 300 561 fecturus
313 533 459 562 Cucusum,
473 529 559 557 exsilii
574 529 673 555 locum.
690 527 785 554 Milites
798 530 886 552 autem
901 524 973 550 Prm-

183 579 253 611 fecti,
269 578 314 613 qui
327 577 402 604 illum
419 576 445 603 in
460 575 582 602 exsilium
595 573 741 603 ducebant,
764 571 828 598 nihil
844 577 896 597 non
908 577 971 603 age-

183 625 247 651 bant
262 629 291 650 ut
306 623 380 650 illum
396 623 550 648 recrearent
561 627 591 646 ac
606 618 745 645 reﬁcerent
755 637 762 649 ,
777 617 878 650 ipsique
893 615 972 642 etiam

184 670 259 705 plura
273 675 352 704 quam
368 667 449 694 vellet
472 664 558 692 uflicia
583 663 754 698 pratstabant.
771 661 872 688 Rumor
884 659 972 686 statim

185 722 292 750 sparsus
304 714 388 741 fuerat
406 714 492 747 ipsum
503 712 529 738 in
543 710 680 746 Scythiam
695 707 888 743 deportandum
903 713 971 733 esse.

188 761 279 787 Primo
293 763 421 786 statutum
443 756 525 784 fuisse
538 755 642 782 videtur
663 755 689 781 in
710 752 880 788 lniperatoria
902 751 972 782 aula,

185 805 247 833 dicit
269 805 314 832 ille
332 805 358 831 in
374 802 489 838 Epistula
510 801 612 828 decima
637 800 730 831 tertia,
749 803 776 825 ut
798 797 950 824 Sebasteant
966 816 972 826 ,

187 850 318 878 Armenia:
330 849 435 880 urbem,
448 847 599 874 exsulatum
614 845 762 872 mitteretur
775 851 780 869 :
797 842 857 873 sed,
875 845 975 868 mutato

182 896 295 924 consilio
307 917 314 928 ,
336 895 468 922 Cucusum
484 892 579 919 missus
599 895 657 923 est,
681 890 767 916 lucum
783 887 914 915 Armcuize
930 886 976 912 de-

183 941 373 969 sertissimum.
392 939 451 974 Ipse
465 945 528 966 vero
549 937 694 964 amicorum
713 934 854 961 multorum
867 939 974 967 cperant

185 989 361 1020 adhibuerat,
386 987 451 1013 utin
463 985 595 1012 mitiorem
613 987 640 1010 et
659 980 873 1017 propinquiorem
888 978 974 1005 locum

186 1035 343 1061 mitteretur.
359 1032 470 1063 Verum,
483 1037 530 1057 nec
544 1029 602 1055 sine
614 1026 732 1063 querela,
747 1026 811 1052 dicit
822 1025 893 1059 ipsos
907 1031 974 1055 rem,

184 1086 263 1113 quam
279 1076 402 1105 scelerati
416 1076 496 1103 etiam
517 1073 641 1101 homines
661 1073 803 1105 impetrant
819 1091 825 1102 ,
846 1068 974 1102 consequi

185 1131 238 1150 nou
254 1123 382 1157 potuisse.
405 1120 600 1155 lmperatriccm
614 1124 678 1144 vero
693 1116 877 1144 Eudoxiamse
889 1113 976 1141 Cucu-

186 1176 249 1195 sum
265 1167 330 1194 mitti
341 1167 453 1202 iussisse
476 1165 540 1192 dicit
561 1164 587 1191 in
611 1162 726 1198 Epistula
756 1162 805 1189 155
831 1160 864 1187 ad
887 1159 977 1195 Cyria-

183 1221 261 1240 (⁸1Ιηῖ.

221 1259 374 1294 Insequenti
388 1258 469 1293 igitur
483 1257 526 1284 die
540 1256 747 1292 Chrysostomns
757 1275 763 1286 ,
779 1253 886 1280 l‘ancmi
901 1260 976 1278 men-

181 1308 220 1332 sis
230 1309 336 1339 quarto,
344 1304 388 1338 qui
401 1303 499 1330 mensis
508 1300 734 1330 PaucmusJulius
743 1304 784 1326 est
797 1298 893 1333 (Epist.
900 1297 976 1330 3'21),

180 1358 210 1377 nl
227 1351 320 1378 videas
335 1349 404 1384 apud
418 1348 535 1376 Selidam
549 1352 576 1375 ct
591 1346 737 1376 Usserium,
752 1345 838 1372 Nicrra
850 1345 875 1370 in
885 1343 978 1377 Bithy-

179 1398 225 1422 nia
241 1396 379 1429 profectus
392 1399 443 1421 est.
460 1393 614 1427 Eodemque
625 1392 668 1418 die
679 1391 817 1425 epistolam
826 1389 931 1424 scripsit
944 1388 977 1415 ad

175 1441 373 1468 Constantium
388 1439 582 1474 presbyterum,
598 1437 742 1464 cobortans
763 1435 835 1461 illum
857 1439 883 1460 ut
898 1442 931 1460 tte
945 1441 977 1460 cx

175 1485 327 1519 pauentis
342 1484 466 1518 procella:
481 1486 637 1516 tempestate
652 1484 822 1507 amoveretur
836 1478 870 1505 ab
891 1477 979 1504 officio

175 1536 204 1557 et
218 1539 233 1558 a
248 1538 282 1558 re
298 1534 423 1564 suscepta
436 1549 444 1561 ,
460 1528 506 1555 sed
527 1535 574 1562 pro
586 1534 659 1553 more
673 1533 722 1553 suo
735 1532 782 1552 eos
796 1545 802 1556 ,
825 1524 868 1558 qui
892 1523 980 1550 adhuc

173 1577 342 1604 Grzccorum
355 1573 548 1609 superstitioni,
562 1580 608 1600 seu
620 1571 785 1602 idololatritc,
796 1569 878 1596 dediti
891 1573 978 1599 erant,

171 1623 207 1650 ad
222 1623 311 1650 (idem
321 1620 501 1647 Christianam
513 1623 668 1646 convertere
684 1621 814 1651 pergeret,
829 1620 858 1642 et-
871 1615 978 1649 impiam

168 1669 342 1702 religionem
354 1665 554 1696 exterminaret,
569 1668 648 1697 atque
662 1662 819 1694 Pltmuicite,
837 1660 940 1687 Arabia:
954 1663 981 1686 et

166 1714 298 1740 Orientis
312 1711 497 1739 Ecclesiarum
511 1717 600 1736 curam
611 1713 717 1743 gereret
730 1716 737 1734 :
752 1708 867 1741 dicitque
885 1714 914 1733 se
928 1713 979 1732 non

165 1759 343 1786 Sebasteam
357 1778 366 1790 ,
390 1760 418 1782 ut
435 1755 562 1790 putabat,
584 1754 630 1781 sed
652 1753 785 1780 Cucusum
809 1752 834 1779 in
857 1751 980 1779 exsilium

164 1804 248 1831 mitti.
269 1804 302 1830 In
329 1802 390 1829 fine
404 1808 472 1828 vero
485 1801 535 1832 ait,
552 1799 603 1827 sibi
622 1804 684 1826 ante
704 1799 894 1833 profectionem
910 1805 981 1824 curae

160 1850 262 1882 fuisse,
282 1852 318 1874 ut.
334 1854 353 1873 e
372 1845 507 1873 Salamina
519 1845 599 1880 Cypri
611 1843 725 1870 hmrcsin
741 1843 979 1872 Marcionistarum,

158 1902 223 1929 qum
251 1895 293 1921 ibi
317 1891 501 1927 grassabatur
515 1911 521 1922 ,
538 1889 696 1917 climinaret.
721 1888 749 1916 Si
770 1895 834 1915 vero
857 1887 983 1922 Cyriacus

155 1941 318 1974 cpiscoiius
337 1936 436 1964 adhuc
456 1934 684 1968 Constantinopoli
705 1934 758 1966 sit,
782 1933 881 1960 scribat
903 1933 938 1959 illi
955 1936 983 1959 ut

153 1989 258 2020 pergat
272 1991 309 2011 ea
328 1981 472 2018 perﬁcere
485 2001 491 2012 ,
515 1988 574 2015 qua:
595 1980 652 2014 ipse
675 1986 815 2014 aggressus
827 1978 921 2005 fuerat.
939 1978 984 2005 Sic

151 2029 371 2057 sanctissimus
387 2026 434 2053 ille
448 2025 497 2058 vir,
511 2024 636 2052 aerumnis
652 2023 767 2058 undique
781 2023 962 2058 prementibus
974 2044 981 2055 ,

147 2075 296 2111 augenda:
314 2075 348 2101 in
367 2070 492 2098 diversis
508 2070 660 2103 regionibus
672 2069 830 2096 Christiana:
843 2068 881 2096 rei
893 2075 983 2095 curam

147 2127 304 2156 utinquam
324 2115 510 2152 deponebat.
526 2115 672 2149 Epistulam
686 2121 750 2142 vero
760 2114 793 2141 ad
809 2114 983 2148 Theophilum

144 2167 306 2202 scripsisse
337 2167 466 2199 putatur
481 2161 576 2195 (Epist.
593 2160 665 2195 H9),
682 2168 742 2187 cum
754 2160 839 2186 Nicara
854 2160 985 2194 profectus

144 2218 235 2246 esset,
256 2217 289 2239 ut
303 2210 467 2238 Cucusum
478 2206 650 2234 contenderet
662 2227 669 2239 ,
682 2206 854 2240 hortaturque
870 2205 942 2232 illum
958 2210 985 2232 ut

143 2263 247 2293 pergat
267 2254 419 2292 pericula
447 2252 536 2279 subire
555 2255 582 2278 et
603 2255 711 2278 strenue
730 2259 830 2286 agere:
852 2258 901 2277 nec
915 2250 986 2277 clare

141 2303 210 2331 dicit
228 2303 350 2338 quibus
372 2299 432 2326 ille
452 2296 530 2323 rebus
549 2301 610 2323 tunc
628 2304 736 2330 operam
756 2296 839 2323 daret.
867 2296 985 2323 Alteram

137 2350 201 2383 eius
225 2349 264 2376 ad
287 2342 505 2379 Theophilum
531 2341 668 2376 epistolam
691 2341 818 2368 habemus
834 2362 840 2373 ,
862 2341 986 2375 scriptam

137 2400 296 2430 postquam
312 2393 483 2420 Cucusum
497 2387 657 2414 advenisset.

173 2441 249 2468 Cum
268 2439 466 2466 Cagsaream
484 2432 510 2458 in
528 2431 711 2466 Cappadocia,
736 2432 820 2459 Nicwa
836 2432 986 2466 profectus,

132 2488 310 2518 duceretur,
328 2478 517 2518 Olympiadi
530 2478 635 2512 scripsit
659 2477 754 2512 (Epist.
771 2477 825 2513 ll),
839 2483 864 2504 et
880 2477 986 2512 quidem

134 2534 220 2568 paulo
237 2534 414 2568 postquam
438 2525 502 2551 iter
512 2523 572 2568 illud
587 2527 756 2557 susceperat,
771 2530 830 2550 eum
842 2523 928 2550 adhuc
942 2530 988 2550 va-

132 2567 264 2607 lemdmc
280 2577 335 2604 ina
354 2595 363 2607 ,
384 2575 493 2607 quam
510 2567 601 2595 Nicaea:
614 2573 816 2602 recuperaverat
828 2588 835 2600 ,
859 2572 886 2595 et
907 2568 988 2595 animi

131 2625 280 2653 hilaritate
296 2622 486 2650 frueretur.
511 2613 544 2641 Ea
559 2622 639 2647 vero,
659 2622 718 2648 qua:
734 2614 765 2641 de
777 2613 896 2641 Prmfecti
917 2614 988 2640 utili-

130 2673 219 2704 ,ηωε⁹
235 2670 291 2706 qui
306 2676 343 2696 se
362 2668 395 2694 in
411 2660 559 2692 exsilium
570 2661 718 2692 ducebant,
735 2660 777 2687 hic
790 2666 906 2692 enarrat,
923 2668 989 2695 prte<

130 2705 323 2746 ιρι-ιιιίιιέηάςι
339 2720 408 2742 non
424 2705 573 2737 duximus
589 2715 595 2732 :
619 2715 628 2730 ‹
649 2707 734 2740 Atque
745 2705 863 2733 Prmt‘ecti
879 2706 988 2738 milites,

129 2766 231 2799 inquit,
247 2764 267 2791 ii
283 2762 339 2798 qui
363 2751 772 2799 nobiscurit-peregrinantur,
790 2752 823 2777 ita
837 2759 885 2778 nos
897 2751 991 2778 officiis

129 2794 379 2844 ρηζεείμιυπςιυν,
407 2806 444 2829 ut
474 2804 519 2825 ne
547 2794 696 2822 famulorum
710 2796 813 2831 quidem
827 2804 934 2831 operam
946 2805 990 2824 rc—

130 2841 245 2889 ἐμὼ-αξ
263 2859 322 2882 nos
337 2851 453 2879 sinam
468 2864 478 2876 ν
509 2846 579 2868 cum
592 2841 638 2874 ipsi
649 2841 803 2868 famulorum
820 2842 906 2868 munia
920 2849 992 2868 exsc-

131 2887 270 2933 émnwr.
293 2896 427 2926 meum,
449 2895 514 2926 ’.ι-ο
532 2892 585 2911 suo
601 2892 659 2919 erga
673 2894 719 2912 nos
731 2887 883 2914 amore-hoc
897 2895 992 2914 munus

776 190 865 219 NUNC
886 190 1013 220 PRIMUM
1034 193 1054 218 Α
1060 191 1231 219 DORNATA.

1753 190 1807 220 Μ

1024 253 1050 274 ct
1063 248 1209 281 jussiuncm
1225 247 1427 282 prteripuerunt.
1443 250 1528 281 atque
1550 247 1647 282 ubique
1660 247 1807 275 satellitum

1022 301 1102 320 inauu
1117 293 1246 328 cingimur
1256 313 1263 324 ,
1279 300 1439 327 unoquoque
1454 292 1578 320 videlicet
1599 292 1710 328 hujusce
1731 293 1810 321 mini-

1023 339 1094 366 sterii
1112 339 1217 366 nomine
1228 346 1256 365 se
1272 338 1376 364 beatum
1389 337 1558 372 prtcdicanle.
1576 348 1588 364 ν

1061 383 1252 418 Cltrysostomus
1263 383 1403 410 Cwsarwm
1419 383 1442 409 in
1454 383 1616 419 Cappadocia
1628 385 1701 411 venit.
1716 400 1751 405 —-
1763 385 1812 411 Va-

1024 429 1140 456 letudine
1154 429 1222 456 bona
1239 429 1375 456 fruebatur
1387 429 1535 465 ille(Epist.
1552 429 1625 466 120),
1641 431 1746 466 quando
1765 431 1812 459 Ni-

1024 483 1077 502 czca
1092 475 1224 509 proiectus
1238 480 1278 502 est
1291 484 1298 507 ς
1313 476 1358 502 sed
1371 483 1430 502 cum
1445 476 1500 503 dies
1514 482 1656 511 noctesque
1667 478 1717 504 iter
1727 477 1814 505 facere

1024 527 1163 556 Cogeretur
1174 542 1180 553 ,
1199 522 1232 548 ita
1247 527 1274 548 ut
1287 527 1313 549 et
1328 527 1392 548 a-stu
1412 530 1555 557 oppressus
1567 543 1574 554 .
1589 527 1616 550 et
1638 524 1734 558 vigiliis
1748 532 1812 552 cou~

1025 566 1109 594 fecttts
1119 588 1126 598 ,
1141 572 1168 594 et
1182 575 1270 594 rerutn
1287 568 1498 595 necessariarum
1516 570 1623 602 periuria
1635 577 1753 604 pre~sus,
1769 571 1814 598 illo

1025 617 1165 647 pergeret,
1181 620 1230 639 nec
1243 612 1368 640 adessent
1389 613 1433 648 qui
1450 619 1556 648 possent
1573 614 1644 641 illum
1657 616 1752 649 juvare
1766 624 1773 647 ς
1789 617 1814 642 in

1025 657 1119 684 febrim
1141 657 1258 685 incidit:
1282 663 1361 692 atque
1385 658 1428 691 iis,
1451 658 1554 692 inquit,
1581 660 1626 694 qui
1652 660 1685 686 ad
1710 661 1815 688 metalla

1026 703 1188 731 damnantur
1199 725 1205 736 ,
1222 704 1262 732 vel
1278 704 1322 739 qui
1344 704 1371 732 in
1395 704 1508 732 vinculis
1534 709 1656 732 tenentur
1670 725 1676 738 ,
1692 707 1815 741 graviora

1026 755 1053 777 et
1078 750 1209 776 atrociora
1234 750 1342 785 pertulit
1355 750 1449 785 (Epist.
1466 751 1681 786 H).Anlequam
1705 760 1768 779 vero
1789 753 1815 780 itt

1026 795 1220 829 Cappadociam
1235 796 1398 830 perveniret,
1417 797 1545 824 liberatus
1559 796 1607 824 fuit
1622 805 1635 824 a
1647 798 1737 825 Galata
1751 819 1758 831 ,
1775 799 1815 825 in-

1026 840 1100 875 quit,
1114 841 1157 875 qui
1175 846 1287 868 mortem
1303 841 1352 868 sibi
1367 841 1556 874 minitabatur;
1571 842 1693 870 videlicet
1704 850 1717 869 a
1732 842 1817 870 Leon-

1029 886 1064 912 tio
1075 907 1082 918 ,
1100 886 1211 921 Ancyra:
1227 886 1252 913 in
1266 886 1368 914 Galatia
1391 889 1536 922 episcopo,
1551 888 1594 923 qui
1616 889 1684 915 inter
1696 889 1818 924 primipi~

1029 933 1097 960 lares
1111 932 1295 968 Chrysostomi
1314 933 1436 961 inimicos
1457 934 1580 968 princeps
1597 939 1665 962 erat.
1679 935 1730 962 Sed
1751 943 1805 963 nun

1029 980 1120 1005 tiatum
1146 978 1183 1006 illi
1210 979 1258 1006 fuit
1282 979 1467 1012 Pbaretrium,
1488 980 1616 1008 Caesareae
1643 981 1816 1016 episcopum.

1030 1024 1116 1057 ipsum
1131 1028 1287 1058 exspectare
1298 1044 1304 1056 ,
1319 1028 1346 1051 ut
1363 1024 1420 1058 ipse
1439 1031 1519 1052 omne
1541 1025 1659 1052 caritatis
1682 1026 1816 1060 specimen

1029 1069 1178 1097 exhiberet.
1193 1069 1238 1096 llle
1252 1077 1316 1096 vero
1342 1070 1374 1096 iis
1394 1069 1472 1096 fidem
1489 1077 1541 1097 non
1556 1070 1647 1098 habuit
1659 1093 1665 1103 ,
1682 1072 1734 1098 imo
1753 1079 1817 1100 con-

1030 1115 1109 1141 traria
1141 1114 1191 1142 sibi
1216 1120 1342 1142 eventura
1370 1116 1487 1150 putabat.
1522 1115 1693 1152 Tandemque
1726 1117 1818 1144 Czesa-

1030 1169 1103 1188 ream
1125 1161 1149 1187 in
1163 1161 1329 1195 Cappadocia
1344 1183 1350 1194 ,
1367 1161 1477 1196 perinde
1493 1167 1571 1198 atque
1592 1171 1605 1189 a
1621 1167 1777 1196 tempestate
1793 1166 1817 1191 in

1029 1207 1201 1241 tranquillum
1224 1212 1328 1241 portum
1350 1207 1480 1241 pervenit.
1495 1206 1584 1242 Neque
1595 1208 1686 1237 statim
1701 1211 1785 1244 punit
1806 1218 1819 1236 η

1031 1253 1110 1278 tantis
1125 1251 1202 1278 malis
1216 1252 1330 1279 recreari
1344 1261 1349 1278 :
1366 1252 1412 1279 sed
1428 1257 1515 1280 tamen
1535 1253 1651 1280 animum
1667 1255 1819 1289 resumpsir,

1031 1299 1091 1332 quia
1116 1305 1208 1333 puram
1231 1306 1326 1334 aquam
1351 1298 1435 1330 bibit,
1457 1306 1551 1333 panem
1575 1307 1626 1326 non
1653 1299 1771 1327 ftetidum
1795 1307 1822 1328 et

1031 1345 1146 1377 durum,
1160 1349 1189 1371 ut
1207 1349 1279 1378 ante,
1293 1344 1426 1376 comedit,
1443 1345 1546 1372 balneis
1568 1350 1704 1372 recreatus
1719 1351 1759 1373 est
1772 1367 1778 1378 ,
1795 1351 1822 1373 et

1032 1391 1058 1418 in
1074 1391 1147 1417 lecto
1168 1390 1338 1418 recumbendi
1367 1395 1524 1425 potestatem
1550 1391 1642 1418 habuit
1658 1391 1820 1427 (Epistli).

1032 1436 1148 1470 Eratque
1164 1436 1189 1462 in
1202 1436 1260 1470 ipso
1276 1435 1396 1462 tertianae
1409 1435 1491 1463 febris
1505 1436 1610 1468 ardore,
1626 1437 1822 1472 hospitiumque

1033 1481 1123 1509 habuit
1146 1481 1171 1508 in
1197 1486 1317 1509 extremo
1340 1481 1413 1508 urbis
1428 1482 1622 1509 recessu.’l‘um
1643 1490 1704 1509 vero
1728 1483 1819 1510 clerici

1031 1535 1134 1558 omnes,
1152 1526 1282 1561 populus,
1299 1527 1440 1558 monachi,
1457 1527 1606 1560 monachm,
1623 1527 1716 1554 medici
1730 1528 1821 1555 adfue-

1032 1577 1104 1604 rtmt,
1118 1580 1131 1598 a
1147 1572 1242 1606 quibus
1257 1579 1382 1607 perquam
1396 1572 1516 1599 oftieiose
1525 1577 1652 1608 exceptus
1665 1573 1722 1605 fuit,
1736 1574 1823 1600 omni-

1033 1617 1082 1644 bus
1096 1617 1282 1644 famulantibus
1294 1622 1319 1644 et
1336 1618 1484 1644 necessaria
1500 1626 1610 1653 qumque
1632 1619 1681 1653 ipsi
1697 1619 1821 1646 submitti-

1036 1662 1192 1690 slrantibus.
1207 1662 1280 1690 Tunc
1296 1668 1383 1690 autem
1399 1663 1497 1697 ingenti
1513 1664 1626 1691 ﬂamma:
1639 1664 1733 1691 ardore
1745 1664 1822 1691 defla-

1035 1715 1128 1741 grans,
1146 1707 1172 1734 in
1188 1713 1308 1734 extremo
1323 1708 1440 1742 periculo
1454 1709 1609 1735 versabatur
1624 1718 1629 1734 :
1644 1709 1749 1736 demunt
1762 1717 1824 1744 pau-

1035 1753 1107 1779 latim
1123 1753 1259 1780 remittere
1275 1760 1305 1780 ac
1323 1753 1410 1780 sedari
1433 1754 1542 1781 morbus
1562 1755 1651 1788 cmpit.
1674 1754 1825 1782 l‘hzire‘rius

1034 1806 1098 1826 vero
1108 1819 1114 1831 ,
1129 1799 1173 1834 qui
1189 1803 1226 1825 tot
1241 1799 1356 1826 venienti
1371 1799 1482 1826 officiosi
1495 1800 1575 1826 animi
1589 1800 1662 1834 signa
1676 1800 1732 1826 dari
1746 1807 1824 1826 cura-

1035 1850 1118 1877 verat,
1133 1852 1274 1879 numquam
1290 1846 1447 1879 comparuit,
1460 1845 1514 1872 imo
1527 1845 1584 1872 dira
1600 1845 1785 1878 meditabatur,
1796 1850 1825 1872 ut

1034 1891 1192 1918 videbimus.
1209 1891 1446 1918 Praestantissimos
1460 1895 1548 1918 autem
1564 1890 1598 1917 ibi
1621 1891 1824 1918 celeberrimos-

1035 1944 1086 1972 que
1099 1937 1216 1964 medicos
1227 1937 1317 1964 habuit
1333 1937 1426 1971 (Epist.
1438 1936 1493 1971 η),
1505 1944 1520 1964 a
1529 1937 1624 1971 quibus
1633 1944 1685 1963 non
1698 1941 1750 1963 tam
1762 1936 1826 1964 artis

1036 1982 1160 2009 subsidiis
1172 2003 1178 2014 ,
1191 1990 1268 2017 quant
1288 1982 1521 2009 commiseratione
1535 1987 1561 2009 et
1580 1982 1695 2008 amicitia
1717 1982 1826 2008 curaba-

1037 2031 1088 2054 tur.
1100 2028 1218 2061 Quorum
1233 2027 1313 2054 etiant
1339 2035 1406 2054 unus
1416 2048 1423 2059 ,
1443 2035 1495 2061 quo
1510 2027 1554 2054 ille
1575 2031 1665 2061 postea
1681 2034 1786 2061 semper
1801 2035 1827 2054 ct

1037 2073 1139 2100 medico
1161 2077 1187 2100 et
1201 2073 1287 2100 amico
1310 2078 1372 2099 usus
1386 2078 1444 2104 est,
1460 2080 1549 2099 secum
1573 2072 1752 2107 profecturum
1768 2081 1826 2100 esse

1037 2118 1188 2152 spopondit,
1204 2118 1320 2152 itemque
1346 2118 1389 2144 alii
1410 2118 1560 2152 complures
1575 2125 1666 2145 corutn
1679 2118 1723 2153 qui
1744 2118 1827 2152 digni‘

1039 2168 1090 2190 tate
1104 2163 1247 2198 pollebant.

1075 2210 1149 2237 Illum
1163 2210 1295 2236 visitatum
1311 2210 1383 2236 venit
1394 2209 1474 2236 frater
1490 2210 1594 2236 Maximi
1606 2210 1734 2244 episcopi,
1750 2217 1827 2243 aquo

1039 2262 1067 2282 se
1088 2255 1211 2290 sperabat
1232 2255 1323 2282 literas
1344 2260 1514 2289 accepturum
1530 2255 1693 2290 Olympiadis
1706 2258 1731 2282 et
1748 2255 1828 2289 Tigrii

1039 2301 1197 2335 presbyteri.
1214 2300 1310 2327 Verum
1324 2301 1459 2334 I'L‘SpOltdil
1481 2301 1540 2331 ille,
1557 2307 1586 2326 se
1606 2299 1695 2327 literas
1711 2300 1824 2334 postula-

1040 2346 1119 2379 vissr,
1135 2345 1181 2372 sed
1198 2346 1321 2373 abnuisse
1341 2345 1410 2372 illos.
1427 2345 1497 2372 Binis
1520 2345 1681 2379 interpositis
1702 2350 1761 2380 post
1780 2346 1828 2372 ad-

1040 2395 1147 2418 ventum
1162 2391 1233 2418 illius
1246 2390 1338 2418 diebus
1348 2391 1486 2424 epistolam
1504 2390 1575 2417 misit
1588 2390 1620 2417 ad
1633 2389 1825 2425 Olympiadem,

1040 2444 1118 2470 quam
1134 2436 1219 2470 primo
1231 2435 1263 2462 de
1278 2436 1396 2462 restituta
1410 2435 1559 2462 valetudine
1573 2443 1619 2462 sua
1633 2435 1773 2462 certiorem
1790 2435 1829 2462 fa-

1040 2483 1086 2514 cit,
1103 2482 1188 2516 deque
1200 2480 1313 2508 adventu
1328 2481 1415 2507 fratris
1426 2481 1454 2507 Β,
1471 2481 1574 2507 Maximi
1591 2481 1724 2516 episcopi,
1739 2482 1828 2517 objur-

1040 2532 1135 2562 gatquc
1147 2527 1218 2553 illaut
1231 2526 1300 2561 quod
1316 2526 1402 2553 literas
1414 2526 1445 2553 ad
1461 2534 1490 2553 sc
1504 2535 1555 2553 non
1571 2526 1682 2560 miserit,
1698 2527 1771 2555 etde
1784 2527 1828 2554 'I'i-

1041 2573 1098 2606 grio
1119 2579 1223 2606 quoque
1243 2571 1334 2598 eadem
1360 2571 1393 2597 de
1415 2579 1493 2598 causa
1514 2573 1693 2606 conqueritur.
1712 2574 1749 2600 De
1773 2574 1831 2601 loco

1043 2617 1128 2643 exsilii
1144 2617 1182 2643 sui
1200 2617 1325 2643 mutando
1339 2625 1372 2643 ne
1386 2618 1454 2643 ultra
1467 2623 1539 2644 out-ct
1550 2639 1557 2649 ,
1573 2623 1600 2645 et
1620 2627 1654 2646 ne
1673 2619 1738 2646 alios
1757 2619 1789 2646 ad
1807 2619 1832 2646 id

1043 2661 1228 2695 pmlttlattdum
1244 2661 1366 2687 adhibeat
1389 2662 1478 2693 edicit,
1496 2663 1638 2696 paucisque
1652 2663 1684 2689 de
1703 2663 1831 2697 Pcrgamti

1042 2706 1177 2733 sororibus
1189 2727 1196 2738 ,
1213 2712 1238 2733 ct
1253 2707 1287 2734 de
1298 2707 1410 2741 (Syriaco
1422 2708 1547 2741 episcopo
1562 2708 1657 2734 additis
1669 2728 1676 2740 ,
1693 2708 1832 2741 epistolam

1043 2752 1150 2779 claudit.
1165 2752 1294 2779 Cmsarea:
1314 2760 1373 2779 cum
1388 2757 1458 2779 esset
1471 2772 1478 2784 ,
1498 2753 1529 2778 ad
1543 2752 1708 2781 Theodoram
1729 2760 1833 2787 quoque

1044 2798 1149 2830 scripsit
1163 2797 1258 2830 (Epist.
1275 2796 1347 2832 120).
1364 2803 1390 2824 et
1412 2805 1471 2831 qua:
1490 2798 1539 2824 sibi
1565 2797 1590 2824 in
1615 2797 1654 2823 via
1683 2797 1834 2824 acciderant

1044 2842 1132 2875 paucis
1147 2841 1268 2876 patefecit
1281 2851 1286 2867 :
1303 2842 1336 2869 de
1350 2843 1391 2869 illa
1405 2843 1483 2869 etiam
1499 2844 1670 2878 conqueritur
1680 2843 1761 2879 quod.
1774 2852 1832 2870 cum

1043 2889 1096 2922 jam
1113 2895 1231 2921 quartam
1247 2889 1286 2914 vel
1302 2888 1417 2921 quintani
1434 2889 1570 2922 epistolam
1587 2889 1618 2915 ad
1636 2890 1717 2924 ipsam
1733 2890 1831 2916 miserit
