2032 3110
259 193 313 223 29.3

259 253 355 290 (Epist.
367 251 440 288 121),
451 258 528 278 unam
542 254 642 277 tantum
653 248 687 275 ab
698 247 740 275 illa
750 247 883 282 acceperit
891 246 1044 282 (Epist.l2).

293 300 421 327 Cesarete
440 297 518 324 etiam
533 295 653 330 recipere
675 293 759 328 potuit
782 293 920 328 epistolam
939 292 1045 323 Arabii,

259 345 306 372 viri
321 344 371 372 sibi
386 341 571 373 addietissimi,
585 340 661 374 cujus
680 347 746 366 uxor
757 337 906 373 Olympiadi
924 337 1007 364 amica
1021 341 1048 364 et

258 389 398 418 familiaris
410 393 478 416 erat.
492 387 516 414 ls
527 394 586 414 ctttn
601 390 704 420 putaret
717 385 791 411 illum
806 385 831 410 in
847 383 967 410 exsilium
979 382 1046 409 mitti

255 437 395 469 Sebasten,
408 434 565 462 obsecrabat
581 433 654 460 illum
680 437 708 458 nt
729 432 753 458 in
765 431 868 458 a'dibus
893 431 949 458 suis
968 431 993 457 in
1003 430 1046 456 illa

254 483 320 510 urbe
334 482 394 510 sitis
408 481 486 509 sedes
497 483 618 515 poneret.
634 478 777 513 Respondit
793 478 828 504 illi
840 477 1046 512 Chrysostomus

254 529 341 556 exsilii
356 528 396 554 sui
421 527 508 554 locutn
529 534 580 552 non
603 525 749 555 St'bﬂSlell,
767 524 813 551 sed
835 523 966 550 Cucusum
988 529 1046 549 esse

256 574 353 608 (Epist.
369 574 441 608 tet).

291 620 357 646 Cum
373 626 436 653 ergo
458 618 573 646 Joannes
595 616 716 643 morbum
736 615 834 642 sensim
861 613 1000 641 rcmissmn
1020 617 1047 639 ct

256 665 375 692 sedatum
397 671 456 691 esse
475 663 577 690 videret
590 682 597 694 ,
613 662 647 688 de
663 661 782 688 discessu
806 660 939 694 cogitabat
953 663 982 685 ιιι
994 658 1046 685 Cu-

255 719 348 738 cusnm
373 713 489 745 peteret,
509 713 588 743 atque
610 708 643 735 ab
671 707 775 734 itineris
789 706 914 733 :erumnis
940 704 1045 732 tandem

254 757 414 792 quiesceret.
431 755 529 783 Verum
550 754 636 782 subito
658 753 794 780 nuntiatur
809 752 914 780 Isauros
929 758 989 778 cum
1003 750 1044 777 in-

254 809 365 830 numera
379 801 515 828 hotninum
541 807 620 827 manu
634 798 826 826 Cmsariensem
846 805 937 832 agrum
960 803 1045 830 popu-

256 848 321 880 lari,
343 852 421 882 atque
440 854 562 881 magnum
587 845 718 880 quoddam
742 843 868 878 oppidum
897 842 1046 870 incendisse

255 902 314 921 eum
329 893 427 928 ingenti
440 893 524 920 clade.
540 892 595 926 Qua
610 899 639 918 re
653 890 741 917 audita
763 890 883 916 tribunus
897 896 957 916 cum
974 888 1044 914 ritili-

255 939 326 967 tibus
339 939 460 966 omuibus
475 937 530 964 suis
552 937 615 964 urbe
634 936 767 963 excessit:
784 935 911 962 timebant
925 934 996 961 enim
1012 941 1045 960 ne

255 984 348 1012 urbem
359 991 465 1018 qttoque
475 982 654 1010 adorirentur.
670 981 770 1008 Omnes
785 981 810 1007 itt
831 984 902 1007 metu
916 984 944 1006 et
965 979 1045 1014 trepi-

253 1029 361 1057 datione
376 1033 470 1061 erant,
487 1028 521 1055 de
541 1027 599 1063 ipso
621 1034 725 1061 quoque
748 1026 833 1060 patrio
852 1025 909 1052 solo
934 1025 1040 1059 pericli-

255 1080 361 1107 tantes;
377 1075 443 1102 adco
460 1078 488 1101 ιιι
502 1081 580 1101 senes
590 1073 669 1100 ctiatn
686 1072 734 1106 ipsi
750 1079 885 1099 murorum
897 1071 1044 1098 custodiam

255 1121 430 1155 susciperent.

294 1166 440 1192 Plan-ctrina
453 1165 577 1191 Joannem
593 1172 637 1198 per
650 1164 785 1190 motmcltos
797 1162 912 1190 Cresarca
927 1162 986 1196 pelli
993 1163 1044 1197 ju-

255 1211 303 1238 bet.
317 1226 352 1230 —
367 1210 519 1237 Pharctrius
533 1217 607 1241 vero,
623 1209 666 1244 qtti
683 1208 784 1242 pridem
801 1208 991 1234 benevolentia:
1006 1208 1044 1234 si-

254 1264 306 1291 gna
318 1256 412 1284 Joanni
426 1255 535 1283 dederat
547 1254 643 1290 (Epist.
658 1255 700 1289 Η)
710 1275 718 1286 ,
735 1262 812 1288 quem
834 1253 1044 1288 proﬁciscentem

255 1302 414 1329 inritaverat
425 1322 432 1333 ,
444 1301 499 1336 jam
519 1301 592 1328 illum
608 1301 728 1327 Ctesarea
747 1299 846 1334 pellere
862 1299 1042 1331 moliebatur;

256 1347 348 1374 mutati
361 1351 449 1374 autem
462 1347 542 1374 animi
553 1354 660 1373 causam
673 1346 753 1373 fuisse
766 1346 914 1380 suspicatur
927 1346 1044 1373 Joannes

255 1393 379 1421 invidiam
406 1400 496 1419 unam.
518 1391 585 1419 Cum
613 1391 714 1419 videret
741 1399 834 1418 onmes
859 1391 892 1418 ad
916 1391 1044 1418 Joannem

254 1438 407 1470 confluere,
431 1437 588 1472 optimates.
615 1437 775 1468 monachos,
806 1437 922 1472 virgines
938 1458 945 1470 ,
976 1445 1045 1471 pra--

255 1485 352 1517 fectus,
378 1485 493 1517 milites,
520 1484 638 1512 medicos
667 1492 813 1519 omnesque
840 1486 961 1512 certatim
995 1486 1044 1519 ipsi

254 1531 356 1563 ofﬁcia,
370 1531 526 1563 ministeria,
539 1530 678 1558 facultates
691 1530 797 1560 offerre.
807 1535 886 1565 atque
902 1531 927 1557 itt
942 1535 1044 1565 partem

254 1578 413 1605 calamitatis
431 1578 538 1610 venire;
555 1577 612 1604 hinc
634 1584 686 1603 non
710 1577 745 1604 ita
770 1577 885 1603 libenter
901 1576 982 1609 vidit,
998 1577 1044 1604 sed

255 1624 337 1650 livore
351 1622 445 1650 ductus
458 1643 466 1656 ,
481 1623 566 1657 ipsum
579 1630 594 1649 e
606 1621 702 1649 ﬁnibus
720 1622 776 1648 suis
789 1622 889 1656 pellere
906 1621 1024 1649 decrevit
1036 1631 1044 1649 :

255 1668 288 1694 ad
300 1675 411 1702 eamque
423 1675 479 1694 rem
493 1667 642 1694 tninistcrio
653 1675 716 1694 ttsus
725 1671 767 1695 est
778 1667 968 1696 monachorum
980 1675 1045 1702 quo-

255 1713 393 1745 rumdam,
409 1713 453 1747 qui
478 1721 511 1740 ex
533 1721 563 1740 re
575 1717 649 1747 gesta
674 1713 707 1740 ad
732 1713 916 1747 expeditiones
940 1713 1042 1740 similes

254 1758 392 1786 exercitati
408 1757 489 1785 fuisse
501 1757 672 1786 videbantur.
688 1758 752 1785 Cum
773 1765 838 1792 ergo
859 1765 902 1785 res
925 1765 957 1785 eo
969 1778 976 1790 ,
991 1766 1044 1792 quo

255 1805 381 1836 diximus,
399 1804 423 1831 in
437 1808 507 1831 stattt
522 1809 612 1831 essent
622 1804 735 1839 quadam
749 1803 792 1831 die
807 1804 977 1831 illucescente
995 1812 1043 1831 au—

256 1857 326 1883 rora,
338 1851 528 1877 monachorum
545 1857 638 1884 agmen
651 1869 659 1881 ,
675 1849 793 1880 domum.
805 1849 831 1876 in
855 1856 906 1883 qua
929 1849 1044 1876 Joannes

255 1896 333 1923 sedes
360 1895 474 1922 habebat
496 1895 669 1928 invaserunt,
693 1902 723 1922 se
745 1902 805 1922 eam
831 1894 1005 1926 incensuros,
1018 1899 1045 1922 et

255 1941 349 1969 Joanni
365 1947 483 1970 extrema
507 1949 620 1976 qua-que
647 1940 714 1967 mala
743 1939 863 1967 illaturos
885 1947 945 1967 esse
965 1939 1044 1966 mini-

256 1992 341 2014 tantes
350 2008 359 2020 ,
374 1987 424 2014 nisi
437 1986 526 2014 statim
537 1985 702 2014 abscederet.
716 1985 769 2012 Nec
783 1984 933 2012 Isaurorum
945 1989 1042 2017 metus,

256 2040 306 2060 nec
319 2033 427 2060 morbus
439 2040 492 2068 quo
507 2037 570 2060 tunc
583 2032 700 2060 Joannes
723 2031 908 2066 premebatur,
931 2031 990 2058 illos
1003 2031 1044 2058 vel

257 2079 426 2107 humaniores
455 2079 497 2106 vel
529 2078 721 2106 moderatiores
745 2077 882 2105 reddebat.
908 2078 1045 2104 lnstabant

257 2131 343 2153 autent
360 2126 539 2161 urgebantque
554 2133 614 2153 cum
631 2125 721 2151 furore
736 2128 819 2156 tanto,
833 2128 862 2150 ut
875 2123 926 2158 ipsi
939 2131 1045 2158 quoque

257 2170 376 2197 Pnetorii
403 2170 500 2197 milites
517 2174 589 2197 metu
612 2169 801 2196 afﬁcerentur:
816 2175 883 2203 quos
901 2173 930 2195 ut
951 2168 1043 2202 majori

257 2215 352 2241 timore
364 2214 550 2250 percellerent,
559 2213 745 2248 gloriabantur
759 2221 788 2240 se
798 2213 853 2247 jam
867 2213 965 2240 multos
978 2221 1045 2247 pra:-

257 2261 340 2287 torios
351 2260 447 2287 milites
461 2259 529 2288 Rede
544 2259 710 2286 verberasse.

291 2305 338 2334 His
362 2306 459 2333 auditis
481 2305 602 2332 Prselorii
623 2304 721 2330 milites
738 2303 770 2330 ad
795 2303 924 2330 Joannem
950 2304 1045 2331 confu--

255 2353 346 2387 giunt,
364 2353 502 2387 ipsumque
521 2354 614 2385 rogant
638 2355 664 2376 et
688 2350 828 2377 rbsecrant
849 2355 886 2382 ut,
900 2351 1002 2377 etiamsi
1018 2352 1043 2378 in

257 2398 406 2425 Isaurorum
419 2403 514 2424 manus
533 2394 701 2422 incidendum
714 2395 765 2426 sit.
783 2395 823 2422 his
845 2399 932 2423 tatnen
951 2396 1044 2423 bellnis

258 2444 330 2477 ipsos
343 2443 478 2470 liberaret.
495 2440 547 2468 Res
561 2439 689 2467 Praefecto
711 2440 784 2467 urbis
799 2441 943 2472 nuntiatur,
957 2441 1001 2475 qui
1017 2446 1045 2467 ut

257 2487 351 2514 Joanni
371 2487 546 2521 opitularetur
561 2485 676 2513 occurrit
687 2506 694 2516 ,
713 2485 908 2520 monachosque
924 2491 1045 2520 precatur

257 2533 386 2559 absistam
402 2540 409 2559 :
424 2531 471 2558 sed
488 2530 582 2557 frustra
607 2537 712 2558 cessere
725 2537 836 2558 conatus
856 2532 914 2566 ejus
929 2540 1022 2560 omnes
1035 2541 1042 2564 ;

257 2579 291 2604 lta
306 2581 336 2604 ιιι
358 2584 457 2611 anceps
472 2575 552 2601 anitni
569 2577 683 2602 nesciret
705 2581 792 2603 utrum
814 2576 909 2604 Joanni
930 2579 1045 2612 optatius

257 2629 329 2652 esset
340 2645 348 2657 ,
364 2631 423 2650 cum
437 2620 518 2648 eat-dis
531 2622 649 2655 periculo
672 2629 704 2649 ex
726 2622 791 2650 urbe
806 2623 936 2656 proﬁcisci
947 2645 954 2656 ,
965 2632 1044 2658 quam

258 2668 412 2704 urgentibus
435 2665 650 2702 pellentibusque
674 2666 778 2693 furiosis
792 2668 843 2694 illis
858 2669 996 2696 monachis
1018 2669 1044 2696 in

259 2714 324 2741 urbe
338 2720 459 2741 manere.
477 2710 547 2738 Misit
559 2712 638 2746 igitur
651 2711 684 2738 ad
700 2712 865 2740 Pharetrium
880 2714 1044 2749 episcopum,

258 2759 380 2793 precibus
391 2759 426 2785 ab
443 2757 489 2783 illo
503 2755 666 2784 contendens
678 2761 708 2783 ut
719 2756 829 2790 Joanni,
847 2763 903 2785 tum
923 2759 957 2785 ob
974 2768 1045 2787 mor.

260 2803 320 2830 bum
336 2811 388 2838 quo
401 2800 585 2833 detinebatur,
601 2805 657 2828 tum
670 2801 704 2827 ob
718 2801 859 2830 imminens
881 2804 1025 2837 perieulum
1038 2825 1046 2836 ,

258 2854 355 2881 paucos
375 2847 468 2874 adhuc
484 2845 542 2872 dies
562 2845 730 2873 concederet.
758 2845 811 2874 Nec
831 2848 973 2881 quidquam
995 2850 1046 2876 itu-

259 2897 362 2926 petrare
377 2890 465 2925 potuit
480 2898 484 2915 :
499 2890 551 2916 ituo
562 2890 689 2924 postridie
703 2891 821 2919 monachi
835 2892 936 2919 acriore
948 2894 1046 2928 impetu

804 190 839 226 S.
848 190 987 218 JOANNlS
1005 190 1240 219 CllRYSOSTOMl
1253 192 1343 226 VITA.

1836 196 1887 225 9Ξῶ

1101 254 1162 276 sunt
1186 249 1235 276 usi.
1266 250 1356 284 Neque
1378 250 1525 286 presbyteri
1540 252 1594 284 illi,
1608 252 1652 287 qui
1673 252 1768 281 Joanni
1792 254 1888 283 addicti

1099 300 1192 327 erant.
1207 303 1283 329 opem
1307 295 1343 322 illi
1365 295 1432 323 ferre
1451 297 1508 324 ausi
1522 301 1594 330 sunt,
1607 297 1653 325 sed
1668 306 1727 326 cum
1742 299 1798 327 ha-c
1819 300 1888 327 Piri-

1100 341 1172 366 retrii
1187 340 1262 374 jussu
1279 341 1334 368 ﬁeri
1350 349 1401 368 non
1418 342 1580 376 ignorarent,
1597 350 1647 370 nec
1665 351 1724 371 cum
1749 352 1764 370 ιι
1786 345 1889 372 Joanne

1099 392 1310 417 accerserentur.
1325 386 1452 414 accedere
1466 387 1607 415 audebant.

1134 431 1199 458 Cum
1219 432 1244 458 in
1270 432 1314 458 tali
1341 440 1428 459 rerttm
1451 434 1603 462 conditione
1628 442 1681 462 non
1707 441 1798 469 posset
1820 437 1887 463 ultra

1098 476 1213 504 Joannes
1229 478 1253 504 in
1271 478 1335 505 urbe
1348 479 1494 507 consistere
1507 500 1513 510 .
1527 480 1575 507 etsi
1598 480 1664 508 febri
1674 481 1825 512 laborabat.
1839 483 1886 508 etsi

1099 523 1249 550 Isaurorum
1265 524 1474 552 instabatmetus
1486 525 1551 552 hora
1569 525 1624 560 ipsa
1646 527 1801 557 meridiana.
1813 534 1841 554 se
1862 529 1886 553 in

1099 569 1218 597 lecticam
1231 570 1376 604 conjiciens
1391 571 1524 605 profectus
1539 576 1579 598 est
1590 593 1597 604 ,
1612 573 1736 600 universa
1751 573 1826 607 plebe
1851 576 1887 600 la-

1098 621 1235 650 crymante
1247 637 1254 648 ,
1274 616 1388 650 ejulantc
1400 637 1407 649 ,
1422 622 1501 651 atque
1519 618 1556 644 rei
1578 623 1712 646 auctorem
1732 624 1888 646 exsecrante

1098 668 1129 688 ac
1150 661 1215 688 diris
1228 661 1384 689 devovente.
1402 662 1545 698 Postquam
1560 669 1648 691 autent
1663 664 1784 691 Caesarea
1798 672 1887 700 egres-

1098 713 1145 732 sus
1158 706 1219 739 fuit,
1235 706 1341 742 quidam
1362 707 1452 734 clerici
1466 713 1614 740 venerunt,
1630 717 1661 736 ac
1675 709 1794 744 lugentes
1815 709 1888 736 lento

1098 751 1180 786 gradu
1193 752 1277 786 ipsum
1293 753 1479 787 sequebantur.
1498 753 1535 780 Ex
1552 753 1603 781 illis
1619 762 1681 781 vero
1696 755 1801 788 quidam
1816 754 1888 782 dice-

1098 798 1162 825 bant
1177 808 1183 825 :
1197 797 1318 830 QuOnam
1345 798 1417 825 illtnn
1448 799 1481 826 ad
1510 804 1620 827 mortem
1642 799 1791 827 addueitis?
1813 799 1887 828 Unus

1097 847 1200 875 autem,
1216 844 1260 878 qui
1283 843 1412 870 Joannem
1437 844 1579 872 admodum
1606 845 1728 877 amabat,
1749 846 1823 880 quasi
1849 846 1887 872 ira

1098 893 1250 923 permotus,
1268 889 1442 919 Abi,obsecro
1454 910 1460 920 ι
1474 891 1557 924 inquit
1573 899 1579 916 :
1596 891 1620 917 itt
1637 891 1740 918 Isauros
1754 892 1833 918 etiam
1849 893 1888 918 iu-

1097 934 1165 967 cide,
1181 934 1260 961 modo
1275 942 1290 961 a
1306 934 1381 962 nobis
1399 935 1524 962 elabaris.
1549 935 1613 963 Nam
1632 944 1799 971 quocumque
1820 937 1887 964 inei-

1097 980 1178 1012 deris,
1189 985 1246 1007 tuto
1258 980 1368 1013 incides,
1384 981 1528 1008 dummodo
1541 990 1635 1009 manus
1650 987 1754 1009 nostras
1767 983 1886 1017 effugias.

1133 1025 1250 1053 Seleucia
1270 1031 1384 1053 matrona
1402 1027 1453 1062 pia.
1467 1042 1502 1046 —
1515 1027 1576 1054 llaec
1598 1027 1709 1055 audiens
1731 1036 1761 1054 ac
1784 1030 1888 1063 perstu—

1097 1072 1170 1099 ciens
1190 1072 1294 1107 egregia
1317 1077 1439 1100 matrona
1465 1073 1603 1105 Seleucia.
1617 1073 1705 1100 Ruﬁni
1730 1082 1813 1106 uxor.
1829 1083 1888 1109 qua:

1097 1118 1215 1146 ofﬁciose
1244 1119 1374 1147 Joannem
1401 1120 1544 1147 admodum
1570 1121 1690 1152 colebat.
1707 1121 1830 1156 precibus
1855 1122 1889 1148 ab

1098 1164 1143 1192 illo
1158 1165 1307 1200 impetravit
1319 1187 1326 1198 ,
1343 1171 1371 1192 ιιι
1385 1167 1409 1192 in
1422 1166 1504 1199 ipsius
1515 1167 1695 1194 suburbanam
1716 1167 1818 1199 villam,
1829 1175 1888 1202 quae

1097 1210 1212 1245 qttinque
1233 1217 1356 1245 passuum
1381 1211 1497 1238 millibus
1511 1211 1544 1239 ab
1565 1212 1630 1239 urbe
1643 1212 1766 1245 distabat,
1782 1212 1887 1247 hospitii

1097 1263 1175 1282 eausa
1190 1263 1220 1283 se
1231 1256 1382 1289 conferret,
1397 1257 1520 1292 misitque
1534 1258 1578 1292 qui
1600 1261 1719 1285 Sanctum
1736 1259 1821 1286 virum
1843 1260 1889 1287 illo

1097 1301 1232 1329 ducerent.
1257 1304 1290 1329 At
1313 1311 1398 1337 neque
1424 1303 1475 1330 illic
1500 1305 1525 1330 in
1546 1313 1610 1338 pace
1631 1305 1767 1339 quiesci-re
1793 1306 1888 1334 licuit:

1097 1354 1158 1374 nam
1175 1355 1204 1374 re
1214 1353 1351 1382 comperta
1367 1348 1521 1376 Pharctrius
1541 1349 1637 1376 utultas
1656 1351 1784 1378 Seleucia:
1803 1351 1891 1378 tniuas

1097 1393 1243 1420 intentavit.
1257 1394 1301 1420 Illa
1312 1401 1375 1421 vero
1386 1403 1439 1421 non
1451 1395 1539 1422 tniuus
1551 1395 1666 1429 prudens
1679 1404 1756 1431 quant
1770 1397 1889 1423 ofticio~a

1097 1438 1210 1469 femina.
1224 1439 1352 1466 Joannem
1374 1439 1448 1472 adiit,
1472 1447 1503 1467 ac
1521 1440 1554 1467 de
1575 1441 1704 1468 l‘baretrii
1727 1442 1806 1468 minis
1824 1443 1889 1468 nihil

1098 1484 1155 1516 ipse
1169 1484 1268 1517 retulit,
1280 1484 1326 1512 sed
1343 1484 1510 1512 Procuratori
1525 1493 1573 1511 suo
1588 1490 1670 1512 totatn
1694 1494 1748 1513 rem
1764 1493 1868 1521 operuit
1880 1508 1886 1517 ,

1097 1530 1199 1564 ipsique
1212 1530 1357 1561 mandavit,
1374 1534 1401 1556 ut
1415 1530 1511 1557 Joanni
1533 1538 1612 1558 omne
1635 1531 1714 1558 oflicii
1734 1539 1817 1566 genus
1838 1532 1889 1558 int-

1098 1575 1224 1609 pertiret,
1241 1583 1272 1602 ac
1285 1575 1306 1602 si
1320 1576 1365 1609 qui
1379 1575 1500 1602 tnouachi
1517 1576 1656 1608 venirent,
1673 1581 1700 1602 ιιι
1722 1577 1806 1610 ipsmu
1823 1585 1891 1603 enn—

1098 1621 1213 1648 tumeliis
1225 1621 1386 1648 incesserent
1399 1625 1444 1647 aut
1456 1621 1525 1648 male
1535 1620 1670 1648 afliccrent
1680 1642 1687 1653 ,
1701 1629 1733 1648 ex
1749 1621 1808 1648 aliis
1820 1622 1892 1648 villis-

1096 1667 1152 1693 suis
1161 1667 1291 1701 agricolas
1307 1671 1425 1701 cogeret,
1440 1672 1519 1701 atqtte
1539 1667 1572 1694 ita
1593 1674 1652 1694 eum
1675 1667 1812 1694 monachis
1833 1676 1892 1694 nta-

1097 1719 1160 1739 num
1175 1717 1328 1739 consereret
1344 1721 1350 1738 :
1365 1711 1494 1739 Joannem
1512 1719 1575 1738 vero
1591 1711 1721 1745 rogabat,
1735 1712 1760 1738 in
1779 1712 1893 1740 domum

1096 1757 1174 1784 aliam
1196 1765 1270 1784 suam
1294 1765 1353 1791 qu:e
1378 1765 1466 1784 arcem
1497 1757 1621 1790 habebat,
1637 1764 1685 1784 nec
1707 1757 1767 1784 ullis
1788 1757 1895 1785 viribus

1096 1803 1240 1837 expugnari
1256 1807 1374 1836 poterat.
1389 1802 1544 1836 confugeret
1555 1823 1563 1834 ,
1578 1806 1606 1828 ut
1622 1806 1714 1829 contra
1728 1802 1847 1838 episcopi
1864 1808 1896 1830 ct

1097 1848 1287 1875 monachorum
1311 1847 1426 1875 furorem
1450 1848 1476 1875 in
1502 1852 1558 1875 tttto
1573 1852 1666 1875 esset:
1681 1856 1772 1875 verum
1795 1849 1897 1876 abnuit

1097 1894 1223 1921 Joannes.
1245 1893 1346 1921 Interea
1371 1901 1436 1920 vero
1456 1894 1585 1921 accrrinte
1609 1894 1755 1922 Seleuciam
1778 1896 1898 1930 urgebat

1097 1939 1262 1970 Pharetrius.
1277 1947 1333 1966 rem
1358 1946 1467 1973 prorsus
1492 1940 1629 1974 ignorante
1646 1939 1748 1967 Joanne
1763 1950 1769 1967 ε
1782 1941 1898 1968 nolebat

1097 1985 1167 2013 enim
1180 1985 1329 2012 verecunda
1346 1985 1441 2011 mulier
1455 1985 1585 2012 Pltaretrii
1599 1985 1710 2012 insultas
1723 1991 1818 2012 sancto
1833 1987 1898 2013 viro

1098 2031 1256 2065 patefacere.
1272 2031 1390 2058 Instante
1407 2031 1514 2058 demum
1530 2031 1684 2064 Pharetrio,
1699 2033 1783 2059 minas
1803 2033 1900 2061 inten-

1098 2081 1170 2105 tattte
1184 2083 1261 2112 atque
1271 2083 1391 2113 cogente.
1405 2083 1433 2105 ut
1447 2078 1574 2106 Joannem
1589 2086 1620 2105 ex
1631 2079 1758 2106 subnrbio
1768 2079 1899 2114 ejiceret.

1098 2123 1213 2150 hominis
1238 2124 1462 2159 importunitatem
1490 2131 1542 2151 non
1565 2123 1652 2150 ferens
1671 2123 1804 2158 Seleucia,
1821 2125 1900 2153 dixit

1097 2169 1191 2196 Joanni
1217 2170 1315 2197 instare
1337 2170 1466 2197 barbaros
1487 2178 1533 2197 seu
1555 2171 1678 2201 Isauros,
1700 2169 1812 2205 ideoque
1835 2172 1902 2198 alio

1099 2216 1147 2248 ipsi
1175 2215 1225 2241 iter
1251 2215 1442 2248 capessendum
1465 2222 1524 2242 esse
1545 2224 1551 2241 :
1572 2223 1603 2242 cx
1630 2215 1788 2242 verecundia
1817 2217 1903 2243 enim

1098 2260 1228 2287 Pharetrii
1245 2260 1398 2287 \iolcntiam
1417 2261 1568 2294 exprimere
1589 2268 1640 2287 non
1664 2260 1788 2288 audebat.
1804 2261 1905 2289 Media

1097 2311 1185 2333 autern
1201 2311 1277 2333 nocte
1292 2306 1361 2333 venit
1376 2306 1502 2333 Evethius
1514 2307 1651 2341 presbyter
1663 2315 1693 2334 cx
1713 2307 1907 2336 familiaribus

1097 2351 1208 2378 Joannis
1220 2372 1227 2384 ,
1243 2359 1391 2386 magnoque
1412 2352 1528 2379 clamore
1548 2352 1613 2378 dixit
1626 2361 1632 2378 :
1647 2352 1731 2386 Surge
1741 2374 1748 2384 ,
1764 2353 1905 2385 obsecro.

1097 2397 1239 2423 adventant
1251 2396 1374 2428 barbari,
1391 2404 1439 2423 nec
1451 2397 1529 2432 longe
1543 2398 1649 2424 absunt.
1665 2398 1731 2424 'l‘ntn
1746 2399 1809 2432 quid
1823 2407 1909 2427 con-

1097 2441 1147 2468 silii
1160 2446 1267 2475 caperet
1283 2441 1399 2468 Joannes
1413 2443 1557 2469 nesciebat.
1576 2442 1631 2470 Nox
1645 2443 1732 2470 illunis
1752 2450 1779 2471 et
1798 2445 1909 2479 caligi-

1098 2495 1162 2514 nosa
1173 2492 1238 2518 erat,
1251 2487 1278 2514 in
1290 2487 1381 2514 urbem
1395 2494 1423 2514 se
1437 2488 1554 2521 recipere
1567 2496 1618 2514 non
1631 2493 1742 2522 poterat,
1753 2497 1802 2516 nec
1813 2492 1910 2524 quis-

1098 2540 1175 2567 quam
1201 2536 1299 2566 prarsto
1325 2537 1382 2559 erat
1406 2533 1449 2566 qui
1477 2541 1554 2568 vpctn
1578 2533 1676 2560 ferret:
1699 2539 1769 2561 metu
1799 2539 1910 2564 tamen

1097 2578 1261 2612 compulsus,
1284 2579 1410 2605 :rrumnis
1435 2579 1570 2606 confectus
1589 2584 1616 2607 et
1627 2580 1681 2614 jam
1707 2586 1824 2608 mortem
1854 2592 1914 2610 ex-

1099 2629 1221 2658 spectans
1234 2645 1242 2656 ,
1256 2625 1382 2651 surrexit.
1397 2624 1430 2652 Ut
1445 2629 1533 2652 autem
1550 2626 1600 2653 iter
1614 2626 1745 2654 conﬁcere
1767 2635 1911 2661 possvnt,

1100 2669 1127 2695 it.
1141 2669 1258 2696 lecticam
1273 2669 1410 2701 ascendit,
1428 2678 1459 2697 ac
1481 2669 1553 2698 faces
1574 2672 1706 2698 accendit.
1724 2672 1827 2699 Verum
1854 2675 1914 2702 has

1100 2714 1226 2742 Ercthius
1238 2715 1325 2742 socius
1338 2716 1470 2750 exstingui
1484 2717 1596 2748 curavit,
1612 2725 1645 2744 ne
1656 2717 1773 2750 barbari,
1784 2719 1915 2755 inquie-

1100 2758 1153 2790 bat.
1174 2760 1239 2787 lucis
1262 2760 1402 2794 splendore
1417 2761 1495 2787 exciti
1514 2761 1539 2787 iu
1556 2769 1606 2789 nos
1626 2762 1755 2797 impetum
1778 2762 1914 2795 faciant.

1134 2805 1303 2840 Cltrysostomi
1331 2813 1451 2832 (erumna:
1478 2806 1503 2832 in
1523 2807 1572 2832 via.
1585 2823 1621 2829 —-
1635 2807 1778 2836 Exstinctis
1800 2809 1917 2847 itaque

1100 2850 1210 2882 facibus,
1220 2859 1252 2878 ex
1266 2851 1344 2877 tnulis
1358 2858 1425 2877 unus
1438 2851 1481 2885 qui
1497 2851 1617 2878 lecticam
1632 2854 1751 2886 gesmhat
1763 2854 1788 2880 in
1808 2857 1916 2886 ardua

1101 2901 1126 2922 et
1148 2901 1253 2932 petrosa
1270 2896 1309 2922 ria
1330 2896 1354 2922 in
1376 2903 1444 2929 genu
1466 2896 1569 2929 lapsus.
1588 2897 1717 2925 Joannem
1743 2899 1767 2924 in
1793 2899 1918 2932 lectica

1146 2939 1152 2953 4
