2032 3110
145 173 196 201 es.

150 232 283 260 inclusum
296 230 369 256 humi
384 228 527 264 prostravit
540 249 547 261 ,
563 234 708 263 parumque
719 226 802 254 abfuit
816 226 879 261 quin
894 225 939 252 ille

149 277 284 305 interiret.
299 276 417 310 Surgens
429 274 525 302 deinde
538 274 642 301 tractim
655 273 766 308 pedibus
790 271 937 304 incedebat,

149 323 279 355 Evelhio,
307 322 352 358 qui
382 330 415 349 ex
439 329 506 356 equo
532 320 680 351 desilicrat,
705 319 828 346 manibus
852 318 939 352 ipsum

147 373 331 396 sustentante:
347 367 389 394 vix
409 367 479 394 enim
494 366 548 398 ille,
563 373 595 393 ac
612 373 645 393 ne
660 365 702 391 vix
718 364 833 400 quidem,
846 364 872 390 in
885 367 938 390 tam

150 423 241 450 aspera
261 414 391 441 montium
411 412 453 440 via
478 413 529 440 iter
553 419 642 447 agerc,
658 411 708 438 nisi
731 414 894 437 sustentatus
914 413 940 435 et

148 459 226 492 quasi
239 464 350 491 tractus,
367 462 482 494 poterat.
497 458 599 485 Praztcr
615 457 664 484 has
676 461 764 483 autem
777 455 941 483 calamitates

151 503 266 532 instabat
281 503 364 531 febris
376 523 384 534 ,
402 503 472 530 haud
487 503 568 529 dubie
592 507 668 529 aucta
691 501 805 528 motibus
823 500 940 527 casibus.

149 558 198 585 que
211 558 220 582 ;
234 550 347 585 urgebat
362 550 444 577 etiam
458 549 631 576 barbarorum
647 552 732 574 metus
748 555 753 572 :
768 554 828 574 nam
844 550 940 573 caetera

150 595 249 629 omnia,
263 603 323 630 qua:
346 599 483 630 postremo
506 593 660 621 Pharetrius
680 597 772 619 contra
793 591 941 620 Seleuciam

149 641 342 675 designaverat,
362 641 500 675 ignorabat
513 641 566 667 illc.

180 686 285 714 Similia
299 686 381 713 multa
395 686 484 721 gravia
498 691 598 712 tantum
614 685 717 712 itineris
738 691 818 720 agens
834 690 942 719 perpes-

151 740 191 760 sus
212 738 273 764 cst,
289 740 350 767 quae
370 731 519 768 Olympiadi
542 739 593 758 nou
618 730 755 766 speciatim
767 751 774 763 ,
788 734 817 757 ut
832 729 918 764 priora
933 749 940 761 ,

152 779 230 806 refert
244 787 252 805 :
265 784 393 806 creterum
407 779 530 805 obsecrat
554 777 636 809 illam,
652 782 680 804 ut
694 784 724 804 ea
738 784 797 811 qtne
819 775 942 810 superius

153 829 294 852 memorata
311 829 373 852 sunt
386 824 484 851 nemini
504 823 639 854 enuntiet,
653 822 701 850 sed
715 822 784 856 apud
797 829 826 848 se
841 825 940 847 tantum

152 871 293 898 contineat.
309 870 393 897 Tanta
408 876 473 896 vero
487 873 545 896 erat
561 867 743 903 Chrysostomi
768 866 836 893 fama
847 887 854 898 ,
870 870 941 892 tanta

153 916 182 943 de
194 916 291 943 exsilio
303 920 331 942 et
350 915 478 942 aerumnis
501 914 549 948 ipsi
577 914 676 948 injuste
697 913 777 940 illatis
799 911 941 939 commisc-

154 963 216 989 ratio
228 982 236 995 ,
251 967 280 988 ut
294 961 392 996 ubique
407 965 494 988 cmtus
516 959 652 986 hominum
668 958 784 993 cujusvis
806 957 942 992 dignitatis

154 1008 177 1034 in
191 1014 331 1034 occursum
345 1007 404 1042 ejus
416 1006 579 1034 venientium
599 1005 721 1032 vidisses.
737 1004 786 1032 Ubi
802 1009 890 1030 autem
915 1003 940 1029 in

153 1051 345 1087 Cappadociam
361 1050 422 1077 etiu
437 1050 650 1082 Taurociliciam,
661 1053 775 1077 utvocat
789 1049 846 1083 ipse
859 1046 902 1074 IT.
913 1048 939 1074 5.

153 1107 173 1123 τ.
187 1098 248 1125 685.
261 1097 281 1124 ι.
295 1095 352 1132 26),
369 1096 502 1131 pervenit,
517 1103 613 1131 magno
628 1096 735 1131 agmine
750 1095 834 1122 sancti
853 1099 942 1128 patres

156 1145 181 1166 ct
203 1141 343 1173 monachi,
359 1140 528 1175 virginesque
540 1141 644 1168 obviam
660 1140 709 1174 ipsi
724 1139 847 1174 prodiere
857 1160 864 1172 ,
881 1138 941 1166 inli-

156 1188 234 1214 uitam
249 1187 428 1223 lacrymarum
444 1187 497 1214 vim
517 1185 718 1221 profundentes.
733 1185 853 1220 Cumque
869 1185 940 1212 illum

156 1233 180 1258 in
195 1233 318 1260 exsilium
334 1238 443 1260 euntem
458 1237 610 1265 cernerent,
636 1232 662 1259 in
687 1231 765 1258 flcttts
786 1238 942 1266 prorumpe-

154 1278 224 1310 bant,
236 1278 277 1305 bis
289 1283 380 1306 mutuo
394 1278 485 1305 verbis
503 1282 607 1305 utentes
625 1287 631 1304 :
645 1277 734 1304 Satius
750 1277 843 1305 fuisset
856 1277 940 1304 solent

154 1323 239 1351 radios
254 1331 320 1351 suos
333 1323 494 1352 contrahere
506 1344 514 1356 ,
530 1331 608 1359 quam
628 1323 740 1350 Joannis
755 1331 786 1350 os
796 1322 940 1349 eontieet‘e.

153 1369 308 1405 llujusmodi
320 1379 385 1398 vero
401 1371 551 1405 spectacula
565 1370 649 1405 magis
663 1370 748 1404 ipsum
761 1369 903 1397 turbabant
915 1374 942 1397 ct

152 1417 315 1451 cruciabam,
333 1425 412 1452 quam
426 1418 490 1452 ipsa:
503 1425 630 1444 mrumnze
643 1422 670 1445 et
683 1416 859 1449 calamitates,
875 1423 941 1451 quas

150 1463 279 1490 constanti
300 1470 408 1497 semper
427 1463 516 1490 animo
535 1462 654 1497 pertulit.
668 1462 787 1490 Tandem
803 1469 867 1490 vero
886 1461 941 1490 Cu-

149 1514 256 1540 cttsum,
280 1508 370 1536 exsilii
400 1508 487 1536 locum
499 1529 506 1541 ,
523 1508 641 1535 advenit.
657 1508 721 1535 Erat
737 1515 801 1535 vero
820 1508 941 1535 Cucusus

150 1560 257 1586 parvum
281 1559 363 1589 atque
386 1554 596 1581 desertissimum
612 1554 750 1588 oppidum,
762 1558 790 1581 ut
804 1561 875 1588 saepe
888 1561 940 1580 sa:-

149 1599 204 1631 pius
223 1600 307 1628 refert
328 1600 386 1634 ipse
397 1600 605 1636 Cllrysostomus
618 1621 624 1632 ,
641 1601 666 1627 in
692 1600 819 1627 Armenia
842 1599 939 1627 tniuori

148 1644 246 1672 situm:
263 1645 372 1680 quidam
396 1653 461 1672 vero
480 1646 505 1672 in
526 1646 710 1681 Cappadocia,
732 1646 775 1672 alii
801 1646 826 1672 iu
849 1645 939 1672 Cilicia

148 1690 249 1723 locant,
267 1693 394 1727 quoniam
417 1693 444 1719 in
458 1692 552 1720 harum
567 1694 705 1728 regionum
721 1693 845 1720 confiniis
859 1693 939 1719 sitttm

146 1741 211 1763 erat.
224 1737 290 1764 Tam
305 1738 440 1765 desertum
455 1743 544 1765 autem
559 1738 714 1773 oppiduhnn
725 1743 795 1771 erat,
812 1743 839 1765 ut
854 1745 939 1772 neque

146 1782 229 1809 forum
247 1784 382 1811 venalium
399 1784 520 1811 haberet.

177 1829 293 1862 Quidam
316 1838 394 1865 porro
414 1831 454 1857 vir
473 1837 506 1857 ex
528 1830 660 1864 primariis
679 1829 779 1864 oppidi,
796 1829 939 1856 Dioscorus

143 1877 262 1908 nomine,
278 1877 324 1911 qui
339 1877 469 1903 Joannem
484 1880 604 1903 nostrum
618 1875 738 1910 apprime
751 1876 937 1907 venerabatur,

142 1920 182 1947 ubi
197 1922 303 1949 audivit
317 1921 392 1948 illum
407 1921 540 1948 Cucusum
556 1921 623 1948 mitti
643 1921 668 1947 iu
685 1921 817 1953 exsilium,
831 1925 857 1948 ct
871 1921 939 1947 istuc

141 1971 298 2000 pergentem
310 1974 400 1994 moras
414 1966 540 2001 quasdam
561 1966 689 1994 Caesarea:
706 1966 808 1998 facere,
826 1966 870 1992 illo
890 1966 940 1992 mi-

138 2013 172 2037 sit
193 2018 318 2048 rogatum
339 2018 365 2040 et
387 2013 570 2045 obsecratum,
587 2020 619 2039 ne
637 2012 754 2040 Joannes
775 2013 864 2039 domui
883 2020 938 2039 sua:

139 2053 254 2081 alteram
271 2054 430 2082 anteferret.
456 2055 508 2081 Alii
534 2062 640 2089 quoque
665 2054 781 2089 idipsum
798 2055 936 2083 fecerant:

140 2106 233 2126 verum
251 2099 374 2127 Dioscuri
388 2099 498 2126 domum
511 2099 571 2127 aliis
595 2100 786 2135 przrfcrcndam
803 2107 862 2127 esse
875 2107 938 2127 ecu-

139 2144 189 2171 suit
204 2145 431 2180 Chrysostomus,
443 2150 523 2180 atque
532 2146 600 2180 apud
620 2146 691 2172 illum
704 2146 782 2173 sedes
792 2146 880 2180 posuit
892 2145 936 2182 (Τ-

140 2191 164 2216 3.
175 2199 197 2216 τ.
206 2191 274 2218 612.
285 2192 306 2218 ι.
315 2192 374 2223 47).
384 2192 468 2219 Tanta
479 2200 541 2219 vero
550 2193 670 2226 largitate
678 2200 708 2218 ac
719 2192 877 2220 liberalitate
885 2198 938 2221 utc-

138 2236 215 2264 batur
236 2237 396 2271 Dioscorus,
414 2242 442 2265 ut
461 2246 492 2265 ca
514 2238 547 2265 de
567 2246 645 2265 causa
666 2243 793 2274 perpetuo
812 2247 872 2266 eutn
893 2239 938 2266 illo

136 2287 249 2310 sanctus
271 2288 366 2311 noster
385 2283 576 2318 expostularet.
597 2283 631 2311 Ut
646 2292 709 2311 vero
731 2285 808 2311 latius
823 2285 936 2319 spatium

137 2328 338 2364 tibrysostomo
361 2330 526 2364 relinqueret
547 2338 578 2357 ex
601 2330 703 2358 aedibus
723 2332 778 2358 suis
800 2332 826 2358 in
849 2331 936 2358 villam

137 2375 262 2410 migravit
296 2385 303 2402 :
328 2379 393 2411 quin
415 2376 494 2403 etiam
517 2376 624 2403 domum
647 2377 695 2411 ipsi
717 2377 750 2403 ad
773 2377 936 2404 tolerandam

119 2455 121 2459 Ι
136 2419 254 2449 l.ticmetn
279 2422 405 2449 idoneam
419 2423 569 2449 construxit
583 2431 588 2448 :
603 2428 683 2458 atque
700 2423 734 2450 ita
750 2431 873 2458 magnum
890 2424 943 2450 he-

136 2467 264 2494 ncﬁcium
282 2475 380 2502 magno
390 2468 498 2496 cumulo
512 2469 593 2495 auxit.

185 2514 387 2549 Cltrysostomus
409 2514 533 2542 Cucusum
553 2515 633 2542 exsilii
655 2516 736 2541 locum
762 2516 882 2550 νεηιεηῐι.
901 2531 937 2535 ~—

135 2560 200 2587 (Zutn
215 2561 359 2588 Cucusum
370 2562 486 2595 advenit,
503 2563 659 2596 gravissimo
673 2563 805 2589 laboramt
820 2562 912 2589 morbo
929 2571 934 2588 :

134 2614 148 2631 a
164 2606 264 2634 diebus
288 2607 362 2633 enim
378 2607 438 2642 plus
457 2616 535 2642 quam
552 2608 655 2643 triginta
671 2608 855 2635 ardentissima
871 2608 935 2635 febri

135 2653 328 2685 cruciabatur,
337 2653 445 2688 aliisque
453 2654 581 2681 stomachi
592 2654 789 2681 infirmitatibus
799 2654 934 2680 maximis:

135 2704 194 2732 qua:
211 2698 284 2726 mala
298 2699 370 2725 haud
383 2699 460 2726 dubie
478 2700 540 2726 tanti
555 2700 655 2726 itineris
674 2701 811 2731 tnolcstiar,
825 2700 936 2733 aliaeque

135 2752 220 2779 curre,
237 2745 448 2776 sollicitudines,
466 2746 613 2773 Isaurorum
629 2751 725 2777 metus,
741 2751 818 2780 atque
835 2747 936 2772 incom-

138 2791 216 2819 moda
227 2792 308 2818 varia
324 2796 489 2824 pepererant.
505 2791 643 2826 Postquam
658 2800 721 2819 vero
735 2792 865 2818 Cucusum
877 2798 937 2824 per-

140 2840 223 2868 “venit,
239 2838 289 2864 ubi
307 2845 372 2863 cum
385 2841 455 2863 tanta
470 2837 629 2865 humanitate
641 2842 768 2872 exceptus
781 2837 845 2869 fuit,
863 2837 935 2863 brevi

137 2890 162 2908 lu
184 2883 266 2910 rhtmt
282 2890 396 2910 omnem
412 2882 541 2916 deposuit,
558 2884 590 2909 ita
607 2888 633 2910 ut
648 2884 726 2910 etiam
746 2884 846 2918 integra
860 2883 932 2909 vale-

732 168 822 197 NUNC
842 166 972 196 PRIMUM
992 165 1192 195 ΑοοῐιηΑτλ.

1733 166 1786 196 226

996 223 1087 250 tudine
1102 223 1242 251 frueretur.
1257 222 1315 251 Non
1334 223 1413 251 modo
1433 228 1522 252 autem
1539 222 1693 257 Dioscorus,
1714 227 1784 261 apud

992 277 1071 304 quem
1086 269 1280 302 diversabatur,
1300 269 1414 297 ubertim
1435 270 1472 297 illi
1493 272 1580 298 omnia
1597 272 1783 300 subministra-

994 316 1048 349 bat,
1070 316 1117 343 sed
1136 316 1215 343 etiam
1239 317 1358 351 plerique
1379 317 1422 344 alii
1441 323 1628 352 procuratores
1647 323 1674 346 et
1695 327 1784 346 rerum

994 362 1235 395 administratores,
1255 362 1327 390 lteris
1349 362 1374 389 id
1396 370 1443 397 per
1466 363 1556 390 literas
1579 363 1792 399 imperant-bus,

994 407 1107 434 subinde
1117 406 1190 434 illutn
1203 407 1310 434 adibant
1320 407 1351 434 ad
1363 407 1448 435 officia
1462 409 1561 443 quasvis
1578 410 1725 444 pratstanda
1740 418 1786 445 pa-

995 454 1044 479 rati
1059 461 1066 478 :
1081 452 1153 486 quod
1165 452 1311 479 amicorum
1329 453 1475 480 subsidium
1490 462 1583 481 omnes
1598 462 1664 489 pene
1683 456 1785 483 abster-

994 498 1072 534 gebat
1085 498 1170 526 exsilii
1184 499 1330 526 molestias.

1029 544 1147 571 Cucusus
1161 544 1210 571 etsi
1223 551 1275 571 non
1286 544 1402 579 amplutn
1413 545 1538 579 oppidum
1551 552 1618 580 erat,
1630 547 1785 582 episcopum

995 593 1082 615 tamen
1103 589 1228 622 habebat,
1244 589 1288 624 qui
1302 588 1519 625 Chrysostomum
1539 600 1598 618 cum
1619 594 1690 620 otmti
1711 594 1786 621 beni-

994 634 1095 669 gnitate
1108 635 1220 670 excepit,
1237 643 1324 670 exque
1340 635 1404 662 tanti
1420 636 1468 663 viri
1489 637 1685 665 existimatione
1699 644 1723 666 et
1745 648 1787 667 re-

996 680 1112 708 verentia
1127 688 1160 708 eo
1172 688 1254 715 usque
1265 681 1444 715 processit,ut
1456 682 1635 717 episcopalem
1648 684 1683 710 illi
1696 685 1786 712 sedem

995 727 1090 754 cedere
1107 727 1230 754 voluerit.
1246 727 1345 754 Verum
1361 727 1566 763 Chrysostomus
1587 737 1602 756 a
1617 730 1662 757 tali
1677 737 1788 758 munere

995 772 1165 807 suscipiendo
1193 773 1271 807 longe
1297 773 1398 801 aberat.
1428 774 1528 802 Eodctn
1554 775 1612 809 ipso
1643 775 1707 808 die,
1734 785 1788 810 quo

995 823 1102 845 sanctus
1135 818 1174 844 vir
1203 818 1334 845 Cucusum
1366 818 1494 851 advenit,
1522 820 1606 847 adfuit
1635 821 1683 855 ipsi
1709 821 1786 848 Sabi-

996 865 1072 890 niatta
1086 864 1235 891 diacouissa
1247 886 1254 896 ,
1273 866 1535 901 senectutexptidem
1554 872 1581 894 et
1598 868 1723 895 :crumnis
1740 876 1787 903 pe-

996 918 1029 937 ne
1046 910 1150 942 obruta,
1171 910 1218 938 scd
1249 915 1319 938 tanta
1349 912 1429 938 animi
1449 912 1586 940 alacritate
1600 933 1607 945 ,
1628 918 1700 940 tanto
1724 922 1786 949 erga

994 955 1215 991 Chrysostomum
1232 956 1328 983 affectu
1349 957 1458 991 pra‘dita
1470 979 1476 990 ,
1492 963 1521 985 ut
1537 966 1567 986 se
1591 963 1707 994 paratam
1727 967 1788 987 esse

994 1000 1095 1028 diceret
1117 1001 1196 1028 etiam
1216 1001 1241 1027 iu
1260 1001 1394 1036 Scythiam
1417 1003 1549 1036 proficisci
1572 1013 1579 1031 :
1601 1012 1693 1031 rumor
1715 1005 1786 1032 enim

995 1051 1052 1073 crat
1066 1047 1286 1082 Cltrysostomum
1302 1048 1345 1074 illo
1361 1049 1556 1076 amandandum
1575 1057 1645 1077 esse.
1663 1051 1705 1077 Illa
1724 1059 1788 1078 vero

994 1093 1113 1127 cognatis
1125 1093 1248 1120 omnibus
1260 1093 1368 1126 relictis,
1379 1094 1464 1128 ipsum
1477 1095 1573 1129 ubique
1584 1096 1658 1130 sequi
1672 1096 1788 1124 destina-

995 1143 1068 1164 verat
1079 1147 1085 1164 :
1094 1143 1255 1173 quapropter
1262 1139 1295 1166 ab
1304 1139 1426 1166 omnibus
1433 1139 1559 1167 Ecclesiae
1571 1141 1684 1168 alumnis
1694 1149 1787 1176 magno

994 1191 1054 1210 cum
1072 1183 1168 1210 afTectu
1182 1184 1374 1219 excipiebatur.
1397 1185 1473 1212 Putat
1493 1190 1582 1212 autem
1604 1186 1787 1214 Tillcmontius

994 1237 1052 1256 eam
1071 1230 1154 1264 ipsam
1170 1230 1340 1258 Sabinianam
1356 1238 1416 1258 esse
1430 1231 1568 1265 fortassis,
1585 1239 1664 1266 quam
1679 1233 1786 1260 amitatu

994 1275 1178 1311 Chrysoslomi
1193 1276 1275 1305 fuisse
1291 1281 1382 1304 narrat
1396 1277 1530 1305 Palladius
1545 1278 1569 1304 in
1592 1277 1703 1306 historia
1719 1279 1790 1309 Lati;

993 1319 1077 1353 siac:-(
1086 1317 1115 1344 Τ.
1126 1319 1152 1347 3.
1164 1321 1211 1346 col.
1225 1320 1285 1348 (Sit.
1300 1319 1317 1346 Ι.
1333 1319 1366 1346 59
1376 1321 1474 1353 etsqq.)

1029 1367 1189 1394 Constantius
1208 1367 1335 1402 presbyter
1358 1367 1565 1403 C/trysostonmm
1583 1369 1646 1396 adit.
1662 1385 1697 1389 —
1715 1370 1783 1397 Cou~

991 1415 1108 1440 stantius
1121 1420 1185 1439 vero
1201 1413 1350 1448 presbyter,
1366 1414 1410 1448 qui
1426 1414 1609 1450 Chrysostomi
1625 1416 1722 1450 ubique
1742 1425 1783 1444 se-

993 1458 1090 1491 quendi
1110 1458 1254 1493 cupiditate
1275 1458 1414 1494 flagrabat,
1433 1460 1487 1493 jam
1511 1460 1544 1488 ab
1566 1461 1610 1488 illo
1634 1461 1785 1490 facultatem

994 1512 1041 1540 per
1059 1505 1148 1531 literas
1172 1505 1285 1539 petierat
1304 1506 1434 1532 Cucusum
1459 1507 1592 1536 veniendi.
1615 1512 1641 1534 ttt
1663 1508 1734 1535 illum
1751 1509 1787 1536 ibi

993 1554 1170 1583 exspectaret,
1182 1554 1209 1576 et
1226 1551 1300 1577 lateri
1319 1550 1376 1585 cjus
1389 1559 1496 1586 semper
1512 1552 1635 1580 haereret.
1652 1553 1704 1581 Sed
1725 1559 1787 1589 post

992 1595 1174 1630 Cbrysostomi
1188 1595 1331 1623 adventum
1343 1597 1474 1624 Cucusum
1489 1605 1520 1625 eo
1535 1605 1564 1625 se
1579 1599 1725 1627 contulisse
1735 1608 1784 1635 pu-

993 1645 1073 1667 tatur.
1088 1640 1182 1668 Omnia
1197 1645 1270 1668 ccrte
1285 1641 1318 1668 ad
1334 1647 1427 1669 nutum
1442 1643 1491 1677 ipsi
1507 1644 1704 1678 succedebant,
1722 1653 1782 1672 cum

992 1693 1085 1713 onmes
1096 1686 1121 1713 in
1134 1691 1187 1713 tota
1202 1686 1301 1714 circum
1316 1687 1424 1721 regione
1435 1688 1526 1715 solatia
1541 1688 1647 1722 afferre,
1660 1694 1686 1717 et
1698 1689 1784 1717 officia

993 1732 1145 1767 impendere
1168 1737 1302 1759 curarent.
1327 1733 1496 1768 Quapropter
1514 1735 1606 1761 amicis
1627 1736 1783 1769 quibusdam

993 1777 1087 1812 (Epist.
1098 1776 1159 1812 MS)
1175 1785 1204 1804 ea
1217 1777 1250 1805 de
1262 1786 1292 1805 re
1304 1778 1343 1805 sic
1353 1778 1509 1813 loquebatur
1522 1789 1527 1806 :
1543 1779 1577 1807 Ut
1590 1789 1673 1808 rerum
1687 1787 1786 1808 nostra-

991 1832 1047 1850 rum
1064 1829 1132 1850 statu
1153 1824 1252 1860 cognita
1275 1825 1406 1857 Imtemini,
1429 1825 1523 1860 ingenti
1544 1826 1625 1860 quiete
1643 1832 1716 1860 atque
1735 1828 1786 1854 otio

991 1870 1100 1904 fruimur
1115 1879 1125 1896 .”
1138 1877 1277 1905 corpusque
1290 1874 1412 1903 nostrum,
1427 1871 1473 1897 etsi
1491 1871 1570 1897 multa
1587 1876 1644 1897 sunt
1661 1880 1717 1906 qua'
1731 1873 1785 1907 rjus

992 1916 1158 1943 valetudinem
1169 1916 1331 1950 labefactari,
1343 1917 1404 1942 satis
1413 1917 1541 1943 commode
1552 1925 1577 1943 se
1591 1917 1672 1943 habet.
1686 1917 1784 1944 [flium-

991 1963 1012 1989 si
1032 1963 1097 1989 enim
1116 1963 1181 1988 nil/il
1201 1962 1302 1995 venale,
1329 1967 1351 1988 et
1371 1962 1550 1989 medicamenta
1565 1963 1635 1989 nulla
1659 1964 1699 1990 llic
1717 1964 1785 1995 sint;

991 2009 1087 2035 etiamsi
1104 2008 1160 2035 εωΙί
1178 2009 1336 2043 intemperies
1350 2013 1462 2035 (rstatem
1477 2017 1526 2035 non
1540 2009 1622 2035 utilius
1640 2017 1715 2044 quant
1730 2009 1780 2036 Ιιίιι·

991 2062 1055 2080 mem
1069 2053 1197 2080 molestam
1213 2053 1328 2085 reddunt,
1342 2053 1397 2080 licet
1410 2053 1493 2088 grauis
1508 2058 1530 2079 ct
1543 2058 1663 2088 perpetua
1676 2053 1782 2084 obsidio,

991 2101 1132 2134 frequentes
1153 2108 1241 2134 nempe
1259 2098 1407 2126 Isaurorum
1426 2099 1591 2131 incursiones,
1608 2106 1701 2126 utetum
1722 2101 1785 2135 infe-

990 2150 1057 2178 rant,
1078 2145 1177 2180 aliaque
1196 2146 1283 2180 gravia
1303 2145 1429 2175 accidant,
1449 2153 1515 2171 nunc
1535 2150 1616 2171 tamen
1636 2153 1651 2171 π
1671 2146 1785 2180 graviore

991 2192 1102 2225 periculo
1118 2198 1192 2225 atque
1201 2200 1216 2217 α
1229 2191 1314 2218 morbo
1327 2192 1423 2217 liberati
1438 2199 1534 2218 sumus.

1027 2236 1155 2272 Epistolas
1171 2237 1262 2263 utullus
1277 2237 1360 2263 scribit
1377 2237 1585 2271 C/trysostomus,
1600 2242 1623 2262 ct
1639 2237 1729 2263 multas
1745 2245 1785 2263 re-

990 2284 1099 2317 cipit.—
1109 2284 1134 2310 lu
1150 2283 1263 2318 cpistola
1277 2290 1340 2310 vero
1351 2283 1453 2310 decima
1465 2283 1541 2309 tertia
1555 2282 1586 2309 ad
1598 2282 1784 2317 Olympiadem

989 2329 1026 2355 ait
1043 2329 1084 2355 ille
1101 2337 1140 2360 se,
1157 2328 1237 2355 biduo
1254 2333 1391 2363 postquam
1405 2327 1538 2355 Cucusum
1554 2327 1710 2360 advenerat,
1727 2334 1783 2354 mo-

990 2375 1092 2402 lestiam
1106 2382 1212 2402 omnem
1232 2382 1264 2402 ex
1282 2379 1354 2401 tanto
1369 2375 1463 2401 itinere
1484 2378 1585 2408 partam
1607 2373 1781 2408 deposuisse,

990 2427 1018 2449 ct
1029 2421 1084 2456 jam
1101 2421 1168 2448 bene
1188 2421 1286 2447 valere.
1302 2420 1367 2453 Quia
1384 2427 1448 2447 vero
1466 2428 1517 2446 non
1535 2420 1610 2453 pauci
1633 2424 1694 2445 tunc
1713 2418 1781 2445 (20n-

990 2467 1161 2502 stantinopoli
1182 2471 1259 2494 erant
1282 2466 1465 2502 Chrysostomi
1490 2466 1579 2496 amici,
1603 2465 1648 2500 qui
1674 2465 1699 2491 in
1719 2464 1781 2491 aula

991 2513 1161 2549 Imperatoris
1173 2513 1318 2547 impetrare
1329 2511 1470 2543 curabant,
1485 2515 1512 2538 ut
1526 2511 1600 2538 locus
1612 2510 1697 2537 exsilii
1713 2510 1780 2536 assi-

990 2565 1116 2594 gnat-etur
1134 2559 1175 2586 vel
1198 2559 1320 2589 vicinior,
1337 2558 1377 2585 vel
1396 2556 1579 2589 commodior;
1598 2555 1781 2590 Olympiadem

991 2610 1080 2633 monet
1095 2609 1120 2631 ut
1136 2612 1196 2631 eum
1211 2604 1263 2630 illis
1278 2604 1312 2630 ita
1325 2611 1380 2631 rem
1393 2602 1535 2637 prudenter
1545 2607 1615 2637 agat,
1627 2605 1656 2628 ut
1669 2601 1691 2628 si
1706 2601 1780 2628 illum

991 2654 1016 2679 iu
1028 2654 1114 2680 locum
1125 2651 1356 2684 Constantinopoli
1371 2650 1412 2676 vel
1426 2649 1520 2676 eodem
1535 2648 1575 2675 vel
1589 2647 1683 2681 majori
1696 2647 1782 2680 spatio

991 2699 1131 2726 distantem
1147 2697 1240 2724 adduci
1255 2696 1363 2728 vellent,
1380 2695 1405 2722 id
1419 2703 1452 2722 ne
1466 2695 1620 2721 admitteret
1633 2700 1640 2724 ;
1655 2693 1677 2719 si
1691 2697 1781 2719 autem

991 2745 1030 2771 vel
1044 2744 1181 2779 (lyricum,
1197 2743 1237 2770 vel
1254 2743 1364 2769 alteram
1381 2742 1474 2769 urbem
1491 2749 1543 2768 non
1563 2739 1653 2774 procul
1668 2747 1682 2765 a
1703 2738 1782 2765 Nico-

992 2790 1077 2816 Inedia
1089 2789 1230 2816 distautctn
1245 2788 1387 2822 impetrare
1397 2792 1517 2823 possent,
1532 2793 1626 2813 manus
1640 2785 1683 2811 illa
1695 2785 1780 2811 daret.

992 2835 1094 2862 llrisoni
1109 2842 1214 2868 quoque
1229 2834 1335 2867 scripsit
1350 2833 1434 2859 amico
1452 2832 1515 2867 (Ep.
1532 2830 1606 2866 254),
1622 2830 1739 2864 dicitque
1750 2837 1784 2858 se

992 2886 1048 2907 nost
1066 2888 1200 2907 emensum
1218 2880 1382 2914 septuaginta
1400 2878 1484 2906 ferme
1499 2878 1601 2905 dierum
1617 2876 1677 2909 iter,
1691 2877 1783 2902 (lucu.
