  <div class='ocr_page' id='page_1' title='image "/cluster/home/n/w/nwhite01/storage/ocr_20150623/47-48/njp.32101077772612/213.png"; bbox 0 0 2032 3110; ppageno 0'>
   <div class='ocr_carea' id='block_1_1' title="bbox 239 165 1343 200">
    <p class='ocr_par' dir='ltr' id='par_1_1' title="bbox 239 165 1343 200">
     <span class='ocr_line' id='line_1_1' title="bbox 239 165 1343 200; baseline -0.002 -2"><span class='ocrx_word' id='word_1_1' title='bbox 239 172 287 200; x_wconf 76' lang='grc'><strong>231</strong></span> <span class='ocrx_word' id='word_1_2' title='bbox 787 168 815 196; x_wconf 90' lang='lat' dir='ltr'><strong>S.</strong></span> <span class='ocrx_word' id='word_1_3' title='bbox 835 167 972 195; x_wconf 75' lang='lat' dir='ltr'><strong>J0.\NNlS</strong></span> <span class='ocrx_word' id='word_1_4' title='bbox 991 166 1231 194; x_wconf 76' lang='lat' dir='ltr'><strong>CHRYSOSTOMI</strong></span> <span class='ocrx_word' id='word_1_5' title='bbox 1253 165 1343 197; x_wconf 79' lang='lat' dir='ltr'><strong>Vl&#39;I&#39;A.</strong></span> 
     </span>
    </p>
   </div>
   <div class='ocr_carea' id='block_1_2' title="bbox 237 223 1025 262">
    <p class='ocr_par' dir='ltr' id='par_1_2' title="bbox 237 223 1025 262">
     <span class='ocr_line' id='line_1_2' title="bbox 237 223 1025 262; baseline -0.005 -8"><span class='ocrx_word' id='word_1_6' title='bbox 237 236 315 262; x_wconf 69' lang='lat' dir='ltr'><strong>quam</strong></span> <span class='ocrx_word' id='word_1_7' title='bbox 330 234 390 254; x_wconf 79' lang='lat' dir='ltr'><strong>eum</strong></span> <span class='ocrx_word' id='word_1_8' title='bbox 405 225 551 253; x_wconf 72' lang='lat' dir='ltr'><strong>Antiochia:</strong></span> <span class='ocrx_word' id='word_1_9' title='bbox 563 225 602 252; x_wconf 87' lang='lat' dir='ltr'><strong>vel</strong></span> <span class='ocrx_word' id='word_1_10' title='bbox 625 223 854 257; x_wconf 83' lang='lat' dir='ltr'><strong>Constantinopoli</strong></span> <span class='ocrx_word' id='word_1_11' title='bbox 866 228 937 251; x_wconf 85' lang='lat' dir='ltr'><strong>esset</strong></span> <span class='ocrx_word' id='word_1_12' title='bbox 950 224 958 257; x_wconf 96' lang='lat'>(</span> <span class='ocrx_word' id='word_1_13' title='bbox 976 223 1025 251; x_wconf 90' lang='lat' dir='ltr'><strong>So-</strong></span> 
     </span>
    </p>
   </div>
   <div class='ocr_carea' id='block_1_3' title="bbox 237 269 1028 306">
    <p class='ocr_par' dir='ltr' id='par_1_3' title="bbox 237 269 1028 306">
     <span class='ocr_line' id='line_1_3' title="bbox 237 269 1028 306; baseline -0.005 -6"><span class='ocrx_word' id='word_1_14' title='bbox 237 281 302 301; x_wconf 70' lang='lat' dir='ltr'><strong>zam.</strong></span> <span class='ocrx_word' id='word_1_15' title='bbox 318 273 336 300; x_wconf 77' lang='grc' dir='ltr'>ι.</span> <span class='ocrx_word' id='word_1_16' title='bbox 357 273 383 300; x_wconf 87' lang='lat'><strong>8.</strong></span> <span class='ocrx_word' id='word_1_17' title='bbox 409 279 433 298; x_wconf 77' lang='grc' dir='ltr'><strong>ε.</strong></span> <span class='ocrx_word' id='word_1_18' title='bbox 456 271 524 306; x_wconf 74' lang='grc'><strong>27).</strong></span> <span class='ocrx_word' id='word_1_19' title='bbox 547 269 611 297; x_wconf 91' lang='lat' dir='ltr'><strong>Cum</strong></span> <span class='ocrx_word' id='word_1_20' title='bbox 640 270 711 297; x_wconf 89' lang='lat' dir='ltr'><strong>enim</strong></span> <span class='ocrx_word' id='word_1_21' title='bbox 728 269 846 303; x_wconf 76' lang='lat' dir='ltr'><strong>pecuniis</strong></span> <span class='ocrx_word' id='word_1_22' title='bbox 871 269 1028 301; x_wconf 85' lang='lat' dir='ltr'><strong>abundaret,</strong></span> 
     </span>
    </p>
   </div>
   <div class='ocr_carea' id='block_1_4' title="bbox 237 314 1030 354">
    <p class='ocr_par' dir='ltr' id='par_1_4' title="bbox 237 314 1030 354">
     <span class='ocr_line' id='line_1_4' title="bbox 237 314 1030 354; baseline -0.006 -9"><span class='ocrx_word' id='word_1_23' title='bbox 237 325 303 354; x_wconf 88' lang='lat' dir='ltr'><strong>quas</strong></span> <span class='ocrx_word' id='word_1_24' title='bbox 314 323 368 345; x_wconf 92' lang='lat' dir='ltr'><strong>tum</strong></span> <span class='ocrx_word' id='word_1_25' title='bbox 383 316 519 352; x_wconf 87' lang='lat' dir='ltr'><strong>Olympias</strong></span> <span class='ocrx_word' id='word_1_26' title='bbox 527 315 686 346; x_wconf 84' lang='lat' dir='ltr'><strong>diaconissa.</strong></span> <span class='ocrx_word' id='word_1_27' title='bbox 704 319 758 342; x_wconf 91' lang='lat' dir='ltr'><strong>tum</strong></span> <span class='ocrx_word' id='word_1_28' title='bbox 773 315 817 341; x_wconf 91' lang='lat' dir='ltr'><strong>alii</strong></span> <span class='ocrx_word' id='word_1_29' title='bbox 833 314 907 341; x_wconf 91' lang='lat' dir='ltr'><strong>multi</strong></span> <span class='ocrx_word' id='word_1_30' title='bbox 930 314 1030 342; x_wconf 91' lang='lat' dir='ltr'><strong>submi-</strong></span> 
     </span>
    </p>
   </div>
   <div class='ocr_carea' id='block_1_5' title="bbox 238 354 1030 397">
    <p class='ocr_par' dir='ltr' id='par_1_5' title="bbox 238 354 1030 397">
     <span class='ocr_line' id='line_1_5' title="bbox 238 354 1030 397; baseline -0.008 -5"><span class='ocrx_word' id='word_1_31' title='bbox 238 364 397 396; x_wconf 61' lang='lat' dir='ltr'><strong>nistrabant,</strong></span> <span class='ocrx_word' id='word_1_32' title='bbox 409 354 660 397; x_wconf 39' lang='lat' dir='ltr'><strong>captivos’plurimos</strong></span> <span class='ocrx_word' id='word_1_33' title='bbox 675 360 709 387; x_wconf 90' lang='lat' dir='ltr'><strong>ab</strong></span> <span class='ocrx_word' id='word_1_34' title='bbox 719 361 816 388; x_wconf 88' lang='lat' dir='ltr'><strong>lsauris</strong></span> <span class='ocrx_word' id='word_1_35' title='bbox 831 360 952 392; x_wconf 75' lang='lat' dir='ltr'><strong>redemit,</strong></span> <span class='ocrx_word' id='word_1_36' title='bbox 963 359 1030 386; x_wconf 87' lang='lat' dir='ltr'><strong>mul-</strong></span> 
     </span>
    </p>
   </div>
   <div class='ocr_carea' id='block_1_6' title="bbox 239 406 1030 443">
    <p class='ocr_par' dir='ltr' id='par_1_6' title="bbox 239 406 1030 443">
     <span class='ocr_line' id='line_1_6' title="bbox 239 406 1030 443; baseline -0.006 -7"><span class='ocrx_word' id='word_1_37' title='bbox 239 411 271 436; x_wconf 86' lang='lat' dir='ltr'><strong>tis</strong></span> <span class='ocrx_word' id='word_1_38' title='bbox 284 410 363 436; x_wconf 88' lang='lat' dir='ltr'><strong>etiam</strong></span> <span class='ocrx_word' id='word_1_39' title='bbox 376 408 466 443; x_wconf 79' lang='lat' dir='ltr'><strong>egenis</strong></span> <span class='ocrx_word' id='word_1_40' title='bbox 485 407 634 435; x_wconf 85' lang='lat' dir='ltr'><strong>necessaria</strong></span> <span class='ocrx_word' id='word_1_41' title='bbox 660 406 770 441; x_wconf 80' lang='lat' dir='ltr'><strong>largitus</strong></span> <span class='ocrx_word' id='word_1_42' title='bbox 780 410 837 436; x_wconf 82' lang='lat' dir='ltr'><strong>est;</strong></span> <span class='ocrx_word' id='word_1_43' title='bbox 854 413 909 437; x_wconf 85' lang='lat' dir='ltr'><strong>eos,</strong></span> <span class='ocrx_word' id='word_1_44' title='bbox 924 406 968 440; x_wconf 92' lang='lat' dir='ltr'><strong>qui</strong></span> <span class='ocrx_word' id='word_1_45' title='bbox 984 413 1030 439; x_wconf 81' lang='lat' dir='ltr'><strong>pe-</strong></span> 
     </span>
    </p>
   </div>
   <div class='ocr_carea' id='block_1_7' title="bbox 241 451 1029 488">
    <p class='ocr_par' dir='ltr' id='par_1_7' title="bbox 241 451 1029 488">
     <span class='ocr_line' id='line_1_7' title="bbox 241 451 1029 488; baseline -0.006 -6"><span class='ocrx_word' id='word_1_46' title='bbox 241 455 326 483; x_wconf 88' lang='lat' dir='ltr'><strong>cuniis</strong></span> <span class='ocrx_word' id='word_1_47' title='bbox 341 462 392 481; x_wconf 94' lang='lat' dir='ltr'><strong>non</strong></span> <span class='ocrx_word' id='word_1_48' title='bbox 409 453 531 488; x_wconf 88' lang='lat' dir='ltr'><strong>egebant,</strong></span> <span class='ocrx_word' id='word_1_49' title='bbox 547 453 685 487; x_wconf 72' lang='lat' dir='ltr'><strong>colloquiis</strong></span> <span class='ocrx_word' id='word_1_50' title='bbox 700 452 749 479; x_wconf 86' lang='lat' dir='ltr'><strong>sibi</strong></span> <span class='ocrx_word' id='word_1_51' title='bbox 773 452 938 479; x_wconf 89' lang='lat' dir='ltr'><strong>conciliabat.</strong></span> <span class='ocrx_word' id='word_1_52' title='bbox 954 451 1029 478; x_wconf 85' lang='lat' dir='ltr'><strong>Erat-</strong></span> 
     </span>
    </p>
   </div>
   <div class='ocr_carea' id='block_1_8' title="bbox 237 497 1027 536">
    <p class='ocr_par' dir='ltr' id='par_1_8' title="bbox 237 497 1027 536">
     <span class='ocr_line' id='line_1_8' title="bbox 237 497 1027 536; baseline -0.006 -8"><span class='ocrx_word' id='word_1_53' title='bbox 237 508 288 536; x_wconf 92' lang='lat' dir='ltr'><strong>que</strong></span> <span class='ocrx_word' id='word_1_54' title='bbox 299 500 441 528; x_wconf 85' lang='lat' dir='ltr'><strong>admodum</strong></span> <span class='ocrx_word' id='word_1_55' title='bbox 452 507 529 527; x_wconf 89' lang='lat' dir='ltr'><strong>carus</strong></span> <span class='ocrx_word' id='word_1_56' title='bbox 545 504 599 526; x_wconf 90' lang='lat' dir='ltr'><strong>tum</strong></span> <span class='ocrx_word' id='word_1_57' title='bbox 611 498 733 526; x_wconf 84' lang='lat' dir='ltr'><strong>Armenis</strong></span> <span class='ocrx_word' id='word_1_58' title='bbox 749 497 818 533; x_wconf 90' lang='lat' dir='ltr'><strong>apud</strong></span> <span class='ocrx_word' id='word_1_59' title='bbox 831 505 897 532; x_wconf 91' lang='lat' dir='ltr'><strong>quos</strong></span> <span class='ocrx_word' id='word_1_60' title='bbox 907 497 1027 531; x_wconf 80' lang='lat' dir='ltr'><strong>degebat,</strong></span> 
     </span>
    </p>
   </div>
   <div class='ocr_carea' id='block_1_9' title="bbox 238 542 1030 579">
    <p class='ocr_par' dir='ltr' id='par_1_9' title="bbox 238 542 1030 579">
     <span class='ocr_line' id='line_1_9' title="bbox 238 542 1030 579; baseline -0.006 -5"><span class='ocrx_word' id='word_1_61' title='bbox 238 553 292 574; x_wconf 92' lang='lat' dir='ltr'><strong>tum</strong></span> <span class='ocrx_word' id='word_1_62' title='bbox 307 547 425 573; x_wconf 86' lang='lat' dir='ltr'><strong>finitimis</strong></span> <span class='ocrx_word' id='word_1_63' title='bbox 432 545 564 573; x_wconf 85' lang='lat' dir='ltr'><strong>omnibus.</strong></span> <span class='ocrx_word' id='word_1_64' title='bbox 575 545 649 572; x_wconf 90' lang='lat' dir='ltr'><strong>Multi</strong></span> <span class='ocrx_word' id='word_1_65' title='bbox 664 544 780 579; x_wconf 90' lang='lat' dir='ltr'><strong>quotidie</strong></span> <span class='ocrx_word' id='word_1_66' title='bbox 794 543 826 570; x_wconf 90' lang='lat' dir='ltr'><strong>ad</strong></span> <span class='ocrx_word' id='word_1_67' title='bbox 836 551 896 571; x_wconf 88' lang='lat' dir='ltr'><strong>eum</strong></span> <span class='ocrx_word' id='word_1_68' title='bbox 912 542 1030 570; x_wconf 83' lang='lat' dir='ltr'><strong>conﬂue-</strong></span> 
     </span>
    </p>
   </div>
   <div class='ocr_carea' id='block_1_10' title="bbox 239 589 1027 626">
    <p class='ocr_par' dir='ltr' id='par_1_10' title="bbox 239 589 1027 626">
     <span class='ocr_line' id='line_1_10' title="bbox 239 589 1027 626; baseline -0.005 -7"><span class='ocrx_word' id='word_1_69' title='bbox 239 592 303 619; x_wconf 84' lang='lat' dir='ltr'><strong>bant</strong></span> <span class='ocrx_word' id='word_1_70' title='bbox 315 599 348 619; x_wconf 85' lang='lat' dir='ltr'><strong>ex</strong></span> <span class='ocrx_word' id='word_1_71' title='bbox 359 591 423 618; x_wconf 92' lang='lat' dir='ltr'><strong>urbe</strong></span> <span class='ocrx_word' id='word_1_72' title='bbox 440 590 587 623; x_wconf 83' lang='lat' dir='ltr'><strong>Antiochia,</strong></span> <span class='ocrx_word' id='word_1_73' title='bbox 602 598 635 618; x_wconf 79' lang='lat' dir='ltr'><strong>ex</strong></span> <span class='ocrx_word' id='word_1_74' title='bbox 643 590 717 626; x_wconf 83' lang='lat' dir='ltr'><strong>Syria</strong></span> <span class='ocrx_word' id='word_1_75' title='bbox 731 594 758 617; x_wconf 90' lang='lat' dir='ltr'><strong>et</strong></span> <span class='ocrx_word' id='word_1_76' title='bbox 768 597 801 617; x_wconf 76' lang='lat' dir='ltr'><strong>ex</strong></span> <span class='ocrx_word' id='word_1_77' title='bbox 811 589 911 616; x_wconf 86' lang='lat' dir='ltr'><strong>Cilicia.</strong></span> <span class='ocrx_word' id='word_1_78' title='bbox 929 589 1027 623; x_wconf 87' lang='lat' dir='ltr'><strong>Atque,</strong></span> 
     </span>
    </p>
   </div>
   <div class='ocr_carea' id='block_1_11' title="bbox 238 634 1030 671">
    <p class='ocr_par' dir='ltr' id='par_1_11' title="bbox 238 634 1030 671">
     <span class='ocr_line' id='line_1_11' title="bbox 238 634 1030 671; baseline -0.005 -7"><span class='ocrx_word' id='word_1_79' title='bbox 238 642 268 664; x_wconf 93' lang='lat' dir='ltr'><strong>ut</strong></span> <span class='ocrx_word' id='word_1_80' title='bbox 281 636 399 671; x_wconf 91' lang='lat' dir='ltr'><strong>pluribus</strong></span> <span class='ocrx_word' id='word_1_81' title='bbox 413 636 480 663; x_wconf 88' lang='lat' dir='ltr'><strong>infra</strong></span> <span class='ocrx_word' id='word_1_82' title='bbox 491 636 604 667; x_wconf 86' lang='lat' dir='ltr'><strong>dicetur,</strong></span> <span class='ocrx_word' id='word_1_83' title='bbox 624 643 671 662; x_wconf 92' lang='lat' dir='ltr'><strong>eos</strong></span> <span class='ocrx_word' id='word_1_84' title='bbox 686 635 730 670; x_wconf 90' lang='lat' dir='ltr'><strong>qui</strong></span> <span class='ocrx_word' id='word_1_85' title='bbox 756 634 922 669; x_wconf 73' lang='lat' dir='ltr'><strong>evangelium</strong></span> <span class='ocrx_word' id='word_1_86' title='bbox 935 634 1030 668; x_wconf 52' lang='lat' dir='ltr'><strong>praedi-</strong></span> 
     </span>
    </p>
   </div>
   <div class='ocr_carea' id='block_1_12' title="bbox 237 680 1027 716">
    <p class='ocr_par' dir='ltr' id='par_1_12' title="bbox 237 680 1027 716">
     <span class='ocr_line' id='line_1_12' title="bbox 237 680 1027 716; baseline -0.004 -7"><span class='ocrx_word' id='word_1_87' title='bbox 237 683 334 709; x_wconf 74' lang='lat' dir='ltr'><strong>cabant</strong></span> <span class='ocrx_word' id='word_1_88' title='bbox 346 683 371 709; x_wconf 94' lang='lat' dir='ltr'><strong>in</strong></span> <span class='ocrx_word' id='word_1_89' title='bbox 385 681 664 716; x_wconf 72' lang='lat' dir='ltr'><strong>Plimnicia,juVabat,</strong></span> <span class='ocrx_word' id='word_1_90' title='bbox 682 686 708 708; x_wconf 89' lang='lat' dir='ltr'><strong>et</strong></span> <span class='ocrx_word' id='word_1_91' title='bbox 718 681 825 708; x_wconf 87' lang='lat' dir='ltr'><strong>monitis</strong></span> <span class='ocrx_word' id='word_1_92' title='bbox 836 684 863 707; x_wconf 92' lang='lat' dir='ltr'><strong>et</strong></span> <span class='ocrx_word' id='word_1_93' title='bbox 877 680 1027 715; x_wconf 83' lang='lat' dir='ltr'><strong>largitioni-</strong></span> 
     </span>
    </p>
   </div>
   <div class='ocr_carea' id='block_1_13' title="bbox 239 725 1029 762">
    <p class='ocr_par' dir='ltr' id='par_1_13' title="bbox 239 725 1029 762">
     <span class='ocr_line' id='line_1_13' title="bbox 239 725 1029 762; baseline -0.003 -8"><span class='ocrx_word' id='word_1_94' title='bbox 239 728 298 760; x_wconf 88' lang='lat' dir='ltr'><strong>bus,</strong></span> <span class='ocrx_word' id='word_1_95' title='bbox 311 727 377 754; x_wconf 87' lang='lat' dir='ltr'><strong>alios</strong></span> <span class='ocrx_word' id='word_1_96' title='bbox 389 734 493 762; x_wconf 84' lang='lat' dir='ltr'><strong>quoque</strong></span> <span class='ocrx_word' id='word_1_97' title='bbox 506 727 624 758; x_wconf 82' lang='lat' dir='ltr'><strong>mittens,</strong></span> <span class='ocrx_word' id='word_1_98' title='bbox 645 726 689 761; x_wconf 84' lang='lat' dir='ltr'><strong>qui</strong></span> <span class='ocrx_word' id='word_1_99' title='bbox 704 725 790 753; x_wconf 85' lang='lat' dir='ltr'><strong>eidem</strong></span> <span class='ocrx_word' id='word_1_100' title='bbox 806 726 880 760; x_wconf 89' lang='lat' dir='ltr'><strong>operi</strong></span> <span class='ocrx_word' id='word_1_101' title='bbox 894 725 1029 753; x_wconf 90' lang='lat' dir='ltr'><strong>incumbe-</strong></span> 
     </span>
    </p>
   </div>
   <div class='ocr_carea' id='block_1_14' title="bbox 239 770 1030 807">
    <p class='ocr_par' dir='ltr' id='par_1_14' title="bbox 239 770 1030 807">
     <span class='ocr_line' id='line_1_14' title="bbox 239 770 1030 807; baseline -0.003 -8"><span class='ocrx_word' id='word_1_102' title='bbox 239 777 296 800; x_wconf 89' lang='lat' dir='ltr'><strong>rent</strong></span> <span class='ocrx_word' id='word_1_103' title='bbox 309 781 315 799; x_wconf 89' lang='lat'><strong>:</strong></span> <span class='ocrx_word' id='word_1_104' title='bbox 327 772 459 807; x_wconf 86' lang='lat' dir='ltr'><strong>etiamque</strong></span> <span class='ocrx_word' id='word_1_105' title='bbox 473 771 631 799; x_wconf 85' lang='lat' dir='ltr'><strong>Gotthorum</strong></span> <span class='ocrx_word' id='word_1_106' title='bbox 649 776 675 799; x_wconf 86' lang='lat' dir='ltr'><strong>et</strong></span> <span class='ocrx_word' id='word_1_107' title='bbox 689 771 828 798; x_wconf 78' lang='lat' dir='ltr'><strong>Persarum</strong></span> <span class='ocrx_word' id='word_1_108' title='bbox 837 770 970 798; x_wconf 85' lang='lat' dir='ltr'><strong>Ecclesias</strong></span> <span class='ocrx_word' id='word_1_109' title='bbox 985 778 1030 797; x_wconf 89' lang='lat' dir='ltr'><strong>eu-</strong></span> 
     </span>
    </p>
   </div>
   <div class='ocr_carea' id='block_1_15' title="bbox 237 819 322 846">
    <p class='ocr_par' dir='ltr' id='par_1_15' title="bbox 237 819 322 846">
     <span class='ocr_line' id='line_1_15' title="bbox 237 819 322 846; baseline -0.012 -1"><span class='ocrx_word' id='word_1_110' title='bbox 237 819 322 846; x_wconf 85' lang='lat' dir='ltr'><strong>rabat.</strong></span> 
     </span>
    </p>
   </div>
   <div class='ocr_carea' id='block_1_16' title="bbox 273 863 1022 899">
    <p class='ocr_par' dir='ltr' id='par_1_16' title="bbox 273 863 1022 899">
     <span class='ocr_line' id='line_1_16' title="bbox 273 863 1022 899; baseline -0.003 -9"><span class='ocrx_word' id='word_1_111' title='bbox 273 863 433 899; x_wconf 74' lang='lat' dir='ltr'><strong>Porphyrius</strong></span> <span class='ocrx_word' id='word_1_112' title='bbox 455 864 481 890; x_wconf 80' lang='lat' dir='ltr'><strong>in</strong></span> <span class='ocrx_word' id='word_1_113' title='bbox 499 863 669 898; x_wconf 73' lang='lat' dir='ltr'><strong>episcopatum</strong></span> <span class='ocrx_word' id='word_1_114' title='bbox 695 863 877 889; x_wconf 75' lang='lat' dir='ltr'><strong>Antiochenam</strong></span> <span class='ocrx_word' id='word_1_115' title='bbox 901 863 1022 889; x_wconf 81' lang='lat' dir='ltr'><strong>intrusus.</strong></span> 
     </span>
    </p>
   </div>
   <div class='ocr_carea' id='block_1_17' title="bbox 237 907 1030 944">
    <p class='ocr_par' dir='ltr' id='par_1_17' title="bbox 237 907 1030 944">
     <span class='ocr_line' id='line_1_17' title="bbox 237 907 1030 944; baseline -0.003 -8"><span class='ocrx_word' id='word_1_116' title='bbox 237 924 272 929; x_wconf 81' lang='lat'><strong>—-</strong></span> <span class='ocrx_word' id='word_1_117' title='bbox 285 909 344 936; x_wconf 90' lang='lat' dir='ltr'><strong>lllos</strong></span> <span class='ocrx_word' id='word_1_118' title='bbox 359 913 447 936; x_wconf 89' lang='lat' dir='ltr'><strong>autem</strong></span> <span class='ocrx_word' id='word_1_119' title='bbox 462 909 505 944; x_wconf 88' lang='lat' dir='ltr'><strong>qui</strong></span> <span class='ocrx_word' id='word_1_120' title='bbox 517 909 565 935; x_wconf 87' lang='lat' dir='ltr'><strong>sibi</strong></span> <span class='ocrx_word' id='word_1_121' title='bbox 580 908 676 935; x_wconf 88' lang='lat' dir='ltr'><strong>addicti</strong></span> <span class='ocrx_word' id='word_1_122' title='bbox 699 912 784 940; x_wconf 89' lang='lat' dir='ltr'><strong>erant,</strong></span> <span class='ocrx_word' id='word_1_123' title='bbox 807 912 859 934; x_wconf 86' lang='lat' dir='ltr'><strong>tam</strong></span> <span class='ocrx_word' id='word_1_124' title='bbox 881 907 1030 934; x_wconf 84' lang='lat' dir='ltr'><strong>Constanti-</strong></span> 
     </span>
    </p>
   </div>
   <div class='ocr_carea' id='block_1_18' title="bbox 239 954 1026 990">
    <p class='ocr_par' dir='ltr' id='par_1_18' title="bbox 239 954 1026 990">
     <span class='ocr_line' id='line_1_18' title="bbox 239 954 1026 990; baseline -0.003 -8"><span class='ocrx_word' id='word_1_125' title='bbox 239 956 337 990; x_wconf 87' lang='lat' dir='ltr'><strong>nopoli,</strong></span> <span class='ocrx_word' id='word_1_126' title='bbox 352 963 430 990; x_wconf 90' lang='lat' dir='ltr'><strong>quam</strong></span> <span class='ocrx_word' id='word_1_127' title='bbox 444 954 601 987; x_wconf 68' lang='lat' dir='ltr'><strong>Antioehim,</strong></span> <span class='ocrx_word' id='word_1_128' title='bbox 617 955 642 981; x_wconf 96' lang='lat' dir='ltr'><strong>in</strong></span> <span class='ocrx_word' id='word_1_129' title='bbox 666 954 791 981; x_wconf 69' lang='lat' dir='ltr'><strong>mrumnis</strong></span> <span class='ocrx_word' id='word_1_130' title='bbox 806 954 866 980; x_wconf 90' lang='lat' dir='ltr'><strong>ideo</strong></span> <span class='ocrx_word' id='word_1_131' title='bbox 879 958 1026 986; x_wconf 89' lang='lat' dir='ltr'><strong>versantes,</strong></span> 
     </span>
    </p>
   </div>
   <div class='ocr_carea' id='block_1_19' title="bbox 241 999 1028 1036">
    <p class='ocr_par' dir='ltr' id='par_1_19' title="bbox 241 999 1028 1036">
     <span class='ocr_line' id='line_1_19' title="bbox 241 999 1028 1036; baseline -0.003 -8"><span class='ocrx_word' id='word_1_132' title='bbox 241 1003 345 1029; x_wconf 82' lang='lat' dir='ltr'><strong>fovebat</strong></span> <span class='ocrx_word' id='word_1_133' title='bbox 367 1001 583 1036; x_wconf 63' lang='lat' dir='ltr'><strong>sustentabatque</strong></span> <span class='ocrx_word' id='word_1_134' title='bbox 611 1008 659 1035; x_wconf 92' lang='lat' dir='ltr'><strong>pro</strong></span> <span class='ocrx_word' id='word_1_135' title='bbox 682 1000 781 1027; x_wconf 84' lang='lat' dir='ltr'><strong>viribus</strong></span> <span class='ocrx_word' id='word_1_136' title='bbox 797 999 1028 1035; x_wconf 80' lang='lat' dir='ltr'><strong>(Pnllad.Dialag.</strong></span> 
     </span>
    </p>
   </div>
   <div class='ocr_carea' id='block_1_20' title="bbox 240 1045 1031 1082">
    <p class='ocr_par' dir='ltr' id='par_1_20' title="bbox 240 1045 1031 1082">
     <span class='ocr_line' id='line_1_20' title="bbox 240 1045 1031 1082; baseline -0.004 -8"><span class='ocrx_word' id='word_1_137' title='bbox 240 1047 342 1074; x_wconf 79' lang='lat' dir='ltr'><strong>Sozam.</strong></span> <span class='ocrx_word' id='word_1_138' title='bbox 372 1047 390 1073; x_wconf 87' lang='grc' dir='ltr'>ι.</span> <span class='ocrx_word' id='word_1_139' title='bbox 406 1046 432 1074; x_wconf 87' lang='lat'>8.</span> <span class='ocrx_word' id='word_1_140' title='bbox 459 1054 482 1074; x_wconf 79' lang='grc' dir='ltr'><em>ε,</em></span> <span class='ocrx_word' id='word_1_141' title='bbox 500 1046 567 1082; x_wconf 67' lang='grc'><strong>24).</strong></span> <span class='ocrx_word' id='word_1_142' title='bbox 583 1046 649 1073; x_wconf 90' lang='lat' dir='ltr'><strong>Cum</strong></span> <span class='ocrx_word' id='word_1_143' title='bbox 676 1053 741 1072; x_wconf 85' lang='lat' dir='ltr'><strong>vero</strong></span> <span class='ocrx_word' id='word_1_144' title='bbox 761 1045 903 1073; x_wconf 84' lang='lat' dir='ltr'><strong>Flavianus</strong></span> <span class='ocrx_word' id='word_1_145' title='bbox 928 1046 1031 1080; x_wconf 89' lang='lat' dir='ltr'><strong>episco-</strong></span> 
     </span>
    </p>
   </div>
   <div class='ocr_carea' id='block_1_21' title="bbox 240 1089 1030 1125">
    <p class='ocr_par' dir='ltr' id='par_1_21' title="bbox 240 1089 1030 1125">
     <span class='ocr_line' id='line_1_21' title="bbox 240 1089 1030 1125; baseline -0.004 -6"><span class='ocrx_word' id='word_1_146' title='bbox 240 1100 287 1124; x_wconf 87' lang='lat' dir='ltr'><strong>pus</strong></span> <span class='ocrx_word' id='word_1_147' title='bbox 296 1096 415 1119; x_wconf 89' lang='lat' dir='ltr'><strong>mortuus</strong></span> <span class='ocrx_word' id='word_1_148' title='bbox 425 1096 496 1119; x_wconf 79' lang='lat' dir='ltr'><strong>esset</strong></span> <span class='ocrx_word' id='word_1_149' title='bbox 514 1099 583 1118; x_wconf 88' lang='lat' dir='ltr'><strong>anno</strong></span> <span class='ocrx_word' id='word_1_150' title='bbox 594 1091 655 1123; x_wconf 65' lang='lat' dir='ltr'><strong>401i,</strong></span> <span class='ocrx_word' id='word_1_151' title='bbox 683 1090 847 1125; x_wconf 77' lang='lat' dir='ltr'><strong>Porphyrius</strong></span> <span class='ocrx_word' id='word_1_152' title='bbox 861 1090 900 1116; x_wconf 88' lang='lat' dir='ltr'><strong>vir</strong></span> <span class='ocrx_word' id='word_1_153' title='bbox 915 1097 930 1116; x_wconf 89' lang='lat' dir='ltr'><strong>a</strong></span> <span class='ocrx_word' id='word_1_154' title='bbox 941 1089 1030 1124; x_wconf 86' lang='lat' dir='ltr'><strong>probis</strong></span> 
     </span>
    </p>
   </div>
   <div class='ocr_carea' id='block_1_22' title="bbox 239 1135 1029 1168">
    <p class='ocr_par' dir='ltr' id='par_1_22' title="bbox 239 1135 1029 1168">
     <span class='ocr_line' id='line_1_22' title="bbox 239 1135 1029 1168; baseline -0.004 -5"><span class='ocrx_word' id='word_1_155' title='bbox 239 1137 357 1164; x_wconf 75' lang='lat' dir='ltr'><strong>moribus</strong></span> <span class='ocrx_word' id='word_1_156' title='bbox 378 1136 547 1168; x_wconf 83' lang='lat' dir='ltr'><strong>abhorrens,</strong></span> <span class='ocrx_word' id='word_1_157' title='bbox 570 1143 630 1162; x_wconf 86' lang='lat' dir='ltr'><strong>sese</strong></span> <span class='ocrx_word' id='word_1_158' title='bbox 657 1135 850 1162; x_wconf 78' lang='lat' dir='ltr'><strong>Antiochenum</strong></span> <span class='ocrx_word' id='word_1_159' title='bbox 875 1135 1029 1168; x_wconf 88' lang='lat' dir='ltr'><strong>episcopmn</strong></span> 
     </span>
    </p>
   </div>
   <div class='ocr_carea' id='block_1_23' title="bbox 240 1179 1031 1216">
    <p class='ocr_par' dir='ltr' id='par_1_23' title="bbox 240 1179 1031 1216">
     <span class='ocr_line' id='line_1_23' title="bbox 240 1179 1031 1216; baseline -0.004 -8"><span class='ocrx_word' id='word_1_160' title='bbox 240 1187 298 1216; x_wconf 76' lang='lat' dir='ltr'><strong>post</strong></span> <span class='ocrx_word' id='word_1_161' title='bbox 310 1182 431 1209; x_wconf 84' lang='lat' dir='ltr'><strong>Flaviani</strong></span> <span class='ocrx_word' id='word_1_162' title='bbox 447 1181 547 1208; x_wconf 88' lang='lat' dir='ltr'><strong>obitum</strong></span> <span class='ocrx_word' id='word_1_163' title='bbox 562 1180 675 1215; x_wconf 80' lang='lat' dir='ltr'><strong>indignis</strong></span> <span class='ocrx_word' id='word_1_164' title='bbox 696 1180 781 1207; x_wconf 89' lang='lat' dir='ltr'><strong>modis</strong></span> <span class='ocrx_word' id='word_1_165' title='bbox 801 1180 917 1206; x_wconf 88' lang='lat' dir='ltr'><strong>ordinari</strong></span> <span class='ocrx_word' id='word_1_166' title='bbox 929 1179 1031 1206; x_wconf 80' lang='lat' dir='ltr'><strong>curavit</strong></span> 
     </span>
    </p>
   </div>
   <div class='ocr_carea' id='block_1_24' title="bbox 239 1225 1031 1261">
    <p class='ocr_par' dir='ltr' id='par_1_24' title="bbox 239 1225 1031 1261">
     <span class='ocr_line' id='line_1_24' title="bbox 239 1225 1031 1261; baseline 0 -9"><span class='ocrx_word' id='word_1_167' title='bbox 239 1227 272 1253; x_wconf 90' lang='lat' dir='ltr'><strong>ab</strong></span> <span class='ocrx_word' id='word_1_168' title='bbox 298 1226 393 1253; x_wconf 86' lang='lat' dir='ltr'><strong>Aeaeio</strong></span> <span class='ocrx_word' id='word_1_169' title='bbox 413 1225 542 1261; x_wconf 82' lang='lat' dir='ltr'><strong>(Pallad.</strong></span> <span class='ocrx_word' id='word_1_170' title='bbox 567 1225 695 1260; x_wconf 83' lang='lat' dir='ltr'><strong>Dialog.),</strong></span> <span class='ocrx_word' id='word_1_171' title='bbox 718 1225 860 1252; x_wconf 87' lang='lat' dir='ltr'><strong>Severiano</strong></span> <span class='ocrx_word' id='word_1_172' title='bbox 887 1229 913 1251; x_wconf 89' lang='lat' dir='ltr'><strong>et</strong></span> <span class='ocrx_word' id='word_1_173' title='bbox 939 1225 1031 1252; x_wconf 81' lang='lat' dir='ltr'><strong>Antio-</strong></span> 
     </span>
    </p>
   </div>
   <div class='ocr_carea' id='block_1_25' title="bbox 238 1271 1030 1306">
    <p class='ocr_par' dir='ltr' id='par_1_25' title="bbox 238 1271 1030 1306">
     <span class='ocr_line' id='line_1_25' title="bbox 238 1271 1030 1306; baseline -0.001 -8"><span class='ocrx_word' id='word_1_174' title='bbox 238 1272 300 1304; x_wconf 86' lang='lat' dir='ltr'><strong>cbo,</strong></span> <span class='ocrx_word' id='word_1_175' title='bbox 314 1272 454 1306; x_wconf 84' lang='lat' dir='ltr'><strong>statimque</strong></span> <span class='ocrx_word' id='word_1_176' title='bbox 475 1271 657 1306; x_wconf 83' lang='lat' dir='ltr'><strong>Chrysostomi</strong></span> <span class='ocrx_word' id='word_1_177' title='bbox 683 1271 897 1298; x_wconf 89' lang='lat' dir='ltr'><strong>condemnationi</strong></span> <span class='ocrx_word' id='word_1_178' title='bbox 913 1271 1030 1298; x_wconf 87' lang='lat' dir='ltr'><strong>subseri-</strong></span> 
     </span>
    </p>
   </div>
   <div class='ocr_carea' id='block_1_26' title="bbox 239 1317 1026 1353">
    <p class='ocr_par' dir='ltr' id='par_1_26' title="bbox 239 1317 1026 1353">
     <span class='ocr_line' id='line_1_26' title="bbox 239 1317 1026 1353; baseline -0.003 -7"><span class='ocrx_word' id='word_1_179' title='bbox 239 1319 308 1353; x_wconf 80' lang='lat' dir='ltr'><strong>psit:</strong></span> <span class='ocrx_word' id='word_1_180' title='bbox 323 1324 485 1353; x_wconf 74' lang='lat' dir='ltr'><strong>quapropter</strong></span> <span class='ocrx_word' id='word_1_181' title='bbox 510 1318 585 1345; x_wconf 83' lang='lat' dir='ltr'><strong>inulti</strong></span> <span class='ocrx_word' id='word_1_182' title='bbox 602 1319 626 1345; x_wconf 92' lang='lat' dir='ltr'><strong>in</strong></span> <span class='ocrx_word' id='word_1_183' title='bbox 654 1318 730 1353; x_wconf 87' lang='lat' dir='ltr'><strong>Syria</strong></span> <span class='ocrx_word' id='word_1_184' title='bbox 746 1318 779 1345; x_wconf 84' lang='lat' dir='ltr'><strong>ab</strong></span> <span class='ocrx_word' id='word_1_185' title='bbox 806 1318 863 1352; x_wconf 87' lang='lat' dir='ltr'><strong>ejus</strong></span> <span class='ocrx_word' id='word_1_186' title='bbox 891 1317 1026 1345; x_wconf 86' lang='lat' dir='ltr'><strong>consortio</strong></span> 
     </span>
    </p>
   </div>
   <div class='ocr_carea' id='block_1_27' title="bbox 237 1363 1028 1398">
    <p class='ocr_par' dir='ltr' id='par_1_27' title="bbox 237 1363 1028 1398">
     <span class='ocr_line' id='line_1_27' title="bbox 237 1363 1028 1398; baseline -0.004 -6"><span class='ocrx_word' id='word_1_187' title='bbox 237 1372 297 1392; x_wconf 83' lang='lat' dir='ltr'><strong>sese</strong></span> <span class='ocrx_word' id='word_1_188' title='bbox 312 1368 522 1398; x_wconf 86' lang='lat' dir='ltr'><strong>sequestrarunt,</strong></span> <span class='ocrx_word' id='word_1_189' title='bbox 546 1371 577 1390; x_wconf 93' lang='lat' dir='ltr'><strong>ae</strong></span> <span class='ocrx_word' id='word_1_190' title='bbox 592 1363 702 1390; x_wconf 87' lang='lat' dir='ltr'><strong>seorsim</strong></span> <span class='ocrx_word' id='word_1_191' title='bbox 717 1363 842 1390; x_wconf 79' lang='lat' dir='ltr'><strong>collectas</strong></span> <span class='ocrx_word' id='word_1_192' title='bbox 854 1363 1028 1395; x_wconf 85' lang='lat' dir='ltr'><strong>celebrantes,</strong></span> 
     </span>
    </p>
   </div>
   <div class='ocr_carea' id='block_1_28' title="bbox 238 1409 1028 1444">
    <p class='ocr_par' dir='ltr' id='par_1_28' title="bbox 238 1409 1028 1444">
     <span class='ocr_line' id='line_1_28' title="bbox 238 1409 1028 1444; baseline -0.004 -6"><span class='ocrx_word' id='word_1_193' title='bbox 238 1411 332 1438; x_wconf 87' lang='lat' dir='ltr'><strong>multas</strong></span> <span class='ocrx_word' id='word_1_194' title='bbox 347 1418 478 1438; x_wconf 72' lang='lat' dir='ltr'><strong>mrumuas</strong></span> <span class='ocrx_word' id='word_1_195' title='bbox 488 1416 519 1438; x_wconf 89' lang='lat' dir='ltr'><strong>ae</strong></span> <span class='ocrx_word' id='word_1_196' title='bbox 531 1410 665 1437; x_wconf 89' lang='lat' dir='ltr'><strong>molestias</strong></span> <span class='ocrx_word' id='word_1_197' title='bbox 677 1414 737 1437; x_wconf 91' lang='lat' dir='ltr'><strong>sunt</strong></span> <span class='ocrx_word' id='word_1_198' title='bbox 749 1409 877 1444; x_wconf 85' lang='lat' dir='ltr'><strong>perpessi.</strong></span> <span class='ocrx_word' id='word_1_199' title='bbox 888 1409 952 1436; x_wconf 88' lang='lat' dir='ltr'><strong>Nam</strong></span> <span class='ocrx_word' id='word_1_200' title='bbox 967 1409 1028 1436; x_wconf 88' lang='lat' dir='ltr'><strong>Cle-</strong></span> 
     </span>
    </p>
   </div>
   <div class='ocr_carea' id='block_1_29' title="bbox 240 1453 1028 1490">
    <p class='ocr_par' dir='ltr' id='par_1_29' title="bbox 240 1453 1028 1490">
     <span class='ocr_line' id='line_1_29' title="bbox 240 1453 1028 1490; baseline -0.005 -7"><span class='ocrx_word' id='word_1_201' title='bbox 240 1464 285 1483; x_wconf 91' lang='lat' dir='ltr'><strong>rus</strong></span> <span class='ocrx_word' id='word_1_202' title='bbox 296 1455 477 1483; x_wconf 80' lang='lat' dir='ltr'><strong>Antiochenus</strong></span> <span class='ocrx_word' id='word_1_203' title='bbox 501 1454 629 1490; x_wconf 84' lang='lat' dir='ltr'><strong>insignior</strong></span> <span class='ocrx_word' id='word_1_204' title='bbox 649 1454 716 1481; x_wconf 89' lang='lat' dir='ltr'><strong>clam</strong></span> <span class='ocrx_word' id='word_1_205' title='bbox 739 1454 843 1489; x_wconf 85' lang='lat' dir='ltr'><strong>plebem</strong></span> <span class='ocrx_word' id='word_1_206' title='bbox 867 1453 1028 1488; x_wconf 81' lang='lat' dir='ltr'><strong>colligebat,</strong></span> 
     </span>
    </p>
   </div>
   <div class='ocr_carea' id='block_1_30' title="bbox 237 1499 1027 1534">
    <p class='ocr_par' dir='ltr' id='par_1_30' title="bbox 237 1499 1027 1534">
     <span class='ocr_line' id='line_1_30' title="bbox 237 1499 1027 1534; baseline -0.001 -8"><span class='ocrx_word' id='word_1_207' title='bbox 237 1501 426 1529; x_wconf 72' lang='lat' dir='ltr'><strong>accedentibus</strong></span> <span class='ocrx_word' id='word_1_208' title='bbox 440 1501 519 1528; x_wconf 88' lang='lat' dir='ltr'><strong>etiam</strong></span> <span class='ocrx_word' id='word_1_209' title='bbox 535 1500 689 1527; x_wconf 86' lang='lat' dir='ltr'><strong>mulieribus</strong></span> <span class='ocrx_word' id='word_1_210' title='bbox 700 1507 758 1534; x_wconf 75' lang='lat' dir='ltr'><strong>qua:</strong></span> <span class='ocrx_word' id='word_1_211' title='bbox 778 1499 872 1534; x_wconf 88' lang='lat' dir='ltr'><strong>opibus</strong></span> <span class='ocrx_word' id='word_1_212' title='bbox 884 1499 1027 1534; x_wconf 84' lang='lat' dir='ltr'><strong>pollebant.</strong></span> 
     </span>
    </p>
   </div>
   <div class='ocr_carea' id='block_1_31' title="bbox 236 1545 1029 1574">
    <p class='ocr_par' dir='ltr' id='par_1_31' title="bbox 236 1545 1029 1574">
     <span class='ocr_line' id='line_1_31' title="bbox 236 1545 1029 1574; baseline -0.003 -1"><span class='ocrx_word' id='word_1_213' title='bbox 236 1548 300 1574; x_wconf 82' lang='lat' dir='ltr'><strong>Tota</strong></span> <span class='ocrx_word' id='word_1_214' title='bbox 323 1546 377 1574; x_wconf 89' lang='lat' dir='ltr'><strong>fere</strong></span> <span class='ocrx_word' id='word_1_215' title='bbox 392 1546 556 1573; x_wconf 86' lang='lat' dir='ltr'><strong>Antiochena</strong></span> <span class='ocrx_word' id='word_1_216' title='bbox 570 1545 688 1572; x_wconf 87' lang='lat' dir='ltr'><strong>Ecclesia</strong></span> <span class='ocrx_word' id='word_1_217' title='bbox 701 1545 811 1572; x_wconf 82' lang='lat' dir='ltr'><strong>Joannis</strong></span> <span class='ocrx_word' id='word_1_218' title='bbox 823 1545 952 1571; x_wconf 83' lang='lat' dir='ltr'><strong>invisendi</strong></span> <span class='ocrx_word' id='word_1_219' title='bbox 963 1552 1029 1571; x_wconf 90' lang='lat' dir='ltr'><strong>cau—</strong></span> 
     </span>
    </p>
   </div>
   <div class='ocr_carea' id='block_1_32' title="bbox 237 1591 1030 1627">
    <p class='ocr_par' dir='ltr' id='par_1_32' title="bbox 237 1591 1030 1627">
     <span class='ocr_line' id='line_1_32' title="bbox 237 1591 1030 1627; baseline -0.001 -9"><span class='ocrx_word' id='word_1_220' title='bbox 237 1602 265 1619; x_wconf 73' lang='lat' dir='ltr'><strong>sa</strong></span> <span class='ocrx_word' id='word_1_221' title='bbox 281 1594 306 1620; x_wconf 90' lang='lat' dir='ltr'><strong>in</strong></span> <span class='ocrx_word' id='word_1_222' title='bbox 320 1593 473 1620; x_wconf 83' lang='lat' dir='ltr'><strong>Armeniam</strong></span> <span class='ocrx_word' id='word_1_223' title='bbox 487 1592 619 1627; x_wconf 83' lang='lat' dir='ltr'><strong>migravit,</strong></span> <span class='ocrx_word' id='word_1_224' title='bbox 642 1596 669 1618; x_wconf 90' lang='lat' dir='ltr'><strong>et</strong></span> <span class='ocrx_word' id='word_1_225' title='bbox 695 1591 720 1618; x_wconf 92' lang='lat' dir='ltr'><strong>in</strong></span> <span class='ocrx_word' id='word_1_226' title='bbox 744 1591 830 1618; x_wconf 90' lang='lat' dir='ltr'><strong>reditu</strong></span> <span class='ocrx_word' id='word_1_227' title='bbox 860 1598 952 1617; x_wconf 87' lang='lat' dir='ltr'><strong>omnes</strong></span> <span class='ocrx_word' id='word_1_228' title='bbox 972 1591 1030 1624; x_wconf 86' lang='lat' dir='ltr'><strong>ejus</strong></span> 
     </span>
    </p>
   </div>
   <div class='ocr_carea' id='block_1_33' title="bbox 239 1636 1030 1672">
    <p class='ocr_par' dir='ltr' id='par_1_33' title="bbox 239 1636 1030 1672">
     <span class='ocr_line' id='line_1_33' title="bbox 239 1636 1030 1672; baseline 0 -8"><span class='ocrx_word' id='word_1_229' title='bbox 239 1638 434 1672; x_wconf 50' lang='lat' dir='ltr'><strong>philosophiam</strong></span> <span class='ocrx_word' id='word_1_230' title='bbox 446 1638 648 1672; x_wconf 65' lang='lat' dir='ltr'><strong>prmdiearunt:</strong></span> <span class='ocrx_word' id='word_1_231' title='bbox 670 1644 728 1672; x_wconf 66' lang='lat' dir='ltr'><strong>qua:</strong></span> <span class='ocrx_word' id='word_1_232' title='bbox 754 1644 796 1664; x_wconf 87' lang='lat' dir='ltr'><strong>res</strong></span> <span class='ocrx_word' id='word_1_233' title='bbox 820 1636 1030 1664; x_wconf 78' lang='lat' dir='ltr'><strong>Severianumet</strong></span> 
     </span>
    </p>
   </div>
   <div class='ocr_carea' id='block_1_34' title="bbox 237 1682 1030 1718">
    <p class='ocr_par' dir='ltr' id='par_1_34' title="bbox 237 1682 1030 1718">
     <span class='ocr_line' id='line_1_34' title="bbox 237 1682 1030 1718; baseline -0.003 -8"><span class='ocrx_word' id='word_1_234' title='bbox 237 1683 411 1718; x_wconf 73' lang='lat' dir='ltr'><strong>Porphyrium</strong></span> <span class='ocrx_word' id='word_1_235' title='bbox 425 1684 458 1710; x_wconf 84' lang='lat' dir='ltr'><strong>ita</strong></span> <span class='ocrx_word' id='word_1_236' title='bbox 469 1683 614 1714; x_wconf 81' lang='lat' dir='ltr'><strong>mordebat,</strong></span> <span class='ocrx_word' id='word_1_237' title='bbox 627 1687 654 1709; x_wconf 91' lang='lat' dir='ltr'><strong>ut</strong></span> <span class='ocrx_word' id='word_1_238' title='bbox 665 1683 723 1717; x_wconf 89' lang='lat' dir='ltr'><strong>ejus</strong></span> <span class='ocrx_word' id='word_1_239' title='bbox 737 1682 797 1709; x_wconf 91' lang='lat' dir='ltr'><strong>ideo</strong></span> <span class='ocrx_word' id='word_1_240' title='bbox 810 1687 955 1709; x_wconf 82' lang='lat' dir='ltr'><strong>extremam</strong></span> <span class='ocrx_word' id='word_1_241' title='bbox 968 1689 1030 1716; x_wconf 85' lang='lat' dir='ltr'><strong>per-</strong></span> 
     </span>
    </p>
   </div>
   <div class='ocr_carea' id='block_1_35' title="bbox 242 1730 519 1756">
    <p class='ocr_par' dir='ltr' id='par_1_35' title="bbox 242 1730 519 1756">
     <span class='ocr_line' id='line_1_35' title="bbox 242 1730 519 1756; baseline -0.004 0"><span class='ocrx_word' id='word_1_242' title='bbox 242 1730 337 1756; x_wconf 80' lang='lat' dir='ltr'><strong>niciem</strong></span> <span class='ocrx_word' id='word_1_243' title='bbox 354 1730 519 1756; x_wconf 88' lang='lat' dir='ltr'><strong>molirentur.</strong></span> 
     </span>
    </p>
   </div>
   <div class='ocr_carea' id='block_1_36' title="bbox 274 1775 1025 1810">
    <p class='ocr_par' dir='ltr' id='par_1_36' title="bbox 274 1775 1025 1810">
     <span class='ocr_line' id='line_1_36' title="bbox 274 1775 1025 1810; baseline 0.001 -9"><span class='ocrx_word' id='word_1_244' title='bbox 274 1776 328 1802; x_wconf 89' lang='lat' dir='ltr'><strong>lloc</strong></span> <span class='ocrx_word' id='word_1_245' title='bbox 341 1775 447 1802; x_wconf 86' lang='lat' dir='ltr'><strong>circiter</strong></span> <span class='ocrx_word' id='word_1_246' title='bbox 458 1779 562 1808; x_wconf 82' lang='lat' dir='ltr'><strong>tempus</strong></span> <span class='ocrx_word' id='word_1_247' title='bbox 581 1775 712 1803; x_wconf 89' lang='lat' dir='ltr'><strong>Cueusum</strong></span> <span class='ocrx_word' id='word_1_248' title='bbox 726 1775 799 1803; x_wconf 87' lang='lat' dir='ltr'><strong>venit</strong></span> <span class='ocrx_word' id='word_1_249' title='bbox 814 1776 953 1810; x_wconf 89' lang='lat' dir='ltr'><strong>presbyter</strong></span> <span class='ocrx_word' id='word_1_250' title='bbox 967 1775 1025 1810; x_wconf 91' lang='lat' dir='ltr'><strong>qui-</strong></span> 
     </span>
    </p>
   </div>
   <div class='ocr_carea' id='block_1_37' title="bbox 237 1821 1024 1855">
    <p class='ocr_par' dir='ltr' id='par_1_37' title="bbox 237 1821 1024 1855">
     <span class='ocr_line' id='line_1_37' title="bbox 237 1821 1024 1855; baseline 0 -8"><span class='ocrx_word' id='word_1_251' title='bbox 237 1821 296 1848; x_wconf 83' lang='lat' dir='ltr'><strong>dam</strong></span> <span class='ocrx_word' id='word_1_252' title='bbox 310 1828 324 1846; x_wconf 90' lang='lat' dir='ltr'><strong>a</strong></span> <span class='ocrx_word' id='word_1_253' title='bbox 340 1821 441 1847; x_wconf 89' lang='lat' dir='ltr'><strong>Domno</strong></span> <span class='ocrx_word' id='word_1_254' title='bbox 449 1821 573 1855; x_wconf 91' lang='lat' dir='ltr'><strong>episeopo</strong></span> <span class='ocrx_word' id='word_1_255' title='bbox 587 1821 619 1847; x_wconf 89' lang='lat' dir='ltr'><strong>ad</strong></span> <span class='ocrx_word' id='word_1_256' title='bbox 632 1821 760 1848; x_wconf 83' lang='lat' dir='ltr'><strong>Joannem</strong></span> <span class='ocrx_word' id='word_1_257' title='bbox 775 1822 881 1848; x_wconf 81' lang='lat' dir='ltr'><strong>missus.</strong></span> <span class='ocrx_word' id='word_1_258' title='bbox 898 1821 960 1847; x_wconf 78' lang='lat' dir='ltr'><strong>Erat</strong></span> <span class='ocrx_word' id='word_1_259' title='bbox 975 1829 1024 1847; x_wconf 90' lang='lat' dir='ltr'><strong>au-</strong></span> 
     </span>
    </p>
   </div>
   <div class='ocr_carea' id='block_1_38' title="bbox 238 1867 1029 1902">
    <p class='ocr_par' dir='ltr' id='par_1_38' title="bbox 238 1867 1029 1902">
     <span class='ocr_line' id='line_1_38' title="bbox 238 1867 1029 1902; baseline 0.003 -10"><span class='ocrx_word' id='word_1_260' title='bbox 238 1873 290 1894; x_wconf 84' lang='lat' dir='ltr'><strong>tem</strong></span> <span class='ocrx_word' id='word_1_261' title='bbox 303 1867 419 1894; x_wconf 79' lang='lat' dir='ltr'><strong>Domnus</strong></span> <span class='ocrx_word' id='word_1_262' title='bbox 435 1867 484 1902; x_wconf 84' lang='lat' dir='ltr'><strong>ipsi</strong></span> <span class='ocrx_word' id='word_1_263' title='bbox 509 1867 751 1902; x_wconf 79' lang='lat' dir='ltr'><strong>conjunctissimus,</strong></span> <span class='ocrx_word' id='word_1_264' title='bbox 768 1874 846 1902; x_wconf 88' lang='lat' dir='ltr'><strong>quem</strong></span> <span class='ocrx_word' id='word_1_265' title='bbox 873 1871 946 1901; x_wconf 83' lang='lat' dir='ltr'><strong>rogat</strong></span> <span class='ocrx_word' id='word_1_266' title='bbox 972 1867 1029 1894; x_wconf 87' lang='lat' dir='ltr'><strong>fre-</strong></span> 
     </span>
    </p>
   </div>
   <div class='ocr_carea' id='block_1_39' title="bbox 236 1912 1030 1946">
    <p class='ocr_par' dir='ltr' id='par_1_39' title="bbox 236 1912 1030 1946">
     <span class='ocr_line' id='line_1_39' title="bbox 236 1912 1030 1946; baseline 0 -8"><span class='ocrx_word' id='word_1_267' title='bbox 236 1917 349 1946; x_wconf 83' lang='lat' dir='ltr'><strong>quenter</strong></span> <span class='ocrx_word' id='word_1_268' title='bbox 372 1913 461 1939; x_wconf 69' lang='lat' dir='ltr'><strong>literas</strong></span> <span class='ocrx_word' id='word_1_269' title='bbox 475 1912 560 1939; x_wconf 85' lang='lat' dir='ltr'><strong>solatii</strong></span> <span class='ocrx_word' id='word_1_270' title='bbox 589 1920 667 1939; x_wconf 85' lang='lat' dir='ltr'><strong>causa</strong></span> <span class='ocrx_word' id='word_1_271' title='bbox 692 1913 741 1939; x_wconf 87' lang='lat' dir='ltr'><strong>sibi</strong></span> <span class='ocrx_word' id='word_1_272' title='bbox 766 1912 861 1939; x_wconf 85' lang='lat' dir='ltr'><strong>mittat.</strong></span> <span class='ocrx_word' id='word_1_273' title='bbox 887 1913 1030 1939; x_wconf 82' lang='lat' dir='ltr'><strong>Accessere</strong></span> 
     </span>
    </p>
   </div>
   <div class='ocr_carea' id='block_1_40' title="bbox 236 1957 1029 1993">
    <p class='ocr_par' dir='ltr' id='par_1_40' title="bbox 236 1957 1029 1993">
     <span class='ocr_line' id='line_1_40' title="bbox 236 1957 1029 1993; baseline -0.001 -8"><span class='ocrx_word' id='word_1_274' title='bbox 236 1966 340 1993; x_wconf 90' lang='lat' dir='ltr'><strong>quoque</strong></span> <span class='ocrx_word' id='word_1_275' title='bbox 353 1958 396 1984; x_wconf 88' lang='lat' dir='ltr'><strong>alii</strong></span> <span class='ocrx_word' id='word_1_276' title='bbox 411 1958 558 1993; x_wconf 84' lang='lat' dir='ltr'><strong>presbyteri</strong></span> <span class='ocrx_word' id='word_1_277' title='bbox 580 1958 662 1992; x_wconf 85' lang='lat' dir='ltr'><strong>ipsius</strong></span> <span class='ocrx_word' id='word_1_278' title='bbox 679 1957 807 1984; x_wconf 87' lang='lat' dir='ltr'><strong>invisendi</strong></span> <span class='ocrx_word' id='word_1_279' title='bbox 831 1957 924 1992; x_wconf 79' lang='lat' dir='ltr'><strong>gratia,</strong></span> <span class='ocrx_word' id='word_1_280' title='bbox 939 1962 965 1984; x_wconf 89' lang='lat' dir='ltr'><strong>et</strong></span> <span class='ocrx_word' id='word_1_281' title='bbox 980 1957 1029 1984; x_wconf 49' lang='lat' dir='ltr'><strong>foro</strong></span> 
     </span>
    </p>
   </div>
   <div class='ocr_carea' id='block_1_41' title="bbox 237 2003 1029 2039">
    <p class='ocr_par' dir='ltr' id='par_1_41' title="bbox 237 2003 1029 2039">
     <span class='ocr_line' id='line_1_41' title="bbox 237 2003 1029 2039; baseline 0.001 -8"><span class='ocrx_word' id='word_1_282' title='bbox 237 2005 313 2031; x_wconf 89' lang='lat' dir='ltr'><strong>lassis</strong></span> <span class='ocrx_word' id='word_1_283' title='bbox 328 2004 495 2035; x_wconf 82' lang='lat' dir='ltr'><strong>Antioelieni,</strong></span> <span class='ocrx_word' id='word_1_284' title='bbox 509 2004 605 2039; x_wconf 90' lang='lat' dir='ltr'><strong>quibus</strong></span> <span class='ocrx_word' id='word_1_285' title='bbox 618 2003 650 2031; x_wconf 86' lang='lat' dir='ltr'><strong>ad</strong></span> <span class='ocrx_word' id='word_1_286' title='bbox 674 2012 720 2031; x_wconf 89' lang='lat' dir='ltr'><strong>sua</strong></span> <span class='ocrx_word' id='word_1_287' title='bbox 735 2004 928 2031; x_wconf 86' lang='lat' dir='ltr'><strong>revertentibus</strong></span> <span class='ocrx_word' id='word_1_288' title='bbox 939 2003 1029 2032; x_wconf 57' lang='lat' dir='ltr'><strong>literas</strong></span> 
     </span>
    </p>
   </div>
   <div class='ocr_carea' id='block_1_42' title="bbox 236 2049 1044 2084">
    <p class='ocr_par' dir='ltr' id='par_1_42' title="bbox 236 2049 1044 2084">
     <span class='ocr_line' id='line_1_42' title="bbox 236 2049 1044 2084; baseline 0 -8"><span class='ocrx_word' id='word_1_289' title='bbox 236 2050 309 2077; x_wconf 83' lang='lat' dir='ltr'><strong>dedit</strong></span> <span class='ocrx_word' id='word_1_290' title='bbox 320 2050 352 2077; x_wconf 85' lang='lat' dir='ltr'><strong>ad</strong></span> <span class='ocrx_word' id='word_1_291' title='bbox 368 2050 499 2084; x_wconf 81' lang='lat' dir='ltr'><strong>Elpidium</strong></span> <span class='ocrx_word' id='word_1_292' title='bbox 515 2050 667 2084; x_wconf 87' lang='lat' dir='ltr'><strong>episcopum</strong></span> <span class='ocrx_word' id='word_1_293' title='bbox 690 2049 857 2081; x_wconf 77' lang='lat' dir='ltr'><strong>deferendas,</strong></span> <span class='ocrx_word' id='word_1_294' title='bbox 874 2057 917 2084; x_wconf 90' lang='lat' dir='ltr'><strong>ep.</strong></span> <span class='ocrx_word' id='word_1_295' title='bbox 931 2049 966 2077; x_wconf 72' lang='lat'><strong>25</strong></span> <span class='ocrx_word' id='word_1_296' title='bbox 982 2059 987 2076; x_wconf 96' lang='lat'><strong>:</strong></span> <span class='ocrx_word' id='word_1_297' title='bbox 1003 2050 1044 2077; x_wconf 87' lang='lat' dir='ltr'><strong>in-</strong></span> 
     </span>
    </p>
   </div>
   <div class='ocr_carea' id='block_1_43' title="bbox 236 2095 1028 2130">
    <p class='ocr_par' dir='ltr' id='par_1_43' title="bbox 236 2095 1028 2130">
     <span class='ocr_line' id='line_1_43' title="bbox 236 2095 1028 2130; baseline 0 -9"><span class='ocrx_word' id='word_1_298' title='bbox 236 2103 347 2129; x_wconf 91' lang='lat' dir='ltr'><strong>quarmn</strong></span> <span class='ocrx_word' id='word_1_299' title='bbox 358 2095 489 2130; x_wconf 88' lang='lat' dir='ltr'><strong>principio</strong></span> <span class='ocrx_word' id='word_1_300' title='bbox 500 2095 573 2127; x_wconf 78' lang='lat' dir='ltr'><strong>dicit,</strong></span> <span class='ocrx_word' id='word_1_301' title='bbox 586 2103 615 2122; x_wconf 91' lang='lat' dir='ltr'><strong>se</strong></span> <span class='ocrx_word' id='word_1_302' title='bbox 626 2095 792 2130; x_wconf 77' lang='lat' dir='ltr'><strong>frequentius</strong></span> <span class='ocrx_word' id='word_1_303' title='bbox 802 2095 851 2129; x_wconf 88' lang='lat' dir='ltr'><strong>ipsi</strong></span> <span class='ocrx_word' id='word_1_304' title='bbox 866 2096 1028 2128; x_wconf 89' lang='lat' dir='ltr'><strong>scripturum</strong></span> 
     </span>
    </p>
   </div>
   <div class='ocr_carea' id='block_1_44' title="bbox 238 2140 1028 2174">
    <p class='ocr_par' dir='ltr' id='par_1_44' title="bbox 238 2140 1028 2174">
     <span class='ocr_line' id='line_1_44' title="bbox 238 2140 1028 2174; baseline 0.001 -8"><span class='ocrx_word' id='word_1_305' title='bbox 238 2140 327 2171; x_wconf 84' lang='lat' dir='ltr'><strong>fuisse,</strong></span> <span class='ocrx_word' id='word_1_306' title='bbox 343 2141 391 2166; x_wconf 92' lang='lat' dir='ltr'><strong>nisi</strong></span> <span class='ocrx_word' id='word_1_307' title='bbox 407 2141 538 2167; x_wconf 88' lang='lat' dir='ltr'><strong>latronum</strong></span> <span class='ocrx_word' id='word_1_308' title='bbox 553 2147 649 2173; x_wconf 89' lang='lat' dir='ltr'><strong>metus,</strong></span> <span class='ocrx_word' id='word_1_309' title='bbox 664 2140 725 2167; x_wconf 89' lang='lat' dir='ltr'><strong>anni</strong></span> <span class='ocrx_word' id='word_1_310' title='bbox 740 2145 893 2174; x_wconf 86' lang='lat' dir='ltr'><strong>tempestas,</strong></span> <span class='ocrx_word' id='word_1_311' title='bbox 907 2145 933 2167; x_wconf 92' lang='lat' dir='ltr'><strong>et</strong></span> <span class='ocrx_word' id='word_1_312' title='bbox 945 2140 1028 2167; x_wconf 89' lang='lat' dir='ltr'><strong>tabel-</strong></span> 
     </span>
    </p>
   </div>
   <div class='ocr_carea' id='block_1_45' title="bbox 238 2186 1029 2222">
    <p class='ocr_par' dir='ltr' id='par_1_45' title="bbox 238 2186 1029 2222">
     <span class='ocr_line' id='line_1_45' title="bbox 238 2186 1029 2222; baseline -0.003 -8"><span class='ocrx_word' id='word_1_313' title='bbox 238 2187 362 2214; x_wconf 87' lang='lat' dir='ltr'><strong>lariorum</strong></span> <span class='ocrx_word' id='word_1_314' title='bbox 377 2187 474 2222; x_wconf 86' lang='lat' dir='ltr'><strong>inopia,</strong></span> <span class='ocrx_word' id='word_1_315' title='bbox 488 2187 637 2214; x_wconf 87' lang='lat' dir='ltr'><strong>facultatem</strong></span> <span class='ocrx_word' id='word_1_316' title='bbox 652 2187 700 2213; x_wconf 89' lang='lat' dir='ltr'><strong>sibi</strong></span> <span class='ocrx_word' id='word_1_317' title='bbox 713 2186 876 2218; x_wconf 85' lang='lat' dir='ltr'><strong>adimerent;</strong></span> <span class='ocrx_word' id='word_1_318' title='bbox 892 2192 1029 2220; x_wconf 52' lang='lat' dir='ltr'><strong>precatur-</strong></span> 
     </span>
    </p>
   </div>
   <div class='ocr_carea' id='block_1_46' title="bbox 237 2231 1027 2266">
    <p class='ocr_par' dir='ltr' id='par_1_46' title="bbox 237 2231 1027 2266">
     <span class='ocr_line' id='line_1_46' title="bbox 237 2231 1027 2266; baseline -0.001 -8"><span class='ocrx_word' id='word_1_319' title='bbox 237 2236 332 2266; x_wconf 85' lang='lat' dir='ltr'><strong>queut</strong></span> <span class='ocrx_word' id='word_1_320' title='bbox 346 2232 499 2266; x_wconf 89' lang='lat' dir='ltr'><strong>frequenter</strong></span> <span class='ocrx_word' id='word_1_321' title='bbox 525 2240 554 2258; x_wconf 85' lang='lat' dir='ltr'><strong>se</strong></span> <span class='ocrx_word' id='word_1_322' title='bbox 582 2232 664 2258; x_wconf 87' lang='lat' dir='ltr'><strong>literis</strong></span> <span class='ocrx_word' id='word_1_323' title='bbox 690 2231 839 2265; x_wconf 71' lang='lat' dir='ltr'><strong>compellet.</strong></span> <span class='ocrx_word' id='word_1_324' title='bbox 867 2231 1027 2257; x_wconf 81' lang='lat' dir='ltr'><strong>Eorunnletn</strong></span> 
     </span>
    </p>
   </div>
   <div class='ocr_carea' id='block_1_47' title="bbox 238 2276 1028 2312">
    <p class='ocr_par' dir='ltr' id='par_1_47' title="bbox 238 2276 1028 2312">
     <span class='ocr_line' id='line_1_47' title="bbox 238 2276 1028 2312; baseline -0.001 -8"><span class='ocrx_word' id='word_1_325' title='bbox 238 2277 449 2312; x_wconf 78' lang='lat' dir='ltr'><strong>presbyterorum</strong></span> <span class='ocrx_word' id='word_1_326' title='bbox 474 2278 620 2304; x_wconf 88' lang='lat' dir='ltr'><strong>ministerio</strong></span> <span class='ocrx_word' id='word_1_327' title='bbox 632 2277 723 2304; x_wconf 82' lang='lat' dir='ltr'><strong>eadem</strong></span> <span class='ocrx_word' id='word_1_328' title='bbox 738 2284 805 2310; x_wconf 86' lang='lat' dir='ltr'><strong>pene</strong></span> <span class='ocrx_word' id='word_1_329' title='bbox 822 2277 876 2310; x_wconf 86' lang='lat' dir='ltr'><strong>ipsa</strong></span> <span class='ocrx_word' id='word_1_330' title='bbox 894 2276 985 2303; x_wconf 88' lang='lat' dir='ltr'><strong>scribit</strong></span> <span class='ocrx_word' id='word_1_331' title='bbox 996 2277 1028 2304; x_wconf 90' lang='lat' dir='ltr'><strong>ad</strong></span> 
     </span>
    </p>
   </div>
   <div class='ocr_carea' id='block_1_48' title="bbox 236 2321 1028 2358">
    <p class='ocr_par' dir='ltr' id='par_1_48' title="bbox 236 2321 1028 2358">
     <span class='ocr_line' id='line_1_48' title="bbox 236 2321 1028 2358; baseline -0.001 -9"><span class='ocrx_word' id='word_1_332' title='bbox 236 2322 357 2358; x_wconf 74' lang='lat' dir='ltr'><strong>Magnum</strong></span> <span class='ocrx_word' id='word_1_333' title='bbox 384 2324 549 2357; x_wconf 81' lang='lat' dir='ltr'><strong>episcopinn.</strong></span> <span class='ocrx_word' id='word_1_334' title='bbox 582 2322 652 2349; x_wconf 91' lang='lat' dir='ltr'><strong>Dona</strong></span> <span class='ocrx_word' id='word_1_335' title='bbox 676 2325 762 2348; x_wconf 89' lang='lat' dir='ltr'><strong>autem</strong></span> <span class='ocrx_word' id='word_1_336' title='bbox 789 2321 1028 2356; x_wconf 85' lang='lat' dir='ltr'><strong>undiqueaceipie-</strong></span> 
     </span>
    </p>
   </div>
   <div class='ocr_carea' id='block_1_49' title="bbox 237 2367 1029 2403">
    <p class='ocr_par' dir='ltr' id='par_1_49' title="bbox 237 2367 1029 2403">
     <span class='ocr_line' id='line_1_49' title="bbox 237 2367 1029 2403; baseline 0.003 -9"><span class='ocrx_word' id='word_1_337' title='bbox 237 2367 278 2395; x_wconf 80' lang='lat' dir='ltr'><strong>bat</strong></span> <span class='ocrx_word' id='word_1_338' title='bbox 290 2376 306 2395; x_wconf 81' lang='lat' dir='ltr'><strong>a</strong></span> <span class='ocrx_word' id='word_1_339' title='bbox 329 2369 392 2396; x_wconf 75' lang='lat' dir='ltr'><strong>vn-is</strong></span> <span class='ocrx_word' id='word_1_340' title='bbox 409 2369 507 2403; x_wconf 89' lang='lat' dir='ltr'><strong>probis,</strong></span> <span class='ocrx_word' id='word_1_341' title='bbox 517 2368 696 2402; x_wconf 77' lang='lat' dir='ltr'><strong>etinsignibns</strong></span> <span class='ocrx_word' id='word_1_342' title='bbox 720 2367 823 2394; x_wconf 82' lang='lat' dir='ltr'><strong>feminis</strong></span> <span class='ocrx_word' id='word_1_343' title='bbox 834 2368 901 2402; x_wconf 74' lang='lat' dir='ltr'><strong>mqui</strong></span> <span class='ocrx_word' id='word_1_344' title='bbox 916 2369 1029 2403; x_wconf 89' lang='lat' dir='ltr'><strong>bonique</strong></span> 
     </span>
    </p>
   </div>
   <div class='ocr_carea' id='block_1_50' title="bbox 237 2413 1021 2448">
    <p class='ocr_par' dir='ltr' id='par_1_50' title="bbox 237 2413 1021 2448">
     <span class='ocr_line' id='line_1_50' title="bbox 237 2413 1021 2448; baseline 0.004 -10"><span class='ocrx_word' id='word_1_345' title='bbox 237 2414 395 2447; x_wconf 84' lang='lat' dir='ltr'><strong>amantibus,</strong></span> <span class='ocrx_word' id='word_1_346' title='bbox 411 2414 445 2440; x_wconf 89' lang='lat' dir='ltr'><strong>ita</strong></span> <span class='ocrx_word' id='word_1_347' title='bbox 459 2418 488 2440; x_wconf 92' lang='lat' dir='ltr'><strong>ut</strong></span> <span class='ocrx_word' id='word_1_348' title='bbox 512 2421 601 2440; x_wconf 87' lang='lat' dir='ltr'><strong>rerum</strong></span> <span class='ocrx_word' id='word_1_349' title='bbox 625 2413 743 2440; x_wconf 91' lang='lat' dir='ltr'><strong>onminm</strong></span> <span class='ocrx_word' id='word_1_350' title='bbox 762 2414 837 2448; x_wconf 82' lang='lat' dir='ltr'><strong>copia</strong></span> <span class='ocrx_word' id='word_1_351' title='bbox 865 2414 1021 2442; x_wconf 87' lang='lat' dir='ltr'><strong>abundaret.</strong></span> 
     </span>
    </p>
   </div>
   <div class='ocr_carea' id='block_1_51' title="bbox 238 2458 1028 2493">
    <p class='ocr_par' dir='ltr' id='par_1_51' title="bbox 238 2458 1028 2493">
     <span class='ocr_line' id='line_1_51' title="bbox 238 2458 1028 2493; baseline 0.005 -10"><span class='ocrx_word' id='word_1_352' title='bbox 238 2462 407 2492; x_wconf 70' lang='lat' dir='ltr'><strong>Quapropter</strong></span> <span class='ocrx_word' id='word_1_353' title='bbox 421 2466 481 2485; x_wconf 91' lang='lat' dir='ltr'><strong>cum</strong></span> <span class='ocrx_word' id='word_1_354' title='bbox 504 2458 622 2493; x_wconf 87' lang='lat' dir='ltr'><strong>quotidie</strong></span> <span class='ocrx_word' id='word_1_355' title='bbox 650 2458 804 2485; x_wconf 86' lang='lat' dir='ltr'><strong>muneribus</strong></span> <span class='ocrx_word' id='word_1_356' title='bbox 822 2467 866 2486; x_wconf 90' lang='lat' dir='ltr'><strong>res</strong></span> <span class='ocrx_word' id='word_1_357' title='bbox 890 2458 1028 2487; x_wconf 84' lang='lat' dir='ltr'><strong>familiaris</strong></span> 
     </span>
    </p>
   </div>
   <div class='ocr_carea' id='block_1_52' title="bbox 239 2503 1026 2539">
    <p class='ocr_par' dir='ltr' id='par_1_52' title="bbox 239 2503 1026 2539">
     <span class='ocr_line' id='line_1_52' title="bbox 239 2503 1026 2539; baseline 0.006 -10"><span class='ocrx_word' id='word_1_358' title='bbox 239 2503 305 2529; x_wconf 86' lang='lat' dir='ltr'><strong>ultra</strong></span> <span class='ocrx_word' id='word_1_359' title='bbox 318 2503 424 2530; x_wconf 92' lang='lat' dir='ltr'><strong>modum</strong></span> <span class='ocrx_word' id='word_1_360' title='bbox 438 2509 588 2538; x_wconf 81' lang='lat' dir='ltr'><strong>augeretur,</strong></span> <span class='ocrx_word' id='word_1_361' title='bbox 598 2504 680 2539; x_wconf 65' lang='lat' dir='ltr'><strong>coepit</strong></span> <span class='ocrx_word' id='word_1_362' title='bbox 694 2504 738 2531; x_wconf 90' lang='lat' dir='ltr'><strong>ille</strong></span> <span class='ocrx_word' id='word_1_363' title='bbox 751 2504 910 2532; x_wconf 88' lang='lat' dir='ltr'><strong>donantilms</strong></span> <span class='ocrx_word' id='word_1_364' title='bbox 918 2513 1026 2534; x_wconf 87' lang='lat' dir='ltr'><strong>munera</strong></span> 
     </span>
    </p>
   </div>
   <div class='ocr_carea' id='block_1_53' title="bbox 240 2548 1028 2586">
    <p class='ocr_par' dir='ltr' id='par_1_53' title="bbox 240 2548 1028 2586">
     <span class='ocr_line' id='line_1_53' title="bbox 240 2548 1028 2586; baseline 0.006 -12"><span class='ocrx_word' id='word_1_365' title='bbox 240 2548 383 2580; x_wconf 85' lang='lat' dir='ltr'><strong>remittere,</strong></span> <span class='ocrx_word' id='word_1_366' title='bbox 400 2553 466 2575; x_wconf 88' lang='lat' dir='ltr'><strong>etut</strong></span> <span class='ocrx_word' id='word_1_367' title='bbox 486 2549 612 2583; x_wconf 78' lang='lat' dir='ltr'><strong>largiendi</strong></span> <span class='ocrx_word' id='word_1_368' title='bbox 634 2550 711 2578; x_wconf 80' lang='lat' dir='ltr'><strong>ﬂuent</strong></span> <span class='ocrx_word' id='word_1_369' title='bbox 739 2549 857 2578; x_wconf 87' lang='lat' dir='ltr'><strong>facerent</strong></span> <span class='ocrx_word' id='word_1_370' title='bbox 884 2559 986 2586; x_wconf 83' lang='lat' dir='ltr'><strong>rogare,</strong></span> <span class='ocrx_word' id='word_1_371' title='bbox 1001 2556 1028 2579; x_wconf 89' lang='lat' dir='ltr'><strong>nt</strong></span> 
     </span>
    </p>
   </div>
   <div class='ocr_carea' id='block_1_54' title="bbox 239 2593 1027 2631">
    <p class='ocr_par' dir='ltr' id='par_1_54' title="bbox 239 2593 1027 2631">
     <span class='ocr_line' id='line_1_54' title="bbox 239 2593 1027 2631; baseline 0.008 -13"><span class='ocrx_word' id='word_1_372' title='bbox 239 2593 327 2620; x_wconf 78' lang='lat' dir='ltr'><strong>ridere</strong></span> <span class='ocrx_word' id='word_1_373' title='bbox 341 2594 416 2620; x_wconf 85' lang='lat' dir='ltr'><strong>estin</strong></span> <span class='ocrx_word' id='word_1_374' title='bbox 431 2594 548 2628; x_wconf 88' lang='lat' dir='ltr'><strong>epistolis</strong></span> <span class='ocrx_word' id='word_1_375' title='bbox 560 2595 595 2622; x_wconf 78' lang='grc'><strong>50</strong></span> <span class='ocrx_word' id='word_1_376' title='bbox 608 2594 640 2622; x_wconf 89' lang='lat' dir='ltr'><strong>ad</strong></span> <span class='ocrx_word' id='word_1_377' title='bbox 667 2595 819 2631; x_wconf 80' lang='lat' dir='ltr'><strong>Diogenem,</strong></span> <span class='ocrx_word' id='word_1_378' title='bbox 843 2596 873 2623; x_wconf 79' lang='lat' dir='ltr'><strong>(il</strong></span> <span class='ocrx_word' id='word_1_379' title='bbox 892 2596 924 2623; x_wconf 86' lang='lat' dir='ltr'><strong>ad</strong></span> <span class='ocrx_word' id='word_1_380' title='bbox 938 2596 1027 2624; x_wconf 81' lang='lat' dir='ltr'><strong>Theo-</strong></span> 
     </span>
    </p>
   </div>
   <div class='ocr_carea' id='block_1_55' title="bbox 239 2639 1027 2673">
    <p class='ocr_par' dir='ltr' id='par_1_55' title="bbox 239 2639 1027 2673">
     <span class='ocr_line' id='line_1_55' title="bbox 239 2639 1027 2673; baseline 0.006 -9"><span class='ocrx_word' id='word_1_381' title='bbox 239 2640 371 2666; x_wconf 74' lang='lat' dir='ltr'><strong>dotumex</strong></span> <span class='ocrx_word' id='word_1_382' title='bbox 388 2639 587 2673; x_wconf 74' lang='lat' dir='ltr'><strong>Consularibus,</strong></span> <span class='ocrx_word' id='word_1_383' title='bbox 610 2645 637 2668; x_wconf 87' lang='lat' dir='ltr'><strong>et</strong></span> <span class='ocrx_word' id='word_1_384' title='bbox 662 2641 715 2668; x_wconf 72' lang='lat'><strong>252</strong></span> <span class='ocrx_word' id='word_1_385' title='bbox 727 2641 759 2669; x_wconf 85' lang='lat' dir='ltr'><strong>ad</strong></span> <span class='ocrx_word' id='word_1_386' title='bbox 783 2641 939 2669; x_wconf 87' lang='lat' dir='ltr'><strong>Carteriam.</strong></span> <span class='ocrx_word' id='word_1_387' title='bbox 966 2643 1027 2669; x_wconf 82' lang='lat' dir='ltr'><strong>Dio-</strong></span> 
     </span>
    </p>
   </div>
   <div class='ocr_carea' id='block_1_56' title="bbox 237 2684 1027 2722">
    <p class='ocr_par' dir='ltr' id='par_1_56' title="bbox 237 2684 1027 2722">
     <span class='ocr_line' id='line_1_56' title="bbox 237 2684 1027 2722; baseline 0.004 -11"><span class='ocrx_word' id='word_1_388' title='bbox 237 2692 318 2715; x_wconf 66' lang='lat' dir='ltr'><strong>genes</strong></span> <span class='ocrx_word' id='word_1_389' title='bbox 333 2692 399 2712; x_wconf 88' lang='lat' dir='ltr'><strong>vero</strong></span> <span class='ocrx_word' id='word_1_390' title='bbox 410 2684 479 2712; x_wconf 89' lang='lat' dir='ltr'><strong>dona</strong></span> <span class='ocrx_word' id='word_1_391' title='bbox 503 2693 549 2713; x_wconf 86' lang='lat' dir='ltr'><strong>sua</strong></span> <span class='ocrx_word' id='word_1_392' title='bbox 575 2687 682 2714; x_wconf 86' lang='lat' dir='ltr'><strong>miserat</strong></span> <span class='ocrx_word' id='word_1_393' title='bbox 697 2695 745 2722; x_wconf 90' lang='lat' dir='ltr'><strong>per</strong></span> <span class='ocrx_word' id='word_1_394' title='bbox 759 2687 928 2721; x_wconf 83' lang='lat' dir='ltr'><strong>Aphraatem,</strong></span> <span class='ocrx_word' id='word_1_395' title='bbox 942 2688 1027 2714; x_wconf 80' lang='lat' dir='ltr'><strong>virum</strong></span> 
     </span>
    </p>
   </div>
   <div class='ocr_carea' id='block_1_57' title="bbox 239 2730 1026 2769">
    <p class='ocr_par' dir='ltr' id='par_1_57' title="bbox 239 2730 1026 2769">
     <span class='ocr_line' id='line_1_57' title="bbox 239 2730 1026 2769; baseline 0.005 -13"><span class='ocrx_word' id='word_1_396' title='bbox 239 2730 565 2767; x_wconf 79' lang='lat' dir='ltr'><strong>religiosissimum,quem</strong></span> <span class='ocrx_word' id='word_1_397' title='bbox 588 2732 705 2768; x_wconf 90' lang='lat' dir='ltr'><strong>jusserat</strong></span> <span class='ocrx_word' id='word_1_398' title='bbox 723 2733 912 2769; x_wconf 79' lang='lat' dir='ltr'><strong>Chrysostomo</strong></span> <span class='ocrx_word' id='word_1_399' title='bbox 927 2733 1026 2761; x_wconf 85' lang='lat' dir='ltr'><strong>nolenti</strong></span> 
     </span>
    </p>
   </div>
   <div class='ocr_carea' id='block_1_58' title="bbox 239 2778 1027 2815">
    <p class='ocr_par' dir='ltr' id='par_1_58' title="bbox 239 2778 1027 2815">
     <span class='ocr_line' id='line_1_58' title="bbox 239 2778 1027 2815; baseline 0.008 -16"><span class='ocrx_word' id='word_1_400' title='bbox 239 2783 345 2804; x_wconf 86' lang='lat' dir='ltr'><strong>munera</strong></span> <span class='ocrx_word' id='word_1_401' title='bbox 362 2778 521 2813; x_wconf 86' lang='lat' dir='ltr'><strong>relinquere.</strong></span> <span class='ocrx_word' id='word_1_402' title='bbox 541 2778 689 2813; x_wconf 77' lang='lat' dir='ltr'><strong>Aphraates</strong></span> <span class='ocrx_word' id='word_1_403' title='bbox 705 2788 737 2806; x_wconf 92' lang='lat' dir='ltr'><strong>ne</strong></span> <span class='ocrx_word' id='word_1_404' title='bbox 753 2779 841 2806; x_wconf 85' lang='lat' dir='ltr'><strong>literas</strong></span> <span class='ocrx_word' id='word_1_405' title='bbox 865 2780 971 2815; x_wconf 88' lang='lat' dir='ltr'><strong>quidem</strong></span> <span class='ocrx_word' id='word_1_406' title='bbox 994 2781 1027 2807; x_wconf 85' lang='lat' dir='ltr'><strong>ab</strong></span> 
     </span>
    </p>
   </div>
   <div class='ocr_carea' id='block_1_59' title="bbox 207 2821 1026 2860">
    <p class='ocr_par' dir='ltr' id='par_1_59' title="bbox 207 2821 1026 2860">
     <span class='ocr_line' id='line_1_59' title="bbox 207 2821 1026 2860; baseline 0.006 -12"><span class='ocrx_word' id='word_1_407' title='bbox 207 2856 210 2858; x_wconf 17' lang='grc' dir='ltr'><strong>Δ</strong></span> <span class='ocrx_word' id='word_1_408' title='bbox 240 2821 284 2846; x_wconf 82' lang='lat' dir='ltr'><strong>illo</strong></span> <span class='ocrx_word' id='word_1_409' title='bbox 299 2830 327 2849; x_wconf 73' lang='lat' dir='ltr'><strong>se</strong></span> <span class='ocrx_word' id='word_1_410' title='bbox 341 2830 509 2858; x_wconf 85' lang='lat' dir='ltr'><strong>accepturum</strong></span> <span class='ocrx_word' id='word_1_411' title='bbox 531 2832 590 2852; x_wconf 77' lang='lat' dir='ltr'><strong>esse</strong></span> <span class='ocrx_word' id='word_1_412' title='bbox 605 2825 762 2854; x_wconf 73' lang='lat' dir='ltr'><strong>minabatur.</strong></span> <span class='ocrx_word' id='word_1_413' title='bbox 780 2827 828 2852; x_wconf 74' lang='lat' dir='ltr'><strong>nisi</strong></span> <span class='ocrx_word' id='word_1_414' title='bbox 845 2826 901 2860; x_wconf 63' lang='lat' dir='ltr'><strong>ilhc</strong></span> <span class='ocrx_word' id='word_1_415' title='bbox 916 2834 1026 2853; x_wconf 86' lang='lat' dir='ltr'><strong>munera</strong></span> 
     </span>
    </p>
   </div>
   <div class='ocr_carea' id='block_1_60' title="bbox 240 2865 1024 2905">
    <p class='ocr_par' dir='ltr' id='par_1_60' title="bbox 240 2865 1024 2905">
     <span class='ocr_line' id='line_1_60' title="bbox 240 2865 1024 2905; baseline 0.009 -16"><span class='ocrx_word' id='word_1_416' title='bbox 240 2865 379 2899; x_wconf 77' lang='lat' dir='ltr'><strong>acciperet.</strong></span> <span class='ocrx_word' id='word_1_417' title='bbox 396 2869 600 2903; x_wconf 62' lang='lat' dir='ltr'><strong>(llu-ysostonuts</strong></span> <span class='ocrx_word' id='word_1_418' title='bbox 625 2878 687 2897; x_wconf 74' lang='lat' dir='ltr'><strong>vero</strong></span> <span class='ocrx_word' id='word_1_419' title='bbox 707 2871 897 2905; x_wconf 68' lang='lat' dir='ltr'><strong>componenda:</strong></span> <span class='ocrx_word' id='word_1_420' title='bbox 914 2870 950 2897; x_wconf 80' lang='lat' dir='ltr'><strong>rei</strong></span> <span class='ocrx_word' id='word_1_421' title='bbox 967 2878 1024 2897; x_wconf 85' lang='lat' dir='ltr'><strong>uto-</strong></span> 
     </span>
    </p>
   </div>
   <div class='ocr_carea' id='block_1_61' title="bbox 1821 165 1875 194">
    <p class='ocr_par' dir='ltr' id='par_1_61' title="bbox 1821 165 1875 194">
     <span class='ocr_line' id='line_1_61' title="bbox 1821 165 1875 194; baseline -0.019 0"><span class='ocrx_word' id='word_1_422' title='bbox 1821 165 1875 194; x_wconf 69' lang='lat'><strong>9.3!</strong></span> 
     </span>
    </p>
   </div>
   <div class='ocr_carea' id='block_1_62' title="bbox 1085 221 1873 257">
    <p class='ocr_par' dir='ltr' id='par_1_62' title="bbox 1085 221 1873 257">
     <span class='ocr_line' id='line_1_62' title="bbox 1085 221 1873 257; baseline -0.001 -8"><span class='ocrx_word' id='word_1_423' title='bbox 1085 222 1146 249; x_wconf 91' lang='lat' dir='ltr'><strong>dum</strong></span> <span class='ocrx_word' id='word_1_424' title='bbox 1171 223 1305 254; x_wconf 77' lang='lat' dir='ltr'><strong>excitavit,</strong></span> <span class='ocrx_word' id='word_1_425' title='bbox 1331 221 1521 256; x_wconf 84' lang='lat' dir='ltr'><strong>epistolamque</strong></span> <span class='ocrx_word' id='word_1_426' title='bbox 1547 221 1620 250; x_wconf 81' lang='lat' dir='ltr'><strong>misit</strong></span> <span class='ocrx_word' id='word_1_427' title='bbox 1632 222 1663 249; x_wconf 77' lang='lat' dir='ltr'><strong>5i</strong></span> <span class='ocrx_word' id='word_1_428' title='bbox 1692 222 1811 257; x_wconf 82' lang='lat' dir='ltr'><strong>Diogeni,</strong></span> <span class='ocrx_word' id='word_1_429' title='bbox 1824 231 1873 257; x_wconf 76' lang='lat' dir='ltr'><strong>qira</strong></span> 
     </span>
    </p>
   </div>
   <div class='ocr_carea' id='block_1_63' title="bbox 1084 266 1870 301">
    <p class='ocr_par' dir='ltr' id='par_1_63' title="bbox 1084 266 1870 301">
     <span class='ocr_line' id='line_1_63' title="bbox 1084 266 1870 301; baseline 0.001 -8"><span class='ocrx_word' id='word_1_430' title='bbox 1084 267 1205 294; x_wconf 86' lang='lat' dir='ltr'><strong>hortatur</strong></span> <span class='ocrx_word' id='word_1_431' title='bbox 1220 267 1304 299; x_wconf 86' lang='lat' dir='ltr'><strong>illum,</strong></span> <span class='ocrx_word' id='word_1_432' title='bbox 1315 272 1342 293; x_wconf 92' lang='lat' dir='ltr'><strong>ut</strong></span> <span class='ocrx_word' id='word_1_433' title='bbox 1357 267 1515 301; x_wconf 80' lang='lat' dir='ltr'><strong>Aphraatem</strong></span> <span class='ocrx_word' id='word_1_434' title='bbox 1527 266 1617 301; x_wconf 79' lang='lat' dir='ltr'><strong>jubeat</strong></span> <span class='ocrx_word' id='word_1_435' title='bbox 1642 275 1752 294; x_wconf 86' lang='lat' dir='ltr'><strong>munera</strong></span> <span class='ocrx_word' id='word_1_436' title='bbox 1766 267 1809 294; x_wconf 88' lang='lat' dir='ltr'><strong>illa</strong></span> <span class='ocrx_word' id='word_1_437' title='bbox 1825 268 1870 294; x_wconf 81' lang='lat' dir='ltr'><strong>de-</strong></span> 
     </span>
    </p>
   </div>
   <div class='ocr_carea' id='block_1_64' title="bbox 1083 312 1874 348">
    <p class='ocr_par' dir='ltr' id='par_1_64' title="bbox 1083 312 1874 348">
     <span class='ocr_line' id='line_1_64' title="bbox 1083 312 1874 348; baseline 0.001 -9"><span class='ocrx_word' id='word_1_438' title='bbox 1083 312 1152 340; x_wconf 89' lang='lat' dir='ltr'><strong>ferre</strong></span> <span class='ocrx_word' id='word_1_439' title='bbox 1165 313 1191 340; x_wconf 88' lang='lat' dir='ltr'><strong>in</strong></span> <span class='ocrx_word' id='word_1_440' title='bbox 1217 313 1389 344; x_wconf 72' lang='lat' dir='ltr'><strong>Plitenieiam,</strong></span> <span class='ocrx_word' id='word_1_441' title='bbox 1400 313 1502 347; x_wconf 89' lang='lat' dir='ltr'><strong>illisque</strong></span> <span class='ocrx_word' id='word_1_442' title='bbox 1517 313 1613 340; x_wconf 81' lang='lat' dir='ltr'><strong>offerre</strong></span> <span class='ocrx_word' id='word_1_443' title='bbox 1626 313 1791 348; x_wconf 78' lang='lat' dir='ltr'><strong>quiregionis</strong></span> <span class='ocrx_word' id='word_1_444' title='bbox 1801 314 1874 340; x_wconf 85' lang='lat' dir='ltr'><strong>istius</strong></span> 
     </span>
    </p>
   </div>
   <div class='ocr_carea' id='block_1_65' title="bbox 1083 358 1868 393">
    <p class='ocr_par' dir='ltr' id='par_1_65' title="bbox 1083 358 1868 393">
     <span class='ocr_line' id='line_1_65' title="bbox 1083 358 1868 393; baseline -0.001 -8"><span class='ocrx_word' id='word_1_445' title='bbox 1083 359 1194 393; x_wconf 78' lang='lat' dir='ltr'><strong>gentiles</strong></span> <span class='ocrx_word' id='word_1_446' title='bbox 1220 358 1252 385; x_wconf 91' lang='lat' dir='ltr'><strong>ad</strong></span> <span class='ocrx_word' id='word_1_447' title='bbox 1276 358 1452 385; x_wconf 86' lang='lat' dir='ltr'><strong>Christianam</strong></span> <span class='ocrx_word' id='word_1_448' title='bbox 1474 358 1552 385; x_wconf 84' lang='lat' dir='ltr'><strong>fidem</strong></span> <span class='ocrx_word' id='word_1_449' title='bbox 1579 358 1710 386; x_wconf 86' lang='lat' dir='ltr'><strong>adducere</strong></span> <span class='ocrx_word' id='word_1_450' title='bbox 1729 359 1868 389; x_wconf 80' lang='lat' dir='ltr'><strong>curabant.</strong></span> 
     </span>
    </p>
   </div>
   <div class='ocr_carea' id='block_1_66' title="bbox 1084 404 1874 440">
    <p class='ocr_par' dir='ltr' id='par_1_66' title="bbox 1084 404 1874 440">
     <span class='ocr_line' id='line_1_66' title="bbox 1084 404 1874 440; baseline 0.003 -9"><span class='ocrx_word' id='word_1_451' title='bbox 1084 405 1153 431; x_wconf 89' lang='lat' dir='ltr'><strong>unde</strong></span> <span class='ocrx_word' id='word_1_452' title='bbox 1167 405 1358 439; x_wconf 84' lang='lat' dir='ltr'><strong>ntajorulililas</strong></span> <span class='ocrx_word' id='word_1_453' title='bbox 1367 404 1453 431; x_wconf 84' lang='lat' dir='ltr'><strong>futura</strong></span> <span class='ocrx_word' id='word_1_454' title='bbox 1473 410 1539 432; x_wconf 87' lang='lat' dir='ltr'><strong>erat.</strong></span> <span class='ocrx_word' id='word_1_455' title='bbox 1559 405 1621 432; x_wconf 88' lang='lat' dir='ltr'><strong>inde</strong></span> <span class='ocrx_word' id='word_1_456' title='bbox 1642 413 1704 432; x_wconf 80' lang='lat' dir='ltr'><strong>vero</strong></span> <span class='ocrx_word' id='word_1_457' title='bbox 1718 406 1874 440; x_wconf 78' lang='lat' dir='ltr'><strong>eonjieinius</strong></span> 
     </span>
    </p>
   </div>
   <div class='ocr_carea' id='block_1_67' title="bbox 1085 449 1873 486">
    <p class='ocr_par' dir='ltr' id='par_1_67' title="bbox 1085 449 1873 486">
     <span class='ocr_line' id='line_1_67' title="bbox 1085 449 1873 486; baseline 0.001 -10"><span class='ocrx_word' id='word_1_458' title='bbox 1085 449 1226 484; x_wconf 83' lang='lat' dir='ltr'><strong>Diogenem</strong></span> <span class='ocrx_word' id='word_1_459' title='bbox 1243 450 1317 477; x_wconf 89' lang='lat' dir='ltr'><strong>illttm</strong></span> <span class='ocrx_word' id='word_1_460' title='bbox 1339 450 1486 477; x_wconf 68' lang='lat' dir='ltr'><strong>Antiochia:</strong></span> <span class='ocrx_word' id='word_1_461' title='bbox 1500 449 1589 483; x_wconf 75' lang='lat' dir='ltr'><strong>fuisse,</strong></span> <span class='ocrx_word' id='word_1_462' title='bbox 1613 456 1692 485; x_wconf 90' lang='lat' dir='ltr'><strong>atque</strong></span> <span class='ocrx_word' id='word_1_463' title='bbox 1713 452 1873 486; x_wconf 83' lang='lat' dir='ltr'><strong>Aphraatem</strong></span> 
     </span>
    </p>
   </div>
   <div class='ocr_carea' id='block_1_68' title="bbox 1084 496 1805 530">
    <p class='ocr_par' dir='ltr' id='par_1_68' title="bbox 1084 496 1805 530">
     <span class='ocr_line' id='line_1_68' title="bbox 1084 496 1805 530; baseline 0.001 -8"><span class='ocrx_word' id='word_1_464' title='bbox 1084 496 1109 522; x_wconf 92' lang='lat' dir='ltr'><strong>in</strong></span> <span class='ocrx_word' id='word_1_465' title='bbox 1126 496 1210 523; x_wconf 89' lang='lat' dir='ltr'><strong>reditu</strong></span> <span class='ocrx_word' id='word_1_466' title='bbox 1227 504 1275 523; x_wconf 88' lang='lat' dir='ltr'><strong>suo</strong></span> <span class='ocrx_word' id='word_1_467' title='bbox 1284 504 1331 530; x_wconf 88' lang='lat' dir='ltr'><strong>per</strong></span> <span class='ocrx_word' id='word_1_468' title='bbox 1341 496 1503 523; x_wconf 72' lang='lat' dir='ltr'><strong>Phtenieiam</strong></span> <span class='ocrx_word' id='word_1_469' title='bbox 1520 496 1600 523; x_wconf 84' lang='lat' dir='ltr'><strong>fuisse</strong></span> <span class='ocrx_word' id='word_1_470' title='bbox 1621 497 1805 526; x_wconf 66' lang='lat' dir='ltr'><strong>transiturum.</strong></span> 
     </span>
    </p>
   </div>
   <div class='ocr_carea' id='block_1_69' title="bbox 1119 541 1873 577">
    <p class='ocr_par' dir='ltr' id='par_1_69' title="bbox 1119 541 1873 577">
     <span class='ocr_line' id='line_1_69' title="bbox 1119 541 1873 577; baseline 0.001 -8"><span class='ocrx_word' id='word_1_471' title='bbox 1119 541 1234 569; x_wconf 90' lang='lat' dir='ltr'><strong>Carteria</strong></span> <span class='ocrx_word' id='word_1_472' title='bbox 1250 549 1313 569; x_wconf 87' lang='lat' dir='ltr'><strong>vero</strong></span> <span class='ocrx_word' id='word_1_473' title='bbox 1325 546 1397 568; x_wconf 91' lang='lat' dir='ltr'><strong>tanto</strong></span> <span class='ocrx_word' id='word_1_474' title='bbox 1409 549 1471 576; x_wconf 79' lang='lat' dir='ltr'><strong>erga</strong></span> <span class='ocrx_word' id='word_1_475' title='bbox 1488 541 1707 577; x_wconf 88' lang='lat' dir='ltr'><strong>Chrysostomnm</strong></span> <span class='ocrx_word' id='word_1_476' title='bbox 1722 542 1816 570; x_wconf 80' lang='lat' dir='ltr'><strong>all&#39;eetn</strong></span> <span class='ocrx_word' id='word_1_477' title='bbox 1833 542 1873 570; x_wconf 85' lang='lat' dir='ltr'><strong>fe-</strong></span> 
     </span>
    </p>
   </div>
   <div class='ocr_carea' id='block_1_70' title="bbox 1083 586 1873 622">
    <p class='ocr_par' dir='ltr' id='par_1_70' title="bbox 1083 586 1873 622">
     <span class='ocr_line' id='line_1_70' title="bbox 1083 586 1873 622; baseline 0.001 -8"><span class='ocrx_word' id='word_1_478' title='bbox 1083 586 1202 620; x_wconf 84' lang='lat' dir='ltr'><strong>rebatur,</strong></span> <span class='ocrx_word' id='word_1_479' title='bbox 1215 592 1243 613; x_wconf 89' lang='lat' dir='ltr'><strong>ut</strong></span> <span class='ocrx_word' id='word_1_480' title='bbox 1254 587 1303 614; x_wconf 93' lang='lat' dir='ltr'><strong>nisi</strong></span> <span class='ocrx_word' id='word_1_481' title='bbox 1316 587 1391 622; x_wconf 82' lang='lat' dir='ltr'><strong>gravi</strong></span> <span class='ocrx_word' id='word_1_482' title='bbox 1404 587 1497 614; x_wconf 91' lang='lat' dir='ltr'><strong>morbo</strong></span> <span class='ocrx_word' id='word_1_483' title='bbox 1510 588 1615 614; x_wconf 91' lang='lat' dir='ltr'><strong>detenta</strong></span> <span class='ocrx_word' id='word_1_484' title='bbox 1627 587 1729 621; x_wconf 84' lang='lat' dir='ltr'><strong>fuisset,</strong></span> <span class='ocrx_word' id='word_1_485' title='bbox 1739 588 1873 615; x_wconf 90' lang='lat' dir='ltr'><strong>Cneusum</strong></span> 
     </span>
    </p>
   </div>
   <div class='ocr_carea' id='block_1_71' title="bbox 1083 632 1872 668">
    <p class='ocr_par' dir='ltr' id='par_1_71' title="bbox 1083 632 1872 668">
     <span class='ocr_line' id='line_1_71' title="bbox 1083 632 1872 668; baseline 0.001 -9"><span class='ocrx_word' id='word_1_486' title='bbox 1083 632 1140 668; x_wconf 92' lang='lat' dir='ltr'><strong>ejus</strong></span> <span class='ocrx_word' id='word_1_487' title='bbox 1151 633 1252 659; x_wconf 82' lang='lat' dir='ltr'><strong>visendi</strong></span> <span class='ocrx_word' id='word_1_488' title='bbox 1264 640 1341 660; x_wconf 87' lang='lat' dir='ltr'><strong>causa</strong></span> <span class='ocrx_word' id='word_1_489' title='bbox 1354 633 1502 667; x_wconf 84' lang='lat' dir='ltr'><strong>profectura</strong></span> <span class='ocrx_word' id='word_1_490' title='bbox 1514 632 1615 664; x_wconf 82' lang='lat' dir='ltr'><strong>fuisset,</strong></span> <span class='ocrx_word' id='word_1_491' title='bbox 1626 638 1653 659; x_wconf 91' lang='lat' dir='ltr'><strong>ut</strong></span> <span class='ocrx_word' id='word_1_492' title='bbox 1663 633 1741 667; x_wconf 81' lang='lat' dir='ltr'><strong>liquet</strong></span> <span class='ocrx_word' id='word_1_493' title='bbox 1753 641 1784 660; x_wconf 87' lang='lat' dir='ltr'><strong>ex</strong></span> <span class='ocrx_word' id='word_1_494' title='bbox 1794 634 1872 667; x_wconf 87' lang='lat' dir='ltr'><strong>epist.</strong></span> 
     </span>
    </p>
   </div>
   <div class='ocr_carea' id='block_1_72' title="bbox 1082 677 1874 714">
    <p class='ocr_par' dir='ltr' id='par_1_72' title="bbox 1082 677 1874 714">
     <span class='ocr_line' id='line_1_72' title="bbox 1082 677 1874 714; baseline 0.001 -9"><span class='ocrx_word' id='word_1_495' title='bbox 1082 677 1134 705; x_wconf 69' lang='lat'><strong>227</strong></span> <span class='ocrx_word' id='word_1_496' title='bbox 1148 677 1251 714; x_wconf 79' lang='lat' dir='ltr'><strong>(Epist.</strong></span> <span class='ocrx_word' id='word_1_497' title='bbox 1264 678 1327 714; x_wconf 88' lang='lat' dir='ltr'><strong>l8).</strong></span> <span class='ocrx_word' id='word_1_498' title='bbox 1340 678 1431 705; x_wconf 86' lang='lat' dir='ltr'><strong>Morbo</strong></span> <span class='ocrx_word' id='word_1_499' title='bbox 1445 682 1532 705; x_wconf 86' lang='lat' dir='ltr'><strong>autem</strong></span> <span class='ocrx_word' id='word_1_500' title='bbox 1547 683 1731 712; x_wconf 89' lang='lat' dir='ltr'><strong>perseverante</strong></span> <span class='ocrx_word' id='word_1_501' title='bbox 1743 679 1798 713; x_wconf 85' lang='lat' dir='ltr'><strong>ipsa</strong></span> <span class='ocrx_word' id='word_1_502' title='bbox 1812 687 1874 706; x_wconf 77' lang='lat' dir='ltr'><strong>sua-</strong></span> 
     </span>
    </p>
   </div>
   <div class='ocr_carea' id='block_1_73' title="bbox 1083 724 1874 760">
    <p class='ocr_par' dir='ltr' id='par_1_73' title="bbox 1083 724 1874 760">
     <span class='ocr_line' id='line_1_73' title="bbox 1083 724 1874 760; baseline 0.001 -9"><span class='ocrx_word' id='word_1_503' title='bbox 1083 729 1128 759; x_wconf 90' lang='lat' dir='ltr'><strong>pte</strong></span> <span class='ocrx_word' id='word_1_504' title='bbox 1139 732 1217 752; x_wconf 82' lang='lat' dir='ltr'><strong>manu</strong></span> <span class='ocrx_word' id='word_1_505' title='bbox 1228 730 1361 759; x_wconf 81' lang='lat' dir='ltr'><strong>unguenta</strong></span> <span class='ocrx_word' id='word_1_506' title='bbox 1375 725 1494 759; x_wconf 72' lang='lat' dir='ltr'><strong>quaedam</strong></span> <span class='ocrx_word' id='word_1_507' title='bbox 1508 724 1631 756; x_wconf 81' lang='lat' dir='ltr'><strong>confecit,</strong></span> <span class='ocrx_word' id='word_1_508' title='bbox 1644 732 1702 759; x_wconf 67' lang='lat' dir='ltr'><strong>qnte</strong></span> <span class='ocrx_word' id='word_1_509' title='bbox 1717 724 1874 760; x_wconf 73' lang='lat' dir='ltr'><strong>Chrysosto-</strong></span> 
     </span>
    </p>
   </div>
   <div class='ocr_carea' id='block_1_74' title="bbox 1083 770 1878 808">
    <p class='ocr_par' dir='ltr' id='par_1_74' title="bbox 1083 770 1878 808">
     <span class='ocr_line' id='line_1_74' title="bbox 1083 770 1878 808; baseline 0.001 -11"><span class='ocrx_word' id='word_1_510' title='bbox 1083 778 1127 798; x_wconf 91' lang='lat' dir='ltr'><strong>mo</strong></span> <span class='ocrx_word' id='word_1_511' title='bbox 1141 771 1211 798; x_wconf 91' lang='lat' dir='ltr'><strong>misit</strong></span> <span class='ocrx_word' id='word_1_512' title='bbox 1221 775 1274 808; x_wconf 92' lang='lat' dir='ltr'><strong>,_ut</strong></span> <span class='ocrx_word' id='word_1_513' title='bbox 1294 771 1375 806; x_wconf 89' lang='lat' dir='ltr'><strong>liquet</strong></span> <span class='ocrx_word' id='word_1_514' title='bbox 1393 778 1425 798; x_wconf 81' lang='lat' dir='ltr'><strong>ex</strong></span> <span class='ocrx_word' id='word_1_515' title='bbox 1440 771 1551 805; x_wconf 90' lang='lat' dir='ltr'><strong>epistola</strong></span> <span class='ocrx_word' id='word_1_516' title='bbox 1570 770 1614 797; x_wconf 66' lang='grc'><strong>54.</strong></span> <span class='ocrx_word' id='word_1_517' title='bbox 1631 770 1676 797; x_wconf 86' lang='lat' dir='ltr'><strong>illa</strong></span> <span class='ocrx_word' id='word_1_518' title='bbox 1691 778 1753 797; x_wconf 88' lang='lat' dir='ltr'><strong>vero</strong></span> <span class='ocrx_word' id='word_1_519' title='bbox 1767 771 1878 806; x_wconf 78' lang='lat' dir='ltr'><strong>longam</strong></span> 
     </span>
    </p>
   </div>
   <div class='ocr_carea' id='block_1_75' title="bbox 1084 815 1873 851">
    <p class='ocr_par' dir='ltr' id='par_1_75' title="bbox 1084 815 1873 851">
     <span class='ocr_line' id='line_1_75' title="bbox 1084 815 1873 851; baseline 0.001 -8"><span class='ocrx_word' id='word_1_520' title='bbox 1084 817 1321 851; x_wconf 84' lang='lat' dir='ltr'><strong>peregrinationem</strong></span> <span class='ocrx_word' id='word_1_521' title='bbox 1337 817 1404 849; x_wconf 89' lang='lat' dir='ltr'><strong>iniit,</strong></span> <span class='ocrx_word' id='word_1_522' title='bbox 1418 820 1446 843; x_wconf 92' lang='lat' dir='ltr'><strong>ut</strong></span> <span class='ocrx_word' id='word_1_523' title='bbox 1459 815 1544 844; x_wconf 83' lang='lat' dir='ltr'><strong>fertur</strong></span> <span class='ocrx_word' id='word_1_524' title='bbox 1558 816 1582 842; x_wconf 94' lang='lat' dir='ltr'><strong>in</strong></span> <span class='ocrx_word' id='word_1_525' title='bbox 1596 817 1674 850; x_wconf 65' lang='lat' dir='ltr'><strong>epist.</strong></span> <span class='ocrx_word' id='word_1_526' title='bbox 1689 816 1723 844; x_wconf 67' lang='grc'>44</span> <span class='ocrx_word' id='word_1_527' title='bbox 1738 817 1770 843; x_wconf 88' lang='lat' dir='ltr'><strong>ad</strong></span> <span class='ocrx_word' id='word_1_528' title='bbox 1783 817 1873 844; x_wconf 88' lang='lat' dir='ltr'><strong>Theo-</strong></span> 
     </span>
    </p>
   </div>
   <div class='ocr_carea' id='block_1_76' title="bbox 1082 862 1874 895">
    <p class='ocr_par' dir='ltr' id='par_1_76' title="bbox 1082 862 1874 895">
     <span class='ocr_line' id='line_1_76' title="bbox 1082 862 1874 895; baseline 0.003 -7"><span class='ocrx_word' id='word_1_529' title='bbox 1082 862 1173 889; x_wconf 86' lang='lat' dir='ltr'><strong>dotum</strong></span> <span class='ocrx_word' id='word_1_530' title='bbox 1184 862 1336 889; x_wconf 87' lang='lat' dir='ltr'><strong>diaconum.</strong></span> <span class='ocrx_word' id='word_1_531' title='bbox 1348 862 1403 889; x_wconf 91' lang='lat' dir='ltr'><strong>Sub</strong></span> <span class='ocrx_word' id='word_1_532' title='bbox 1414 862 1470 889; x_wconf 73' lang='lat' dir='ltr'><strong>inec</strong></span> <span class='ocrx_word' id='word_1_533' title='bbox 1483 866 1570 889; x_wconf 88' lang='lat' dir='ltr'><strong>autem</strong></span> <span class='ocrx_word' id='word_1_534' title='bbox 1583 862 1703 895; x_wconf 88' lang='lat' dir='ltr'><strong>Libanio,</strong></span> <span class='ocrx_word' id='word_1_535' title='bbox 1715 863 1771 889; x_wconf 84' lang='lat' dir='ltr'><strong>viro</strong></span> <span class='ocrx_word' id='word_1_536' title='bbox 1782 863 1874 890; x_wconf 78' lang='lat' dir='ltr'><strong>claris-</strong></span> 
     </span>
    </p>
   </div>
   <div class='ocr_carea' id='block_1_77' title="bbox 1083 907 1874 943">
    <p class='ocr_par' dir='ltr' id='par_1_77' title="bbox 1083 907 1874 943">
     <span class='ocr_line' id='line_1_77' title="bbox 1083 907 1874 943; baseline 0.001 -8"><span class='ocrx_word' id='word_1_537' title='bbox 1083 909 1165 941; x_wconf 85' lang='lat' dir='ltr'><strong>simo,</strong></span> <span class='ocrx_word' id='word_1_538' title='bbox 1180 909 1278 941; x_wconf 87' lang='lat' dir='ltr'><strong>suasit,</strong></span> <span class='ocrx_word' id='word_1_539' title='bbox 1294 914 1323 935; x_wconf 92' lang='lat' dir='ltr'><strong>ut</strong></span> <span class='ocrx_word' id='word_1_540' title='bbox 1336 908 1467 935; x_wconf 64' lang='lat' dir='ltr'><strong>(incusum</strong></span> <span class='ocrx_word' id='word_1_541' title='bbox 1481 907 1664 943; x_wconf 87' lang='lat' dir='ltr'><strong>Chrysostomi</strong></span> <span class='ocrx_word' id='word_1_542' title='bbox 1680 908 1781 935; x_wconf 75' lang='lat' dir='ltr'><strong>visendi</strong></span> <span class='ocrx_word' id='word_1_543' title='bbox 1795 916 1874 936; x_wconf 83' lang='lat' dir='ltr'><strong>causa</strong></span> 
     </span>
    </p>
   </div>
   <div class='ocr_carea' id='block_1_78' title="bbox 1084 953 1874 989">
    <p class='ocr_par' dir='ltr' id='par_1_78' title="bbox 1084 953 1874 989">
     <span class='ocr_line' id='line_1_78' title="bbox 1084 953 1874 989; baseline 0.001 -9"><span class='ocrx_word' id='word_1_544' title='bbox 1084 953 1313 989; x_wconf 82' lang='lat' dir='ltr'><strong>proﬁcisceretur:</strong></span> <span class='ocrx_word' id='word_1_545' title='bbox 1324 954 1393 989; x_wconf 89' lang='lat' dir='ltr'><strong>quod</strong></span> <span class='ocrx_word' id='word_1_546' title='bbox 1408 954 1457 988; x_wconf 86' lang='lat' dir='ltr'><strong>ipsi</strong></span> <span class='ocrx_word' id='word_1_547' title='bbox 1468 953 1610 980; x_wconf 86' lang='lat' dir='ltr'><strong>admodum</strong></span> <span class='ocrx_word' id='word_1_548' title='bbox 1623 953 1728 988; x_wconf 74' lang='lat' dir='ltr'><strong>placuit.</strong></span> <span class='ocrx_word' id='word_1_549' title='bbox 1745 958 1772 980; x_wconf 93' lang='lat' dir='ltr'><strong>ut</strong></span> <span class='ocrx_word' id='word_1_550' title='bbox 1784 954 1874 981; x_wconf 85' lang='lat' dir='ltr'><strong>videre</strong></span> 
     </span>
    </p>
   </div>
   <div class='ocr_carea' id='block_1_79' title="bbox 1083 998 1872 1034">
    <p class='ocr_par' dir='ltr' id='par_1_79' title="bbox 1083 998 1872 1034">
     <span class='ocr_line' id='line_1_79' title="bbox 1083 998 1872 1034; baseline 0 -8"><span class='ocrx_word' id='word_1_551' title='bbox 1083 1000 1158 1026; x_wconf 87' lang='lat' dir='ltr'><strong>estin</strong></span> <span class='ocrx_word' id='word_1_552' title='bbox 1173 999 1367 1034; x_wconf 86' lang='lat' dir='ltr'><strong>elegantissima</strong></span> <span class='ocrx_word' id='word_1_553' title='bbox 1379 999 1490 1034; x_wconf 77' lang='lat' dir='ltr'><strong>epistola</strong></span> <span class='ocrx_word' id='word_1_554' title='bbox 1498 999 1561 1026; x_wconf 69' lang='lat'><strong>252.</strong></span> <span class='ocrx_word' id='word_1_555' title='bbox 1574 998 1652 1026; x_wconf 84' lang='lat' dir='ltr'><strong>Venit</strong></span> <span class='ocrx_word' id='word_1_556' title='bbox 1665 1007 1726 1034; x_wconf 82' lang='lat' dir='ltr'><strong>ergo</strong></span> <span class='ocrx_word' id='word_1_557' title='bbox 1737 999 1872 1032; x_wconf 83' lang='lat' dir='ltr'><strong>Libanitts,</strong></span> 
     </span>
    </p>
   </div>
   <div class='ocr_carea' id='block_1_80' title="bbox 1082 1045 1874 1080">
    <p class='ocr_par' dir='ltr' id='par_1_80' title="bbox 1082 1045 1874 1080">
     <span class='ocr_line' id='line_1_80' title="bbox 1082 1045 1874 1080; baseline 0.001 -9"><span class='ocrx_word' id='word_1_558' title='bbox 1082 1049 1109 1072; x_wconf 88' lang='lat' dir='ltr'><strong>et</strong></span> <span class='ocrx_word' id='word_1_559' title='bbox 1124 1046 1265 1079; x_wconf 79' lang='lat' dir='ltr'><strong>perexiguo</strong></span> <span class='ocrx_word' id='word_1_560' title='bbox 1279 1050 1398 1079; x_wconf 88' lang='lat' dir='ltr'><strong>tempore</strong></span> <span class='ocrx_word' id='word_1_561' title='bbox 1410 1053 1469 1071; x_wconf 90' lang='lat' dir='ltr'><strong>eum</strong></span> <span class='ocrx_word' id='word_1_562' title='bbox 1483 1045 1674 1080; x_wconf 90' lang='lat' dir='ltr'><strong>Chrysostomo</strong></span> <span class='ocrx_word' id='word_1_563' title='bbox 1689 1050 1809 1072; x_wconf 85' lang='lat' dir='ltr'><strong>versatus</strong></span> <span class='ocrx_word' id='word_1_564' title='bbox 1822 1051 1874 1076; x_wconf 84' lang='lat' dir='ltr'><strong>est,</strong></span> 
     </span>
    </p>
   </div>
   <div class='ocr_carea' id='block_1_81' title="bbox 1083 1091 1872 1126">
    <p class='ocr_par' dir='ltr' id='par_1_81' title="bbox 1083 1091 1872 1126">
     <span class='ocr_line' id='line_1_81' title="bbox 1083 1091 1872 1126; baseline 0 -8"><span class='ocrx_word' id='word_1_565' title='bbox 1083 1096 1111 1118; x_wconf 93' lang='lat' dir='ltr'><strong>ut</strong></span> <span class='ocrx_word' id='word_1_566' title='bbox 1133 1092 1158 1118; x_wconf 89' lang='lat' dir='ltr'><strong>in</strong></span> <span class='ocrx_word' id='word_1_567' title='bbox 1179 1092 1289 1126; x_wconf 90' lang='lat' dir='ltr'><strong>epistola</strong></span> <span class='ocrx_word' id='word_1_568' title='bbox 1305 1092 1357 1119; x_wconf 75' lang='grc'><strong>250</strong></span> <span class='ocrx_word' id='word_1_569' title='bbox 1372 1091 1404 1118; x_wconf 86' lang='lat' dir='ltr'><strong>ad</strong></span> <span class='ocrx_word' id='word_1_570' title='bbox 1427 1091 1557 1126; x_wconf 82' lang='lat' dir='ltr'><strong>Elpidium</strong></span> <span class='ocrx_word' id='word_1_571' title='bbox 1571 1092 1724 1126; x_wconf 87' lang='lat' dir='ltr'><strong>episcopum</strong></span> <span class='ocrx_word' id='word_1_572' title='bbox 1741 1097 1872 1119; x_wconf 86' lang='lat' dir='ltr'><strong>narratur.</strong></span> 
     </span>
    </p>
   </div>
   <div class='ocr_carea' id='block_1_82' title="bbox 1084 1136 1877 1172">
    <p class='ocr_par' dir='ltr' id='par_1_82' title="bbox 1084 1136 1877 1172">
     <span class='ocr_line' id='line_1_82' title="bbox 1084 1136 1877 1172; baseline 0.004 -9"><span class='ocrx_word' id='word_1_573' title='bbox 1084 1136 1107 1164; x_wconf 92' lang='lat' dir='ltr'><strong>ls</strong></span> <span class='ocrx_word' id='word_1_574' title='bbox 1126 1137 1159 1164; x_wconf 91' lang='lat' dir='ltr'><strong>de</strong></span> <span class='ocrx_word' id='word_1_575' title='bbox 1177 1137 1256 1164; x_wconf 90' lang='lat' dir='ltr'><strong>rebus</strong></span> <span class='ocrx_word' id='word_1_576' title='bbox 1268 1158 1275 1170; x_wconf 86' lang='lat'><strong>,</strong></span> <span class='ocrx_word' id='word_1_577' title='bbox 1289 1146 1349 1172; x_wconf 71' lang='lat' dir='ltr'><strong>qua:</strong></span> <span class='ocrx_word' id='word_1_578' title='bbox 1361 1137 1508 1165; x_wconf 78' lang='lat' dir='ltr'><strong>Antiochia:</strong></span> <span class='ocrx_word' id='word_1_579' title='bbox 1526 1143 1580 1165; x_wconf 88' lang='lat' dir='ltr'><strong>tum</strong></span> <span class='ocrx_word' id='word_1_580' title='bbox 1600 1137 1776 1172; x_wconf 79' lang='lat' dir='ltr'><strong>gerebantur,</strong></span> <span class='ocrx_word' id='word_1_581' title='bbox 1795 1139 1877 1172; x_wconf 85' lang='lat' dir='ltr'><strong>probo</strong></span> 
     </span>
    </p>
   </div>
   <div class='ocr_carea' id='block_1_83' title="bbox 1083 1183 1876 1220">
    <p class='ocr_par' dir='ltr' id='par_1_83' title="bbox 1083 1183 1876 1220">
     <span class='ocr_line' id='line_1_83' title="bbox 1083 1183 1876 1220; baseline 0.003 -11"><span class='ocrx_word' id='word_1_582' title='bbox 1083 1183 1228 1210; x_wconf 86' lang='lat' dir='ltr'><strong>instructus</strong></span> <span class='ocrx_word' id='word_1_583' title='bbox 1246 1188 1319 1216; x_wconf 86' lang='lat' dir='ltr'><strong>erat,</strong></span> <span class='ocrx_word' id='word_1_584' title='bbox 1336 1189 1364 1211; x_wconf 88' lang='lat' dir='ltr'><strong>et</strong></span> <span class='ocrx_word' id='word_1_585' title='bbox 1381 1184 1414 1212; x_wconf 85' lang='lat' dir='ltr'><strong>de</strong></span> <span class='ocrx_word' id='word_1_586' title='bbox 1434 1185 1530 1213; x_wconf 86' lang='lat' dir='ltr'><strong>Severa</strong></span> <span class='ocrx_word' id='word_1_587' title='bbox 1551 1185 1631 1212; x_wconf 87' lang='lat' dir='ltr'><strong>nubili</strong></span> <span class='ocrx_word' id='word_1_588' title='bbox 1652 1186 1745 1220; x_wconf 84' lang='lat' dir='ltr'><strong>piaqne</strong></span> <span class='ocrx_word' id='word_1_589' title='bbox 1764 1185 1876 1211; x_wconf 81' lang='lat' dir='ltr'><strong>muliere</strong></span> 
     </span>
    </p>
   </div>
   <div class='ocr_carea' id='block_1_84' title="bbox 1083 1228 1873 1266">
    <p class='ocr_par' dir='ltr' id='par_1_84' title="bbox 1083 1228 1873 1266">
     <span class='ocr_line' id='line_1_84' title="bbox 1083 1228 1873 1266; baseline 0.003 -12"><span class='ocrx_word' id='word_1_590' title='bbox 1083 1228 1163 1254; x_wconf 87' lang='lat' dir='ltr'><strong>multa</strong></span> <span class='ocrx_word' id='word_1_591' title='bbox 1179 1229 1277 1262; x_wconf 91' lang='lat' dir='ltr'><strong>retulit,</strong></span> <span class='ocrx_word' id='word_1_592' title='bbox 1292 1237 1370 1264; x_wconf 87' lang='lat' dir='ltr'><strong>quant</strong></span> <span class='ocrx_word' id='word_1_593' title='bbox 1387 1238 1530 1265; x_wconf 87' lang='lat' dir='ltr'><strong>numquam</strong></span> <span class='ocrx_word' id='word_1_594' title='bbox 1543 1231 1645 1259; x_wconf 85' lang='lat' dir='ltr'><strong>viderat</strong></span> <span class='ocrx_word' id='word_1_595' title='bbox 1658 1230 1873 1266; x_wconf 76' lang='lat' dir='ltr'><strong>ChrySOstomus.</strong></span> 
     </span>
    </p>
   </div>
   <div class='ocr_carea' id='block_1_85' title="bbox 1082 1273 1875 1310">
    <p class='ocr_par' dir='ltr' id='par_1_85' title="bbox 1082 1273 1875 1310">
     <span class='ocr_line' id='line_1_85' title="bbox 1082 1273 1875 1310; baseline 0.001 -10"><span class='ocrx_word' id='word_1_596' title='bbox 1082 1273 1134 1300; x_wconf 87' lang='lat' dir='ltr'><strong>Sed</strong></span> <span class='ocrx_word' id='word_1_597' title='bbox 1148 1281 1180 1301; x_wconf 74' lang='lat' dir='ltr'><strong>ex</strong></span> <span class='ocrx_word' id='word_1_598' title='bbox 1195 1279 1303 1302; x_wconf 85' lang='lat' dir='ltr'><strong>narratu</strong></span> <span class='ocrx_word' id='word_1_599' title='bbox 1318 1275 1419 1302; x_wconf 89' lang='lat' dir='ltr'><strong>Libanii</strong></span> <span class='ocrx_word' id='word_1_600' title='bbox 1436 1280 1523 1303; x_wconf 90' lang='lat' dir='ltr'><strong>motus</strong></span> <span class='ocrx_word' id='word_1_601' title='bbox 1535 1276 1651 1303; x_wconf 87' lang='lat' dir='ltr'><strong>Joannes</strong></span> <span class='ocrx_word' id='word_1_602' title='bbox 1667 1281 1757 1303; x_wconf 77' lang='lat' dir='ltr'><strong>noster</strong></span> <span class='ocrx_word' id='word_1_603' title='bbox 1774 1276 1875 1310; x_wconf 79' lang='lat' dir='ltr'><strong>episto-</strong></span> 
     </span>
    </p>
   </div>
   <div class='ocr_carea' id='block_1_86' title="bbox 1082 1318 1875 1355">
    <p class='ocr_par' dir='ltr' id='par_1_86' title="bbox 1082 1318 1875 1355">
     <span class='ocr_line' id='line_1_86' title="bbox 1082 1318 1875 1355; baseline 0.004 -11"><span class='ocrx_word' id='word_1_604' title='bbox 1082 1318 1135 1345; x_wconf 88' lang='lat' dir='ltr'><strong>lam</strong></span> <span class='ocrx_word' id='word_1_605' title='bbox 1153 1319 1190 1345; x_wconf 95' lang='lat' dir='ltr'><strong>illi</strong></span> <span class='ocrx_word' id='word_1_606' title='bbox 1209 1319 1279 1346; x_wconf 88' lang='lat' dir='ltr'><strong>misit</strong></span> <span class='ocrx_word' id='word_1_607' title='bbox 1298 1319 1360 1347; x_wconf 58' lang='lat'><strong>2&#39;29.</strong></span> <span class='ocrx_word' id='word_1_608' title='bbox 1376 1321 1442 1347; x_wconf 92' lang='lat' dir='ltr'><strong>Cum</strong></span> <span class='ocrx_word' id='word_1_609' title='bbox 1459 1328 1539 1355; x_wconf 88' lang='lat' dir='ltr'><strong>porro</strong></span> <span class='ocrx_word' id='word_1_610' title='bbox 1559 1321 1686 1349; x_wconf 87' lang='lat' dir='ltr'><strong>Libanius</strong></span> <span class='ocrx_word' id='word_1_611' title='bbox 1701 1321 1788 1351; x_wconf 87' lang='lat' dir='ltr'><strong>venit,</strong></span> <span class='ocrx_word' id='word_1_612' title='bbox 1803 1321 1875 1348; x_wconf 86' lang='lat' dir='ltr'><strong>Cou-</strong></span> 
     </span>
    </p>
   </div>
   <div class='ocr_carea' id='block_1_87' title="bbox 1082 1363 1877 1401">
    <p class='ocr_par' dir='ltr' id='par_1_87' title="bbox 1082 1363 1877 1401">
     <span class='ocr_line' id='line_1_87' title="bbox 1082 1363 1877 1401; baseline 0.003 -12"><span class='ocrx_word' id='word_1_613' title='bbox 1082 1363 1194 1390; x_wconf 90' lang='lat' dir='ltr'><strong>stantins</strong></span> <span class='ocrx_word' id='word_1_614' title='bbox 1214 1364 1258 1391; x_wconf 92' lang='lat' dir='ltr'><strong>ille</strong></span> <span class='ocrx_word' id='word_1_615' title='bbox 1279 1366 1418 1400; x_wconf 81' lang='lat' dir='ltr'><strong>presbyter</strong></span> <span class='ocrx_word' id='word_1_616' title='bbox 1431 1366 1622 1401; x_wconf 85' lang='lat' dir='ltr'><strong>Chrysostomo</strong></span> <span class='ocrx_word' id='word_1_617' title='bbox 1641 1366 1794 1392; x_wconf 82' lang='lat' dir='ltr'><strong>carissimus</strong></span> <span class='ocrx_word' id='word_1_618' title='bbox 1814 1373 1877 1392; x_wconf 86' lang='lat' dir='ltr'><strong>eum</strong></span> 
     </span>
    </p>
   </div>
   <div class='ocr_carea' id='block_1_88' title="bbox 1082 1410 1876 1445">
    <p class='ocr_par' dir='ltr' id='par_1_88' title="bbox 1082 1410 1876 1445">
     <span class='ocr_line' id='line_1_88' title="bbox 1082 1410 1876 1445; baseline 0.004 -10"><span class='ocrx_word' id='word_1_619' title='bbox 1082 1410 1128 1436; x_wconf 86' lang='lat' dir='ltr'><strong>illo</strong></span> <span class='ocrx_word' id='word_1_620' title='bbox 1140 1414 1196 1436; x_wconf 91' lang='lat' dir='ltr'><strong>erat</strong></span> <span class='ocrx_word' id='word_1_621' title='bbox 1209 1419 1215 1441; x_wconf 87' lang='lat'>;</span> <span class='ocrx_word' id='word_1_622' title='bbox 1236 1410 1326 1437; x_wconf 82' lang='lat' dir='ltr'><strong>literas</strong></span> <span class='ocrx_word' id='word_1_623' title='bbox 1340 1419 1419 1445; x_wconf 87' lang='lat' dir='ltr'><strong>porro</strong></span> <span class='ocrx_word' id='word_1_624' title='bbox 1433 1411 1468 1437; x_wconf 69' lang='lat' dir='ltr'><strong>illi</strong></span> <span class='ocrx_word' id='word_1_625' title='bbox 1483 1411 1554 1438; x_wconf 89' lang='lat' dir='ltr'><strong>dedit</strong></span> <span class='ocrx_word' id='word_1_626' title='bbox 1566 1411 1683 1438; x_wconf 77' lang='lat' dir='ltr'><strong>Joannes</strong></span> <span class='ocrx_word' id='word_1_627' title='bbox 1697 1411 1729 1438; x_wconf 88' lang='lat' dir='ltr'><strong>ad</strong></span> <span class='ocrx_word' id='word_1_628' title='bbox 1744 1411 1876 1438; x_wconf 83' lang='lat' dir='ltr'><strong>Constan-</strong></span> 
     </span>
    </p>
   </div>
   <div class='ocr_carea' id='block_1_89' title="bbox 1083 1457 1659 1493">
    <p class='ocr_par' dir='ltr' id='par_1_89' title="bbox 1083 1457 1659 1493">
     <span class='ocr_line' id='line_1_89' title="bbox 1083 1457 1659 1493; baseline 0 -9"><span class='ocrx_word' id='word_1_629' title='bbox 1083 1457 1147 1484; x_wconf 85' lang='lat' dir='ltr'><strong>tium</strong></span> <span class='ocrx_word' id='word_1_630' title='bbox 1162 1457 1274 1485; x_wconf 86' lang='lat' dir='ltr'><strong>alterum</strong></span> <span class='ocrx_word' id='word_1_631' title='bbox 1290 1459 1474 1493; x_wconf 86' lang='lat' dir='ltr'><strong>presbyterum</strong></span> <span class='ocrx_word' id='word_1_632' title='bbox 1490 1458 1659 1485; x_wconf 79' lang='lat' dir='ltr'><strong>adferendas.</strong></span> 
     </span>
    </p>
   </div>
   <div class='ocr_carea' id='block_1_90' title="bbox 1117 1502 1874 1538">
    <p class='ocr_par' dir='ltr' id='par_1_90' title="bbox 1117 1502 1874 1538">
     <span class='ocr_line' id='line_1_90' title="bbox 1117 1502 1874 1538; baseline 0.001 -10"><span class='ocrx_word' id='word_1_633' title='bbox 1117 1502 1208 1529; x_wconf 77' lang='lat' dir='ltr'><strong>Adolia</strong></span> <span class='ocrx_word' id='word_1_634' title='bbox 1224 1509 1339 1529; x_wconf 85' lang='lat' dir='ltr'><strong>matrona</strong></span> <span class='ocrx_word' id='word_1_635' title='bbox 1354 1504 1508 1530; x_wconf 78' lang='lat' dir='ltr'><strong>Antioche/ta</strong></span> <span class='ocrx_word' id='word_1_636' title='bbox 1516 1504 1627 1530; x_wconf 79' lang='lat' dir='ltr'><strong>caritatis</strong></span> <span class='ocrx_word' id='word_1_637' title='bbox 1634 1503 1874 1538; x_wconf 77' lang='lat' dir='ltr'><strong>vinrttlojuncltt.—</strong></span> 
     </span>
    </p>
   </div>
   <div class='ocr_carea' id='block_1_91' title="bbox 1083 1547 1873 1583">
    <p class='ocr_par' dir='ltr' id='par_1_91' title="bbox 1083 1547 1873 1583">
     <span class='ocr_line' id='line_1_91' title="bbox 1083 1547 1873 1583; baseline 0.001 -10"><span class='ocrx_word' id='word_1_638' title='bbox 1083 1548 1120 1573; x_wconf 82' lang='lat' dir='ltr'><strong>Ex</strong></span> <span class='ocrx_word' id='word_1_639' title='bbox 1135 1547 1184 1583; x_wconf 85' lang='lat' dir='ltr'><strong>piis</strong></span> <span class='ocrx_word' id='word_1_640' title='bbox 1198 1553 1286 1575; x_wconf 89' lang='lat' dir='ltr'><strong>autem</strong></span> <span class='ocrx_word' id='word_1_641' title='bbox 1300 1552 1327 1575; x_wconf 90' lang='lat' dir='ltr'><strong>et</strong></span> <span class='ocrx_word' id='word_1_642' title='bbox 1341 1549 1472 1575; x_wconf 75' lang='lat' dir='ltr'><strong>nobilibus</strong></span> <span class='ocrx_word' id='word_1_643' title='bbox 1487 1548 1602 1581; x_wconf 81' lang='lat' dir='ltr'><strong>feminis,</strong></span> <span class='ocrx_word' id='word_1_644' title='bbox 1617 1556 1676 1583; x_wconf 74' lang='lat' dir='ltr'><strong>qua:</strong></span> <span class='ocrx_word' id='word_1_645' title='bbox 1690 1549 1873 1583; x_wconf 78' lang='lat' dir='ltr'><strong>Clu-ysostomi</strong></span> 
     </span>
    </p>
   </div>
   <div class='ocr_carea' id='block_1_92' title="bbox 1081 1593 1872 1629">
    <p class='ocr_par' dir='ltr' id='par_1_92' title="bbox 1081 1593 1872 1629">
     <span class='ocr_line' id='line_1_92' title="bbox 1081 1593 1872 1629; baseline 0.003 -10"><span class='ocrx_word' id='word_1_646' title='bbox 1081 1593 1162 1620; x_wconf 87' lang='lat' dir='ltr'><strong>ductu</strong></span> <span class='ocrx_word' id='word_1_647' title='bbox 1174 1593 1241 1620; x_wconf 79' lang='lat' dir='ltr'><strong>viam</strong></span> <span class='ocrx_word' id='word_1_648' title='bbox 1254 1594 1346 1621; x_wconf 86' lang='lat' dir='ltr'><strong>salutis</strong></span> <span class='ocrx_word' id='word_1_649' title='bbox 1355 1595 1538 1629; x_wconf 82' lang='lat' dir='ltr'><strong>capessebant,</strong></span> <span class='ocrx_word' id='word_1_650' title='bbox 1550 1595 1647 1621; x_wconf 89' lang='lat' dir='ltr'><strong>nullam</strong></span> <span class='ocrx_word' id='word_1_651' title='bbox 1658 1595 1742 1629; x_wconf 82' lang='lat' dir='ltr'><strong>magis</strong></span> <span class='ocrx_word' id='word_1_652' title='bbox 1752 1595 1872 1628; x_wconf 87' lang='lat' dir='ltr'><strong>curabat,</strong></span> 
     </span>
    </p>
   </div>
   <div class='ocr_carea' id='block_1_93' title="bbox 1083 1639 1873 1675">
    <p class='ocr_par' dir='ltr' id='par_1_93' title="bbox 1083 1639 1873 1675">
     <span class='ocr_line' id='line_1_93' title="bbox 1083 1639 1873 1675; baseline 0.001 -10"><span class='ocrx_word' id='word_1_653' title='bbox 1083 1639 1208 1674; x_wconf 89' lang='lat' dir='ltr'><strong>nullaque</strong></span> <span class='ocrx_word' id='word_1_654' title='bbox 1222 1639 1270 1674; x_wconf 89' lang='lat' dir='ltr'><strong>ipsi</strong></span> <span class='ocrx_word' id='word_1_655' title='bbox 1285 1640 1367 1674; x_wconf 85' lang='lat' dir='ltr'><strong>magis</strong></span> <span class='ocrx_word' id='word_1_656' title='bbox 1378 1640 1450 1667; x_wconf 88' lang='lat' dir='ltr'><strong>cordi</strong></span> <span class='ocrx_word' id='word_1_657' title='bbox 1462 1644 1528 1672; x_wconf 90' lang='lat' dir='ltr'><strong>erat,</strong></span> <span class='ocrx_word' id='word_1_658' title='bbox 1539 1648 1616 1675; x_wconf 91' lang='lat' dir='ltr'><strong>quam</strong></span> <span class='ocrx_word' id='word_1_659' title='bbox 1629 1640 1731 1671; x_wconf 80' lang='lat' dir='ltr'><strong>Adolia,</strong></span> <span class='ocrx_word' id='word_1_660' title='bbox 1743 1645 1873 1672; x_wconf 75' lang='lat' dir='ltr'><strong>matrerm,</strong></span> 
     </span>
    </p>
   </div>
   <div class='ocr_carea' id='block_1_94' title="bbox 1083 1684 1874 1716">
    <p class='ocr_par' dir='ltr' id='par_1_94' title="bbox 1083 1684 1874 1716">
     <span class='ocr_line' id='line_1_94' title="bbox 1083 1684 1874 1716; baseline 0.001 -6"><span class='ocrx_word' id='word_1_661' title='bbox 1083 1688 1110 1710; x_wconf 90' lang='lat' dir='ltr'><strong>ut</strong></span> <span class='ocrx_word' id='word_1_662' title='bbox 1125 1684 1244 1716; x_wconf 81' lang='lat' dir='ltr'><strong>videtur,</strong></span> <span class='ocrx_word' id='word_1_663' title='bbox 1259 1685 1433 1712; x_wconf 84' lang='lat' dir='ltr'><strong>Antiochena.</strong></span> <span class='ocrx_word' id='word_1_664' title='bbox 1449 1685 1511 1712; x_wconf 62' lang='lat' dir='ltr'><strong>[late</strong></span> <span class='ocrx_word' id='word_1_665' title='bbox 1534 1692 1596 1712; x_wconf 85' lang='lat' dir='ltr'><strong>vero</strong></span> <span class='ocrx_word' id='word_1_666' title='bbox 1609 1685 1720 1712; x_wconf 88' lang='lat' dir='ltr'><strong>Libanio</strong></span> <span class='ocrx_word' id='word_1_667' title='bbox 1736 1685 1874 1712; x_wconf 78' lang='lat' dir='ltr'><strong>Antiochia</strong></span> 
     </span>
    </p>
   </div>
   <div class='ocr_carea' id='block_1_95' title="bbox 1082 1729 1873 1765">
    <p class='ocr_par' dir='ltr' id='par_1_95' title="bbox 1082 1729 1873 1765">
     <span class='ocr_line' id='line_1_95' title="bbox 1082 1729 1873 1765; baseline 0.001 -10"><span class='ocrx_word' id='word_1_668' title='bbox 1082 1729 1115 1756; x_wconf 85' lang='lat' dir='ltr'><strong>ad</strong></span> <span class='ocrx_word' id='word_1_669' title='bbox 1130 1729 1348 1764; x_wconf 87' lang='lat' dir='ltr'><strong>Chrysostomum</strong></span> <span class='ocrx_word' id='word_1_670' title='bbox 1363 1731 1539 1765; x_wconf 85' lang='lat' dir='ltr'><strong>proficiscenti</strong></span> <span class='ocrx_word' id='word_1_671' title='bbox 1552 1731 1637 1757; x_wconf 89' lang='lat' dir='ltr'><strong>nullas</strong></span> <span class='ocrx_word' id='word_1_672' title='bbox 1651 1731 1760 1757; x_wconf 84' lang='lat' dir='ltr'><strong>dederat</strong></span> <span class='ocrx_word' id='word_1_673' title='bbox 1774 1731 1873 1761; x_wconf 76' lang='lat' dir='ltr'><strong>literas,</strong></span> 
     </span>
    </p>
   </div>
   <div class='ocr_carea' id='block_1_96' title="bbox 1082 1776 1873 1810">
    <p class='ocr_par' dir='ltr' id='par_1_96' title="bbox 1082 1776 1873 1810">
     <span class='ocr_line' id='line_1_96' title="bbox 1082 1776 1873 1810; baseline 0.001 -10"><span class='ocrx_word' id='word_1_674' title='bbox 1082 1782 1140 1809; x_wconf 78' lang='lat' dir='ltr'><strong>qum</strong></span> <span class='ocrx_word' id='word_1_675' title='bbox 1155 1782 1233 1801; x_wconf 88' lang='lat' dir='ltr'><strong>causa</strong></span> <span class='ocrx_word' id='word_1_676' title='bbox 1248 1783 1299 1802; x_wconf 92' lang='lat' dir='ltr'><strong>non</strong></span> <span class='ocrx_word' id='word_1_677' title='bbox 1318 1776 1460 1803; x_wconf 88' lang='lat' dir='ltr'><strong>mediocris</strong></span> <span class='ocrx_word' id='word_1_678' title='bbox 1472 1776 1571 1803; x_wconf 86' lang='lat' dir='ltr'><strong>doloris</strong></span> <span class='ocrx_word' id='word_1_679' title='bbox 1584 1776 1632 1810; x_wconf 87' lang='lat' dir='ltr'><strong>ipsi</strong></span> <span class='ocrx_word' id='word_1_680' title='bbox 1653 1776 1717 1808; x_wconf 90' lang='lat' dir='ltr'><strong>fuit,</strong></span> <span class='ocrx_word' id='word_1_681' title='bbox 1734 1780 1761 1802; x_wconf 93' lang='lat' dir='ltr'><strong>ut</strong></span> <span class='ocrx_word' id='word_1_682' title='bbox 1776 1776 1801 1802; x_wconf 94' lang='lat' dir='ltr'><strong>in</strong></span> <span class='ocrx_word' id='word_1_683' title='bbox 1817 1776 1873 1810; x_wconf 80' lang='lat' dir='ltr'><strong>epi-</strong></span> 
     </span>
    </p>
   </div>
   <div class='ocr_carea' id='block_1_97' title="bbox 1082 1820 1875 1856">
    <p class='ocr_par' dir='ltr' id='par_1_97' title="bbox 1082 1820 1875 1856">
     <span class='ocr_line' id='line_1_97' title="bbox 1082 1820 1875 1856; baseline -0.001 -9"><span class='ocrx_word' id='word_1_684' title='bbox 1082 1820 1150 1847; x_wconf 88' lang='lat' dir='ltr'><strong>stola</strong></span> <span class='ocrx_word' id='word_1_685' title='bbox 1164 1820 1213 1848; x_wconf 69' lang='grc'><strong>251</strong></span> <span class='ocrx_word' id='word_1_686' title='bbox 1231 1820 1395 1849; x_wconf 83' lang='lat' dir='ltr'><strong>testiﬁcatur.</strong></span> <span class='ocrx_word' id='word_1_687' title='bbox 1411 1821 1454 1848; x_wconf 86' lang='lat' dir='ltr'><strong>illa</strong></span> <span class='ocrx_word' id='word_1_688' title='bbox 1469 1829 1531 1848; x_wconf 86' lang='lat' dir='ltr'><strong>vero</strong></span> <span class='ocrx_word' id='word_1_689' title='bbox 1543 1829 1570 1848; x_wconf 90' lang='lat' dir='ltr'><strong>se</strong></span> <span class='ocrx_word' id='word_1_690' title='bbox 1585 1829 1600 1848; x_wconf 86' lang='lat' dir='ltr'><strong>a</strong></span> <span class='ocrx_word' id='word_1_691' title='bbox 1615 1821 1770 1856; x_wconf 84' lang='lat' dir='ltr'><strong>propinquis</strong></span> <span class='ocrx_word' id='word_1_692' title='bbox 1785 1821 1875 1855; x_wconf 87' lang='lat' dir='ltr'><strong>prodi-</strong></span> 
     </span>
    </p>
   </div>
   <div class='ocr_carea' id='block_1_98' title="bbox 1083 1866 1874 1902">
    <p class='ocr_par' dir='ltr' id='par_1_98' title="bbox 1083 1866 1874 1902">
     <span class='ocr_line' id='line_1_98' title="bbox 1083 1866 1874 1902; baseline -0.001 -9"><span class='ocrx_word' id='word_1_693' title='bbox 1083 1870 1136 1893; x_wconf 89' lang='lat' dir='ltr'><strong>tam</strong></span> <span class='ocrx_word' id='word_1_694' title='bbox 1152 1866 1242 1899; x_wconf 81' lang='lat' dir='ltr'><strong>fuisse,</strong></span> <span class='ocrx_word' id='word_1_695' title='bbox 1259 1874 1404 1902; x_wconf 77' lang='lat' dir='ltr'><strong>gravesque</strong></span> <span class='ocrx_word' id='word_1_696' title='bbox 1418 1867 1559 1902; x_wconf 66' lang='lat' dir='ltr'><strong>tragoedias</strong></span> <span class='ocrx_word' id='word_1_697' title='bbox 1574 1867 1714 1902; x_wconf 88' lang='lat' dir='ltr'><strong>pertulisse</strong></span> <span class='ocrx_word' id='word_1_698' title='bbox 1725 1887 1732 1899; x_wconf 95' lang='lat'><strong>,</strong></span> <span class='ocrx_word' id='word_1_699' title='bbox 1749 1868 1822 1901; x_wconf 85' lang='lat' dir='ltr'><strong>prius</strong></span> <span class='ocrx_word' id='word_1_700' title='bbox 1834 1867 1874 1892; x_wconf 94' lang='lat' dir='ltr'><strong>di-</strong></span> 
     </span>
    </p>
   </div>
   <div class='ocr_carea' id='block_1_99' title="bbox 1081 1912 1874 1948">
    <p class='ocr_par' dir='ltr' id='par_1_99' title="bbox 1081 1912 1874 1948">
     <span class='ocr_line' id='line_1_99' title="bbox 1081 1912 1874 1948; baseline -0.001 -9"><span class='ocrx_word' id='word_1_701' title='bbox 1081 1916 1166 1939; x_wconf 83' lang='lat' dir='ltr'><strong>xerat.</strong></span> <span class='ocrx_word' id='word_1_702' title='bbox 1183 1913 1216 1939; x_wconf 87' lang='lat' dir='ltr'><strong>At</strong></span> <span class='ocrx_word' id='word_1_703' title='bbox 1231 1912 1436 1948; x_wconf 82' lang='lat' dir='ltr'><strong>Clirysostomus</strong></span> <span class='ocrx_word' id='word_1_704' title='bbox 1450 1913 1520 1939; x_wconf 84' lang='lat' dir='ltr'><strong>illam</strong></span> <span class='ocrx_word' id='word_1_705' title='bbox 1534 1933 1541 1945; x_wconf 91' lang='lat'><strong>,</strong></span> <span class='ocrx_word' id='word_1_706' title='bbox 1559 1918 1587 1939; x_wconf 87' lang='lat' dir='ltr'><strong>ut</strong></span> <span class='ocrx_word' id='word_1_707' title='bbox 1603 1918 1769 1940; x_wconf 80' lang='lat' dir='ltr'><strong>terrenarum</strong></span> <span class='ocrx_word' id='word_1_708' title='bbox 1787 1920 1874 1939; x_wconf 91' lang='lat' dir='ltr'><strong>rerum</strong></span> 
     </span>
    </p>
   </div>
   <div class='ocr_carea' id='block_1_100' title="bbox 1082 1957 1872 1989">
    <p class='ocr_par' dir='ltr' id='par_1_100' title="bbox 1082 1957 1872 1989">
     <span class='ocr_line' id='line_1_100' title="bbox 1082 1957 1872 1989; baseline 0 -5"><span class='ocrx_word' id='word_1_709' title='bbox 1082 1965 1158 1984; x_wconf 88' lang='lat' dir='ltr'><strong>euras</strong></span> <span class='ocrx_word' id='word_1_710' title='bbox 1172 1958 1267 1985; x_wconf 89' lang='lat' dir='ltr'><strong>missas</strong></span> <span class='ocrx_word' id='word_1_711' title='bbox 1280 1957 1360 1985; x_wconf 89' lang='lat' dir='ltr'><strong>faciat</strong></span> <span class='ocrx_word' id='word_1_712' title='bbox 1371 1978 1378 1989; x_wconf 77' lang='lat'><strong>.</strong></span> <span class='ocrx_word' id='word_1_713' title='bbox 1394 1964 1421 1985; x_wconf 89' lang='lat' dir='ltr'><strong>et</strong></span> <span class='ocrx_word' id='word_1_714' title='bbox 1438 1959 1469 1985; x_wconf 91' lang='lat' dir='ltr'><strong>ad</strong></span> <span class='ocrx_word' id='word_1_715' title='bbox 1484 1966 1512 1985; x_wconf 91' lang='lat' dir='ltr'><strong>se</strong></span> <span class='ocrx_word' id='word_1_716' title='bbox 1526 1958 1657 1986; x_wconf 90' lang='lat' dir='ltr'><strong>Cuensum</strong></span> <span class='ocrx_word' id='word_1_717' title='bbox 1673 1959 1762 1985; x_wconf 88' lang='lat' dir='ltr'><strong>veniat</strong></span> <span class='ocrx_word' id='word_1_718' title='bbox 1777 1958 1872 1985; x_wconf 89' lang='lat' dir='ltr'><strong>cohor-</strong></span> 
     </span>
    </p>
   </div>
   <div class='ocr_carea' id='block_1_101' title="bbox 1083 2003 1876 2038">
    <p class='ocr_par' dir='ltr' id='par_1_101' title="bbox 1083 2003 1876 2038">
     <span class='ocr_line' id='line_1_101' title="bbox 1083 2003 1876 2038; baseline 0.001 -9"><span class='ocrx_word' id='word_1_719' title='bbox 1083 2008 1153 2030; x_wconf 88' lang='lat' dir='ltr'><strong>tatttr</strong></span> <span class='ocrx_word' id='word_1_720' title='bbox 1167 2003 1246 2038; x_wconf 86' lang='lat' dir='ltr'><strong>epist.</strong></span> <span class='ocrx_word' id='word_1_721' title='bbox 1264 2004 1315 2030; x_wconf 76' lang='grc'><strong>155</strong></span> <span class='ocrx_word' id='word_1_722' title='bbox 1327 2024 1334 2036; x_wconf 90' lang='grc'><em>,</em></span> <span class='ocrx_word' id='word_1_723' title='bbox 1351 2003 1421 2030; x_wconf 92' lang='lat' dir='ltr'><strong>illam</strong></span> <span class='ocrx_word' id='word_1_724' title='bbox 1437 2004 1556 2030; x_wconf 82' lang='lat' dir='ltr'><strong>aditurus</strong></span> <span class='ocrx_word' id='word_1_725' title='bbox 1570 2005 1625 2038; x_wconf 88' lang='lat' dir='ltr'><strong>ipse</strong></span> <span class='ocrx_word' id='word_1_726' title='bbox 1637 2024 1645 2034; x_wconf 82' lang='lat'>.</span> <span class='ocrx_word' id='word_1_727' title='bbox 1664 2004 1684 2031; x_wconf 87' lang='lat' dir='ltr'><strong>si</strong></span> <span class='ocrx_word' id='word_1_728' title='bbox 1702 2003 1830 2030; x_wconf 81' lang='lat' dir='ltr'><strong>licuisset.</strong></span> <span class='ocrx_word' id='word_1_729' title='bbox 1848 2003 1876 2030; x_wconf 93' lang='lat' dir='ltr'><strong>In</strong></span> 
     </span>
    </p>
   </div>
   <div class='ocr_carea' id='block_1_102' title="bbox 1083 2049 1876 2083">
    <p class='ocr_par' dir='ltr' id='par_1_102' title="bbox 1083 2049 1876 2083">
     <span class='ocr_line' id='line_1_102' title="bbox 1083 2049 1876 2083; baseline 0.001 -9"><span class='ocrx_word' id='word_1_730' title='bbox 1083 2049 1204 2075; x_wconf 89' lang='lat' dir='ltr'><strong>morbum</strong></span> <span class='ocrx_word' id='word_1_731' title='bbox 1226 2053 1315 2075; x_wconf 91' lang='lat' dir='ltr'><strong>autem</strong></span> <span class='ocrx_word' id='word_1_732' title='bbox 1335 2049 1378 2076; x_wconf 90' lang='lat' dir='ltr'><strong>illa</strong></span> <span class='ocrx_word' id='word_1_733' title='bbox 1393 2049 1499 2080; x_wconf 88' lang='lat' dir='ltr'><strong>incidit.</strong></span> <span class='ocrx_word' id='word_1_734' title='bbox 1515 2054 1543 2076; x_wconf 89' lang='lat' dir='ltr'><strong>ut</strong></span> <span class='ocrx_word' id='word_1_735' title='bbox 1560 2050 1583 2075; x_wconf 91' lang='lat' dir='ltr'><strong>in</strong></span> <span class='ocrx_word' id='word_1_736' title='bbox 1598 2049 1707 2083; x_wconf 83' lang='lat' dir='ltr'><strong>epistola</strong></span> <span class='ocrx_word' id='word_1_737' title='bbox 1722 2049 1756 2076; x_wconf 73' lang='lat'><strong>52</strong></span> <span class='ocrx_word' id='word_1_738' title='bbox 1770 2050 1853 2075; x_wconf 91' lang='lat' dir='ltr'><strong>fertur</strong></span> <span class='ocrx_word' id='word_1_739' title='bbox 1867 2057 1876 2075; x_wconf 71' lang='grc' dir='ltr'><strong>ι</strong></span> 
     </span>
    </p>
   </div>
   <div class='ocr_carea' id='block_1_103' title="bbox 1083 2094 1875 2130">
    <p class='ocr_par' dir='ltr' id='par_1_103' title="bbox 1083 2094 1875 2130">
     <span class='ocr_line' id='line_1_103' title="bbox 1083 2094 1875 2130; baseline 0.003 -10"><span class='ocrx_word' id='word_1_740' title='bbox 1083 2094 1252 2121; x_wconf 86' lang='lat' dir='ltr'><strong>nihilominus</strong></span> <span class='ocrx_word' id='word_1_741' title='bbox 1264 2099 1351 2121; x_wconf 84' lang='lat' dir='ltr'><strong>tamen</strong></span> <span class='ocrx_word' id='word_1_742' title='bbox 1366 2094 1448 2126; x_wconf 87' lang='lat' dir='ltr'><strong>illam,</strong></span> <span class='ocrx_word' id='word_1_743' title='bbox 1461 2100 1490 2121; x_wconf 92' lang='lat' dir='ltr'><strong>ut</strong></span> <span class='ocrx_word' id='word_1_744' title='bbox 1501 2095 1606 2130; x_wconf 87' lang='lat' dir='ltr'><strong>quando</strong></span> <span class='ocrx_word' id='word_1_745' title='bbox 1618 2103 1662 2129; x_wconf 93' lang='lat' dir='ltr'><strong>per</strong></span> <span class='ocrx_word' id='word_1_746' title='bbox 1674 2095 1794 2129; x_wconf 87' lang='lat' dir='ltr'><strong>corporis</strong></span> <span class='ocrx_word' id='word_1_747' title='bbox 1808 2096 1875 2122; x_wconf 88' lang='lat' dir='ltr'><strong>vale-</strong></span> 
     </span>
    </p>
   </div>
   <div class='ocr_carea' id='block_1_104' title="bbox 1083 2139 1874 2174">
    <p class='ocr_par' dir='ltr' id='par_1_104' title="bbox 1083 2139 1874 2174">
     <span class='ocr_line' id='line_1_104' title="bbox 1083 2139 1874 2174; baseline 0.004 -10"><span class='ocrx_word' id='word_1_748' title='bbox 1083 2139 1200 2166; x_wconf 89' lang='lat' dir='ltr'><strong>tudinem</strong></span> <span class='ocrx_word' id='word_1_749' title='bbox 1213 2139 1312 2166; x_wconf 87' lang='lat' dir='ltr'><strong>licebit.</strong></span> <span class='ocrx_word' id='word_1_750' title='bbox 1327 2139 1459 2166; x_wconf 86' lang='lat' dir='ltr'><strong>Cueusum</strong></span> <span class='ocrx_word' id='word_1_751' title='bbox 1475 2140 1563 2166; x_wconf 84' lang='lat' dir='ltr'><strong>veniat</strong></span> <span class='ocrx_word' id='word_1_752' title='bbox 1577 2140 1707 2166; x_wconf 89' lang='lat' dir='ltr'><strong>hortatur.</strong></span> <span class='ocrx_word' id='word_1_753' title='bbox 1722 2140 1748 2167; x_wconf 93' lang='lat' dir='ltr'><strong>ln</strong></span> <span class='ocrx_word' id='word_1_754' title='bbox 1762 2140 1874 2174; x_wconf 81' lang='lat' dir='ltr'><strong>epistola</strong></span> 
     </span>
    </p>
   </div>
   <div class='ocr_carea' id='block_1_105' title="bbox 1082 2185 1878 2221">
    <p class='ocr_par' dir='ltr' id='par_1_105' title="bbox 1082 2185 1878 2221">
     <span class='ocr_line' id='line_1_105' title="bbox 1082 2185 1878 2221; baseline 0.004 -11"><span class='ocrx_word' id='word_1_755' title='bbox 1082 2191 1145 2211; x_wconf 88' lang='lat' dir='ltr'><strong>vero</strong></span> <span class='ocrx_word' id='word_1_756' title='bbox 1155 2185 1188 2211; x_wconf 81' lang='grc'><strong>57</strong></span> <span class='ocrx_word' id='word_1_757' title='bbox 1200 2185 1280 2217; x_wconf 89' lang='lat' dir='ltr'><strong>illam,</strong></span> <span class='ocrx_word' id='word_1_758' title='bbox 1290 2185 1503 2220; x_wconf 87' lang='lat' dir='ltr'><strong>quandoquidem</strong></span> <span class='ocrx_word' id='word_1_759' title='bbox 1515 2186 1549 2212; x_wconf 89' lang='lat' dir='ltr'><strong>ob</strong></span> <span class='ocrx_word' id='word_1_760' title='bbox 1559 2186 1679 2221; x_wconf 88' lang='lat' dir='ltr'><strong>corporis</strong></span> <span class='ocrx_word' id='word_1_761' title='bbox 1691 2186 1878 2214; x_wconf 77' lang='lat' dir='ltr'><strong>infirmitatem</strong></span> 
     </span>
    </p>
   </div>
   <div class='ocr_carea' id='block_1_106' title="bbox 1081 2230 1873 2266">
    <p class='ocr_par' dir='ltr' id='par_1_106' title="bbox 1081 2230 1873 2266">
     <span class='ocr_line' id='line_1_106' title="bbox 1081 2230 1873 2266; baseline 0.003 -9"><span class='ocrx_word' id='word_1_762' title='bbox 1081 2231 1132 2257; x_wconf 92' lang='lat' dir='ltr'><strong>iter</strong></span> <span class='ocrx_word' id='word_1_763' title='bbox 1145 2230 1275 2258; x_wconf 84' lang='lat' dir='ltr'><strong>Cucnsum</strong></span> <span class='ocrx_word' id='word_1_764' title='bbox 1292 2232 1427 2266; x_wconf 84' lang='lat' dir='ltr'><strong>suscipere</strong></span> <span class='ocrx_word' id='word_1_765' title='bbox 1441 2239 1493 2258; x_wconf 89' lang='lat' dir='ltr'><strong>non</strong></span> <span class='ocrx_word' id='word_1_766' title='bbox 1509 2235 1621 2265; x_wconf 87' lang='lat' dir='ltr'><strong>poterat,</strong></span> <span class='ocrx_word' id='word_1_767' title='bbox 1638 2237 1762 2266; x_wconf 86' lang='lat' dir='ltr'><strong>precatur</strong></span> <span class='ocrx_word' id='word_1_768' title='bbox 1777 2237 1804 2259; x_wconf 90' lang='lat' dir='ltr'><strong>ut</strong></span> <span class='ocrx_word' id='word_1_769' title='bbox 1819 2232 1873 2259; x_wconf 90' lang='lat' dir='ltr'><strong>fre-</strong></span> 
     </span>
    </p>
   </div>
   <div class='ocr_carea' id='block_1_107' title="bbox 1082 2277 1873 2312">
    <p class='ocr_par' dir='ltr' id='par_1_107' title="bbox 1082 2277 1873 2312">
     <span class='ocr_line' id='line_1_107' title="bbox 1082 2277 1873 2312; baseline 0.001 -10"><span class='ocrx_word' id='word_1_770' title='bbox 1082 2277 1255 2310; x_wconf 79' lang='lat' dir='ltr'><strong>quentissime</strong></span> <span class='ocrx_word' id='word_1_771' title='bbox 1263 2277 1353 2304; x_wconf 86' lang='lat' dir='ltr'><strong>literas</strong></span> <span class='ocrx_word' id='word_1_772' title='bbox 1361 2277 1410 2304; x_wconf 91' lang='lat' dir='ltr'><strong>sibi</strong></span> <span class='ocrx_word' id='word_1_773' title='bbox 1421 2277 1517 2310; x_wconf 86' lang='lat' dir='ltr'><strong>mittat,</strong></span> <span class='ocrx_word' id='word_1_774' title='bbox 1527 2285 1609 2312; x_wconf 85' lang='lat' dir='ltr'><strong>seque</strong></span> <span class='ocrx_word' id='word_1_775' title='bbox 1619 2277 1653 2304; x_wconf 90' lang='lat' dir='ltr'><strong>de</strong></span> <span class='ocrx_word' id='word_1_776' title='bbox 1664 2277 1815 2304; x_wconf 83' lang='lat' dir='ltr'><strong>valetudine</strong></span> <span class='ocrx_word' id='word_1_777' title='bbox 1826 2285 1873 2304; x_wconf 88' lang='lat' dir='ltr'><strong>sua</strong></span> 
     </span>
    </p>
   </div>
   <div class='ocr_carea' id='block_1_108' title="bbox 1081 2322 1873 2358">
    <p class='ocr_par' dir='ltr' id='par_1_108' title="bbox 1081 2322 1873 2358">
     <span class='ocr_line' id='line_1_108' title="bbox 1081 2322 1873 2358; baseline 0.001 -9"><span class='ocrx_word' id='word_1_778' title='bbox 1081 2323 1219 2350; x_wconf 88' lang='lat' dir='ltr'><strong>certiorem</strong></span> <span class='ocrx_word' id='word_1_779' title='bbox 1237 2322 1324 2350; x_wconf 86' lang='lat' dir='ltr'><strong>faciat.</strong></span> <span class='ocrx_word' id='word_1_780' title='bbox 1342 2323 1544 2358; x_wconf 77' lang='lat' dir='ltr'><strong>ingravescente</strong></span> <span class='ocrx_word' id='word_1_781' title='bbox 1559 2328 1647 2350; x_wconf 86' lang='lat' dir='ltr'><strong>autem</strong></span> <span class='ocrx_word' id='word_1_782' title='bbox 1663 2323 1758 2350; x_wconf 88' lang='lat' dir='ltr'><strong>morbo</strong></span> <span class='ocrx_word' id='word_1_783' title='bbox 1779 2323 1873 2350; x_wconf 78' lang='lat' dir='ltr'><strong>Adolia</strong></span> 
     </span>
    </p>
   </div>
   <div class='ocr_carea' id='block_1_109' title="bbox 1083 2368 1876 2405">
    <p class='ocr_par' dir='ltr' id='par_1_109' title="bbox 1083 2368 1876 2405">
     <span class='ocr_line' id='line_1_109' title="bbox 1083 2368 1876 2405; baseline 0 -10"><span class='ocrx_word' id='word_1_784' title='bbox 1083 2373 1169 2396; x_wconf 90' lang='lat' dir='ltr'><strong>tamen</strong></span> <span class='ocrx_word' id='word_1_785' title='bbox 1181 2369 1371 2405; x_wconf 82' lang='lat' dir='ltr'><strong>Chrysostomo</strong></span> <span class='ocrx_word' id='word_1_786' title='bbox 1385 2369 1506 2403; x_wconf 87' lang='lat' dir='ltr'><strong>scripsit;</strong></span> <span class='ocrx_word' id='word_1_787' title='bbox 1522 2376 1571 2403; x_wconf 86' lang='lat' dir='ltr'><strong>qua</strong></span> <span class='ocrx_word' id='word_1_788' title='bbox 1585 2368 1618 2396; x_wconf 93' lang='lat' dir='ltr'><strong>de</strong></span> <span class='ocrx_word' id='word_1_789' title='bbox 1632 2377 1661 2395; x_wconf 91' lang='lat' dir='ltr'><strong>re</strong></span> <span class='ocrx_word' id='word_1_790' title='bbox 1675 2368 1700 2402; x_wconf 78' lang='lat' dir='ltr'><strong>in</strong></span> <span class='ocrx_word' id='word_1_791' title='bbox 1715 2369 1825 2402; x_wconf 87' lang='lat' dir='ltr'><strong>epistola</strong></span> <span class='ocrx_word' id='word_1_792' title='bbox 1839 2369 1876 2395; x_wconf 73' lang='lat'><strong>53</strong></span> 
     </span>
    </p>
   </div>
   <div class='ocr_carea' id='block_1_110' title="bbox 1081 2413 1874 2448">
    <p class='ocr_par' dir='ltr' id='par_1_110' title="bbox 1081 2413 1874 2448">
     <span class='ocr_line' id='line_1_110' title="bbox 1081 2413 1874 2448; baseline -0.001 -7"><span class='ocrx_word' id='word_1_793' title='bbox 1081 2415 1176 2448; x_wconf 62' lang='lat' dir='ltr'><strong>agitur,</strong></span> <span class='ocrx_word' id='word_1_794' title='bbox 1192 2414 1235 2440; x_wconf 89' lang='lat' dir='ltr'><strong>ubi</strong></span> <span class='ocrx_word' id='word_1_795' title='bbox 1249 2414 1282 2441; x_wconf 89' lang='lat' dir='ltr'><strong>de</strong></span> <span class='ocrx_word' id='word_1_796' title='bbox 1298 2414 1448 2442; x_wconf 79' lang='lat' dir='ltr'><strong>valetudine</strong></span> <span class='ocrx_word' id='word_1_797' title='bbox 1461 2414 1518 2448; x_wconf 88' lang='lat' dir='ltr'><strong>ejus</strong></span> <span class='ocrx_word' id='word_1_798' title='bbox 1530 2421 1560 2441; x_wconf 89' lang='lat' dir='ltr'><strong>se</strong></span> <span class='ocrx_word' id='word_1_799' title='bbox 1571 2413 1715 2440; x_wconf 89' lang='lat' dir='ltr'><strong>admodum</strong></span> <span class='ocrx_word' id='word_1_800' title='bbox 1729 2414 1874 2441; x_wconf 89' lang='lat' dir='ltr'><strong>sollicitum</strong></span> 
     </span>
    </p>
   </div>
   <div class='ocr_carea' id='block_1_111' title="bbox 1081 2461 1318 2489">
    <p class='ocr_par' dir='ltr' id='par_1_111' title="bbox 1081 2461 1318 2489">
     <span class='ocr_line' id='line_1_111' title="bbox 1081 2461 1318 2489; baseline -0.004 -1"><span class='ocrx_word' id='word_1_801' title='bbox 1081 2469 1139 2489; x_wconf 79' lang='lat' dir='ltr'><strong>esse</strong></span> <span class='ocrx_word' id='word_1_802' title='bbox 1154 2461 1318 2488; x_wconf 87' lang='lat' dir='ltr'><strong>testificatur.</strong></span> 
     </span>
    </p>
   </div>
   <div class='ocr_carea' id='block_1_112' title="bbox 1117 2505 1874 2542">
    <p class='ocr_par' dir='ltr' id='par_1_112' title="bbox 1117 2505 1874 2542">
     <span class='ocr_line' id='line_1_112' title="bbox 1117 2505 1874 2542; baseline -0.003 -8"><span class='ocrx_word' id='word_1_803' title='bbox 1117 2509 1241 2535; x_wconf 84' lang='lat' dir='ltr'><strong>Autumni</strong></span> <span class='ocrx_word' id='word_1_804' title='bbox 1257 2513 1391 2542; x_wconf 86' lang='lat' dir='ltr'><strong>tempore,</strong></span> <span class='ocrx_word' id='word_1_805' title='bbox 1407 2515 1499 2534; x_wconf 88' lang='lat' dir='ltr'><strong>mense</strong></span> <span class='ocrx_word' id='word_1_806' title='bbox 1514 2506 1618 2534; x_wconf 88' lang='lat' dir='ltr'><strong>circiter</strong></span> <span class='ocrx_word' id='word_1_807' title='bbox 1632 2505 1798 2541; x_wconf 87' lang='lat' dir='ltr'><strong>Septembri,</strong></span> <span class='ocrx_word' id='word_1_808' title='bbox 1814 2506 1874 2533; x_wconf 89' lang='lat' dir='ltr'><strong>edi-</strong></span> 
     </span>
    </p>
   </div>
   <div class='ocr_carea' id='block_1_113' title="bbox 1080 2551 1874 2588">
    <p class='ocr_par' dir='ltr' id='par_1_113' title="bbox 1080 2551 1874 2588">
     <span class='ocr_line' id='line_1_113' title="bbox 1080 2551 1874 2588; baseline -0.004 -8"><span class='ocrx_word' id='word_1_809' title='bbox 1080 2553 1144 2580; x_wconf 85' lang='lat' dir='ltr'><strong>dicit</strong></span> <span class='ocrx_word' id='word_1_810' title='bbox 1155 2553 1361 2588; x_wconf 87' lang='lat' dir='ltr'><strong>Chrysostomus</strong></span> <span class='ocrx_word' id='word_1_811' title='bbox 1375 2552 1555 2587; x_wconf 87' lang='lat' dir='ltr'><strong>presbyteros,</strong></span> <span class='ocrx_word' id='word_1_812' title='bbox 1567 2552 1685 2585; x_wconf 87' lang='lat' dir='ltr'><strong>aliosque</strong></span> <span class='ocrx_word' id='word_1_813' title='bbox 1697 2551 1741 2586; x_wconf 91' lang='lat' dir='ltr'><strong>qui</strong></span> <span class='ocrx_word' id='word_1_814' title='bbox 1758 2551 1874 2578; x_wconf 89' lang='lat' dir='ltr'><strong>incendii</strong></span> 
     </span>
    </p>
   </div>
   <div class='ocr_carea' id='block_1_114' title="bbox 1080 2597 1875 2632">
    <p class='ocr_par' dir='ltr' id='par_1_114' title="bbox 1080 2597 1875 2632">
     <span class='ocr_line' id='line_1_114' title="bbox 1080 2597 1875 2632; baseline -0.005 -6"><span class='ocrx_word' id='word_1_815' title='bbox 1080 2598 1200 2632; x_wconf 74' lang='lat' dir='ltr'><strong>ecclesia:</strong></span> <span class='ocrx_word' id='word_1_816' title='bbox 1213 2597 1512 2631; x_wconf 70' lang='lat' dir='ltr'><strong>Constantinopolitanm</strong></span> <span class='ocrx_word' id='word_1_817' title='bbox 1525 2604 1604 2624; x_wconf 84' lang='lat' dir='ltr'><strong>causa</strong></span> <span class='ocrx_word' id='word_1_818' title='bbox 1619 2597 1643 2623; x_wconf 90' lang='lat' dir='ltr'><strong>in</strong></span> <span class='ocrx_word' id='word_1_819' title='bbox 1657 2605 1792 2623; x_wconf 76' lang='lat' dir='ltr'><strong>carcerem</strong></span> <span class='ocrx_word' id='word_1_820' title='bbox 1807 2597 1875 2623; x_wconf 83' lang='lat' dir='ltr'><strong>trusi</strong></span> 
     </span>
    </p>
   </div>
   <div class='ocr_carea' id='block_1_115' title="bbox 1081 2642 1875 2677">
    <p class='ocr_par' dir='ltr' id='par_1_115' title="bbox 1081 2642 1875 2677">
     <span class='ocr_line' id='line_1_115' title="bbox 1081 2642 1875 2677; baseline -0.003 -7"><span class='ocrx_word' id='word_1_821' title='bbox 1081 2642 1195 2676; x_wconf 81' lang='lat' dir='ltr'><strong>fuerant.</strong></span> <span class='ocrx_word' id='word_1_822' title='bbox 1207 2643 1320 2671; x_wconf 89' lang='lat' dir='ltr'><strong>emissos</strong></span> <span class='ocrx_word' id='word_1_823' title='bbox 1330 2642 1508 2677; x_wconf 84' lang='lat' dir='ltr'><strong>liberalesque</strong></span> <span class='ocrx_word' id='word_1_824' title='bbox 1518 2643 1597 2669; x_wconf 86' lang='lat' dir='ltr'><strong>fuisse</strong></span> <span class='ocrx_word' id='word_1_825' title='bbox 1608 2650 1638 2669; x_wconf 84' lang='lat' dir='ltr'><strong>ex</strong></span> <span class='ocrx_word' id='word_1_826' title='bbox 1651 2642 1708 2676; x_wconf 79' lang='lat' dir='ltr'><strong>lege</strong></span> <span class='ocrx_word' id='word_1_827' title='bbox 1716 2642 1751 2669; x_wconf 65' lang='lat'><strong>~29</strong></span> <span class='ocrx_word' id='word_1_828' title='bbox 1762 2643 1875 2675; x_wconf 76' lang='lat' dir='ltr'><strong>Augusti</strong></span> 
     </span>
    </p>
   </div>
   <div class='ocr_carea' id='block_1_116' title="bbox 1082 2686 1878 2722">
    <p class='ocr_par' dir='ltr' id='par_1_116' title="bbox 1082 2686 1878 2722">
     <span class='ocr_line' id='line_1_116' title="bbox 1082 2686 1878 2722; baseline -0.001 -9"><span class='ocrx_word' id='word_1_829' title='bbox 1082 2687 1115 2714; x_wconf 90' lang='lat' dir='ltr'><strong>ad</strong></span> <span class='ocrx_word' id='word_1_830' title='bbox 1135 2687 1254 2715; x_wconf 89' lang='lat' dir='ltr'><strong>Studium</strong></span> <span class='ocrx_word' id='word_1_831' title='bbox 1271 2687 1427 2714; x_wconf 71' lang='lat' dir='ltr'><strong>Prrcfeetum</strong></span> <span class='ocrx_word' id='word_1_832' title='bbox 1448 2688 1768 2722; x_wconf 84' lang='lat' dir='ltr'><strong>Constantinopohtanum</strong></span> <span class='ocrx_word' id='word_1_833' title='bbox 1786 2689 1794 2722; x_wconf 94' lang='lat'>(</span> <span class='ocrx_word' id='word_1_834' title='bbox 1811 2686 1878 2713; x_wconf 70' lang='lat' dir='ltr'><strong>Vide</strong></span> 
     </span>
    </p>
   </div>
   <div class='ocr_carea' id='block_1_117' title="bbox 1081 2732 1876 2767">
    <p class='ocr_par' dir='ltr' id='par_1_117' title="bbox 1081 2732 1876 2767">
     <span class='ocr_line' id='line_1_117' title="bbox 1081 2732 1876 2767; baseline -0.001 -8"><span class='ocrx_word' id='word_1_835' title='bbox 1081 2733 1138 2760; x_wconf 87' lang='lat' dir='ltr'><strong>cod.</strong></span> <span class='ocrx_word' id='word_1_836' title='bbox 1162 2733 1286 2760; x_wconf 76' lang='lat' dir='ltr'><strong>Tlteodos.</strong></span> <span class='ocrx_word' id='word_1_837' title='bbox 1300 2733 1360 2760; x_wconf 84' lang='lat' dir='ltr'><strong>l6l.</strong></span> <span class='ocrx_word' id='word_1_838' title='bbox 1385 2737 1404 2758; x_wconf 81' lang='grc' dir='ltr'>ι.</span> <span class='ocrx_word' id='word_1_839' title='bbox 1415 2732 1447 2764; x_wconf 76' lang='grc'><strong>2,</strong></span> <span class='ocrx_word' id='word_1_840' title='bbox 1459 2733 1478 2759; x_wconf 85' lang='grc' dir='ltr'><strong>ι.</strong></span> <span class='ocrx_word' id='word_1_841' title='bbox 1494 2733 1538 2759; x_wconf 81' lang='lat'><strong>57.</strong></span> <span class='ocrx_word' id='word_1_842' title='bbox 1553 2742 1578 2767; x_wconf 78' lang='grc' dir='ltr'><strong>ρ.</strong></span> <span class='ocrx_word' id='word_1_843' title='bbox 1594 2733 1638 2766; x_wconf 76' lang='lat'><strong>73)</strong></span> <span class='ocrx_word' id='word_1_844' title='bbox 1650 2741 1656 2758; x_wconf 90' lang='lat'><strong>:</strong></span> <span class='ocrx_word' id='word_1_845' title='bbox 1668 2740 1727 2766; x_wconf 58' lang='lat' dir='ltr'><strong>quae</strong></span> <span class='ocrx_word' id='word_1_846' title='bbox 1753 2732 1876 2758; x_wconf 79' lang='lat' dir='ltr'><strong>fortassis</strong></span> 
     </span>
    </p>
   </div>
   <div class='ocr_carea' id='block_1_118' title="bbox 1082 2776 1876 2812">
    <p class='ocr_par' dir='ltr' id='par_1_118' title="bbox 1082 2776 1876 2812">
     <span class='ocr_line' id='line_1_118' title="bbox 1082 2776 1876 2812; baseline -0.003 -8"><span class='ocrx_word' id='word_1_847' title='bbox 1082 2783 1138 2812; x_wconf 91' lang='lat' dir='ltr'><strong>Ipso</strong></span> <span class='ocrx_word' id='word_1_848' title='bbox 1162 2778 1273 2805; x_wconf 85' lang='lat' dir='ltr'><strong>sollicite</strong></span> <span class='ocrx_word' id='word_1_849' title='bbox 1298 2777 1446 2812; x_wconf 82' lang='lat' dir='ltr'><strong>pestulante</strong></span> <span class='ocrx_word' id='word_1_850' title='bbox 1467 2777 1525 2804; x_wconf 86' lang='lat' dir='ltr'><strong>dnla</strong></span> <span class='ocrx_word' id='word_1_851' title='bbox 1551 2778 1635 2804; x_wconf 81' lang='lat' dir='ltr'><strong>fuerat</strong></span> <span class='ocrx_word' id='word_1_852' title='bbox 1660 2786 1666 2804; x_wconf 68' lang='grc' dir='ltr'><strong><em>τ</em></strong></span> <span class='ocrx_word' id='word_1_853' title='bbox 1689 2776 1876 2812; x_wconf 78' lang='lat' dir='ltr'><strong>Citrysnstotllt</strong></span> 
     </span>
    </p>
   </div>
   <div class='ocr_carea' id='block_1_119' title="bbox 1081 2823 1876 2858">
    <p class='ocr_par' dir='ltr' id='par_1_119' title="bbox 1081 2823 1876 2858">
     <span class='ocr_line' id='line_1_119' title="bbox 1081 2823 1876 2858; baseline -0.004 -7"><span class='ocrx_word' id='word_1_854' title='bbox 1081 2833 1150 2851; x_wconf 82' lang='lat' dir='ltr'><strong>enim</strong></span> <span class='ocrx_word' id='word_1_855' title='bbox 1165 2831 1264 2852; x_wconf 81' lang='lat' dir='ltr'><strong>amicus</strong></span> <span class='ocrx_word' id='word_1_856' title='bbox 1278 2830 1334 2852; x_wconf 87' lang='lat' dir='ltr'><strong>erat</strong></span> <span class='ocrx_word' id='word_1_857' title='bbox 1350 2825 1402 2852; x_wconf 85' lang='lat' dir='ltr'><strong>ille.</strong></span> <span class='ocrx_word' id='word_1_858' title='bbox 1419 2825 1472 2851; x_wconf 83' lang='lat' dir='ltr'><strong>lloc</strong></span> <span class='ocrx_word' id='word_1_859' title='bbox 1491 2830 1609 2858; x_wconf 81' lang='lat' dir='ltr'><strong>tempore</strong></span> <span class='ocrx_word' id='word_1_860' title='bbox 1626 2825 1703 2850; x_wconf 79' lang='lat' dir='ltr'><strong>frater</strong></span> <span class='ocrx_word' id='word_1_861' title='bbox 1717 2824 1773 2858; x_wconf 71' lang='lat' dir='ltr'><strong>ejus</strong></span> <span class='ocrx_word' id='word_1_862' title='bbox 1788 2823 1853 2849; x_wconf 85' lang='lat' dir='ltr'><strong>obiit.</strong></span> <span class='ocrx_word' id='word_1_863' title='bbox 1866 2843 1876 2855; x_wconf 85' lang='lat'><strong>,</strong></span> 
     </span>
    </p>
   </div>
   <div class='ocr_carea' id='block_1_120' title="bbox 1082 2869 1876 2905">
    <p class='ocr_par' dir='ltr' id='par_1_120' title="bbox 1082 2869 1876 2905">
     <span class='ocr_line' id='line_1_120' title="bbox 1082 2869 1876 2905; baseline -0.004 -8"><span class='ocrx_word' id='word_1_864' title='bbox 1082 2876 1107 2897; x_wconf 88' lang='lat' dir='ltr'><strong>et</strong></span> <span class='ocrx_word' id='word_1_865' title='bbox 1127 2869 1332 2905; x_wconf 81' lang='lat' dir='ltr'><strong>Chrysostomus</strong></span> <span class='ocrx_word' id='word_1_866' title='bbox 1354 2871 1438 2904; x_wconf 80' lang='lat' dir='ltr'><strong>ipsum</strong></span> <span class='ocrx_word' id='word_1_867' title='bbox 1459 2870 1612 2897; x_wconf 82' lang='lat' dir='ltr'><strong>consolandi</strong></span> <span class='ocrx_word' id='word_1_868' title='bbox 1634 2878 1711 2896; x_wconf 70' lang='lat' dir='ltr'><strong>causa</strong></span> <span class='ocrx_word' id='word_1_869' title='bbox 1731 2869 1876 2903; x_wconf 77' lang='lat' dir='ltr'><strong>epistolam</strong></span> 
     </span>
    </p>
   </div>
  </div>
