2032 3110
170 161 222 190 233

170 219 285 253 scripsit,
301 218 393 245 Studia
404 217 528 252 Prwfecto
541 216 608 243 urbis
621 215 772 250 inscriptam
786 225 791 241 :
804 214 898 248 scripta
913 213 954 240 ni-

171 266 267 294 mirum
282 264 328 291 tuit
340 267 460 291 vertente
474 269 544 288 anno
559 260 610 288 404
622 281 629 293 ,
643 267 702 286 cum
718 259 803 286 adhuc
815 258 957 286 Pricfeetus

170 311 244 339 urbis
263 316 333 337 esset
348 318 356 335 τ
373 316 434 335 nam
450 308 475 334 in
496 307 546 334 fine
562 307 637 334 istius
651 306 711 333 anni
732 305 842 339 Optatiis
859 304 884 331 in
900 304 957 338 ejus

170 357 257 383 locum
272 354 447 385 substitutus,
463 351 604 379 Prarfectus
617 350 688 377 urbis
702 354 805 376 creatus
817 353 867 377 est.

206 400 272 428 Cum
296 404 383 426 autem
407 397 576 432 presbyteros
602 395 661 421 illos
688 402 702 421 a
726 401 832 421 carcere
855 393 957 419 solutos

171 445 349 476 exspectaret,
365 439 502 474 epistolam
518 437 569 464 ΗΑ
583 437 688 470 scripsit
702 435 806 470 Elpidio
820 434 957 462 Laodicea:

171 487 306 521 episcopo,
318 483 461 512 venerabili
475 483 530 510 seni
541 487 567 509 ct
578 481 743 509 sanctissimo
755 480 867 514 prmsuli,
878 486 955 514 quem

170 537 341 564 summopere
357 529 472 556 laudata
487 527 592 562 pietate,
607 535 622 553 a
638 525 774 560 prudentia
790 530 816 551 et
828 531 843 551 a
858 523 957 551 sollici-

172 576 263 604 tudine
275 596 282 607 ,
296 582 348 609 qua
368 574 449 600 totius
463 573 534 599 orbis
551 576 577 598 et
591 571 630 598 sui
647 571 725 598 etiam
743 569 852 597 Joannis
866 575 956 596 curam

170 622 291 655 suscipit.
302 620 368 647 Cum
382 623 490 653 cuperet
501 622 587 644 autem
600 617 642 643 ille
653 617 722 643 scire
735 623 787 650 quo
799 616 823 642 in
836 619 904 641 statu
916 621 957 640 res

169 665 355 701 Chrysostomi
370 669 432 690 tunc
446 667 550 694 essent;
567 666 654 688 narrat
666 661 709 688 ille
724 668 753 687 se
766 661 790 686 in
808 659 957 686 desertissi-

171 718 244 736 iuum
261 710 346 736 locum
360 729 367 739 ,
383 715 478 742 nempe
496 707 645 737 Cucusum,
661 706 803 740 relegatum
819 713 894 735 esse,
911 704 956 731 sed

171 757 198 783 in
219 756 308 790 quiete
327 758 356 781 et
379 753 565 787 tranquillitate
588 751 703 783 versari,
725 750 842 776 omnium
863 748 958 776 ofﬁciis

171 801 302 835 gaudere.
317 804 396 833 atque
409 798 492 825 morbi
506 797 623 831 reliquiis
637 792 770 830 depulsis,
784 795 838 830 jam
853 795 956 822 Isauro-

172 854 231 873 rum
254 851 323 872 inetu
348 845 486 872 liberatunt
507 851 566 870 c55c
583 842 697 870 :adcsse
721 842 769 868 sibi
791 841 958 876 presbyteros

171 892 355 919 Constantium
367 896 393 917 et
407 890 555 920 Evethium,
567 896 725 923 spcrareque
738 895 766 915 se
779 887 844 914 alios
856 895 888 913 ex
900 894 958 913 ear-

171 946 234 965 cere
255 938 356 964 solutos
379 936 411 962 ad
437 943 465 963 se
486 935 678 970 quamprimum
702 934 869 960 advolaturos
887 940 956 960 esse.

172 983 301 1009 Obsecrat
313 981 428 1015 denique
446 980 519 1006 illum
532 1001 538 1012 ,
554 983 581 1006 ut
594 987 641 1013 pro
657 986 687 1005 se
701 986 793 1012 preces
808 977 916 1008 fundat,
932 981 959 1004 et

172 1027 264 1053 literas
277 1025 326 1052 sibi
337 1025 442 1051 mittere
458 1033 490 1050 ne
500 1024 615 1054 desinat;
625 1024 771 1057 satutatqiie
782 1022 957 1057 Asyneritiiim

176 1071 402 1106 religiosissimum
413 1070 604 1104 presbyterum,
613 1073 746 1102 totumque
753 1068 856 1095 Clerum
866 1068 956 1102 ipsius.

173 1117 248 1144 Alias
266 1123 370 1150 quoque
386 1115 510 1150 epistolas
525 1115 629 1148 scripsit
648 1114 680 1141 ad
701 1114 847 1148 Elpidiiim,
864 1121 959 1146 nempe

176 1162 239 1193 151.
255 1161 314 1193 158,
329 1161 389 1190 Mil.
407 1160 458 1187 250
471 1165 496 1187 ct
509 1160 553 1192 '25,
567 1167 723 1194 semperque
737 1167 794 1186 eum
808 1166 900 1192 magna
915 1166 958 1185 re—

176 1207 304 1235 verentiae
318 1207 518 1242 significatione.
532 1207 597 1240 Quia
613 1213 676 1233 vero
696 1205 814 1240 Elpidius
827 1205 894 1239 :cqui
911 1204 956 1230 bo-

175 1254 256 1288 nique
264 1260 364 1286 amans,
372 1260 457 1287 neque
467 1252 579 1279 Atticum
593 1251 618 1278 in
627 1250 957 1284 Constantinopolitanuin,

174 1306 263 1333 neque
273 1298 448 1332 Porphyrium
460 1298 484 1323 in
497 1296 687 1323 Antiochenam
700 1296 852 1330 episcopum
865 1294 959 1321 admit-

175 1349 231 1370 tere
243 1343 334 1375 voluit,
345 1343 496 1377 episcopatu
507 1342 631 1376 depulsus
641 1341 698 1368 fuit.
709 1340 806 1368 Verum
817 1347 886 1366 anno
896 1340 957 1371 408,

174 1395 284 1416 (‘ttranlc
297 1388 447 1415 Alexandro
459 1408 466 1419 ,
484 1387 620 1423 Porphyrii
639 1394 790 1414 successore
802 1407 810 1419 ,
826 1386 852 1412 iii
869 1385 958 1412 sedem

174 1443 248 1462 suam
265 1435 401 1461 restitutus
416 1433 474 1460 fuit.

207 1480 335 1516 Cyriacus
350 1486 453 1514 quoque
466 1477 645 1513 Synnadensis
659 1478 809 1512 episcopus,
822 1476 855 1503 ob
871 1476 960 1503 incen-

173 1527 244 1554 dium
260 1533 340 1560 supra
356 1529 528 1551 memoratum
543 1524 568 1550 iu
583 1530 716 1550 carcerein
729 1522 864 1557 coniectus
876 1542 883 1552 ,
899 1529 958 1548 cuin

173 1571 335 1606 presbyteris
346 1575 372 1597 et
383 1570 441 1597 aliis
452 1569 554 1596 solutus
564 1574 588 1596 et
600 1569 726 1595 liberatus
739 1568 825 1595 fuerat
836 1567 959 1601 Septem-

173 1617 213 1643 bri
230 1623 323 1643 mense
337 1616 461 1646 circiter;
478 1614 524 1641 sed
538 1614 573 1641 ita
588 1618 615 1640 iit
627 1613 700 1640 exsul
715 1617 799 1644 esset.
814 1617 842 1639 ut
861 1612 911 1639 fert
926 1612 958 1637 ti-

175 1663 253 1693 tulus,
267 1662 292 1688 id
305 1666 355 1693 est.
369 1660 594 1694 Constantinopoli
606 1665 631 1686 et
641 1659 761 1685 fortassis
771 1659 827 1693 ipsa
836 1658 958 1694 Synnada

173 1707 305 1734 exclusus.
322 1705 388 1733 Cum
409 1713 488 1740 porro
505 1709 543 1731 tot
555 1704 679 1731 mrumnis
695 1703 791 1731 fractus
805 1704 830 1730 in
845 1710 960 1730 matrore

173 1757 335 1783 versaretur,
350 1751 490 1786 epistolam
506 1750 556 1778 125
568 1751 604 1776 illi
617 1750 720 1777 cmtcris
734 1749 877 1783 longiorem
890 1749 960 1775 misit

172 1797 378 1833 Chrysosiomus
393 1806 399 1822 :
416 1804 467 1831 qua
483 1800 511 1822 ut
525 1796 687 1822 calamitates
704 1795 762 1822 illas
777 1795 879 1821 fortiter
894 1795 960 1821 ferat

173 1844 294 1870 hortatur
304 1864 312 1875 ,
327 1843 503 1877 exemploque
517 1846 667 1868 sanctorum
685 1841 784 1868 Veteris
797 1840 960 1867 Testauienti

172 1889 204 1915 ad
220 1888 346 1923 quaelibet
360 1888 432 1914 illata
447 1887 515 1914 mala
530 1887 683 1913 sustinenda
697 1886 866 1917 corroborat;
880 1893 960 1920 seque

172 1935 258 1968 ipsum
270 1935 296 1960 in
310 1933 460 1967 exemplum
474 1932 559 1964 aﬂ'erl,
572 1936 598 1958 ct
608 1935 671 1966 quot
682 1931 757 1958 malis
767 1931 885 1963 atl'ectus,
897 1935 961 1966 quot

171 1980 312 2007 calumniis
328 1980 462 2014 impctitus
475 1978 552 2005 fuerit
566 1983 686 2005 recenset
699 1986 705 2003 :
719 1977 780 2004 hinc
793 1977 824 2004 ad
840 1977 959 2011 exempla

171 2031 324 2052 sanctorum
345 2025 412 2052 Novi
425 2023 585 2052 Testamenti
600 2030 627 2050 ct
640 2024 818 2058 apostoloriiui
833 2023 959 2056 vertitur,

173 2077 202 2098 ut
217 2072 274 2105 ejus
288 2072 407 2098 animum
420 2070 513 2104 erigat,
529 2069 688 2103 dcmumquc
702 2069 743 2096 his
756 2069 842 2095 verbis
856 2068 960 2102 longam
988 2067 993 2074 '

172 2118 312 2151 epistolam
327 2117 383 2144 sive
397 2115 543 2142 orationem
556 2114 653 2141 claudit
666 2123 671 2140 :
687 2114 851 2147 Quamobrem
865 2118 888 2139 te
901 2121 961 2148 rogo

171 2172 201 2189 αι·
222 2163 297 2189 veluti
322 2161 426 2197 genibus
441 2162 489 2186 tuis
502 2159 636 2187 advolutus
649 2159 755 2186 obtestor
767 2180 774 2192 ,
790 2164 816 2185 ut
831 2167 961 2186 maerorem

171 2214 194 2236 et
207 2210 302 2235 luctum
315 2208 431 2243 abjicius,
447 2215 476 2233 uc
490 2215 535 2241 pro
549 2207 619 2232 nobis
633 2206 701 2241 apud
716 2205 796 2232 Deum
809 2213 902 2231 memor
915 2205 959 2237 sis,

172 2254 289 2289 uobisque
298 2253 432 2280 rescribas.

208 2301 340 2327 Cliiitcidia
356 2305 379 2325 et
388 2299 529 2333 Asyucriti‘a
544 2298 720 2333 C/irysostomo
731 2297 781 2323 add
794 2301 849 2323 [ια’.
860 2311 895 2316 —
905 2296 960 2322 nuo

171 2352 250 2373 erant
262 2354 320 2381 qua:
337 2346 387 2371 iter
401 2344 611 2371 iiitercludeliaut
626 2344 671 2374 iis,
688 2344 732 2378 qui
746 2343 778 2369 ail
796 2342 959 2369 llll'lSClldlltll

170 2391 300 2418 Joannem
314 2391 446 2417 (Incusum
459 2390 549 2416 venire
563 2389 745 2423 peroptabant,
762 2389 883 2414 nimirum
897 2388 960 2423 hye-

172 2437 224 2463 mis
241 2440 385 2470 tempestas
399 2439 425 2461 et
440 2434 587 2461 Isaurorum
608 2434 782 2460 incursiones.
800 2433 835 2459 Ea
850 2441 912 2459 vero
927 2433 960 2459 de

171 2489 255 2507 causa
274 2479 345 2507 baud
361 2479 439 2506 dubie
454 2478 587 2506 Chalcidia
601 2483 626 2504 et
640 2478 787 2513 Asyneritia
803 2477 905 2504 nobiles
922 2477 959 2503 fe-

171 2527 256 2553 minae
266 2547 272 2557 ,
290 2525 342 2561 ipsi
353 2525 469 2552 caritatis
481 2524 586 2551 vinctth
597 2525 695 2559 junctae
705 2545 712 2554 .
728 2532 787 2558 quin
800 2523 958 2559 Chrysosto-

167 2583 191 2599 ⁴ιι
201 2579 247 2599 um
269 2571 385 2598 invisere
401 2577 568 2604 summopere
581 2569 723 2603 cupiebant
734 2590 742 2600 .
756 2577 785 2596 se
799 2577 813 2595 a
829 2569 959 2603 carpenda

168 2619 207 2645 via
226 2617 269 2642 his
278 2616 311 2643 de
321 2616 410 2643 causis
422 2615 548 2642 deterreri
561 2615 748 2650 Chrysostomo
761 2615 900 2649 scripsere.
915 2615 960 2641 ille

168 2667 237 2688 .-ero
252 2661 393 2695 epistolam
406 2659 458 2686 2&2
469 2660 573 2695 scripsit
587 2669 593 2686 :
609 2660 680 2686 nulla
693 2659 755 2686 dicit
768 2659 831 2694 ipsis
844 2667 903 2686 esse
915 2667 960 2686 cx-

169 2707 317 2737 ‘tiiatione
332 2712 420 2738 opus,
440 2705 539 2740 sibique
559 2706 692 2732 sincerum
714 2705 815 2731 illarum
837 2705 958 2731 atl'ectiini

171 2757 225 2776 non
251 2749 404 2784 ignoranti,
422 2750 526 2783 perinde
548 2758 602 2778 rein
623 2757 652 2777 se
672 2750 769 2777 habere
787 2757 818 2776 ac
830 2750 852 2777 si
867 2757 958 2777 revera

174 2798 308 2825 venerint.
334 2794 406 2822 Idem
426 2795 507 2828 ipsum
522 2795 677 2831 Asyncritiie
697 2796 793 2830 repetit
807 2795 832 2822 in
848 2795 958 2830 cpistola

174 2842 220 2875 77,
235 2846 263 2867 et
277 2848 326 2877 pro
342 2846 418 2865 more
431 2847 486 2871 suo,
497 2845 524 2866 ut
538 2840 685 2874 frequenter
699 2841 746 2867 sibi
760 2841 848 2867 literas
860 2841 955 2872 mittat,

786 156 876 185 NUNC
895 156 1025 184 PRIMUM
1046 156 1240 184 ADORNATA.

1743 159 1795 187 234

1010 213 1138 239 hortatur.
1157 213 1303 247 Asyncritia
1319 218 1344 240 et
1360 213 1492 240 Chalcidia
1508 213 1558 248 piat:
1573 214 1695 241 mulieres
1716 215 1793 242 simul

1009 257 1089 283 vitam
1109 257 1237 292 agebant,
1259 265 1318 284 cum
1335 257 1393 284 aliis
1410 265 1499 285 secum
1518 258 1615 293 pietate
1636 259 1793 293 conjunctis.

1009 302 1197 337 Chrysoslomo
1208 303 1346 330 admodum
1359 303 1468 331 addicta:
1480 304 1630 338 frequenter
1643 305 1690 339 ipsi
1704 304 1793 331 literas

1009 347 1157 380 mittebant,
1174 352 1201 374 ut
1215 356 1245 375 ex
1261 348 1316 381 ejus
1332 348 1364 374 ad
1376 348 1432 375 illas
1448 349 1576 382 epistolis,
1591 356 1700 383 quarunt
1714 349 1791 383 pluri-

1009 401 1059 419 mm
1082 398 1232 427 supersunt,
1256 393 1392 427 liquidum.
1415 393 1443 420 lii
1466 393 1547 420 titulis
1571 401 1634 420 vero
1655 394 1793 429 aliquando

1009 438 1167 473 Asyncritia,
1183 438 1313 464 interdum
1327 437 1472 469 Chalcidia,
1487 439 1570 474 prima
1587 439 1708 472 ponitur;
1723 446 1793 472 saepe

1010 484 1087 509 etiam
1098 483 1237 518 separatim
1249 483 1364 517 singulas
1377 483 1458 510 literis
1468 484 1615 518 compellat.
1630 483 1675 510 llic
1689 484 1712 510 in
1725 492 1792 510 :crii-

1010 529 1079 556 mnis
1093 534 1120 556 et
1133 529 1261 555 molestiis
1277 529 1457 562 versabantur,
1472 533 1500 556 ut
1511 537 1542 555 ex
1556 529 1664 556 Joannis
1676 530 1795 563 epistolis

1009 574 1140 608 arguitur;
1152 578 1178 600 et
1188 573 1309 606 fortasse,
1321 574 1381 609 quia
1391 573 1580 608 Chrysostomo
1587 574 1697 600 addicto
1707 581 1793 603 erant.

1010 620 1035 646 in
1044 619 1193 655 Porphyrii,
1203 620 1246 653 qui
1257 621 1446 646 Antiochenam
1454 619 1543 647 sedem
1555 620 1694 650 invaserat,
1704 620 1794 646 odium

1011 665 1183 691 ineurrcrant.
1202 664 1336 692 Chalcidia
1354 673 1367 691 a
1384 665 1461 700 longo
1474 665 1528 699 jam
1545 669 1664 699 tempore
1679 666 1794 691 caritatis

1010 711 1058 738 sibi
1074 710 1178 738 vinculo
1192 711 1280 744 juncta
1292 716 1360 744 erat,
1372 716 1400 738 ut
1418 711 1501 739 fertur
1514 712 1538 738 in
1552 712 1662 746 epistola
1674 712 1718 739 39.
1737 711 1793 745 ipsa

1010 763 1073 782 vero
1086 755 1111 782 in
1128 763 1232 790 gravem
1254 756 1372 783 morbum
1391 757 1491 789 incidit,
1505 761 1533 783 ut
1542 764 1573 783 ex
1585 757 1693 791 epistola
1709 756 1742 783 98
1753 757 1793 783 di<

1010 800 1127 827 scimus:
1144 809 1202 835 qurc
1222 809 1264 828 res
1282 801 1498 837 Chrysostomum
1519 810 1571 829 non
1584 802 1683 837 vulgari
1703 802 1794 829 dolore

1010 847 1106 873 affecit.

1047 892 1144 918 Fronto
1159 892 1271 919 Diiczrus
1284 893 1421 927 epistolam
1435 893 1485 920 19'2
1499 893 1617 920 inscribit
1629 894 1778 928 Asyttcrilia’
1788 914 1794 925 ,

1011 945 1088 972 quam
1107 938 1247 965 lectionem
1267 943 1393 972 sequutus
1406 944 1446 966 est
1459 940 1536 966 etiam
1551 940 1590 966 vir
1603 940 1636 966 cl.
1651 940 1794 966 Titlemon.

1012 983 1073 1009 litis.
1096 982 1148 1008 Sed
1170 986 1261 1009 contra
1285 983 1351 1009 hanc
1374 983 1514 1010 lectionem
1538 983 1682 1010 reclamant
1703 992 1795 1010 omnes

1012 1027 1179 1061 .‘ilanuscripti
1196 1027 1275 1054 etiam
1290 1027 1476 1062 antiquissimi,
1493 1028 1535 1062 qui
1551 1028 1648 1055 habent
1664 1028 1796 1055 Onesimu-

1011 1073 1060 1100 tite.
1069 1072 1112 1100 Sic
1119 1073 1197 1099 etiam
1207 1072 1268 1107 legit
1277 1072 1400 1105 Savilius,
1410 1080 1494 1107 neque
1502 1073 1579 1100 aliam
1591 1073 1729 1100 lectionem
1740 1081 1795 1099 me-

1012 1122 1106 1144 morat.
1121 1117 1310 1144 Onesicratiam
1325 1117 1403 1151 igitur
1419 1122 1471 1143 tum
1487 1117 1520 1144 ob
1536 1117 1594 1143 filim
1608 1125 1661 1144 sure
1677 1117 1794 1149 obitum,

1013 1168 1065 1190 tum
1075 1163 1144 1192 quod
1159 1162 1209 1189 alia
1224 1163 1402 1197 prmcessisset
1416 1162 1628 1197 plaga,afflict:un
1638 1167 1664 1190 et
1676 1168 1795 1189 mmstam

1011 1209 1163 1236 consolatur
1177 1208 1390 1243 Chrysostomiis.
1405 1207 1462 1234 Non
1480 1215 1556 1242 posse
1573 1208 1676 1242 quidem
1698 1213 1795 1234 tantam

1012 1255 1133 1281 mmroris
1149 1253 1245 1280 nubem
1261 1253 1356 1280 auferri
1373 1253 1484 1283 fatetur.
1499 1252 1544 1280 sed
1561 1261 1615 1279 rein
1631 1253 1721 1279 saltem
1738 1261 1795 1278 iuo-

1012 1300 1128 1327 deratius
1143 1307 1201 1327 esse
1217 1299 1351 1326 ferendam
1364 1307 1371 1326 :
1385 1299 1485 1325 obitum
1499 1299 1567 1325 enim
1583 1307 1634 1325 non
1651 1307 1713 1325 vere
1728 1307 1794 1325 inor-

1013 1350 1065 1372 tem
1085 1353 1154 1377 essc,
1170 1345 1215 1372 scd
1235 1345 1473 1380 peregrinationem
1493 1349 1571 1378 atque
1590 1352 1603 1370 a
1624 1344 1797 1371 deterioribus

1012 1391 1044 1417 ad
1060 1391 1167 1418 meliora
1183 1391 1436 1424 commigrationem.
1453 1390 1610 1424 Asyncritia:
1628 1395 1715 1417 autem
1736 1390 1797 1416 licet

1013 1436 1101 1463 literas
1117 1436 1211 1462 multas
1227 1435 1362 1469 scripserit
1376 1435 1590 1470 Clirysostomus,
1607 1442 1747 1469 numquam
1764 1434 1797 1461 de

1012 1481 1063 1509 tilia
1078 1482 1159 1516 ipsius
1173 1481 1298 1515 loquitur.
1311 1481 1376 1506 Cum
1390 1484 1478 1506 autem
1491 1479 1645 1515 Asyncritiic
1661 1480 1796 1513 plurimas.

1012 1527 1182 1555 ()nesicratim
1197 1526 1264 1553 hanc
1275 1534 1353 1552 unam
1370 1530 1471 1552 tantum
1485 1525 1609 1559 scriptam
1624 1525 1795 1560 reperiamus.

1012 1579 1108 1600 nomen
1119 1571 1175 1605 ejus
1186 1571 1211 1597 in
1225 1571 1398 1604 Asyncritiaui
1411 1575 1512 1597 mutare
1520 1570 1648 1604 quispiam
1657 1577 1736 1596 ausus
1746 1576 1796 1596 cst.

1046 1616 1151 1644 Namma
1165 1615 1283 1650 quzcdain
1299 1620 1416 1642 matrona
1428 1636 1435 1648 ,
1447 1620 1475 1642 ut
1489 1615 1599 1647 videtur,
1616 1615 1776 1642 Autiochcna
1789 1636 1796 1647 ,

1012 1669 1073 1696 erga
1087 1661 1302 1696 Chrysostouiuni
1318 1661 1417 1695 optime
1430 1659 1532 1691 affecta,
1549 1661 1649 1687 tardius
1661 1665 1748 1688 tanien
1762 1662 1794 1688 ad

1012 1707 1084 1734 illum
1098 1707 1259 1740 scripserat,
1274 1710 1353 1740 atque
1375 1706 1408 1733 ita
1423 1711 1450 1733 ut
1469 1706 1548 1733 etiam
1563 1706 1678 1733 audacia:
1694 1707 1796 1734 veniam

1012 1757 1122 1788 peteret.
1137 1753 1244 1780 Dicebat
1258 1760 1337 1788 porro
1351 1761 1379 1780 se
1395 1753 1466 1779 illum
1483 1758 1535 1780 tam
1556 1753 1667 1780 ferventi
1688 1754 1797 1780 caritate

1011 1798 1132 1833 diligere,
1142 1802 1180 1831 ut,
1192 1798 1241 1825 nisi
1252 1799 1344 1825 morbo
1352 1798 1494 1830 laboraret,
1505 1798 1555 1825 iter
1565 1798 1632 1825 adeo
1644 1798 1796 1831 molestum,

1013 1848 1102 1879 totque
1116 1844 1268 1879 pratdonum
1284 1844 1477 1871 incursionibus
1491 1845 1628 1871 obsessum
1643 1849 1796 1878 susceptura

1013 1888 1115 1921 fuisset,
1131 1889 1200 1916 illius
1214 1889 1315 1916 visendi
1330 1896 1419 1916 causa.
1437 1889 1581 1923 Respondit
1595 1889 1798 1923 Chrysostomus

1012 1935 1090 1969 epist.
1103 1934 1148 1967 47,
1163 1934 1243 1965 illam,
1256 1934 1350 1960 nedum
1365 1933 1493 1967 culpanda
1507 1938 1586 1965 esset,
1598 1933 1667 1968 quod
1681 1933 1797 1961 scribere

1012 1988 1074 2007 ausa
1089 1981 1176 2013 fuerit,
1189 1980 1348 2015 urguendum
1362 1980 1447 2014 potius
1460 1980 1528 2014 quod
1544 1980 1641 2006 tardius
1654 1979 1678 2007 id
1694 1980 1796 2012 fecerit,

1014 2033 1144 2060 unamque
1159 2025 1277 2052 delenda:
1292 2025 1375 2059 culpa:
1391 2032 1529 2059 superesse
1543 2025 1622 2057 viam,
1636 2026 1657 2052 si
1674 2025 1795 2052 nimirum

1013 2076 1150 2098 sexcentas
1172 2070 1271 2102 literas,
1295 2078 1381 2105 grzccc
1404 2071 1502 2097 niveum
1525 2070 1627 2096 imbrem
1655 2071 1794 2102 literarum,

1013 2116 1045 2142 ad
1065 2123 1094 2142 se
1113 2116 1236 2142 mitteret.

1050 2162 1157 2197 llyeinis
1172 2166 1290 2196 tempore
1307 2162 1396 2188 literas
1411 2162 1511 2196 accepit
1528 2162 1678 2194 Callistrati,
1692 2162 1796 2188 Isauria

1013 2206 1139 2242 episcopi,
1150 2210 1228 2240 atque
1240 2211 1308 2233 uth
1319 2205 1499 2241 Chrysostonii
1511 2214 1638 2240 responso
1648 2207 1720 2241 argui
1735 2215 1798 2240 ros—

1013 2259 1042 2278 se
1053 2251 1164 2282 videtur,
1177 2258 1205 2277 se
1219 2251 1289 2276 illitm
1302 2250 1445 2277 iiivisuruui
1458 2250 1537 2277 fuisse
1547 2250 1660 2279 diccbat,
1674 2251 1722 2276 nisi
1734 2250 1795 2277 anni

1014 2299 1156 2330 tempestas
1171 2299 1198 2322 et
1210 2296 1310 2322 itineris
1323 2295 1459 2329 longitudo
1472 2294 1626 2321 obfuissent.
1643 2295 1669 2321 In
1685 2294 1793 2327 epistola

1015 2349 1076 2367 vero
1089 2348 1135 2367 sua
1150 2340 1357 2376 Chrysostomus
1376 2341 1412 2367 ait
1434 2347 1511 2374 posse
1525 2340 1588 2367 illud
1611 2340 1651 2366 sui
1668 2341 1794 2368 invisendi

1013 2386 1172 2413 desiderium
1185 2387 1353 2420 cpistolariini
1367 2386 1510 2418 frequentia
1522 2385 1697 2419 compcnsari,
1709 2391 1737 2411 ut
1750 2393 1796 2419 po-

1012 2436 1067 2459 stea
1079 2452 1085 2463 ,
1100 2439 1159 2458 cum
1175 2435 1316 2465 tempestas
1330 2430 1493 2457 commodior
1506 2435 1593 2462 esset,
1606 2429 1639 2457 de
1652 2438 1795 2466 congressu

1012 2478 1151 2512 cogitetur.

1048 2523 1166 2557 Agapelo
1177 2522 1254 2548 etiam
1267 2529 1336 2547 anno
1346 2520 1398 2547 404
1409 2525 1525 2547 vertente
1536 2520 1650 2554 scripsit,
1662 2520 1719 2547 viro
1731 2522 1781 2547 aiui
1789 2537 1796 2540 -

1012 2567 1081 2594 cilia:
1096 2567 1205 2593 vinculis
1220 2566 1269 2593 sibi
1284 2564 1500 2599 coujunctissimo
1511 2584 1518 2596 ,
1534 2569 1708 2600 precaturque
1723 2565 1794 2591 illuni

1014 2617 1041 2638 ιιι
1056 2619 1133 2646 quam
1150 2610 1311 2645 frequentius
1325 2610 1419 2644 poterit
1432 2608 1465 2636 de
1479 2616 1526 2635 sua
1540 2609 1687 2635 valetudine
1700 2609 1795 2636 certio-

1012 2665 1068 2684 rem
1087 2665 1116 2684 se
1136 2657 1222 2683 faciat.
1237 2656 1352 2682 Alteram
1368 2662 1431 2681 vero
1446 2654 1495 2689 ipsi
1511 2654 1616 2688 scripsit
1635 2654 1772 2688 epistolam
1787 2675 1794 2685 ,

1013 2707 1123 2736 rogante
1144 2700 1341 2736 religiosissima
1364 2698 1421 2726 v‘iro
1442 2699 1546 2734 Elpidio
1565 2698 1734 2733 presbytero,
1751 2699 1795 2732 qui

1013 2751 1111 2774 montis
1122 2747 1214 2773 Amani
1228 2745 1326 2773 incolas
1337 2745 1523 2780 praedicatione
1532 2750 1578 2770 sua
1586 2742 1619 2769 ad
1630 2741 1707 2769 fidem
1716 2741 1795 2769 Chri-

1012 2793 1046 2819 sti
1057 2792 1225 2827 perduxerat,
1236 2792 1323 2826 ibique
1333 2791 1459 2818 ecclesias
1469 2796 1494 2817 et
1506 2789 1662 2816 monasteria
1672 2793 1794 2815 constru-

1013 2843 1104 2871 xerat,
1119 2843 1144 2864 et
1160 2839 1266 2872 Agapcti
1282 2837 1439 2864 sanctissimi
1455 2836 1503 2863 viri
1519 2835 1729 2862 benevolentiam
1745 2834 1799 2862 sibi.
