2032 3110
209 179 262 208 235

211 234 354 262 concilium
366 232 497 260 studebat.
514 231 588 259 Illqu
603 237 665 258 vero
680 234 732 256 tam
745 228 856 261 obnixe,
874 233 926 255 tam
942 227 994 255 fer-

212 283 305 307 venter
322 280 438 313 Agapeto
457 275 626 304 commendat
646 274 851 309 Chrysostomus
863 293 870 304 ,
890 277 919 300 ut
933 272 996 299 nihil

212 325 321 353 dubium
335 331 394 351 eSSu
408 322 528 349 videatur
540 342 547 354 ,
563 321 625 355 quin
641 320 773 355 Agapetus
787 323 906 345 sanctum
926 318 996 344 illum

214 370 339 398 Ecclesia.-
352 375 497 403 pra'conem
507 371 532 393 et
541 365 633 392 officiis
645 369 671 392 et
680 364 845 392 facultatibus
854 363 908 390 suis
917 370 999 398 quan-

215 420 270 442 tutu
287 414 370 449 potuit
385 417 474 446 postea
485 411 592 446 juverit.

249 460 276 486 ιιι
296 458 414 494 epistolis
429 457 460 483 ad
474 455 654 492 Olympiadem
669 455 755 482 nullus
770 453 835 480 ordo
849 453 978 487 reperitur
990 474 997 484 ,

213 504 323 541 perinde.
334 509 411 538 atque
424 503 449 529 iu
460 502 563 529 caeteris
575 502 696 528 omnibus
708 500 888 535 Chrysostomi
903 499 1001 533 episto-

215 552 256 583 lis.
273 551 315 578 ubi
332 551 400 576 nulla
416 549 542 583 temporis
556 548 622 574 ratio
633 551 763 578 servatur,
778 546 823 573 sed
837 553 929 572 oumes
940 553 1001 579 per-

215 597 316 624 mixtim
339 595 430 630 posita:
451 599 522 621 sunt.
538 593 566 620 ln
585 593 695 627 epistola
708 597 795 619 autem
812 592 845 618 η
860 590 891 618 ad
907 591 999 627 Olym-

216 641 328 676 piadem,
353 640 416 667 dicit
438 647 467 666 se
479 639 533 672 jam
556 643 611 665 tres
637 637 762 672 epistolas
776 635 925 670 Olympiadi
949 635 1000 661 mi-

215 687 292 717 sisse,
308 693 386 712 unatn
413 691 460 717 per
486 683 623 717 praslorios
637 683 745 714 milites,
757 681 867 708 alterunt
889 688 935 715 per
946 680 1001 706 An-

217 731 329 762 tonium,
345 729 447 756 tertiam
462 736 508 763 per
521 727 646 754 famulum
661 727 742 762 ip~ius
755 726 906 753 Anatolium
922 734 928 751 :
943 725 1002 751 dua:

217 784 279 804 vero
293 779 433 810 postrema:
447 774 578 809 longiores
591 777 675 800 erant.
690 773 773 804 illam,
784 779 863 806 quam
878 779 923 806 per
936 778 1003 804 prie-

217 823 300 849 torios
313 822 410 848 milites
423 820 540 850 miserat.
555 827 614 846 eum
627 818 796 845 Tillemontio
812 822 932 852 putamus
944 823 1003 844 esse

216 868 346 895 decimam
368 867 472 893 tertiam
486 887 493 898 ,
515 873 592 900 quam
613 865 692 891 biduo
714 868 851 899 postquam
871 863 1002 890 Cucusum

217 913 368 945 advenerat,
383 920 430 947 per
450 912 587 947 przrtorios
610 911 705 937 milites
725 910 812 941 misit,
829 909 862 936 de,
879 916 929 944 qua
949 908 1003 942 jam

218 958 341 992 superius
355 962 441 984 actum
457 965 463 983 :
479 957 536 983 illas
557 963 619 983 vero
633 956 698 982 duas
710 975 717 987 ,
733 962 842 989 quarum
858 954 940 980 altera
957 960 1004 987 per

219 1003 374 1035 Antonium,
386 1002 466 1028 altera
480 1009 527 1036 per
540 1001 689 1028 Anatolium
703 1000 866 1035 Olympiadis
879 999 1003 1025 famulum

219 1047 299 1074 missa
315 1047 361 1073 fttit
372 1066 378 1078 ,
393 1054 431 1073 ea:
446 1050 525 1078 sunt,
541 1054 599 1080 qua:
622 1045 705 1079 prima
727 1050 754 1072 et
773 1043 887 1071 secunda
904 1043 957 1077 jam
979 1043 1004 1069 in

220 1092 299 1119 editis
313 1096 494 1123 numerantur,
507 1095 533 1117 et
545 1091 687 1117 conciones
697 1089 945 1122 adhortationesque
954 1087 1004 1114 diei

221 1141 330 1170 possunt
344 1137 430 1170 potius
442 1143 518 1170 quam
535 1135 663 1169 epistolze.

257 1181 284 1208 lu
299 1181 382 1215 prima
396 1188 458 1207 vero
469 1179 650 1215 Olympiadem
665 1178 698 1205 de
712 1177 883 1204 diuturnitate
900 1177 1006 1204 calami-

222 1228 284 1253 tatis
305 1234 363 1260 qum
387 1226 532 1252 Ecclesium
561 1225 605 1251 Dei
633 1224 803 1251 conturbabat
829 1228 983 1250 maerentem
998 1243 1004 1254 ,

222 1271 350 1305 exemplis
376 1271 478 1297 Veteris
504 1274 531 1296 et
557 1269 622 1296 Novi
646 1269 807 1296 Testameutl
833 1269 1006 1301 consulatur,

222 1315 388 1349 o~tenditqne
409 1315 490 1341 Deum
511 1322 582 1348 saepe
604 1314 637 1341 ad
656 1314 786 1348 jnstorum
808 1314 962 1341 exercitium
982 1317 1009 1340 et

225 1362 407 1396 probationem
423 1360 618 1387 diuturnitatem
639 1367 815 1386 :eruumarum
836 1359 1007 1394 permittere,

224 1412 253 1434 ut
277 1408 337 1434 hinc
354 1411 381 1434 et
396 1406 500 1441 praemia
523 1410 677 1440 augeantur.
689 1405 717 1432 ln
734 1405 858 1437 secunda,
875 1413 933 1440 qua:
947 1413 1008 1439 pro-

224 1453 302 1480 lixior
322 1457 372 1484 est,
394 1457 421 1479 et
447 1452 523 1486 paulo
543 1455 602 1485 post
623 1451 732 1485 primam
758 1451 835 1477 missa
857 1450 922 1482 fuit,
939 1450 1008 1477 idem

224 1503 407 1533 argumentum
429 1497 603 1531 persequitur,
624 1496 766 1530 multisque
786 1496 948 1528 rationibus,
964 1503 1008 1521 ar-

224 1544 374 1579 gumentis,
400 1543 546 1578 exemplis,
567 1549 625 1576 qua:
655 1542 758 1576 longius
789 1546 858 1568 esset
891 1541 1007 1572 referre,

225 1589 373 1626 Olympiadi
395 1593 422 1615 ut
437 1596 542 1614 omnetn
558 1587 671 1622 deponat
687 1594 828 1614 mmrorem
843 1586 954 1613 suadere
969 1586 1009 1612 ui-

227 1635 302 1661 titur.
319 1634 383 1666 Quia
399 1641 462 1660 vero
481 1632 543 1660 illud
559 1632 673 1658 maxime
691 1631 870 1667 Olympiadem
884 1631 1009 1664 augebat,

226 1680 296 1715 quod
311 1687 325 1706 a
340 1679 530 1714 Chrysostomo
547 1681 664 1712 sejuncta
687 1683 773 1709 esset,
789 1677 858 1712 quod
874 1677 946 1703 illum
962 1676 1010 1702 do-

225 1730 329 1752 centem
353 1729 379 1751 et
402 1724 601 1751 concionantem
625 1731 677 1750 non
698 1724 767 1750 ultra
791 1722 892 1749 audiret
910 1731 916 1748 :
933 1721 1011 1748 licere

227 1770 291 1798 dicit
304 1769 450 1805 Olympiadi
463 1791 469 1801 ,
483 1769 592 1796 absente
605 1777 634 1796 se
644 1790 650 1800 ,
668 1769 749 1796 libros
762 1776 824 1795 suos
836 1768 942 1802 legere;
959 1768 1012 1795 imo

228 1815 391 1849 provisurum
412 1822 458 1846 se,
480 1815 501 1841 si
518 1814 596 1841 modo
615 1814 764 1842 tabellarios
782 1814 965 1845 nanciscatur,
985 1818 1013 1840 ut

227 1860 334 1888 crebras
352 1865 377 1887 et
391 1860 508 1896 prolian
526 1860 615 1887 literas
629 1867 689 1887 suas
702 1859 822 1894 accipiat.
841 1859 914 1893 Quod
928 1860 949 1885 si
963 1860 1011 1885 do-

228 1907 332 1933 ctrinam
347 1911 466 1938 nostram,
479 1905 573 1940 inquit,
586 1906 638 1932 vim
650 1913 707 1931 vote
717 1906 805 1933 audire
814 1905 896 1938 rupis,
907 1906 1013 1940 fortasse

229 1952 275 1978 Itoc
288 1959 383 1986 quoque
396 1951 535 1986 continget;
550 1951 599 1977 into
613 1959 661 1977 non
675 1952 790 1985 fortasse,
803 1951 846 1977 sed
859 1955 924 1977 certe
935 1959 944 1983 ;
956 1958 1014 1977 cave

229 1998 335 2024 dubites.
352 1997 395 2024 Sic
409 1997 452 2024 ille
466 1997 571 2030 putabat
585 2005 592 2028 ;
608 1997 653 2023 sed
666 1997 717 2023 alio
731 1997 809 2023 modo
823 2003 866 2023 res
877 1997 966 2028 cessit,
979 1996 1013 2023 ita

229 2042 384 2077 providente
397 2041 518 2068 Numine.
535 2042 597 2068 l‘lus
611 2040 681 2068 c‘nim
698 2042 822 2076 proderat
834 2041 907 2068 exsul
923 2041 1015 2068 Eccle-

230 2088 277 2114 sia:
293 2087 338 2114 Dei
357 2092 383 2115 et
404 2087 582 2122 prtedicationi
597 2087 735 2121 evangelii,
751 2095 828 2122 quant
844 2095 904 2113 cum
919 2088 944 2113 in
960 2087 1015 2121 epi-

231 2132 330 2166 seopali
346 2132 440 2159 throno
451 2132 566 2164 sederet,
582 2137 610 2158 ut
624 2140 684 2158 mox
700 2132 838 2159 videbitur.

267 2177 294 2204 lu
319 2178 394 2203 tertia
421 2177 452 2203 ad
476 2177 656 2213 O‘ympiadeut
683 2177 810 2210 epistola,
832 2176 901 2203 idem
930 2177 1014 2210 ipsum

230 2226 412 2258 argumentum
436 2223 612 2257 persequitur,
641 2222 819 2256 exemplisque
850 2221 969 2255 plurimis
990 2225 1017 2248 et

230 2268 391 2304 argumentis
403 2267 497 2302 probat
511 2270 534 2294 iu
550 2267 742 2294 calamitatibus
756 2274 807 2293 non
821 2267 900 2293 modo
913 2267 1014 2294 ntmsti-

231 2316 293 2342 tiam
306 2322 411 2342 omnetn
426 2321 485 2341 esse
496 2313 690 2348 deponendam,
706 2312 753 2339 sed
766 2313 845 2339 etiam
856 2312 882 2339 in
892 2312 1017 2347 tranquil-

231 2361 303 2387 litate
320 2364 346 2386 et
360 2358 438 2386 animi
453 2359 586 2386 alacritate
601 2358 758 2385 versandum
777 2365 845 2385 esse.
866 2358 937 2385 lianc
954 2365 1017 2385 vero

231 2406 334 2433 tertiam
354 2405 492 2440 Cplﬂtltiam
511 2412 571 2431 cutn
586 2405 743 2438 scripsisset,
760 2404 870 2431 necdum
885 2404 917 2430 ad
929 2404 1017 2440 Olym-

231 2452 334 2485 piadcm
357 2452 482 2483 misisset,
507 2459 553 2485 per
567 2451 747 2477 lmnorabilem
761 2450 900 2485 quemdam
921 2451 1015 2483 virum,

231 2495 372 2522 Patricium
387 2495 502 2528 nomine,
517 2495 598 2529 ipsius
612 2493 773 2530 Olympiadis
790 2495 926 2529 epistolam
940 2503 1017 2522 acce-

232 2541 268 2575 pit
284 2549 290 2566 :
310 2547 359 2573 qua
372 2547 401 2566 se
415 2539 520 2566 omnino
531 2544 650 2567 nttestam
660 2561 667 2571 ,
686 2545 711 2567 et
724 2541 797 2574 quasi
810 2540 881 2566 luctu
897 2541 1016 2567 obrutam

230 2585 390 2617 declarabat,
418 2585 529 2612 maxime
549 2593 610 2613 vero
627 2586 695 2620 quod
717 2594 768 2613 ron
789 2587 917 2620 potuisset
938 2587 1016 2613 alium

230 2631 317 2659 exsilii
331 2631 427 2663 locum,
448 2629 550 2658 Cucnso
564 2632 777 2662 commodiorem,
793 2631 886 2658 Joanni
899 2631 1016 2666 Chryso-

230 2681 318 2704 stomo
334 2676 484 2710 impetrare.
512 2676 555 2702 llle
569 2684 630 2703 vero
644 2676 692 2703 hac
708 2682 812 2710 accepta
824 2677 944 2711 cpistola,
963 2683 1016 2703 ter-

231 2722 305 2753 tiani,
320 2721 352 2748 de
365 2729 414 2756 qua
428 2721 675 2751 mododicebamus.
685 2722 753 2755 apttd
767 2730 795 2749 se
806 2723 922 2754 retinuit,
933 2731 1016 2757 neque

232 2766 302 2792 illaut
316 2766 462 2801 Olympiadi
484 2767 564 2794 tntsit.
582 2767 626 2793 sed
647 2767 723 2793 aliaat
740 2768 932 2802 egregiamque.
958 2776 1016 2802 qua:

232 2818 302 2837 nunc
317 2811 383 2838 inter
394 2815 517 2846 epistolas
532 2813 587 2846 ejus
599 2818 689 2846 quarta
702 2812 803 2838 decima
819 2819 978 2839 numeratur.

270 2854 356 2882 Primo
369 2857 437 2882 illam
453 2862 492 2883 sat
505 2865 597 2891 aspere
614 2857 755 2888 redaiguit.
776 2857 843 2890 quod
857 2863 934 2883 laula-
949 2866 1013 2884 utm-

738 173 765 200 S.
786 171 922 200 JOANNIS
941 171 1172 200 CllRYSOSTOMl
1184 167 1278 204 VITA,

1786 170 1837 198 236

1051 227 1129 254 stillae
1143 234 1171 254 se
1184 226 1296 259 dederit,
1312 230 1434 261 quantam
1458 225 1499 252 illa
1521 226 1545 253 in
1564 226 1675 260 epistola
1697 233 1742 253 sua
1762 227 1838 253 exhi-

1051 272 1152 299 buerat.
1179 272 1242 305 Quia
1262 279 1325 299 vero
1344 271 1402 298 ideo
1422 271 1536 298 maxime
1557 271 1673 301 dolebat,
1695 270 1763 305 quod
1786 279 1838 298 non

1050 319 1178 352 potuisset
1190 318 1269 344 alium
1283 317 1462 344 commodiore
1472 316 1574 344 Cueuso
1586 317 1670 343 locum
1681 316 1775 344 Joanni
1791 317 1835 344 im-

1050 368 1169 397 petrare;
1184 362 1243 388 hine
1257 362 1394 389 occasione
1404 368 1507 397 sumpta
1519 366 1607 388 narrat
1618 361 1653 388 illi
1666 361 1765 393 omnia,
1780 370 1838 396 qua:

1051 407 1099 434 sibi
1118 408 1144 434 in
1164 412 1236 434 tanto
1250 407 1342 434 itinere
1357 407 1521 442 maximeque
1535 406 1663 433 C:esare:e
1679 406 1838 438 acciderant,

1051 462 1109 488 qua:
1122 461 1171 480 uos
1184 453 1209 479 in
1224 453 1337 480 decursu
1354 460 1432 486 supra
1446 452 1593 479 attulimus.
1614 452 1680 486 Quia
1693 459 1756 479 vero
1771 453 1839 479 mala

1052 499 1138 526 omnia
1152 502 1280 531 recenset,
1295 505 1354 532 qua:
1364 497 1412 524 sibi
1428 497 1580 524 Pharetrius
1593 496 1721 524 Ca-sareze
1738 497 1841 531 episco-

1054 551 1112 577 pus,
1127 543 1259 575 intulerat,
1275 542 1422 578 Olympiadi
1441 542 1522 569 edicit
1533 546 1559 568 ut
1576 542 1616 568 illa
1632 542 1720 569 omnia
1733 542 1840 569 silentio

1053 593 1132 623 tegat.
1146 588 1277 615 Caeterum
1291 593 1319 614 ut
1330 586 1511 622 Olympiadem
1525 586 1565 613 sui
1580 594 1658 614 causa
1674 587 1839 621 plangentem

1053 635 1160 666 soletur,
1177 641 1206 660 se
1215 630 1333 660 ait'omui
1348 632 1464 660 molestia
1476 632 1614 658 liberatum
1628 638 1698 664 esse,
1713 631 1841 659 ﬁrmiore-

1053 687 1104 713 que
1118 679 1266 706 valetudine
1277 677 1338 710 frui,
1350 685 1427 711 quam
1443 685 1502 703 cum
1515 677 1741 710 Constantinopoli
1759 676 1840 711 dege-

1054 728 1104 756 ret,
1121 731 1206 757 neque
1226 724 1288 754 ullo,
1308 723 1377 758 quod
1392 723 1433 749 illa
1447 723 1563 754 timebat,
1586 722 1681 757 frigore
1703 724 1816 757 torqueri
1834 732 1840 748 :

1055 769 1148 796 caelum
1163 769 1236 801 illud,
1255 775 1308 803 quo
1322 767 1466 800 fruebatur,
1488 767 1653 794 Autiochcno
1673 768 1757 802 magis
1770 768 1843 794 simi-

1056 814 1107 841 lem
1119 814 1168 841 sibi
1188 814 1289 845 videri;
1306 813 1338 840 de
1354 813 1452 840 lsauris
1464 818 1551 840 autent
1567 813 1631 840 nihil
1649 813 1703 848 jam
1719 813 1768 839 sibi
1785 822 1841 841 mc-

1056 859 1180 886 tueudum
1194 867 1252 887 esse
1265 867 1271 885 :
1291 866 1350 885 nam
1362 859 1386 885 in
1399 859 1532 893 regionem
1545 865 1619 884 suam
1633 866 1662 885 se
1676 863 1841 892 receperant,

1056 904 1134 939 idque
1153 912 1186 932 ex
1201 904 1320 932 Pratfecti
1344 912 1406 931 cura
1428 909 1455 931 et
1478 904 1565 930 studio
1587 903 1681 931 factum
1701 912 1769 932 esse.
1797 905 1844 931 llic

1055 957 1119 976 vero
1133 949 1276 976 Prmfcctus
1285 949 1397 984 Sopater
1405 953 1471 982 erat,
1486 950 1529 984 qui
1546 949 1604 983 plus
1614 949 1692 976 officii
1706 950 1755 976 sibi
1769 949 1844 976 exhi-

1056 996 1158 1030 buerat,
1187 1004 1265 1030 quam
1293 1004 1306 1023 a
1328 1001 1401 1031 patre
1425 996 1609 1031 postulandum
1633 996 1764 1023 videretur
1780 1005 1786 1021 τ
1805 996 1844 1023 vir

1058 1043 1167 1077 probus,
1191 1043 1331 1077 benignus,
1353 1043 1553 1076 communisque
1577 1049 1719 1076 pauperum
1745 1046 1844 1076 portus.

1057 1087 1103 1115 Sic
1114 1088 1186 1114 illum
1201 1087 1289 1114 laudat
1307 1087 1510 1123 Chrysostomus
1533 1087 1558 1113 in
1573 1087 1682 1122 epistola
1697 1087 1731 1114 61
1746 1087 1778 1113 ad
1794 1086 1845 1122 Cy~

1057 1133 1156 1160 riacum
1172 1133 1323 1167 episcopatu
1339 1142 1344 1159 :
1366 1140 1444 1168 quem
1458 1136 1580 1168 precatur
1589 1137 1618 1159 ut
1633 1133 1676 1159 lilii
1693 1133 1784 1166 ipsius.
1801 1133 1845 1167 qui

1058 1177 1084 1204 in
1101 1177 1156 1204 istis
1173 1178 1289 1212 partibus
1310 1178 1445 1205 literarum
1458 1177 1552 1204 studiis
1566 1185 1672 1212 operam
1691 1177 1779 1209 dabat.
1802 1185 1845 1205 eu-

1058 1229 1114 1248 ram
1127 1227 1241 1256 gereret,
1255 1222 1356 1257 ipsique
1373 1222 1458 1249 officia
1472 1222 1645 1257 impenderet.

1094 1268 1199 1296 Dixerat
1209 1268 1343 1304 Olympias
1357 1270 1382 1296 iu
1396 1269 1506 1304 epistola
1520 1276 1566 1296 sua
1579 1268 1746 1302 Heracliden,
1758 1269 1832 1303 Eplte

1059 1315 1145 1342 sinum
1164 1316 1315 1349 episcopum
1331 1323 1345 1341 a
1365 1315 1555 1350 Chrysostomo
1569 1315 1750 1347 constitutum,
1769 1320 1795 1342 et
1815 1315 1847 1342 ab

1060 1359 1118 1394 ejus
1131 1360 1288 1386 adversariis
1304 1360 1455 1394 episcopatu
1467 1360 1581 1394 pulsum,
1604 1364 1632 1386 ut
1649 1360 1768 1394 superius
1779 1360 1847 1386 dixi-

1060 1413 1128 1434 mus.
1144 1409 1206 1432 tunc
1217 1405 1241 1431 in
1252 1412 1357 1432 carcere
1372 1410 1397 1431 et
1411 1405 1435 1431 in
1448 1405 1559 1432 vinculis
1570 1405 1706 1432 detentum
1717 1406 1772 1432 dira
1784 1405 1847 1440 pati.

1059 1449 1116 1476 .lam
1132 1450 1189 1484 ejus
1201 1457 1278 1477 causa
1291 1450 1379 1478 literas
1392 1451 1499 1477 miserat
1511 1450 1717 1486 Chrysosmmus
1732 1451 1763 1478 ad
1780 1452 1846 1478 Pen-

1061 1495 1157 1521 tadiam
1173 1499 1329 1528 matronam,
1342 1503 1451 1523 mouens
1467 1500 1495 1522 tIt
1509 1503 1614 1523 onmem
1629 1496 1790 1530 diligentiam
1801 1497 1847 1524 ad-

1062 1540 1175 1573 hiberet,
1200 1541 1232 1568 ad
1256 1541 1431 1568 calamitatem
1458 1546 1555 1568 tantam
1581 1543 1621 1569 vel
1647 1543 1787 1569 tollendam
1809 1544 1848 1571 vel

1064 1586 1212 1613 leniendam
1227 1594 1234 1613 τ
1250 1586 1397 1622 Olympiadi
1413 1595 1476 1614 vero
1489 1587 1563 1620 dicit,
1579 1587 1651 1614 Licet
1665 1588 1813 1620 Heraclidi,
1828 1589 1849 1614 si

1063 1632 1136 1664 velit,
1160 1632 1315 1666 instantiam,
1337 1633 1410 1665 dare,
1432 1638 1510 1668 atque
1533 1634 1568 1661 ita
1589 1635 1715 1661 molestiis
1729 1634 1850 1662 omnibus

1062 1677 1182 1710 liberari;
1195 1679 1259 1705 nihil
1273 1679 1342 1705 enim
1353 1678 1424 1706 aliud
1434 1684 1563 1713 superest.
1580 1680 1644 1713 Qua:
1655 1684 1727 1707 certe
1739 1687 1849 1715 quomo-

1062 1723 1096 1750 do
1108 1724 1237 1758 quadrare
1252 1725 1353 1758 possint
1376 1733 1427 1751 non
1443 1725 1569 1759 intelligo.
1585 1725 1767 1753 'l‘illcmnntius
1787 1734 1850 1753 vero

1063 1772 1136 1802 putat
1146 1768 1284 1803 legendum
1297 1776 1356 1796 esse
1369 1770 1491 1802 ccttusim,
1507 1770 1699 1798 abdicationem
1713 1771 1849 1806 episcopa-

1064 1817 1115 1846 tus,
1127 1821 1185 1848 qute
1199 1813 1302 1841 videtur
1321 1822 1381 1840 vera
1395 1815 1482 1841 let-tio.
1497 1815 1548 1842 Sed
1566 1823 1624 1842 eum
1639 1824 1730 1843 onmes
1745 1817 1852 1844 omnino

1065 1858 1129 1886 Mss.
1144 1863 1171 1886 et
1182 1858 1252 1886 Editi
1267 1860 1410 1886 instantiam
1426 1860 1546 1891 habeant,
1561 1860 1627 1887 hanc
1642 1861 1780 1888 lectionem
1796 1869 1852 1888 tnu-

1065 1907 1120 1930 tare
1132 1911 1182 1930 non
1195 1911 1276 1931 ausus
1291 1910 1360 1931 sum.

1102 1948 1138 1975 De
1153 1948 1271 1975 Illarutha
1283 1949 1484 1984 episcopo.—De
1492 1949 1610 1976 Marulha
1622 1950 1745 1985 episcopo
1754 1951 1852 1985 majore

1065 2000 1124 2020 eum
1138 1992 1232 2020 affectu
1244 1998 1270 2021 et
1281 1993 1403 2020 instantia
1415 1994 1530 2028 loquitur
1541 1993 1747 2028 Cltrysoslomus
1765 1995 1790 2021 iu
1809 2003 1853 2022 ea-

1065 2039 1125 2066 dem
1145 2040 1253 2073 cpistola
1267 2039 1368 2067 decima
1390 2045 1482 2074 quarta
1502 2040 1535 2066 ad
1550 2040 1742 2076 Olympiadem.
1765 2040 1852 2067 Maru-

1067 2085 1124 2113 thas
1149 2086 1225 2120 igitur
1246 2086 1289 2113 ille
1310 2087 1449 2121 episcopus
1467 2087 1660 2120 sanctissimus,
1677 2094 1691 2112 a
1707 2086 1854 2121 Theophila

1066 2132 1220 2166 catterisque
1230 2132 1409 2168 Chrysostomi
1422 2132 1534 2159 inimicis
1548 2133 1752 2165 circumventus,
1770 2133 1795 2160 in
1809 2141 1853 2160 eo-

1067 2185 1124 2204 rum
1136 2178 1309 2205 conventibus
1330 2177 1423 2210 adfuit,
1438 2178 1569 2212 etiamque
1584 2179 1609 2204 in
1630 2178 1805 2205 eoneiliabulo
1822 2178 1856 2204 ad

1067 2223 1196 2256 Quercum
1217 2232 1223 2250 :
1247 2231 1306 2250 cum
1328 2224 1397 2250 enim
1419 2231 1450 2250 ex
1471 2223 1578 2250 Perside
1597 2227 1652 2250 tum
1673 2223 1784 2255 veniret,
1803 2231 1854 2250 non

1068 2273 1170 2303 poterat
1193 2273 1341 2296 accuratam
1368 2275 1454 2295 rerum
1477 2272 1537 2294 tuttc
1556 2268 1783 2302 Constantinopoll
1806 2275 1852 2303 ge-

1067 2319 1165 2341 starum
1193 2315 1309 2341 notitiam
1342 2314 1449 2340 habere.
1483 2313 1604 2348 Alioquin
1639 2321 1703 2340 vero
1735 2314 1854 2340 audierat

1068 2359 1188 2390 fortasse.
1199 2359 1372 2394 Epiphanium
1388 2366 1501 2393 quoque,
1515 2358 1595 2393 Cypri
1610 2358 1772 2392 episcopum,
1789 2366 1852 2385 sau-

1067 2408 1138 2430 etmn
1161 2404 1243 2429 virum
1269 2403 1396 2430 adversus
1420 2403 1639 2438 Chrysostomum
1669 2402 1854 2430 insurrexisse.

1069 2449 1165 2475 Verum
1180 2453 1208 2475 ut
1227 2457 1278 2475 non
1297 2453 1338 2476 sat
1357 2454 1493 2482 perspecta
1508 2456 1595 2475 rerum
1615 2447 1856 2484 Constantinopoli-

1070 2499 1186 2520 tanarunt
1199 2494 1359 2526 conditione,
1373 2493 1553 2529 Cltrysostomi
1573 2493 1698 2527 inimicis,
1715 2495 1857 2529 multisque

1068 2540 1146 2566 etiant
1162 2540 1350 2567 consceleratis
1362 2547 1422 2567 sese
1445 2539 1565 2574 adiunxit
1581 2549 1587 2566 :
1610 2540 1644 2567 ita
1666 2540 1746 2567 etiam
1761 2541 1857 2568 divina:

1070 2588 1175 2615 ultionis
1191 2588 1310 2615 minister
1322 2587 1380 2614 fuit.
1389 2586 1454 2614 Cum
1466 2587 1535 2614 enirn
1547 2587 1647 2622 Cyrini,
1657 2587 1858 2615 Chalcedonen-

1069 2633 1105 2660 sis
1117 2634 1242 2668 episcopi,
1266 2633 1335 2660 inter
1347 2633 1523 2666 primipilares
1538 2632 1718 2668 Cltrysostomi
1738 2634 1857 2660 inimim-s

1069 2678 1201 2709 acerrimi,
1224 2678 1317 2713 pedem
1333 2678 1484 2712 imprudens
1507 2679 1645 2710 calcasset,
1669 2678 1730 2704 ltiuc
1751 2678 1857 2705 dolores

1070 2722 1176 2749 maximi
1193 2722 1277 2748 exorti
1295 2727 1366 2753 sunt,
1386 2723 1516 2749 sectioues
1531 2722 1625 2756 pedum
1639 2727 1666 2749 et
1685 2731 1791 2749 crurum
1805 2723 1855 2750 fre-

1069 2772 1180 2802 quentes
1193 2775 1206 2792 a
1221 2767 1328 2794 medicis
1341 2767 1474 2796 ηιΙΙιίΙιίιςιι.
1499 2775 1529 2793 ac
1546 2768 1622 2801 paulo
1637 2773 1694 2802 post
1709 2775 1734 2793 tu
1754 2776 1854 2794 erm-ta-

1071 2815 1138 2840 tibus
1151 2813 1220 2840 diem
1233 2813 1326 2840 clausit
1338 2818 1495 2841 extremum.
1513 2818 1540 2839 ut
1553 2820 1630 2846 supra
1645 2811 1766 2840 dlxtmus.

1107 2859 1220 2884 Necdum
1238 2864 1322 2884 tamen
1337 2859 1449 2892 iniquam
1462 2859 1531 2884 i’latu
1547 2858 1711 2884 inimicorum
1723 2859 1856 2891 Chrysos-
