2032 3110
141 89 190 117 257

141 145 207 173 tomi
225 144 449 179 conspirationem
472 144 610 178 agnovisse
625 144 762 170 videbatur
777 144 910 171 Marutltas
923 154 929 170 :

141 191 167 217 id
182 190 253 216 enim
279 189 395 216 ittsinuat
407 188 613 224 Cbrysostomus
626 195 685 215 cum
699 188 844 224 Olympiadi
857 190 930 221 dicit,

142 234 266 260 Omnibus
279 234 366 268 ofﬁciis
381 241 436 260 eum
448 234 578 268 complecti
590 242 620 259 ne
633 234 740 266 desinas,
753 239 779 260 ut
792 242 846 260 eum
861 243 874 261 e
887 235 931 260 bu-

142 280 229 306 rutltro
244 280 362 305 extrahas
377 287 385 305 :
405 279 527 305 nimirum
540 286 572 305 ex
587 278 713 305 societate
730 287 790 305 cum
807 278 933 313 improbis

143 326 196 354 illis
209 325 330 358 Arsacio,
342 324 499 360 Porphyrio,
516 324 669 357 Severiano,
682 325 822 352 Antiocho.
840 325 873 353 Ut
884 333 931 351 au-

143 376 197 398 tem
217 371 308 398 videas
327 375 426 405 quanto
445 370 542 403 studio,
567 371 745 405 praedicationi
764 371 893 406 evangelii
907 371 932 398 in

142 417 278 448 omnibus.
301 421 330 444 ut
351 417 386 443 ita
412 417 508 449 dicam,
533 416 605 444 orbis
628 416 744 451 partibus
767 416 931 451 advigilaret.

144 461 303 498 posthabitis
316 469 422 495 semper
434 461 476 493 iis,
503 469 560 496 qua:
574 461 605 488 ad
618 469 647 488 se
659 462 795 495 speciatim
814 467 934 496 spectare

144 507 374 541 videbantur,qutc
385 511 530 541 sequuntur
539 506 571 534 ad
584 506 693 534 verbum
709 511 769 534 sunt
781 506 933 534 referenda:

146 553 215 579 Nam
227 553 281 586 ejus
292 561 369 587 opera
381 552 411 578 ob
428 551 538 579 Persidis
551 553 648 587 negotia
660 561 727 587 egeo.
743 553 832 587 Atque,
847 553 869 579 si
881 553 908 578 id
920 561 935 578 ιι

146 603 168 625 te
179 598 237 632 fieri
248 602 337 632 potest,
351 606 382 624 ea;
394 606 422 624 eo
437 598 555 634 t'ntellige,
568 598 686 633 quidnam
701 599 752 625 illic
762 599 840 633 ipsius
852 599 935 625 studio

145 649 218 678 atque
232 652 309 677 opera
330 645 465 678 perfectum
478 644 520 676 sit,
542 649 564 670 et
577 652 621 670 cur
633 644 695 670 istuc
707 646 834 679 profectus
851 645 882 671 sit
895 646 935 679 [ac

146 690 232 720 sciam,
247 697 276 715 ac
292 697 350 715 num
364 689 386 715 ei
396 688 459 715 dum
471 689 598 723 epistolae,
610 697 672 724 quas
685 690 717 715 ad
729 698 784 716 eum
799 689 865 721 misi,
879 690 936 716 ml-

146 735 250 761 dideris.
276 735 307 762 Si
327 735 390 761 tui/ti
410 735 516 762 scribere
538 736 606 768 velit,
627 744 727 762 rursum
750 735 876 767 scribunt;
897 736 936 763 sin

147 779 280 807 rescribere
300 786 426 815 gravetur,
453 781 540 807 sollerti
561 781 621 815 quid
639 781 690 807 illic
706 783 841 816 perfectum
862 781 936 815 fuerit

149 825 190 850 tibi
215 830 333 858 exponat,
361 830 385 852 et
408 833 467 851 num
488 826 548 860 quid
570 834 656 852 rursus
670 826 755 853 eodem
777 827 937 861 proficiscens

148 870 303 902 praestitum:
315 869 346 895 sit
359 878 370 896 :
383 878 442 896 nam
452 878 496 904 ego
509 870 556 896 hac
575 870 605 897 de
626 879 702 897 causa
713 871 796 906 ipsum
809 872 938 898 convenire

149 914 285 941 studebant.
311 915 450 950 Utcumque
464 916 506 948 sit,
529 917 649 951 quidquid
663 921 762 943 tuarum
781 918 890 952 partium
902 923 938 945 est

150 965 250 994 promtu,
265 968 405 994 munusque
417 965 484 987 tuutn
499 962 581 995 exple,
597 962 693 988 etiamsi
706 970 791 989 omnes
805 971 884 998 prono
896 972 938 990 ca-

152 1005 199 1037 pite
219 1006 245 1032 in
270 1014 384 1041 priet-ep:
402 1008 514 1042 ferantur
534 1015 544 1034 :

152 1051 261 1077 omnibus
273 1051 389 1078 absoluta
403 1053 459 1079 erit.

185 1096 314 1123 Hicvidcs
328 1104 425 1123 novum
437 1097 545 1125 Paulum
558 1105 605 1124 sua
616 1099 703 1126 omnia
717 1099 782 1126 nihil
791 1105 937 1132 curantem,

153 1140 294 1168 dummodo
305 1142 469 1176 evangelium
484 1142 529 1170 Dei
551 1143 708 1178 pradicetur
728 1149 755 1172 et
769 1151 937 1180 propagetur.

154 1187 246 1215 Utrum
260 1196 322 1216 vero
333 1189 468 1218 Maruthas
481 1190 670 1226 Chrysostomo
682 1191 785 1219 tandem
798 1193 941 1227 rescripse-

154 1232 197 1264 rit,
211 1233 251 1260 vel
262 1234 412 1261 societatem
425 1235 539 1270 aliquam
560 1243 619 1263 cum
635 1237 679 1264 illo
693 1237 779 1264 inierit
794 1245 842 1271 pro
856 1245 939 1265 evan-

152 1278 212 1311 gelii
227 1279 252 1304 in
268 1278 375 1306 Perside
386 1281 584 1314 prmdicatiune,
594 1290 643 1316 qua
658 1282 691 1309 de
704 1290 732 1309 re
744 1282 788 1309 ille
804 1287 941 1317 tantopere

154 1325 281 1352 sollicitus
293 1330 358 1356 erat,
372 1334 480 1360 prorsus
491 1326 652 1361 ignoramus.
671 1327 740 1354 Nihil
754 1329 850 1362 quippe
863 1336 893 1355 ea
908 1328 941 1356 de

155 1377 182 1396 re
194 1371 263 1405 apud
277 1371 426 1404 historicos,
444 1373 485 1399 vel
501 1373 526 1399 iu
540 1373 598 1408 ejus
619 1374 753 1408 operibus,
775 1375 816 1401 vel
835 1375 859 1402 in
885 1375 941 1410 cpi-

154 1417 238 1448 stolis,
254 1417 325 1452 quod
345 1426 424 1452 grave
440 1419 509 1445 dictu
523 1424 571 1450 est,
597 1420 752 1454 reperimus.
774 1420 880 1448 Certum
894 1430 941 1447 au-

156 1465 206 1490 teat
220 1466 262 1491 eat
281 1462 427 1492 .‘slarutham
445 1465 470 1493 in
484 1464 670 1502 Mesopotamia
683 1466 833 1502 cpi-coponi
850 1467 942 1503 fu'sse,

153 1514 196 1535 aut
211 1508 437 1544 Supbarcnorum,
454 1516 499 1538 aut
510 1511 646 1546 Sophenes
661 1514 813 1547 provinciae,
836 1519 890 1546 aut,
916 1521 943 1542 ut

153 1554 195 1582 alii
218 1555 328 1588 volunt,
351 1556 573 1592 Martyropoleos,
595 1566 685 1593 quam,
705 1559 856 1587 Theodosio
871 1560 890 1593 l,
916 1565 943 1587 ut

154 1605 271 1633 narrant,
285 1602 407 1636 pecunias
419 1603 646 1637 subministrante,
663 1606 718 1639 ipse
731 1605 866 1633 lilarutbas
880 1614 943 1633 cou-

154 1650 295 1674 struxerat.
316 1648 423 1675 Certum
441 1649 502 1676 item
519 1656 559 1677 cst
572 1650 650 1685 hujus
671 1652 784 1678 nominis
807 1652 897 1679 urbem
917 1652 942 1679 iu

153 1690 342 1727 Mesopotamia
357 1695 383 1721 in
398 1695 512 1722 confinio
527 1695 639 1723 Persidis
654 1697 744 1724 fuisse.
760 1697 944 1732 lilartyropolis

152 1740 243 1764 autem
258 1739 411 1772 vocabatur,
431 1741 491 1774 quia
505 1741 540 1768 ibi
557 1742 698 1769 multorum
711 1747 854 1778 martyrum
871 1744 943 1771 Reli-

153 1782 223 1815 quia:
235 1783 361 1817 deposita:
378 1785 490 1813 fuerant.
507 1787 551 1813 Ait
561 1795 622 1814 vero
635 1787 838 1823 Chrysostomus
851 1790 877 1816 iu
897 1789 944 1816 bo-

154 1827 237 1858 milia.
252 1828 305 1856 imo
317 1831 405 1864 potius
419 1830 445 1857 in
459 1831 527 1858 libro
540 1832 596 1865 illo,
610 1833 651 1859 cui
667 1833 767 1867 titulus,
785 1833 856 1866 Quod
871 1834 944 1861 Clu-i-

153 1878 206 1899 nus
229 1874 261 1900 sit
285 1873 352 1901 Deus
372 1883 382 1902 :
397 1875 548 1903 Prwdicutio
577 1886 626 1904 non
645 1879 685 1905 hic
711 1884 825 1912 tantum,
853 1881 897 1907 sed
921 1887 944 1908 et

151 1918 224 1950 apud
240 1917 331 1946 Persa:
345 1921 434 1953 ﬂoret,
450 1922 547 1949 etiamsi
562 1923 592 1949 ab
604 1923 654 1950 illis
666 1929 841 1959 oppugnetur:
855 1927 943 1952 etenim

151 1963 226 1996 apud
249 1964 306 1991 illos
326 1973 424 2000 quaque
448 1973 585 2002 martyrum
602 1969 717 1995 exatnt'na
740 1970 828 1996 multa.
855 1970 943 1998 Maru-

152 2008 215 2036 thas
228 2017 292 2044 ergo
306 2010 332 2037 in
349 2010 458 2038 Perside
473 2013 635 2046 evangelium
651 2012 748 2041 Christi
762 2015 870 2042 tnirifice
882 2023 943 2050 pro-

151 2055 258 2088 pagavit
270 2075 277 2087 ,
293 2062 433 2090 magorum
451 2061 478 2083 et
490 2057 673 2085 Chaldatorum
689 2059 880 2087 incantationes
898 2060 944 2088 de-

151 2100 228 2132 vicit,
243 2100 410 2136 lsdegerdem
433 2110 521 2136 regem
543 2104 635 2131 morbo
652 2104 798 2137 detentum,
813 2105 855 2132 cui
874 2107 943 2141 magi

153 2146 305 2173 remedium
320 2146 417 2173 afferre
432 2151 606 2180 tentaret-am,
622 2149 729 2183 integra:
743 2149 883 2177 valetudini
899 2158 943 2178 re-

151 2190 252 2221 stituit,
265 2192 392 2218 miracula
408 2193 457 2218 alia
473 2193 551 2220 multa
569 2194 690 2227 patravit.

199 2235 351 2263 Gott/torum
385 2237 570 2264 Cutlmlirorum
611 2247 726 2273 magnum
761 2249 846 2266 curant
883 2242 944 2276 gerit

151 2279 359 2315 Chrysustamus.
373 2297 410 2301 —
421 2283 550 2314 Quantum
573 2283 729 2310 Gotthorutn
749 2284 943 2312 Catholicorum

151 2327 385 2363 Constantinopoli
404 2329 554 2363 degentiutu
569 2338 657 2356 curam
671 2335 774 2365 gereret
785 2330 944 2366 ChrySOsto-

151 2379 234 2404 mus,
262 2374 377 2400 vidimus
407 2382 485 2408 supra
513 2375 544 2401 ad
570 2384 667 2402 annuat
691 2376 744 2404 599
762 2376 861 2412 (Epist.
887 2378 942 2413 Μ).

149 2415 268 2445 Gotthos
287 2419 358 2445 enim
386 2418 548 2453 Scripturam
574 2428 676 2447 sacram
698 2421 820 2449 Gottbice
846 2422 942 2457 legere,

148 2461 337 2499 Cotthumque
349 2465 528 2500 presbyterum
544 2474 572 2493 se
584 2471 713 2500 praesente
725 2467 847 2495 Gotthiea
857 2469 943 2503 lingua

148 2509 307 2535 concinnari
321 2509 412 2543 jussit,
434 2514 460 2535 et
478 2515 535 2544 post
548 2511 619 2537 illum
634 2511 690 2546 ipse
703 2511 795 2539 Grmce
808 2513 944 2541 conciona

149 2556 193 2578 tus
208 2557 264 2579 est.
286 2554 341 2582 Nec
363 2555 490 2582 minorem
511 2564 599 2583 curam
618 2558 727 2591 gerebat
746 2557 905 2586 Gotlhorum
919 2560 943 2586 in

149 2596 265 2624 Gotthia
294 2599 457 2633 degrtttimn.
489 2600 544 2627 Non
575 2602 608 2627 ita
631 2602 731 2636 pridem
762 2603 806 2629 illo
836 2604 945 2631 miserat

148 2642 177 2668 itt
206 2643 367 2677 episeoputn
398 2643 517 2677 Unilam,
548 2647 630 2673 virum
660 2647 862 2682 admirandum;
898 2650 944 2676 sed

147 2686 269 2720 Marses,
282 2688 375 2715 Gntthi
391 2690 520 2724 monachi,
535 2692 603 2725 apud
616 2700 682 2726 quos
695 2692 833 2727 Serapion,
846 2695 945 2729 episco-

150 2741 202 2767 pus
221 2733 372 2765 Heracleae,
388 2739 510 2768 perpetuo
520 2737 699 2770 delitescebat,
716 2739 943 2773 nuntiaveruntei,

150 2778 265 2806 Untlam
280 2779 391 2809 Obiiast',
408 2786 539 2813 postquam
559 2787 629 2808 tanto
644 2783 767 2818 episcopo
782 2784 857 2819 digna
871 2791 943 2820 gesta

564 1015 657 1034 merce:
679 1008 744 1035 enim
766 1013 808 1035 tua
829 1010 939 1036 numeris

735 87 824 114 NUNC
846 87 973 114 Ριιιιιιιιι
988 86 1184 114 ΑυοιιΝΑΤΑ.

1723 91 1774 118 258

987 145 1100 179 plurima
1122 144 1250 172 ediderat.
1271 144 1486 180 Moduariumque
1503 147 1643 174 diaconum
1658 149 1773 182 venisse,

985 190 1028 224 qni
1041 190 1065 216 id
1077 194 1239 222 narraverat,
1250 198 1279 216 ac
1291 191 1359 224 regis
1370 190 1526 218 Gotthorum
1538 192 1626 220 literas
1635 194 1774 228 afferebat,

987 233 1101 268 petentis
1116 239 1143 260 ut
1156 235 1294 269 episcopus
1305 235 1330 261 in
1342 235 1475 262 Gotthiam
1485 237 1642 264 mitteretur.
1658 239 1774 267 Metuens

986 279 1073 313 itaque
1096 278 1301 313 Chrysostomus
1323 287 1356 306 ne
1375 281 1498 308 Arsacias
1521 287 1547 308 et
1566 283 1607 310 sui
1629 284 1673 310 illo
1687 285 1775 311 statim

986 324 1140 358 episcopum
1155 325 1299 357 mitterent,
1315 325 1496 361 Olympiadem
1511 336 1540 355 ea
1554 329 1587 356 de
1605 337 1632 356 re
1647 335 1735 357 monet
1749 331 1774 357 in

987 369 1080 396 eadem
1103 369 1215 404 epistola
1228 369 1331 397 decima
1353 376 1455 406 quarta,
1477 377 1505 399 ut
1526 373 1584 400 illos
1600 375 1727 408 tantisper
1741 376 1776 401 ob

987 415 1102 441 hiemem
1124 420 1292 442 remoretur:
1307 424 1393 450 neque
1411 417 1480 443 enim
1496 418 1539 444 illa
1560 423 1714 453 tempestate
1730 427 1776 446 aut

987 459 1012 487 in
1028 460 1188 495 Bosporum,
1211 467 1255 488 attt
1274 461 1299 488 in
1316 462 1373 488 illas
1389 468 1476 496 partes
1498 464 1622 499 navigare
1644 470 1774 499 poterant.

989 505 1043 531 Duo
1060 505 1132 531 enim
1146 505 1207 533 inde
1221 506 1288 532 mala
1305 512 1499 541 conscquutura
1513 514 1598 541 erant,
1619 514 1646 536 ct
1658 511 1726 544 quod
1743 511 1776 536 ab

988 549 1038 576 illis
1053 551 1186 578 creandas
1203 552 1342 586 episcopus
1360 553 1404 580 ille
1415 558 1498 585 esset,
1514 555 1556 589 qui
1573 560 1611 582 tot
1629 557 1697 583 mala
1715 565 1774 591 per-

988 601 1166 629 petrat-erant,
1182 601 1208 622 et
1227 605 1240 622 a
1257 597 1351 631 quibus
1365 599 1448 625 creari
1464 599 1537 626 ttefas
1552 605 1637 632 esset;
1663 607 1688 627 rt
1706 601 1776 635 quod

988 641 1021 667 ab
1037 641 1086 668 illis
1100 647 1247 675 crearetur,
1263 644 1307 678 qui
1320 645 1457 678 probitatis
1470 646 1597 673 rationem
1613 647 1710 673 nullam
1729 647 1775 674 ha-

989 687 1090 714 berent.
1102 687 1197 722 Opera:
1212 690 1323 723 pretiuut
1337 696 1424 717 autctu
1437 691 1494 718 fore
1506 692 1578 725 dicit,
1594 693 1616 720 si
1629 693 1778 720 Moduarius

988 733 1054 760 cla:u
1070 737 1097 760 et
1111 734 1170 761 sine
1189 736 1298 768 strepitu
1313 743 1342 762 se
1356 738 1497 764 convenire
1510 738 1601 772 possit.

1024 778 1088 810 Quis
1107 778 1217 813 hujusce
1238 780 1333 814 negotii
1353 781 1438 808 exitus
1454 781 1531 809 fuerit
1548 790 1656 818 prorsus
1671 784 1776 817 ignora-

990 830 1069 849 mus:
1091 831 1151 850 nam
1178 824 1207 851 in
1230 825 1339 858 epistola
1365 833 1470 860 quoque
1488 827 1540 854 206
1559 828 1591 854 ad
1612 827 1777 855 Theoduluut

989 867 1130 896 diaconutn
1142 870 1223 897 missa
1236 869 1328 897 medim
1337 875 1363 898 et
1373 871 1526 905 asperrima:
1544 871 1637 899 hiemis
1649 878 1776 907 tempore,

991 914 1062 940 illum
1077 914 1137 942 huic
1150 916 1257 949 negotio
1270 916 1457 949 advigilantem
1476 917 1595 944 hortatur
1609 922 1636 945 ut
1652 919 1732 945 Deum
1747 926 1778 946 ea

990 961 1023 988 de
1034 967 1110 987 causa
1120 966 1252 994 precetur,
1267 965 1293 987 et
1307 968 1393 988 moras
1410 962 1476 988 trahi
1490 968 1573 990 curet.
1585 963 1624 990 Ad
1637 965 1778 990 monachos

991 1005 1103 1033 Gotthos
1126 1007 1151 1033 in
1171 1014 1233 1040 agro
1258 1006 1376 1033 l‘rotnoti
1397 1006 1524 1041 degentes
1544 1008 1637 1034 eodem
1661 1014 1780 1042 tempore

992 1051 1130 1086 epistolam
1153 1052 1225 1078 misit
1246 1052 1308 1083 107,
1331 1052 1442 1086 illosque
1476 1051 1567 1079 beatos
1593 1053 1718 1087 pr.t‘tH(‘:ll
1745 1054 1780 1079 ob

992 1105 1124 1124 :erumnas
1139 1103 1163 1125 et
1175 1098 1313 1125 molestias
1326 1098 1375 1125 sibi
1387 1098 1483 1130 illatas,
1498 1099 1621 1134 additque
1636 1100 1742 1134 pranuia
1753 1105 1780 1126 et

992 1151 1104 1170 coronas
1120 1144 1180 1170 talia
1196 1144 1355 1177 patientibus
1363 1145 1494 1179 apparari.
1509 1144 1547 1172 illi
1562 1152 1623 1172 vero
1633 1153 1712 1172 omne
1726 1150 1782 1171 stu-

992 1188 1063 1215 dium
1088 1189 1256 1222 exbibebant,
1279 1195 1306 1216 ut
1330 1190 1418 1217 nullus
1441 1190 1467 1216 iu
1492 1189 1602 1216 ecclesia
1623 1190 1780 1217 ththorutn

994 1234 1122 1261 tuntultus
1133 1235 1256 1261 oriretur.
1270 1234 1430 1262 Hortabatur
1440 1241 1528 1262 autem
1538 1235 1596 1261 illus
1611 1240 1639 1261 ut
1650 1235 1780 1268 negotium

993 1285 1118 1315 quantum
1133 1284 1255 1315 poterunt
1269 1281 1418 1308 extrahant.
1433 1280 1480 1307 llic
1493 1281 1562 1308 enim
1581 1288 1686 1318 semper
1698 1280 1783 1317 agitor

993 1325 1026 1351 de
1039 1325 1098 1351 novi
1112 1325 1228 1360 episcopi
1242 1327 1387 1353 creatione.

1030 1370 1056 1397 In
1077 1371 1169 1398 eadem
1191 1372 1301 1406 epistola
1317 1372 1418 1398 decima
1442 1379 1534 1408 quarta
1555 1374 1589 1400 de
1602 1374 1701 1401 iiilario
1715 1382 1782 1408 quo~

994 1416 1053 1443 dam
1067 1419 1193 1454 cp15copo
1203 1418 1257 1454 agit
1269 1417 1475 1455 Chryscstomus
1487 1440 1494 1452 ,
1507 1419 1550 1454 qui
1564 1427 1578 1445 a
1591 1427 1620 1446 se
1634 1427 1681 1453 per
1691 1419 1781 1446 literas

996 1463 1106 1499 petierat
1117 1466 1268 1492 facultatem
1282 1465 1394 1493 abeundi
1411 1466 1435 1492 in
1447 1466 1578 1492 civitatem
1592 1473 1665 1492 suam
1679 1487 1685 1498 ,
1703 1465 1780 1499 polli-

996 1510 1063 1537 citus
1073 1531 1080 1542 ,
1096 1511 1250 1545 compositis
1265 1511 1342 1538 rebus
1354 1531 1361 1544 ,
1379 1519 1407 1538 se
1418 1511 1450 1537 ad
1463 1511 1547 1545 ipsum
1564 1511 1780 1546 Chrysostmunm

996 1563 1164 1582 reversurum
1179 1564 1247 1582 esse.
1274 1556 1338 1589 Quia
1360 1563 1423 1582 vero
1443 1555 1500 1590 ejus
1515 1555 1655 1589 pricseulia
1670 1563 1720 1582 nou
1735 1563 1781 1590 pa-

997 1610 1053 1629 rum
1071 1602 1119 1636 ipsi
1134 1602 1205 1628 utilis
1220 1606 1286 1634 erat,
1300 1609 1360 1628 cum
1377 1602 1416 1627 vir
1426 1601 1484 1636 pius
1496 1606 1583 1633 esset,
1599 1601 1782 1635 constantique

996 1655 1027 1674 ac
1041 1647 1142 1674 fervido
1154 1647 1252 1679 animo,
1267 1655 1327 1674 eum
1337 1646 1541 1682 Chrysostomns
1555 1646 1672 1672 hortatus
1687 1646 1781 1677 fut-rat,

997 1698 1023 1719 ut
1037 1698 1174 1727 postquam
1193 1692 1237 1719 illo
1250 1691 1382 1727 profectus
1401 1691 1509 1723 fuisset,
1525 1691 1611 1718 statim
1628 1691 1660 1717 ad
1673 1699 1702 1718 se
1716 1691 1785 1717 tedi-

997 1743 1053 1771 ret;
1068 1743 1147 1773 atque
1159 1738 1339 1774 Olympiadem
1354 1738 1481 1773 rogatdct
1496 1745 1614 1772 operam,
1631 1741 1659 1764 ut
1672 1737 1782 1772 epistola

997 1793 1042 1811 sua
1058 1790 1084 1812 et
1098 1785 1221 1812 celeriter
1231 1789 1257 1812 ct
1270 1789 1326 1811 tuto
1342 1784 1389 1818 ipsi
1405 1783 1547 1816 reddatur,
1565 1783 1634 1818 quod
1649 1785 1704 1818 ipse
1717 1792 1782 1818 quo-

997 1839 1048 1865 qtte
1062 1831 1174 1857 Hilarius
1188 1830 1359 1864 peroptabat:
1375 1829 1398 1856 si
1413 1837 1476 1856 vero
1488 1837 1538 1855 non
1554 1829 1619 1856 adsit
1635 1829 1782 1865 Olympiadi

998 1876 1131 1903 Hclladius
1145 1876 1290 1911 presbyter,
1308 1875 1350 1910 qui
1364 1875 1489 1909 epistolas
1501 1882 1560 1901 suas
1576 1874 1676 1906 reddat,
1693 1879 1784 1901 monet

998 1921 1068 1947 illam
1080 1926 1107 1947 ut
1122 1928 1168 1955 per
1176 1921 1289 1954 aliquem
1300 1920 1457 1955 prudentetn
1470 1920 1553 1946 virum
1567 1920 1616 1946 illa:
1629 1920 1780 1947 reddantur.

996 1967 1062 1993 (Eum
1082 1967 1249 1993 Tillemoutio
1276 1971 1414 2001 putamus,
1442 1965 1510 1992 ltunc
1534 1965 1660 1992 Hilarium
1677 1973 1737 1992 csae
1749 1965 1783 1991 de

997 2020 1048 2046 quo
1070 2012 1126 2038 haec
1145 2011 1223 2038 verba
1245 2011 1344 2046 profert
1361 2011 1492 2044 Palladius
1508 2010 1629 2045 (Pallad.
1643 2010 1734 2045 Dia/0g
1748 2011 1756 2045 )
1775 2019 1782 2036 :

998 2057 1130 2089 Hilarius,
1153 2058 1190 2084 vir
1211 2062 1313 2083 sanctus
1329 2062 1352 2083 et
1372 2065 1465 2089 senex,
1491 2057 1515 2082 in
1539 2057 1652 2082 intimum
1675 2056 1783 2082 Pontum

997 2102 1084 2138 pulsus
1097 2107 1131 2129 est
1143 2124 1149 2134 ,
1167 2102 1248 2137 plagis
1262 2102 1376 2129 concisus
1386 2123 1392 2133 ,
1409 2110 1458 2128 non
1471 2111 1486 2128 α
1494 2102 1589 2137 judice.
1607 2102 1650 2128 sed
1661 2110 1676 2127 α
1691 2101 1763 2128 Clcro
1775 2109 1784 2127 :

997 2151 1038 2185 qui
1049 2150 1132 2176 decent
1143 2154 1164 2176 el
1178 2154 1232 2176 octo
1242 2149 1332 2176 abhinc
1341 2148 1414 2175 antris
1428 2157 1516 2182 panrnt
1529 2157 1576 2174 non
1587 2148 1703 2183 gustavit,
1715 2147 1782 2173 olera

996 2195 1051 2221 sola
1065 2200 1087 2221 et
1100 2197 1254 2229 frumentum
1269 2198 1365 2220 coctum
1375 2193 1459 2220 edens.

1031 2240 1129 2267 Pwuuii
1150 2239 1246 2265 laudes.
1260 2253 1296 2259 -—
1317 2237 1460 2273 Epistolam
1483 2238 1544 2265 item
1559 2237 1664 2271 scripsit
1678 2237 1730 2264 201
1750 2236 1781 2264 ad

997 2286 1130 2313 Paeonium
1144 2306 1150 2318 ,
1175 2285 1261 2311 virum
1283 2284 1371 2319 pium,
1395 2283 1445 2310 sibi
1461 2283 1691 2315 addictissitunm,
1713 2281 1781 2316 mqui

998 2331 1105 2366 verique
1117 2335 1261 2362 amantem,
1276 2329 1404 2363 dignitate
1420 2333 1599 2364 praestantem,
1611 2327 1656 2362 qui
1672 2327 1782 2354 multum

998 2375 1227 2409 Constantinopoli
1244 2378 1271 2401 et
1286 2375 1311 2401 in
1326 2374 1439 2408 Imperio
1454 2378 1508 2400 toto
1521 2377 1634 2408 poterat,
1650 2377 1676 2399 et
1691 2377 1782 2406 poten-

998 2423 1032 2449 tia
1045 2430 1092 2450 sna
1105 2425 1133 2448 ut
1147 2421 1324 2448 Christianum
1338 2419 1448 2446 decebat
1462 2418 1592 2445 utebatur.
1607 2417 1706 2444 Laudat
1721 2425 1783 2444 vero

998 2468 1069 2494 illum
1083 2476 1097 2494 a
1113 2467 1179 2499 zelo,
1194 2473 1208 2493 a
1220 2465 1351 2501 vigilantia
1364 2485 1371 2498 ,
1391 2464 1425 2491 ab
1438 2464 1518 2490 animi
1532 2463 1676 2495 laboribus,
1690 2471 1704 2489 a
1719 2463 1784 2489 fidu-

997 2513 1035 2540 cia
1047 2512 1201 2539 etlibertate
1215 2519 1263 2546 qua
1276 2510 1406 2545 episcopis
1417 2510 1559 2542 restiterat,
1571 2516 1629 2535 cum
1642 2508 1666 2535 id
1680 2513 1783 2543 tempus

998 2559 1163 2593 requireret,
1179 2556 1282 2583 tametsi
1297 2563 1356 2583 cum
1375 2555 1463 2582 debita
1479 2554 1677 2585 moderatione;
1698 2553 1783 2588 quod-

997 2611 1047 2637 que
1058 2624 1065 2636 ,
1086 2610 1145 2630 cum
1165 2601 1208 2629 alii
1223 2601 1336 2635 fugerint
1346 2621 1353 2633 ,
1375 2600 1418 2627 alii
1433 2599 1540 2634 relegati
1553 2599 1606 2626 sint
1616 2618 1624 2631 ,
1644 2599 1699 2633 ipse
1713 2599 1783 2624 solus

998 2655 1060 2681 stet,
1073 2649 1225 2683 nullumque
1238 2647 1338 2674 ordinis
1349 2646 1510 2674 desertorem
1525 2645 1580 2672 fieri
1592 2645 1669 2677 sinat,
1686 2652 1784 2678 eosque

998 2695 1076 2722 etiam
1090 2715 1096 2726 ,
1120 2693 1163 2728 qui
1187 2692 1396 2719 adversariorum
1421 2696 1509 2726 partes
1528 2689 1725 2725 sequebantur,
1748 2688 1781 2714 ad

998 2747 1058 2767 suas
1074 2739 1138 2766 mira
1154 2738 1282 2765 suavitate
1294 2737 1421 2764 traducat.
1436 2735 1509 2763 Illum
1523 2742 1587 2761 vero
1602 2734 1659 2761 ideo
1669 2733 1783 2759 maxime

999 2786 1114 2811 celebrat
1128 2805 1134 2816 ,
1151 2783 1220 2818 qttod
1235 2783 1260 2810 in
1277 2790 1329 2810 uno
1347 2781 1505 2808 constitutus
1518 2780 1574 2806 loco
1589 2778 1703 2805 universi
1718 2785 1783 2812 pene
