2032 3110
242 119 293 148 259
770 121 797 148 S.
818 120 956 148 JOANNIS
975 120 1212 149 tJlltYSOSTOMl
1232 121 1322 154 VITA,
1814 122 1866 150 940

242 182 371 202 terrarum
383 175 453 202 orbis
463 184 552 202 curatn
565 181 647 210 gerat,
663 176 809 202 Palmstiute
823 184 885 202 vero
901 184 1023 207 inaxnne,

240 220 382 248 Phoenicia:
396 225 422 248 et
436 220 544 247 Ciliciae.
570 220 700 254 Additque
716 221 868 248 l’alazstinos
881 225 908 248 et
921 222 1027 248 Phoeni-

239 274 283 294 ces
294 266 378 293 virum
393 266 426 293 ab
440 266 598 293 adversariis
618 267 728 293 missum
742 287 749 299 ,
765 275 859 301 nempe
877 268 1025 300 Arsaeium,

240 320 292 339 non
313 311 470 345 admisisse;
492 313 517 338 in
533 311 624 339 Cilicia
640 320 702 339 vero
714 313 852 348 episcopos
867 313 1024 340 Tarsensem

239 363 266 385 et
281 358 421 394 AEgcnscm
436 367 451 386 a
474 359 592 393 partibus
610 358 714 386 illorum
737 364 807 386 stare
819 380 826 391 ,
845 363 923 393 atque
937 364 964 385 ut
976 366 1025 385 au-

238 405 322 432 dierat
342 405 399 440 ipse
418 405 452 432 ab
472 405 557 432 amico
578 413 645 436 suo.
667 406 790 440 episcopo
816 405 1024 438 Castabalorum,

238 450 309 486 ipsos
320 458 334 476 ει
347 451 643 485 Constantinopolitanis
653 452 710 486 cogi
726 457 752 478 ut
771 452 873 478 illorum
896 451 1024 485 iniquitati

239 496 432 523 assentirentur
443 516 450 528 ,
470 496 516 523 sed
531 497 635 523 interim
651 501 739 523 tamen
753 497 885 523 resistere.
901 496 1026 523 Hortatur

237 550 318 575 porro
338 542 380 568 ille
395 542 542 573 Pu-anium,
558 547 585 568 tit
597 542 705 568 multum
720 541 902 568 sollicitudinis
918 547 943 569 et
956 541 1023 575 vigi-

238 586 327 613 lantia:
346 587 485 620 adhibeat,
501 595 553 621 quo
569 587 628 613 huic
644 587 722 613 etiam
738 587 803 621 parti
824 587 968 613 remedium
984 587 1023 612 af-

238 632 316 664 ferat,
328 638 355 659 et
364 632 396 660 ad
407 633 594 660 consobrinum
605 640 679 659 Sllutlt
692 632 859 660 Theodorum
870 633 1023 666 episcopum

238 677 337 704 scribat
353 686 359 704 :
373 678 418 712 qtti
439 678 542 705 \idctur
565 686 624 705 esse
647 678 802 705 Theodorus
824 678 1023 712 Mopsuestenus

237 723 346 749 Joannis
369 731 403 750 no
420 723 478 750 tria
495 731 576 758 puero
596 724 705 750 amicus.
727 723 893 750 Pharetrinm
917 723 1022 755 deinde,

237 767 427 795 Czesariensem
438 768 601 802 episcopum,
617 773 722 795 revocat
732 769 758 795 in
772 769 936 799 memoriam,
948 769 1023 802 cujus

238 812 326 846 iniqua
355 813 380 839 in
403 812 620 847 Chrysostomum
641 817 715 846 gesta
739 813 860 847 superius
887 813 1021 840 vidimus:

237 865 296 891 qua:
311 863 382 884 certe
403 858 501 883 nullam
523 858 623 884 veniam
639 857 816 884 merebantur.
832 859 866 885 At
885 865 944 884 cum
964 865 1023 892 prc-

237 903 336 937 sbyteri
347 905 404 937 ejus
418 908 444 929 et
458 903 549 930 Clerus
557 903 643 930 omnis
657 911 703 937 pro
712 903 902 939 Chrysostomo
910 908 1020 936 starent,

237 956 270 974 ue
290 955 340 982 qua
364 948 424 974 hinc
439 948 570 975 dissensio
584 949 715 980 oriretur,
738 949 872 975 Pteauium
891 948 1020 981 hortatur,

238 997 265 1019 ut
281 992 423 1026 prudenter
433 1000 481 1027 pro
495 1000 569 1020 more
579 1000 627 1020 suo
635 1001 694 1020 cum
705 993 755 1020 illis
767 998 836 1027 agat,
846 997 873 1021 et
885 993 1022 1021 Pbaretrio

236 1038 316 1068 dicat,
331 1037 459 1065 Joannem
470 1038 602 1065 audivisse
619 1039 688 1074 quod
703 1039 759 1072 ipse
773 1039 926 1066 Pharetrius
939 1040 1022 1066 multo

236 1082 269 1109 de
283 1083 314 1109 iis
327 1091 384 1118 qua:
399 1083 548 1110 acciderant
559 1083 651 1111 dolore
664 1083 814 1111 afticeretnr
825 1105 831 1117 ,
848 1092 880 1112 ac
894 1092 922 1112 se
946 1093 1020 1119 para-

237 1133 290 1153 tum
305 1135 363 1154 esse
375 1127 444 1154 dicat
457 1128 489 1155 ad
506 1128 610 1163 quidvis
625 1129 776 1163 patiendum
789 1149 796 1160 .
818 1134 845 1156 ut
860 1137 890 1156 ea
905 1139 963 1164 qu:e
977 1138 1021 1157 ne-

237 1171 302 1198 farie
312 1177 368 1198 acta
382 1171 485 1199 fuerant
496 1173 680 1200 emendentur.
700 1174 743 1200 Ait
757 1173 869 1209 denique
882 1182 911 1201 se
923 1175 1022 1209 optime

236 1216 325 1243 valere
337 1236 344 1248 ,
368 1224 399 1243 ac
415 1217 585 1245 vehementer
596 1223 687 1253 optare
700 1223 728 1246 ut
737 1218 794 1253 ejus
809 1227 953 1254 congressu
973 1221 1022 1248 t'rui

237 1260 330 1294 possit.

271 1304 337 1331 Cum
362 1305 496 1333 didicisset
517 1307 590 1334 illutn
614 1306 860 1344 Constantinopolin
887 1319 1020 1338 reversum

236 1359 305 1384 esse,
319 1353 464 1387 gratulandi
479 1361 557 1380 causa
568 1355 703 1388 epistolam
718 1355 766 1390 ipsi
778 1356 848 1384 misit
860 1357 926 1389 2'20;
942 1365 1022 1392 seque

235 1398 299 1425 dicit
317 1398 371 1433 jam
393 1406 444 1425 non
468 1399 494 1425 in
518 1401 656 1435 peregrina
678 1402 784 1436 regione
800 1403 899 1429 versari
917 1407 1020 1436 putare,

237 1444 421 1479 voluptateque
435 1444 576 1478 perfundi,
600 1454 651 1472 non
667 1447 736 1481 quod
752 1447 865 1482 dignitas
881 1449 918 1475 illi
939 1449 1022 1484 major

234 1490 356 1524 obtigerit
372 1498 379 1516 :
393 1489 545 1525 dignitatem
556 1491 626 1518 enim
641 1492 697 1526 ejus
710 1500 770 1520 esse
780 1494 874 1520 anima:
888 1495 1020 1528 virtutem,

235 1543 294 1569 qua:
307 1543 449 1570 numquam
464 1537 512 1571 ipsi
528 1537 624 1564 auferri
644 1539 745 1572 possit;
761 1548 841 1574 seque
861 1540 920 1568 ideo
933 1541 1022 1567 essu!-

237 1587 293 1608 Iat'e
307 1582 375 1616 quod
387 1582 444 1617 ejus
459 1583 558 1610 reditus
572 1592 692 1618 magnam
710 1585 802 1612 alferat
813 1587 1020 1614 consolationem

236 1627 267 1653 iis
281 1627 325 1662 qtti
340 1628 512 1661 vexabantur,
528 1629 725 1663 torquebantur,
737 1631 761 1657 in
775 1631 876 1658 vincula
898 1633 1022 1666 conjicie-

237 1672 331 1698 bautur
342 1693 349 1704 ,
363 1672 407 1706 qui
418 1672 451 1699 ad
465 1673 537 1700 ἰΙῙιιιιι
553 1678 683 1708 tamquam
699 1675 731 1701 ad
747 1675 900 1702 latissimum
919 1682 1021 1710 portum

236 1717 399 1751 Confugient.
420 1718 506 1744 Aliam
520 1727 625 1753 qttoqtte
639 1719 743 1746 Pmanio
755 1721 891 1754 epistolatu
906 1721 940 1748 93
953 1721 1020 1748 scri-

236 1762 309 1797 psit,
334 1762 408 1796 cujus
432 1767 535 1797 tempus
558 1772 590 1790 ne
603 1765 754 1798 conjectura
768 1765 874 1800 quidem
894 1766 1021 1801 assignari

236 1811 332 1843 potest.
351 1808 415 1834 Cum
429 1812 516 1834 autent
531 1808 673 1836 adversarii
687 1809 744 1843 ejus
759 1810 872 1838 maxime
884 1813 1020 1844 satvircnt,

234 1855 355 1889 aliosque
368 1853 424 1881 dire
436 1859 576 1887 vexarent,
593 1856 675 1889 magis
686 1855 814 1890 lugendus
828 1865 886 1884 esse
897 1857 961 1884 dicit
975 1865 1021 1885 eos

234 1901 279 1936 qui
291 1901 356 1927 mala
372 1900 520 1935 hujusmodi
537 1900 679 1934 inferrent,
694 1910 771 1936 qttam
787 1903 830 1938 qui
845 1908 999 1937 paterentur
1013 1913 1020 1930 :

237 1947 277 1972 his
289 1947 359 1973 enim
370 1954 483 1973 coronas
495 1967 503 1979 ,
518 1947 568 1973 illis
583 1946 711 1981 supplicia
727 1949 822 1982 parari.
837 1949 935 1975 Driude
949 1955 1022 1984 rogat

235 1992 268 2018 de
284 1992 432 2018 valetudine
445 1999 491 2018 sua
506 1993 645 2019 certiorem
661 2001 689 2020 se
705 1994 791 2020 faciat.

271 2037 462 2072 Cltrysostomus
482 2038 553 2065 exsul
563 2039 644 2074 gregis
667 2039 707 2066 sui
725 2048 810 2066 curam
826 2042 936 2075 gerit.—-
951 2041 1022 2068 Licet

235 2089 322 2110 autem
343 2084 417 2110 exsul
440 2088 466 2111 et
488 2083 714 2119 Constantinopoli
741 2087 831 2120 procul
854 2092 942 2119 esset,
970 2095 1020 2113 non

236 2128 365 2155 minorem
381 2133 467 2156 tamen
481 2129 530 2156 sibi
545 2130 681 2157 commissi
695 2131 780 2165 gregis
794 2139 884 2158 curam
900 2132 1018 2166 gerebat,

235 2172 444 2208 advigilabatque
467 2179 494 2201 ut
517 2174 662 2210 presbyteri
685 2181 711 2201 et
732 2175 823 2202 Clerus
838 2177 887 2202 sibi
901 2177 1022 2204 addictus

234 2227 283 2246 suo
299 2220 469 2255 fungerentur
487 2220 584 2248 ofﬁcio.
610 2221 650 2248 Ad
669 2221 836 2248 Theodorum
857 2222 976 2250 scribens
989 2223 1022 2250 de

235 2265 392 2300 negligentia
406 2265 514 2293 Salustii
533 2267 679 2301 presbyteri
699 2268 819 2301 queritur
833 2268 929 2303 (Epist.
945 2269 1019 2304 210),

234 2318 313 2346 quem
330 2312 476 2338 nuntiatum
492 2312 541 2339 sibi
559 2311 642 2338 fuerat
656 2313 697 2339 vix
718 2314 833 2348 quinque
855 2314 975 2341 homilias
988 2315 1020 2341 ad

235 2356 356 2384 Octobris
380 2364 463 2392 uSque
484 2365 603 2384 mensem
629 2358 772 2385 habuisse:
787 2363 865 2393 atque
886 2359 972 2393 ipsum
995 2364 1022 2387 ct

235 2403 408 2437 Theophilum
423 2403 624 2438 presbyterum,
639 2403 751 2430 alterum
764 2412 795 2430 ex
812 2404 932 2439 pigritia,
953 2405 1021 2432 alte-

236 2455 293 2474 rum
314 2455 368 2481 pra:
388 2453 458 2474 metu
472 2448 505 2474 ad
519 2448 661 2475 Collectam
683 2457 733 2475 non
753 2450 853 2476 venire.
879 2450 1021 2477 Salustium

235 2499 299 2518 vero
319 2492 436 2519 maxime
457 2492 570 2519 amicum
593 2500 669 2519 suum
694 2498 722 2520 ut
742 2495 913 2522 vehementer
925 2496 1021 2522 excitet

236 2541 358 2570 ιιι-ρθειιιιτ
377 2545 383 2562 2
403 2536 428 2562 ill
442 2541 512 2564 tanta
535 2538 604 2564 enim
621 2546 708 2565 reruni
729 2544 885 2574 tempestate
899 2548 1020 2575 magnam

233 2582 360 2609 exhibere
383 2582 562 2611 fortitudinem
577 2589 603 2612 et
622 2585 780 2620 vigilantiam
803 2591 925 2621 oportere
947 2587 1019 2613 dicit.

235 2628 333 2654 Eadem
348 2627 380 2655 de
392 2635 471 2656 causa
484 2629 517 2656 ad
531 2629 705 2665 Theophilum
720 2631 902 2666 presbyterum
919 2632 1020 2666 cpisto-

236 2674 288 2700 latr.
304 2672 355 2700 212
368 2674 439 2700 utisit
451 2694 459 2706 ,
481 2681 511 2701 se
528 2683 696 2710 summopere
717 2677 834 2704 doluisse
854 2677 1016 2713 signiﬁcans,

234 2719 302 2754 qttod
326 2719 369 2746 ille
382 2724 409 2746 et
423 2719 555 2747 Salustius
567 2729 627 2748 raro
641 2721 674 2748 ad
687 2721 830 2750 Colleetam
850 2723 1018 2756 accederent,

234 2769 261 2790 ut
273 2764 322 2791 sibi
336 2764 435 2792 dictum
446 2764 531 2792 fuerat
546 2774 553 2792 :
567 2766 588 2792 si
600 2773 642 2793 res
655 2774 730 2794 secus
741 2775 769 2793 se
783 2767 892 2795 haberet
904 2789 912 2800 ,
930 2768 954 2795 id
970 2769 1019 2795 sibi

235 2811 365 2837 nuutiaret
381 2818 388 2840 ;
409 2810 449 2836 sin
475 2818 565 2837 verum
587 2817 675 2843 esset,
693 2812 876 2847 negligentiam
890 2814 1018 2840 emenda-

1081 182 1132 203 ret.
1158 177 1198 204 Διὶ
1221 177 1362 205 Salustium
1383 178 1478 205 deinde
1498 178 1634 212 epistolam
1649 179 1718 205 misit
1731 180 1803 212 205,
1823 182 1864 208 ubi

1079 223 1170 250 eadem
1188 223 1242 251 fere
1253 225 1358 258 repetit,
1375 225 1460 258 ipsum
1474 232 1570 259 nempe
1584 225 1615 251 ad
1630 225 1770 252 Octobrem
1783 234 1864 260 usque

1079 276 1196 295 mensem
1223 269 1344 295 homilias
1364 270 1478 303 quinque
1501 274 1600 296 tantum
1618 269 1760 306 habuisse,
1776 270 1864 298 Theo-

1080 314 1179 347 philum
1196 321 1258 342 vero
1283 315 1380 341 nullam
1398 323 1403 340 :
1419 322 1452 341 an
1466 314 1491 341 id
1510 323 1600 342 verum
1624 316 1677 347 sit,
1702 315 1753 343 sibi
1769 316 1864 343 indicet.

1078 365 1168 394 rogat;
1191 365 1218 386 et
1238 361 1259 387 si
1282 368 1324 387 res
1348 361 1382 386 ita
1404 367 1433 387 se
1453 360 1565 394 habeat,
1589 366 1699 395 uterque
1711 362 1863 396 diligentius

1078 411 1133 431 rem
1149 409 1209 439 agat
1222 413 1229 432 :
1245 405 1306 436 Quis
1320 405 1384 431 enim
1394 425 1402 438 ,
1417 405 1517 440 inquit,
1533 406 1593 432 illos
1607 406 1676 432 venia
1693 407 1780 441 dignas
1801 415 1859 433 cen-

1077 454 1128 475 seat
1141 470 1147 481 ,
1168 449 1212 484 qui
1228 449 1288 475 dum
1305 450 1349 476 alii
1367 455 1488 476 uexantur
1502 450 1563 476 etin
1583 451 1699 477 exsilium
1720 452 1861 484 mittuntur,

1077 502 1154 528 neque
1165 495 1297 528 prwscntia
1318 503 1396 529 neque
1415 495 1530 521 doctrina
1544 504 1590 522 sua
1611 497 1703 530 popqu
1719 501 1863 530 tempestate

1072 539 1169 573 juctato
1182 547 1227 572 pro
1241 539 1306 565 ririlt
1320 548 1464 566 succurrere
1473 539 1594 566 student?

1111 584 1150 611 Ad
1173 584 1325 612 Severinum
1348 590 1375 612 et
1397 585 1534 612 Romulam
1554 584 1782 620 Constantinopoli
1803 593 1861 614 rer-

1076 635 1164 657 santcs
1176 650 1183 662 ,
1198 630 1335 664 epistolam
1355 631 1426 657 misit
1439 630 1492 658 219
1507 640 1513 657 :
1525 638 1589 665 quas
1602 638 1633 657 ex
1644 631 1767 658 diuturno
1781 631 1861 657 silen-

1077 674 1112 700 tio
1125 682 1234 708 carpere
1249 682 1299 701 non
1320 675 1415 707 atulet,
1433 675 1478 702 sed
1495 676 1554 710 quia
1569 675 1689 702 fortassis
1702 683 1733 702 ex
1747 676 1858 702 tabella—

1076 720 1173 746 riorum
1187 719 1294 754 penuria
1304 728 1333 748 se
1347 721 1470 754 epistolas
1481 721 1584 747 mittere
1595 729 1646 747 non
1661 728 1738 755 posse
1753 721 1860 748 dicturaa

1075 770 1160 796 erant,
1175 764 1316 792 Salustium
1331 766 1379 792 sibi
1395 765 1536 792 admodum
1551 765 1676 792 dilectum
1692 766 1798 799 iudicat,
1815 767 1860 800 qui

1075 810 1107 836 ad
1117 817 1174 837 eam
1190 818 1245 837 rem
1261 811 1323 845 ipsis
1338 819 1414 845 opem
1427 811 1498 838 ferre
1510 811 1743 844 possit.Valentino
1754 819 1859 846 quoque

1074 856 1179 890 scripsit
1189 856 1326 890 epistolam
1340 856 1392 883 ΞΠ
1405 865 1412 883 z
1427 865 1504 891 quem
1516 857 1613 889 laudat,
1624 857 1691 891 quod
1706 857 1736 884 ad
1753 858 1859 884 ferenda

1075 902 1233 936 pauperibus
1255 901 1370 928 subsidia
1398 903 1432 929 sit
1454 910 1560 936 semper
1579 908 1692 937 paratus.
1716 904 1781 937 Quia
1797 912 1859 930 vero

1075 946 1239 974 Domitianus
1262 947 1417 982 presbyter,
1433 948 1473 974 cui
1488 949 1657 974 commiserat
1675 948 1790 975 Joannes
1811 956 1858 975 uo—

1074 997 1128 1018 ster
1140 997 1168 1018 ut
1181 992 1317 1019 viduarum
1332 997 1358 1019 et
1380 993 1510 1026 virginum
1528 1001 1616 1020 curam
1634 1000 1754 1029 gereret,
1777 996 1859 1029 signi-

1076 1038 1198 1064 ﬁcaverat
1214 1037 1279 1072 ipsi,
1295 1037 1352 1064 illas
1364 1037 1432 1064 fame
1446 1038 1546 1070 vexari,
1562 1038 1595 1065 ad
1611 1038 1777 1066 Valentinum
1792 1047 1858 1066 con-

1075 1082 1138 1117 fugit
1152 1083 1354 1118 Clirysostomus
1367 1104 1374 1116 ,
1399 1083 1524 1118 illumque
1547 1086 1668 1111 obsecrat
1681 1091 1707 1112 et
1728 1090 1805 1118 orat,
1832 1090 1859 1112 ul

1075 1128 1223 1154 Domitiano
1233 1128 1327 1155 auxilia
1340 1128 1460 1155 conferat
1474 1150 1480 1161 ,
1495 1129 1622 1164 additque
1635 1137 1676 1162 ea,
1691 1138 1750 1164 qum
1765 1130 1789 1156 in
1807 1135 1859 1157 tam

1073 1173 1145 1208 gravi
1162 1179 1315 1208 tempestate
1327 1182 1357 1201 ac
1372 1175 1485 1209 procella
1500 1182 1658 1210 erogantur,
1684 1175 1775 1210 majori
1790 1183 1860 1202 mer-

1074 1219 1139 1246 cede
1151 1219 1253 1246 donari.
1275 1219 1401 1247 Pret-atur
1424 1221 1503 1247 etiam
1523 1225 1551 1247 ut
1565 1221 1596 1247 ad
1610 1228 1638 1247 se
1653 1221 1768 1252 scribat,
1790 1220 1859 1255 quod

1076 1264 1136 1291 huic
1160 1264 1280 1299 petitioni
1301 1266 1432 1292 annuerit.
1456 1265 1637 1301 Chrysostomi
1664 1266 1786 1300 precibus
1809 1273 1858 1292 an-

1074 1311 1162 1337 nuisse
1177 1310 1280 1338 videtur
1294 1311 1446 1338 Valentinus
1461 1320 1468 1338 :
1483 1321 1542 1338 itam
1555 1312 1579 1338 in
1592 1312 1701 1346 epistola
1718 1313 1748 1338 41
1763 1333 1770 1343 ,
1787 1317 1860 1346 post-

1073 1364 1152 1390 quam
1167 1356 1268 1384 dixerat
1281 1366 1310 1384 se
1322 1357 1390 1385 hanc
1405 1358 1507 1385 tertiam
1517 1358 1654 1393 epistolam
1666 1359 1780 1390 misisse,
1796 1366 1856 1385 cum

1076 1402 1131 1436 ipse
1146 1403 1243 1429 nullam
1265 1410 1280 1429 a
1291 1402 1432 1430 Valentino
1444 1404 1575 1438 acceperit
1585 1424 1592 1436 ,
1612 1404 1717 1438 adjicit,
1733 1411 1762 1431 se
1777 1403 1859 1438 probe

1073 1449 1141 1475 scire
1154 1456 1231 1482 eutn,
1248 1449 1293 1483 qui
1314 1448 1404 1476 literas
1424 1457 1485 1476 suas
1500 1449 1600 1482 attulit,
1624 1457 1682 1476 cum
1705 1449 1806 1476 honore
1825 1448 1859 1475 ab

1074 1494 1118 1521 illo
1133 1500 1271 1529 exceptum
1286 1495 1376 1526 fuisse,
1389 1501 1415 1522 et
1429 1496 1454 1522 in
1468 1495 1500 1522 iis
1514 1495 1602 1527 rebus,
1616 1503 1673 1530 qua:
1687 1502 1764 1529 opem
1777 1495 1858 1529 ipsius

1074 1542 1262 1576 requirebant,
1279 1550 1337 1576 qme
1350 1549 1456 1568 suarum
1470 1542 1583 1575 partium
1596 1546 1670 1568 erant
1684 1540 1837 1575 pra-stitissc
1851 1549 1857 1567 :

1073 1586 1107 1613 de
1121 1591 1219 1613 caetero
1233 1587 1354 1614 obsecrat
1366 1593 1392 1613 et
1406 1587 1523 1620 pluribus
1536 1592 1655 1621 precatur
1671 1590 1699 1612 ut
1711 1586 1799 1613 literas
1809 1585 1859 1612 sibi

1073 1632 1178 1658 mittere
1192 1639 1243 1658 non
1255 1632 1367 1658 desinat.
1390 1632 1455 1658 Cum
1471 1639 1550 1666 porro
1567 1632 1720 1658 Valentinus
1734 1631 1758 1657 in
1774 1630 1858 1657 hono-

1074 1677 1111 1703 ris
1135 1677 1244 1711 gradum
1269 1678 1420 1712 quempiam
1444 1683 1551 1705 cvcctus
1575 1678 1686 1709 fuisset,
1712 1684 1798 1711 neque
1832 1676 1856 1703 id

1073 1722 1264 1755 Chrysostomo
1285 1730 1331 1757 per
1352 1723 1442 1750 literas
1465 1724 1628 1755 nuntiasset,
1650 1723 1788 1757 epistolam
1809 1722 1858 1756 ipsi

1075 1770 1125 1797 “6
1142 1769 1257 1803 scripsit,
1277 1775 1355 1803 atque
1368 1769 1501 1803 redarguit
1514 1769 1601 1801 illum,
1619 1768 1688 1803 quod
1703 1776 1758 1795 rem
1773 1773 1860 1794 tanto-

1075 1824 1137 1851 pere
1152 1816 1200 1842 sibi
1217 1821 1317 1850 gratam
1341 1815 1373 1842 ab
1388 1815 1447 1841 aliis
1464 1815 1566 1842 discere
1587 1822 1680 1849 passus
1702 1815 1753 1846 sit,
1773 1821 1858 1847 neque

1073 1862 1122 1889 sibi
1148 1861 1294 1895 scripserit.
1320 1860 1415 1887 Veram
1437 1860 1542 1894 quidem
1557 1860 1709 1894 dignitatem
1726 1866 1785 1885 esse
1796 1859 1859 1884 dicit

1073 1908 1167 1934 anima:
1185 1908 1326 1938 virtutem,
1343 1906 1389 1933 sed
1403 1906 1463 1940 quia
1481 1906 1537 1940 ipse
1552 1905 1641 1932 mundi
1664 1904 1809 1931 honoribus
1825 1903 1858 1930 ad

1073 1953 1210 1979 utilitatem
1225 1952 1294 1978 illius
1315 1952 1351 1978 uti
1374 1951 1523 1984 didicerat,
1545 1958 1596 1985 quo
1618 1949 1750 1984 potentior
1763 1949 1855 1981 evasit,

1073 2007 1104 2026 eo
1118 1998 1194 2025 latior
1206 2003 1297 2033 portus
1309 1998 1447 2032 egentibus
1459 1997 1598 2024 efficietur.

1109 2044 1243 2079 Philippus
1264 2048 1290 2071 ct
1314 2043 1471 2078 Euthymius
1495 2042 1642 2077 presbyteri
1665 2041 1762 2068 scholis
1783 2041 1853 2068 Cou-

1073 2090 1240 2124 stantiuopoli
1256 2094 1402 2123 prmerant;
1416 2097 1528 2123 cumque
1543 2097 1572 2115 ea
1585 2109 1592 2121 ,
1612 2096 1661 2123 qua
1676 2087 1786 2115 decebat
1797 2108 1804 2119 ,
1819 2087 1858 2114 di-

1073 2136 1149 2162 cendi
1165 2136 1285 2162 libertate
1300 2135 1339 2161 usi
1355 2135 1483 2166 fuissent,
1505 2142 1539 2161 ex
1563 2133 1660 2160 scholis
1679 2133 1754 2167 ejecti
1771 2132 1855 2159 fuere.

1073 2182 1275 2216 Chrysostumus
1296 2189 1358 2208 vero
1381 2180 1504 2215 epistolas
1527 2180 1632 2214 scripsit
1650 2179 1704 2206 2l5
1724 2179 1856 2213 Philippo,

1073 2226 1125 2253 218
1147 2226 1299 2262 Euthymio.
1327 2226 1475 2260 Philippum
1499 2233 1562 2252 vero
1585 2225 1687 2259 arguit,
1713 2224 1784 2259 quod
1807 2224 1856 2250 sibi

1074 2272 1162 2298 literas
1181 2280 1232 2298 non
1254 2271 1371 2304 miserit;
1393 2277 1532 2305 utrumque
1545 2272 1715 2303 consolatur,
1740 2271 1806 2297 hanc
1816 2270 1857 2305 ja-

1073 2321 1174 2342 cturam
1200 2316 1290 2342 dicens
1313 2317 1338 2342 in
1365 2316 1495 2343 mercedis
1517 2316 1603 2342 locum
1629 2316 1719 2342 haberi
1746 2315 1856 2342 debere.

1073 2360 1203 2387 Plurimos
1217 2368 1280 2387 vero
1295 2360 1361 2386 alias
1374 2361 1481 2394 scripsit
1495 2361 1619 2394 epistolas
1634 2361 1666 2386 ad
1690 2361 1857 2395 presbyteros

1073 2407 1198 2435 Severum
1214 2407 1275 2437 101,
1294 2407 1417 2434 Acacium
1431 2407 1493 2439 £08,
1507 2406 1689 2434 Sebastianum
1704 2405 1768 2436 2M.
1782 2406 1858 2432 Pola.

1072 2455 1143 2488 giqu
1161 2453 1212 2480 215
1222 2473 1230 2485 ,
1244 2453 1410 2479 salutationis
1425 2457 1525 2479 tantum
1541 2457 1567 2479 et
1579 2453 1700 2479 amicitiae
1713 2453 1788 2486 signa
1804 2459 1858 2486 pra:

1073 2508 1101 2526 se
1123 2499 1257 2530 ferentes;
1284 2505 1369 2532 neque
1398 2498 1495 2532 percipi
1521 2501 1607 2530 potest
1633 2497 1707 2529 cuius
1731 2496 1857 2523 Ecclesia:

1073 2544 1217 2579 presbyteri
1227 2548 1323 2569 essent.
1335 2541 1493 2577 Symmacho
1502 2547 1589 2569 autem
1599 2543 1754 2577 presbytero
1761 2541 1856 2576 ngist.

1073 2590 1117 2623 45)
1130 2609 1137 2621 ,
1151 2589 1194 2623 qui
1210 2588 1287 2622 longo
1303 2587 1441 2614 inter-Vallo
1454 2595 1469 2614 τι
1484 2595 1513 2614 se
1530 2587 1662 2620 distabat,
1685 2592 1711 2613 et
1732 2587 1857 2612 :ri'umnis

1073 2634 1274 2670 oi-pritnebatur
1286 2655 1293 2666 ,
1315 2634 1372 2661 haec
1394 2634 1582 2660 consolationis
1602 2634 1682 2660 verba
1701 2633 1764 2659 dit'il
1781 2632 1856 2659 :Nou

1073 2688 1168 2706 novum
1180 2685 1205 2706 et
1221 2684 1413 2714 pra‘posterum
1426 2687 1485 2706 esse
1497 2700 1504 2711 ,
1523 2679 1544 2705 si
1564 2679 1585 2705 is
1597 2679 1639 2712 qui
1655 2683 1795 2712 angustum
1809 2678 1856 2704 iter

1073 2729 1144 2751 tenet
1160 2729 1303 2758 prematur,
1317 2724 1362 2751 sed
1378 2724 1428 2750 iter
1443 2724 1591 2757 hujusmodi
1607 2723 1639 2750 ad
1652 2730 1774 2754 coronas.
1791 2730 1856 2756 prte-

1073 2770 1123 2796 mia
1137 2774 1161 2796 et
1175 2774 1272 2796 utlt'l'na
1285 2769 1352 2796 bona
1367 2769 1473 2796 dueere.

1110 2814 1267 2849 Olympiadis
1290 2814 1367 2840 animi
1389 2815 1503 2848 ﬁrmitas.
1518 2829 1551 2832 —
1573 2813 1726 2848 Olympias,
1754 2815 1860 2849 qumde
