2032 3110
165 93 214 120 9-H

166 148 299 181 inccndio,
313 154 341 175 ut
352 148 405 183 jam
420 148 517 176 dictum
534 148 598 181 iuit,
615 148 803 180 accusabatur,
817 148 850 174 ab
864 147 951 174 inimi-

165 193 204 220 cis
224 192 407 228 Chrysostomi
429 193 494 220 diris
516 194 690 220 exercebatur
714 193 851 221 molestiis.
875 192 953 219 Minre

166 245 235 272 saepe
260 238 458 265 intentabantur
474 247 480 264 :
494 238 528 265 de
549 246 628 272 opum
646 238 748 272 jactura
763 258 770 270 ,
794 237 828 264 de
849 237 950 269 exsilio,

168 284 219 310 into
233 283 267 310 de
283 287 369 310 morte
383 283 517 317 agebatur.
533 283 629 310 Verum
644 283 688 310 illa
700 282 882 318 Chrysostomi
896 289 954 309 mo-

168 328 228 355 nitis
242 333 268 356 et
284 328 368 355 literis
383 329 504 355 roborata
514 349 521 361 ,
535 327 592 355 haec
606 328 694 356 omnia
710 328 851 364 tranquillo
863 328 953 355 animo

168 373 266 400 terebat
276 394 282 404 ,
299 377 326 400 et
341 373 467 407 majorem
481 374 508 400 in
521 373 577 400 dies
595 373 676 400 animi
693 373 843 400 ﬁrmitatem
858 380 948 401 conse«

166 419 303 452 quebatur.
314 418 397 452 Quam
409 427 465 446 rem
478 427 538 446 cum
549 427 607 446 com
612 420 722 454 perisset
734 419 950 455 Chrysostnmus,

167 463 305 498 epistolam
320 463 356 490 illi
368 463 438 490 ιιιίδίι
454 464 582 491 decimam
599 465 736 499 septimam
748 485 755 496 ,
771 464 814 491 ubi
832 465 951 491 lucuhrn‘

167 515 206 537 ter
226 514 324 537 tantam
346 510 426 536 animi
450 511 645 543 constantiam,
672 510 698 536 in
715 510 835 537 adversis
856 510 950 536 alacri-

167 559 246 582 tatem
259 577 266 588 ,
288 555 321 582 ad
343 556 431 582 omnia
450 555 507 582 dira
521 555 684 591 adversaque
700 561 817 590 paratam
832 556 952 583 laudibus

165 601 292 629 celebrat.

200 647 326 674 Pentadia
341 655 444 682 quoque
460 647 552 674 iisdem
565 647 640 682 queis
655 648 789 684 Olympias
802 669 809 681 ,
831 649 883 676 imo
898 648 953 676 ior—

165 696 234 718 tassc
256 692 402 726 majoribus
422 693 540 728 exposita
562 693 705 726 :erunmis,
729 694 834 722 fortiter
853 695 910 721 illas
925 700 952 722 et

165 738 357 772 imperturban
381 739 470 765 animo
490 738 609 773 ferebat,
635 744 662 766 ut
683 740 778 775 legitur
793 741 818 767 iu
837 741 951 775 epistola

163 782 196 809 91
211 791 218 809 :
232 784 308 817 cujus
330 783 373 810 hic
392 784 510 818 quasdam
531 784 663 812 atterendo
683 785 806 812 videntur
824 795 829 812 :
844 785 951 818 Ecquorl

163 827 311 854 insidiarum
325 834 349 855 et
369 829 541 856 machinarum
561 838 638 865 genus
660 831 948 865 pra'terntiserunt

163 873 195 899 In
209 875 291 908 forum
306 879 343 906 te,
368 883 425 910 qua:
444 881 534 909 praeter
548 876 676 903 ecclesiam
689 881 711 903 ct
725 877 866 904 cubiculum
887 878 951 905 nihil

164 927 248 950 noras,
265 924 459 954 pertraxerunt;
473 929 488 947 a
502 922 558 956 [ora
571 922 604 948 ad
617 922 752 949 tribunalia
763 943 770 956 ,
787 931 802 949 α
818 923 951 950 tribunali-

164 966 208 992 bus
222 966 256 991 ad
269 974 405 993 carcerem.
430 966 565 994 Falsorum
584 968 681 994 testium
697 968 795 1004 linguas
817 974 947 1002 aruerunt,

163 1011 330 1045 impudentem
343 1013 496 1039 calumniam
515 1014 695 1040 concinnartmt
706 1035 712 1047 ,
729 1015 808 1041 ca'des
822 1020 950 1050 perpetra-

163 1061 230 1089 runt,
246 1058 342 1084 cruoris
357 1063 476 1085 torrentes
493 1059 657 1094 profuderunt
670 1081 676 1092 ,
692 1059 742 1094 igni
753 1069 781 1086 ac
796 1061 862 1094 ferro
873 1061 949 1095 juve-

163 1109 220 1127 uum
238 1110 344 1136 corpora
356 1109 582 1138 consumpserunt,
598 1105 683 1132 multis
702 1113 732 1131 ac
747 1105 876 1140 prterlaris
890 1106 949 1132 viris

162 1147 304 1174 innumeras
319 1149 407 1183 plagas
421 1154 443 1175 et
455 1151 580 1177 cruciatus
593 1151 731 1177 ittlult’l'ﬂttl
742 1172 749 1184 ,
766 1152 863 1178 nullum
879 1152 949 1178 deni-

161 1200 211 1226 que
224 1192 329 1226 lapidem
342 1203 390 1220 non
405 1200 543 1227 moverunt,
558 1204 606 1229 quo
619 1201 641 1222 te
654 1201 720 1222 metu
732 1197 888 1232 perterritant
901 1197 949 1223 huc

161 1237 298 1273 adigerent,
312 1244 337 1266 ut
347 1240 377 1266 iis
388 1249 443 1274 qum
452 1241 550 1268 videras
560 1243 687 1268 contraria
701 1242 805 1269 diceres.
826 1243 857 1269 At
868 1248 894 1269 tu
909 1244 948 1269 itt-

159 1288 213 1309 slar
225 1284 315 1318 aquin
333 1284 440 1312 sublime
456 1286 571 1318 volantis,
596 1295 680 1314 eorum
698 1287 790 1314 retibus
800 1289 898 1323 fractis.
914 1289 948 1314 ad

159 1327 279 1355 libertatis
290 1330 421 1364 fastigium
433 1331 516 1357 virtuti
528 1336 578 1358 tua?
585 1337 778 1358 consentaneum
793 1332 928 1359 ascendisti
937 1340 946 1359 :

158 1373 193 1400 sic
205 1379 228 1401 te
237 1383 389 1410 comparans
403 1397 409 1408 ,
426 1381 453 1404 ut
463 1377 494 1403 ab
506 1377 567 1411 ipsis
582 1378 683 1403 minime
695 1377 947 1409 circuntscribcreris;

157 1418 206 1445 imo
228 1421 303 1446 etiam
317 1441 324 1452 ,
347 1428 469 1454 quantum
483 1422 517 1448 ad
530 1422 606 1457 hujus
619 1423 729 1449 incendii
743 1423 835 1450 crimen
855 1414 947 1450 attine-

155 1463 208 1496 bat,
220 1465 295 1499 cujus
310 1466 410 1492 nomine
420 1467 503 1493 miseri
513 1472 585 1502 atque
596 1467 706 1503 infelices
716 1469 829 1495 homines
838 1469 947 1496 δτι-πίνω

154 1509 348 1543 gloriabantur,
372 1519 414 1538 eos
431 1511 564 1539 calumnia:
585 1514 751 1540 rouriucercs.
774 1514 818 1541 Sic
833 1514 904 1541 iilam
920 1515 945 1541 in

155 1557 206 1579 tota
223 1555 338 1588 epismla
355 1555 474 1583 laudibus
489 1557 614 1584 celebrat.

187 1599 215 1626 ln
239 1601 324 1628 altera
345 1610 466 1636 qunque,
483 1611 560 1637 qnatn
576 1603 608 1630 ad
624 1605 705 1638 ipsam
719 1605 788 1631 misit
802 1626 809 1637 ,
834 1605 944 1639 epistola

153 1643 204 1671 10$
219 1645 295 1672 illam
319 1647 428 1680 perinde
443 1649 571 1674 encomiis
588 1654 708 1676 exornat.
731 1649 860 1682 Quoniam
882 1658 945 1677 vero

151 1691 272 1718 audierat
290 1692 364 1719 illam
377 1692 410 1720 de
422 1693 540 1720 discessu
554 1694 587 1721 ab
600 1695 665 1723 urbe
684 1696 801 1730 cogitare
813 1716 820 1729 ,
840 1696 873 1722 ab
889 1696 944 1730 ipsa

150 1737 212 1770 petit
236 1746 272 1766 ne
296 1738 333 1766 de
350 1746 380 1766 re
404 1739 555 1773 huiusmodi
577 1741 692 1775 cogitare
717 1745 808 1776 pergat
824 1750 830 1768 :
846 1742 942 1776 primo,

148 1783 217 1815 quod
233 1784 395 1811 concivibus
408 1785 553 1812 subsidium
571 1792 641 1813 esset
654 1791 680 1814 et
698 1787 885 1814 adminiCulum
902 1788 943 1820 iis,

147 1829 189 1861 qui
210 1829 236 1855 in
259 1829 402 1857 laboribus
422 1831 614 1864 versabantur;
637 1833 771 1865 secundo,
797 1833 866 1867 quod
882 1833 943 1860 anni

148 1877 254 1908 tempus
272 1875 301 1902 id
326 1875 414 1903 facere
429 1884 480 1903 non
495 1877 678 1912 permitteret:
694 1886 754 1906 cum
769 1879 839 1906 enim
857 1879 940 1906 imbe-

145 1919 255 1947 cillitate
282 1922 411 1955 corporis
443 1923 595 1957 laboraret,
617 1923 711 1951 hiemis
734 1928 853 1959 tempore
872 1929 897 1951 et
918 1926 943 1952 in

145 1968 216 1991 tanL't
231 1966 255 1993 vi
273 1967 385 2001 frigoris
403 1967 495 2002 pedem
512 1977 618 1996 movere
633 1978 684 1996 non
696 1969 819 1997 debebat.

178 2011 384 2046 Cltrysos30mul
408 2013 433 2040 in
453 2014 566 2040 morbum
588 2015 686 2042 incidit.
701 2030 737 2034 —
751 2015 839 2043 llicuts
854 2021 941 2043 autem

143 2055 188 2083 illa
204 2058 318 2091 gravior
333 2058 420 2094 (Anno
432 2059 495 2094 405)
506 2081 512 2090 ,
527 2067 605 2094 quam
621 2060 722 2087 solebat
742 2060 790 2087 fuit
801 2081 808 2093 ,
832 2067 860 2088 ut
879 2061 945 2089 dicit

143 2101 198 2134 ipse
220 2103 441 2138 Chrysostomus
459 2112 502 2138 ep.
520 2105 537 2132 6
549 2105 581 2132 ad
599 2105 792 2141 Clympiadem.
819 2106 944 2141 Ingrave-

142 2153 233 2174 srcuto
256 2154 354 2176 antem
379 2149 473 2184 frigore
492 2151 517 2176 in
541 2151 663 2178 morbum
679 2151 723 2178 ille
739 2150 844 2185 incidit,
868 2153 902 2180 ita
916 2157 944 2180 ut

143 2193 172 2218 ad
189 2201 282 2227 por:an
304 2203 396 2229 usque
417 2196 509 2222 mortis
522 2217 528 2228 ,
548 2197 648 2231 inquit,
670 2198 830 2230 accesserit,
852 2206 883 2224 ac
897 2206 944 2232 per

143 2239 207 2266 duos
221 2249 335 2267 menses
353 2241 382 2267 in
397 2241 465 2268 lecto
476 2242 630 2269 decubucrit
642 2264 649 2276 ,
665 2243 796 2270 stomachi
812 2248 838 2271 et
850 2245 943 2278 capitis

143 2284 279 2315 doloribus
289 2309 298 2319 ,
315 2286 476 2320 vomitibus,
494 2289 631 2315 insomniis
644 2289 810 2316 excruciatus
827 2299 832 2316 :
847 2294 943 2316 cartera

143 2337 228 2358 autem
244 2332 424 2367 a-gritudinis
437 2333 603 2360 incommoda
617 2334 735 2368 pluribus
750 2334 793 2361 ille
807 2334 941 2361 describit.

143 2375 189 2404 Ubi
212 2384 304 2406 autem
328 2386 385 2406 ver
408 2378 533 2412 advenit,
559 2380 721 2414 mutatioque
742 2380 832 2410 aeris.
855 2380 945 2406 omnia

143 2430 236 2456 sponte
249 2424 362 2459 dilapsa
380 2428 464 2455 sunt;
481 2423 515 2450 ita
531 2430 617 2451 tamen
638 2429 666 2451 ut
685 2432 778 2459 magna
793 2425 841 2458 ipsi
857 2424 944 2451 adhuc

144 2468 167 2496 in
181 2470 267 2497 vietus
281 2471 394 2497 ratione
404 2476 467 2496 cura
480 2477 546 2504 opus
557 2475 635 2497 esset.
649 2470 792 2505 Postquam
803 2470 860 2497 hzec
867 2470 942 2503 dixit,

143 2515 174 2541 ad
187 2515 380 2550 Olympiadem
399 2522 550 2542 sermonem
573 2516 720 2548 convertit,
741 2523 820 2550 quam
845 2515 943 2549 ingenti

144 2563 239 2589 amoris
253 2567 280 2589 et
304 2560 436 2589 caritatis
456 2561 551 2588 all'cetu
566 2569 594 2588 se
608 2562 730 2596 prosequi
746 2561 872 2588 declarat.
900 2561 943 2588 Illa

145 2614 202 2634 vero
213 2615 323 2643 quoque
332 2606 412 2642 gravi
429 2607 524 2634 morbo
533 2614 668 2641 oppressa,
681 2608 707 2634 in
721 2612 866 2634 extremum
882 2607 943 2634 vitae

145 2654 286 2685 periculum
319 2655 459 2682 venerat;
487 2652 535 2679 sed
559 2659 618 2679 eum
644 2652 851 2687 Chrysnstomus
876 2652 950 2688 hanc.

143 2698 177 2725 illi
191 2699 334 2734 epistolam
354 2697 496 2730 scripsit,
517 2697 655 2724 commoda
675 2697 826 2725 valetudine
840 2697 944 2724 frueba-

145 2747 195 2770 tur.
208 2744 296 2779 Ipsam
310 2750 399 2779 porro
414 2741 529 2768 summis
543 2741 663 2770 laudibus
676 2742 788 2774 extollit,
805 2742 874 2777 quod
891 2749 942 2768 non

149 2788 226 2816 modo
239 2798 283 2818 res
300 2796 356 2817 iam
374 2788 509 2815 adversas
525 2787 584 2814 torti
597 2793 621 2814 et
634 2788 765 2816 constanti
786 2788 875 2815 animo
891 2789 941 2814 ter-

757 91 846 120 lVUNC
867 89 995 118 PRIMUM
1015 90 1208 117 ADORNATA.

1737 91 1790 118 2t?

1006 151 1045 173 ret
1057 167 1063 178 .
1080 147 1125 173 Sed
1143 154 1188 174 cas
1211 147 1290 174 etiam
1311 155 1359 181 pro
1378 147 1461 174 nihilo
1482 153 1603 182 putaret,
1626 148 1743 182 aliosque
1757 149 1790 176 ad

1005 191 1076 226 paria
1090 192 1233 218 certamina
1250 197 1375 225 acueret,
1390 197 1416 219 et
1429 192 1624 228 philosophiam
1638 194 1709 220 omni
1726 198 1790 220 tem-

1005 240 1107 270 pestate
1119 237 1282 271 superiorem
1293 237 1388 272 adepta
1403 241 1483 265 esset.

1041 281 1199 316 Olympiadis
1208 283 1286 309 virtus
1297 288 1319 310 et
1333 283 1409 309 animi
1422 283 1538 317 ﬁrmitas.
1548 298 1583 303 -——
1591 283 1656 310 Huic
1669 284 1789 318 epistola:

1005 327 1203 360 responsionem
1226 328 1353 354 modestia
1379 329 1482 362 plenam
1508 329 1580 356 misit
1596 329 1742 364 Olympias,
1759 338 1790 357 se

1005 380 1056 399 non
1083 377 1209 408 tropmnm
1232 374 1349 401 erexisse
1374 375 1484 408 dicens,
1506 382 1558 401 non
1585 375 1721 402 victoriam
1749 384 1791 404 re-

1005 418 1111 451 tulisse,
1130 427 1178 446 ncc
1202 427 1326 447 coronam
1348 421 1470 456 adeptam
1494 429 1563 449 esse.
1579 422 1691 456 Repouit
1711 422 1791 457 Chry-

1003 471 1137 491 sostomus
1171 465 1196 492 in
1229 465 1340 500 epistola
1367 466 1497 500 septima,
1526 471 1609 493 totum
1637 467 1728 494 orbem
1764 467 1789 493 id

1004 510 1153 543 allirmare,
1177 511 1245 545 quod
1266 511 1322 546 ipse
1342 513 1368 538 in
1390 512 1500 546 epistola
1521 513 1657 546 superiore
1676 512 1789 542 dixerat.

1004 560 1030 583 et
1053 556 1150 591 ubique
1176 562 1305 584 terrarum
1333 558 1457 592 prteelara
1473 557 1636 593 Olympiadis
1655 564 1728 593 gesta
1743 558 1791 584 de-

1003 602 1119 634 cantari;
1136 602 1195 629 licet
1211 603 1281 629 enim
1297 610 1348 629 uno
1364 603 1389 629 in
1411 602 1470 630 loco
1485 610 1528 629 res
1542 608 1599 630 aeta
1617 603 1710 635 luerit,
1731 611 1789 630 eam

1004 650 1091 673 tatncn
1121 647 1153 674 ad
1182 648 1308 674 terminos
1335 647 1407 675 orbis
1433 649 1591 682 pervasisse.
1614 647 1698 682 Ipsam
1726 655 1791 675 vero

1003 693 1095 720 merita
1123 699 1149 720 et
1179 695 1278 728 palmas
1302 695 1434 722 auctiores
1462 694 1609 721 reddidisse
1638 702 1669 721 cx
1697 694 1789 721 mode-

1002 739 1051 766 stia
1065 747 1111 766 sua
1127 744 1153 766 et
1165 739 1244 766 animi
1258 740 1429 767 demissione.
1443 739 1537 767 Narrat
1551 740 1646 767 deinde
1659 740 1791 774 quomodo

1003 784 1086 818 patria
1102 785 1221 820 expulsa,
1236 786 1325 818 domo,
1342 786 1434 812 amicis
1448 791 1474 813 et
1486 787 1605 821 cognatis
1618 787 1726 816 relictis.
1740 787 1789 812 alia

1001 831 1089 863 gravia
1105 836 1281 865 exspectaret,
1295 831 1340 858 Dei
1353 836 1440 858 tatncn
1451 840 1557 866 semper
1569 832 1680 867 gloriam
1697 832 1791 866 praedi-

1002 876 1110 902 caverit.
1127 876 1237 903 Demum
1251 877 1314 904 dicit
1333 877 1423 912 pejora
1438 878 1464 904 in
1480 878 1630 905 conditione
1652 885 1698 905 eos
1715 885 1789 910 esse.

1001 922 1045 957 qui
1068 927 1138 949 tanta
1154 924 1222 950 mala
1239 924 1355 950 inierunt
1366 944 1373 956 ,
1390 932 1467 959 quam
1481 932 1527 951 eos
1542 925 1584 959 qui
1601 925 1643 951 illa
1658 932 1716 951 cum
1731 932 1790 959 gra-

1002 968 1096 995 tiarum
1120 969 1224 996 actione
1237 969 1387 1004 patiuntur;
1405 970 1459 996 imo
1473 977 1537 997 vero
1552 971 1578 996 hi
1591 971 1696 997 coronis
1709 970 1790 997 desti-

1002 1018 1108 1045 nantur,
1121 1013 1225 1048 illisque
1238 1015 1367 1049 supplicia
1383 1019 1509 1048 parantur
1522 1024 1528 1042 :
1545 1014 1624 1049 idque
1637 1020 1790 1042 sanctorum

1001 1058 1123 1092 exemplo
1147 1058 1232 1092 palam
1258 1058 1346 1086 facere
1368 1059 1472 1093 satagit.
1488 1059 1558 1086 inter
1579 1059 1646 1086 mala
1662 1059 1702 1086 illa
1716 1060 1790 1094 ponit

1000 1104 1158 1130 calumniam
1172 1125 1178 1136 ,
1200 1104 1233 1131 de
1247 1111 1297 1139 qua
1314 1104 1418 1131 beatam
1431 1105 1614 1140 Olympiadem
1628 1104 1660 1131 ad
1676 1105 1790 1132 tribunal

1000 1148 1139 1175 adductam
1156 1150 1349 1182 incusaveraut,
1364 1149 1433 1184 quod
1450 1149 1570 1176 videlicet
1581 1149 1638 1184 cjus
1651 1156 1731 1185 opera
1744 1157 1790 1176 ce-

999 1193 1078 1220 etesia
1092 1193 1198 1220 incensa
1215 1193 1315 1221 fuisset.

1037 1238 1168 1274 Olympias
1180 1238 1398 1275 Constantinopoli
1420 1240 1493 1275 pulsa
1517 1241 1574 1275 fuit.
1585 1240 1694 1267 —-llinc
1707 1240 1789 1275 liquet

1000 1284 1068 1311 lianc
1081 1285 1217 1319 epistolam
1229 1286 1357 1319 scriptam
1373 1286 1454 1312 fuisse
1465 1307 1473 1319 ,
1493 1292 1632 1320 postquam
1653 1285 1790 1321 Olympias-

998 1330 1225 1365 Constantinopoli
1241 1331 1314 1365 pulsa
1328 1336 1355 1358 et
1368 1331 1393 1358 in
1408 1331 1528 1358 exsilium
1543 1331 1622 1358 missa
1637 1331 1729 1358 luerat.
1740 1330 1789 1358 So-

999 1383 1125 1403 zomenus
1148 1384 1211 1403 vero
1232 1376 1295 1403 dicit
1320 1376 1443 1413 (Sozam.
1460 1377 1478 1403 l.
1494 1377 1519 1403 8.
1549 1385 1571 1403 c.
1587 1376 1633 1413 Ἡ)
1661 1376 1786 1411 Optatum

999 1420 1154 1448 Praefectum
1169 1422 1225 1448 auri
1241 1429 1341 1448 summa
1361 1422 1431 1448 illam
1449 1421 1630 1453 mulelmissc,
1651 1422 1789 1456 ipsamque

999 1464 1227 1500 Constantinopoli
1244 1466 1333 1493 relicta
1349 1466 1472 1502 Cyzicum
1489 1466 1694 1500 commigrasse;
1709 1467 1783 1500 quasi

999 1511 1041 1538 illa
1052 1516 1146 1545 sponte
1157 1519 1202 1538 sua
1215 1510 1459 1546 Constantinopolin
1472 1511 1615 1545 reliquerit.
1626 1510 1723 1538 Verum
1735 1511 1788 1537 ﬁth

998 1555 1102 1591 dignior
1114 1555 1321 1591 Chrysostonms
1335 1561 1375 1583 est
1385 1578 1392 1589 ,
1408 1556 1452 1590 qui
1465 1555 1529 1582 dicit
1544 1556 1627 1589 ipsam
1641 1556 1744 1590 pulsam
1759 1561 1785 1583 et

997 1602 1023 1629 in
1037 1602 1156 1629 exsilium
1174 1603 1279 1628 missam
1295 1601 1390 1634 fuisse,
1412 1601 1490 1636 idque
1513 1602 1608 1636 repetit
1629 1602 1655 1628 in
1675 1601 1784 1635 cpistola

997 1647 1098 1674 decitna
1112 1652 1184 1674 sexta
1198 1656 1204 1674 :
1219 1647 1287 1680 Quid
1299 1648 1364 1674 enim
1379 1652 1429 1680 est,
1446 1647 1544 1682 inquit,
1559 1648 1656 1673 ciuitate
1673 1647 1746 1681 pelli,
1761 1653 1786 1674 et

997 1701 1028 1719 ea:
1048 1693 1104 1720 aliis
1127 1693 1188 1719 locis
1208 1693 1233 1719 in
1254 1693 1306 1719 alia
1327 1693 1431 1719 subinde
1451 1693 1558 1728 migrare
1570 1713 1576 1725 ,
1590 1698 1663 1727 atque
1677 1693 1786 1726 undique

996 1738 1118 1772 exagitari
1133 1743 1155 1764 et
1170 1737 1289 1772 proscribi
1300 1743 1323 1764 et
1337 1738 1371 1764 ad
1386 1737 1520 1764 tribunalia
1540 1738 1604 1763 trahi
1622 1743 1644 1763 ct
1663 1746 1677 1763 a
1696 1737 1784 1764 militi-

996 1783 1040 1810 bus
1054 1784 1160 1818 raptari,
1174 1789 1247 1818 atque
1261 1783 1290 1810 ab
1304 1784 1334 1810 iis
1345 1805 1351 1815 ,
1366 1785 1409 1818 qui
1424 1784 1545 1810 sexcentis
1559 1784 1684 1816 beneﬁciis
1702 1783 1785 1817 a/fccti

996 1829 1105 1862 fuerant,
1121 1830 1246 1860 contraria
1262 1837 1327 1855 nunc
1340 1830 1445 1863 perpeti,
1458 1837 1487 1854 ac
1501 1834 1551 1854 tum
1567 1838 1582 1855 a
1596 1829 1697 1864 [lanulis
1708 1850 1715 1861 ,
1731 1834 1783 1856 tuin

996 1881 1011 1900 α
1025 1874 1108 1900 liberis
1119 1874 1213 1906 vexari,
1228 1882 1283 1900 cum
1296 1874 1384 1900 horum
1400 1874 1528 1908 prazmiunt
1545 1873 1632 1900 cadum
1646 1874 1688 1905 sit,
1705 1880 1726 1900 et
1738 1882 1786 1908 pu-

996 1919 1096 1946 rissima
1110 1920 1154 1946 illa
1168 1920 1241 1953 bona,
1257 1928 1313 1955 qum
1327 1928 1372 1947 nec
1382 1920 1461 1947 verbis
1473 1920 1531 1946 ullis
1546 1921 1667 1953 explicari
1680 1926 1782 1955 queunt,

996 1974 1040 1992 nec
1061 1966 1137 2000 ﬁnem
1159 1967 1265 2000 habent,
1288 1974 1372 1992 verum
1396 1966 1561 1992 immortalem
1584 1966 1690 2000 fructum
1711 1970 1785 2000 atque

995 2011 1182 2038 oblectationem
1202 2011 1331 2046 pra'bent?
1350 2011 1393 2038 Sic
1409 2011 1498 2045 paucis
1520 2011 1564 2037 ille
1584 2011 1671 2038 verbis
1695 2016 1784 2037 narrat

996 2062 1092 2091 quanta
1107 2062 1133 2083 et
1148 2065 1225 2092 quam
1239 2057 1294 2083 dira
1310 2064 1385 2091 passa
1402 2057 1436 2083 sit
1449 2057 1600 2092 Olympias,
1616 2057 1694 2083 etiam
1710 2062 1782 2090 post-

995 2110 1074 2138 quam
1087 2103 1315 2137 Cmislautinopoli
1339 2102 1412 2136 pulsa
1433 2101 1526 2128 fuerat.
1544 2101 1605 2128 11ωο
1624 2101 1673 2128 sibi
1689 2108 1782 2128 succe-

995 2148 1084 2175 dentia
1098 2148 1166 2175 mula
1177 2147 1359 2183 Olympiadem
1380 2147 1405 2174 in
1425 2147 1576 2174 tumstitiam
1591 2147 1761 2181 eonjet-erant
1774 2155 1780 2172 :

996 2198 1156 2227 quapropter
1170 2193 1234 2219 nihil
1248 2201 1299 2219 non
1314 2193 1366 2227 agit
1381 2192 1596 2227 Chrysostomus,
1613 2196 1641 2218 ut
1654 2192 1724 2219 illam
1736 2200 1783 2225 spe

996 2237 1141 2264 futurorum
1153 2237 1293 2269 bonorum,
1305 2245 1363 2272 quae
1374 2236 1504 2272 ejusmodi
1515 2237 1647 2264 coutinuis
1657 2238 1784 2264 :rrnmnis

996 2283 1105 2310 miriilce
1115 2283 1234 2317 augenda
1247 2287 1333 2316 erant,
1346 2282 1380 2309 ad
1391 2283 1479 2310 omnia
1490 2282 1630 2317 patienter,
1645 2283 1698 2309 imo
1711 2286 1784 2309 trau-

996 2329 1074 2364 quillc
1090 2329 1197 2356 ferenda
1212 2329 1327 2356 inducat.

1032 2374 1182 2406 Anthemio,
1200 2374 1243 2409 qui
1258 2373 1351 2401 consul
1367 2373 1419 2401 hoc
1430 2381 1499 2401 anno
1512 2373 1563 2400 405
1574 2373 1623 2400 elei,
1632 2377 1674 2400 tus
1685 2371 1781 2404 fuerat,

995 2429 1026 2448 ac
1041 2426 1166 2456 praeterea
1180 2420 1323 2448 Pra'lcctus
1341 2419 1460 2447 Prartorii
1479 2424 1551 2452 erat,
1572 2419 1710 2453 epistolam
1730 2419 1782 2447 HT

996 2467 1098 2497 scribit.
1113 2474 1162 2500 qua
1178 2466 1226 2500 ipsi
1244 2469 1273 2492 ut
1288 2465 1373 2492 amico
1385 2464 1539 2499 gratulatur,
1555 2464 1638 2499 magis
1650 2464 1684 2491 ob
1698 2464 1782 2491 virtu-

997 2519 1060 2545 tem,
1071 2520 1148 2545 quam
1158 2511 1191 2538 ob
1200 2519 1294 2537 novam
1304 2510 1469 2545 dignitatem.
1478 2510 1645 2544 Quapropter
1658 2510 1690 2537 iis
1702 2510 1781 2537 etiam

995 2558 1151 2594 gratulatur,
1172 2557 1215 2592 qui
1238 2557 1333 2592 injuste
1356 2556 1532 2589 ltcdebantur;
1549 2556 1688 2590 imperium
1710 2557 1781 2583 clllll)

996 2605 1052 2638 ejus
1065 2610 1232 2630 communem
1247 2610 1338 2629 eorum
1352 2602 1398 2637 qui
1412 2602 1506 2637 injuria
1520 2601 1704 2629 aiiiciebautur
1719 2609 1780 2635 por-

997 2656 1050 2676 tum
1065 2650 1119 2676 fore
1133 2649 1251 2683 putabat.

1031 2694 1119 2721 Primo
1133 2701 1193 2720 vere
1206 2693 1414 2728 Chrysostomus
1432 2692 1607 2720 valetudinem
1627 2700 1694 2726 pene
1714 2692 1782 2719 inte-1

996 2748 1068 2776 graui
1084 2740 1258 2774 recuperavit.
1273 2739 1369 2767 Verum
1382 2739 1473 2771 Isauri,
1485 2739 1530 2774 qui
1539 2740 1653 2768 hiberno
1662 2745 1785 2774 tempore

996 2786 1027 2814 ad
1043 2786 1099 2813 loca
1113 2793 1159 2813 sua
1171 2785 1281 2814 reversi.
1294 2785 1327 2812 ab
1340 2785 1538 2813 incursionibus
1551 2785 1721 2814 destiterant.
1738 2783 1777 2810 in-
