2032 3110
167 158 222 185 24Ξὸ

170 213 363 248 —-Nnntquam
385 220 525 246 :erttmnzc,
549 214 633 242 morbi
656 215 747 243 alimve
769 215 961 242 sollicitudines

170 257 300 286 Joannem
321 264 442 286 nostrum
464 264 618 287 averterunt
636 267 651 287 a
665 260 853 291 sollicitudine
868 268 962 295 propa-

170 303 263 338 gandae
284 303 356 331 fidei.
373 303 432 331 Jam
448 305 561 332 Vidimus
578 305 674 340 ipsum,
688 313 739 340 qua
753 305 796 333 die
816 305 900 333 exsilii
921 305 963 333 lo-

172 357 232 376 cum
247 353 341 383 petens
354 348 468 377 Nicmam
490 350 624 384 pergebat,
649 350 788 385 scripsisse
808 350 963 378 Constantio

173 395 338 430 presbytero,
354 399 383 422 ut
395 403 428 422 ne
441 403 472 422 ex
485 401 615 430 pra‘sente
628 400 784 431 tempestate
794 400 963 424 amoveretur

172 440 206 467 ab
225 440 314 466 officio
328 444 357 467 et
368 448 384 467 a
397 448 426 467 re
440 445 574 475 suscepta,
589 440 635 468 sed
651 449 698 476 pro
710 448 785 468 more
797 448 846 468 suo
857 441 961 475 eos,qui

172 485 258 512 adhuc
273 485 427 514 Grzccornm
441 487 631 521 superstitioni,
647 494 694 514 seu
714 487 869 514 idololatriae
881 486 962 513 dediti

172 535 257 561 erant.
270 532 304 559 ad
320 531 496 559 Christianam
513 532 591 559 fidem
610 536 766 560 convertere
787 537 917 567 pergeret,
936 536 963 558 et

173 577 279 612 impiam
303 577 458 612 religionem
481 579 681 611 exterminaret,
704 583 783 612 atque
807 577 959 610 thnicite,

173 622 275 650 Arabiae
284 627 311 650 et
319 622 435 650 Orientis
447 623 623 650 Ecclesiarum
634 631 724 650 curam
735 627 850 658 gereret.
863 623 961 650 Eadem

173 674 278 702 semper
292 667 391 695 ardens
406 668 530 703 cupidine
551 667 756 704 Chrysostoutus
776 669 809 696 ad
823 668 961 696 Nicolaum

174 714 357 749 presbyterum
372 714 478 748 scripsit
490 714 629 749 epistolam
643 714 678 742 55
699 723 706 741 :
730 721 809 749 quetn
825 714 962 741 Nicolaum

173 759 297 793 opinatur
319 767 345 786 v.
361 760 397 787 cl.
420 759 607 787 Tillemontius
620 768 680 788 cum
698 768 758 788 esse
772 761 827 796 qui,
844 765 873 788 ut
885 760 964 789 modo

173 804 335 836 dicebamus.
357 813 416 833 cum
437 806 496 834 aliis
513 807 671 841 quibusdam
695 806 886 842 Chrysostomo
898 807 965 834 scri-

173 850 226 885 psit
238 859 246 878 :
258 851 329 886 quod
341 851 365 879 si
380 859 432 879 non
445 857 558 883 certum,
577 853 720 880 verisimile
732 853 873 881 admodum
888 854 963 881 vide-

172 900 224 923 tur.
239 896 377 924 NiColaum
390 898 464 925 illum
476 906 646 934 summopere
658 899 757 932 laudat,
771 900 841 934 qttod
856 908 965 935 evange-

172 941 230 969 lica:
249 942 430 976 prmdicationi
445 943 470 970 in
485 943 620 972 Phteuicia
634 952 741 978 sentper
755 945 919 980 advigilarel,
933 952 964 973 ac

173 988 319 1014 monachos
332 988 377 1015 illo
390 989 517 1022 misisset,
529 994 609 1024 atque
623 990 648 1016 in
667 994 738 1016 tanta
752 997 840 1017 rerum
853 990 965 1018 difﬁcul-

173 1037 226 1058 tate
242 1032 300 1059 illos
322 1033 383 1060 istic
404 1041 513 1061 manere
533 1035 673 1069 coegisset.
689 1034 868 1070 Hortaturque
889 1035 962 1062 illum

173 1082 202 1104 ut
216 1077 374 1105 Gerontium
391 1079 585 1115 presbyterum,
601 1087 680 1114 quem
693 1088 771 1107 suum
786 1081 861 1113 dicit,
875 1081 963 1108 statim

172 1127 251 1157 atque
263 1131 277 1149 a
291 1124 386 1151 morbo
396 1125 571 1157 convaluerit,
587 1129 680 1160 urgeat
696 1130 724 1152 ut
738 1126 790 1153 iter
803 1126 863 1152 illuc
879 1126 964 1153 susci-

173 1167 240 1202 piat,
253 1172 379 1203 curetque
394 1174 423 1196 ut
432 1169 548 1197 Joannes
563 1178 669 1205 quoque
684 1171 825 1206 presbyter
836 1179 899 1198 suus
912 1179 962 1198 ttna

170 1218 235 1239 etnn
248 1212 374 1241 Gerontio
384 1214 479 1242 eodem
493 1220 595 1250 pergat.
605 1215 639 1243 Se
650 1215 734 1250 ipsius
746 1216 845 1243 Nicolai
857 1216 963 1244 videndi

170 1262 199 1285 et
220 1259 398 1293 amplectendi
411 1267 507 1295 magno
523 1261 606 1288 teneri
619 1261 752 1289 desiderio
766 1262 842 1294 dicit,
855 1262 901 1289 sed
921 1267 962 1289 ta-

169 1311 233 1331 men
246 1303 318 1330 illum
330 1312 402 1332 nunc
415 1305 475 1332 istic
487 1313 596 1333 manere
607 1314 719 1334 necesse
733 1306 842 1334 omnino
855 1314 925 1335 esse.

205 1349 248 1375 Ad
269 1348 427 1377 Gerontium
448 1358 528 1385 porro
548 1351 622 1378 illum
637 1359 716 1386 supra
733 1357 919 1386 memoratum,
936 1353 962 1380 in

168 1393 336 1422 Plitnniciam
350 1396 509 1431 profectum,
533 1397 607 1424 binas
629 1398 736 1432 scripsit
750 1398 885 1432 epistolas,
898 1400 964 1433 "qua-

167 1447 226 1466 rum
242 1440 327 1474 prima
348 1441 442 1475 periit;
458 1441 484 1468 in
497 1442 612 1469 secunda
626 1450 691 1470 vero
700 1443 736 1470 54
749 1443 820 1470 illum
840 1444 964 1471 cohorta-

165 1488 209 1512 tur
218 1490 246 1512 et
259 1486 394 1516 obsecrat,
406 1491 445 1520 ut,
454 1492 553 1521 quanto
565 1487 650 1521 major
657 1493 697 1514 est
708 1492 963 1523 tcmpestas,quan:o

163 1531 269 1566 majora
288 1532 436 1567 ingruentia
455 1533 533 1565 mala,
548 1538 620 1560 tanto
635 1534 735 1568 majore
747 1535 834 1566 studio
852 1540 878 1562 ct
891 1543 920 1562 se
935 1539 963 1563 et

162 1578 231 1605 alios
245 1578 283 1605 ad
308 1578 372 1605 illud
392 1579 482 1613 operis
506 1579 701 1614 suscipiendum
725 1581 834 1612 excitet,
861 1589 921 1608 cum
947 1588 961 1608 a

163 1623 265 1649 morbo
285 1623 464 1652 convaluerit.
480 1623 547 1651 Dicit
563 1629 651 1652 autem
671 1632 700 1652 se
727 1625 883 1653 Constantio
899 1633 960 1661 prc-

158 1667 273 1702 sbytero
297 1668 326 1695 id
340 1669 437 1703 negotii
449 1669 625 1702 commisisse,
639 1674 668 1696 ut
681 1670 737 1696 sive
751 1670 783 1697 ad
804 1671 899 1698 :cdium
912 1678 961 1699 ex-

157 1715 341 1746 structiones,
364 1715 422 1742 sive
445 1715 478 1742 ad
500 1715 687 1743 sublevandam
713 1716 823 1744 fratrum
846 1717 960 1752 inopiam

156 1759 231 1795 large
244 1761 302 1788 illis
319 1765 443 1794 sumptus
455 1764 480 1787 et
493 1761 619 1795 pecunias
626 1761 787 1796 suppeditet,
802 1762 855 1789 imo
863 1762 961 1798 largius

154 1811 237 1838 quam
249 1810 350 1833 antea.

187 1849 250 1877 Jam
278 1850 405 1877 vidimus
419 1849 549 1878 Joannem
565 1856 684 1879 nostrum
700 1860 796 1880 munus
817 1861 865 1881 seu
886 1861 959 1882 sum.

151 1902 224 1922 mam
247 1896 391 1931 pecuniae,
406 1903 485 1930 quam
500 1896 631 1931 Diogenes
647 1898 695 1932 ipsi
711 1898 830 1931 miserat,
848 1907 958 1927 recusa-

148 1939 231 1973 Visse,
241 1946 273 1968 et
287 1941 329 1968 illi
345 1941 487 1975 scripsisse
501 1945 529 1968 ut
543 1949 601 1969 eam
612 1950 743 1970 summam
760 1945 785 1971 in
797 1944 958 1973 Phoenicium

146 1985 180 2012 ad
192 1987 336 2021 evangelii
352 1994 492 2021 pratcoues
510 1988 638 2020 mitteret,
652 1993 679 2015 et
695 1989 866 2024 Apbraatem,
879 1999 958 2025 quem

145 2031 196 2058 sibi
212 2033 338 2060 miserat
352 2032 390 2059 ad
410 2039 470 2060 eam
483 2040 539 2060 rem
553 2034 688 2068 expediret
703 2043 712 2062 :
728 2035 772 2070 qui
791 2036 831 2063 vir
849 2041 905 2063 erat
924 2037 957 2064 ad

143 2078 184 2104 eis
196 2079 335 2106 solatium
352 2079 520 2106 afferendum
535 2079 655 2107 idoneus.
671 2080 787 2108 Joannes
802 2089 867 2109 vero
882 2090 957 2117 pres-

142 2123 222 2158 byter
235 2125 344 2151 eadem
369 2123 406 2150 de
419 2131 498 2151 causa
513 2125 540 2152 in
555 2125 718 2153 Phtenieiam
740 2133 770 2154 se
789 2128 936 2155 contulerat
949 2137 956 2155 :

141 2174 317 2204 quapropter
343 2168 559 2202 Chrysostomns
580 2169 654 2196 illum
675 2171 845 2198 commendat
859 2172 885 2199 in
898 2173 956 2206 epi-

140 2213 208 2240 stola
223 2214 262 2242 55
275 2213 416 2242 Simeoni
431 2218 458 2240 et
471 2212 535 2241 Mari
555 2215 718 2251 presbyteris
732 2221 760 2244 et
779 2217 916 2245 monachis
929 2218 956 2246 in

141 2259 309 2293 Apameensi
323 2260 448 2294 regione
460 2260 626 2288 versantibus
638 2269 645 2288 :
660 2261 772 2296 illosque
787 2261 907 2290 hortatur
917 2268 955 2296 ut,

139 2305 161 2330 si
180 2313 251 2341 quos
270 2312 439 2342 generosos
457 2310 484 2333 et
499 2311 654 2340 pnestantes
669 2308 739 2335 viros
758 2309 955 2343 nauciscantur,

137 2351 181 2384 qui
194 2352 230 2379 ad
245 2360 311 2380 eam
336 2358 406 2379 rem
431 2351 587 2379 auxiliarcm
612 2360 718 2380 manum
731 2353 827 2382 afferre
843 2355 954 2389 possint,

137 2403 185 2425 eos
197 2398 246 2426 iilo
255 2399 388 2426 mittant.
401 2397 473 2424 Cum
485 2397 621 2426 didicisset
630 2403 717 2426 autem
731 2399 856 2434 Alpltium
867 2408 957 2435 quem-

135 2443 208 2476 dam,
223 2452 311 2479 quem
336 2444 471 2472 Joannes
487 2443 626 2478 presbyter
638 2444 749 2477 adierat,
770 2445 842 2472 illum
857 2446 956 2473 excita-

134 2491 215 2523 I'tsse,
227 2496 316 2525 atque
328 2491 359 2518 in
375 2489 551 2517 Plunuiciam
565 2489 678 2521 misisse,
693 2490 746 2517 into
755 2490 813 2517 auri
824 2498 954 2519 summam

134 2536 183 2570 ipsi
196 2536 314 2564 dedisse
335 2544 344 2562 :
362 2533 501 2569 Alpinium
521 2534 582 2562 ideo
593 2534 710 2562 celebrat
721 2535 837 2564 Joannes
851 2541 951 2569 noster,

133 2587 160 2609 et
172 2587 202 2611 ut
214 2583 267 2611 sibi
281 2583 465 2617 frequenter
477 2579 568 2607 literas
582 2581 668 2607 mittat
682 2580 812 2608 hortatur.

166 2627 310 2658 Tumultus
323 2628 355 2655 in
372 2625 522 2654 Pirenida
537 2631 625 2652 contra
635 2625 766 2662 Evangelii
780 2634 954 2661 print-oues.—

131 2670 229 2703 Επηο
251 2680 362 2709 magno
383 2671 417 2698 in
441 2667 590 2698 thnicia
605 2671 727 2703 tumultu,
750 2678 810 2698 cum
825 2672 952 2707 evangelii

128 2725 265 2753 praecones
289 2719 319 2748 iu
334 2714 504 2747 :erumniS.
518 2719 544 2742 et
561 2715 669 2743 forsitan
685 2717 710 2744 in
733 2717 851 2751 periculo
864 2724 952 2745 versa-

129 2770 241 2798 rentur;
263 2769 422 2793 metuens‘
434 2760 562 2789 Joannes
577 2766 666 2789 noster
690 2770 724 2790 ne
745 2769 760 2789 a
784 2762 952 2797 prmdicando

133 2812 273 2848 evangelio
285 2810 487 2840 desisterent,
510 2805 644 2840 epistolam
659 2807 710 2834 125
723 2807 830 2843 scripsit
843 2807 952 2843 presby-

134 2858 192 2885 teris
206 2863 233 2886 et
246 2856 404 2887 monachis
413 2849 543 2889 gentiles
555 2851 580 2879 in
600 2851 731 2881 Pbtanicia
744 2853 947 2882 instituentibus.

284 2913 441 2943 Ριτιοι..
463 2905 490 2934 (ἶ
498 2913 533 2934 II.
554 2905 677 2938 XLVII.

747 159 837 188 NUNC
858 160 988 188 PRIMUM
1009 161 1204 190 ADORNATA.

972 2919 991 2933 ’ς’

1750 155 1804 182 241»

1020 216 1145 243 Hortatur
1166 221 1254 244 autem
1268 222 1378 244 cunctos
1391 221 1419 244 et
1432 217 1560 252 singulos,
1588 225 1621 244 uc
1635 218 1698 252 quis
1708 224 1756 245 eos
1772 215 1809 243 ob

1016 265 1139 288 exortum
1158 263 1296 289 tumultum
1318 263 1344 289 in
1359 261 1478 289 fraudem
1500 262 1619 296 impellat
1633 261 1673 289 vel
1689 264 1806 289 abducat

1015 305 1049 333 ad
1063 305 1225 334 Phoeniciam
1240 306 1441 342 relinquendam
1454 316 1460 333 :
1474 315 1527 342 quo
1541 308 1655 341 majores
1669 307 1740 334 enim
1753 305 1805 333 dif-

1017 350 1145 379 ﬁcultates
1160 356 1188 379 et
1199 359 1325 379 :crumna:
1336 352 1507 387 objiciuntur,
1521 359 1555 379 eo
1565 352 1664 386 majora
1676 352 1725 378 sibi
1737 358 1804 385 pra:-

1015 397 1067 423 mia
1081 397 1221 424 reservari.
1237 397 1302 424 Cum
1317 398 1389 424 enim
1406 397 1549 432 impietatis
1566 402 1668 432 partem
1682 397 1709 424 in
1724 396 1804 423 Phre—

1015 442 1082 469 uicia
1092 442 1148 476 jam
1162 442 1328 475 sustulerint,
1341 443 1488 470 curandum
1503 450 1563 470 esse
1578 450 1611 470 ne
1627 447 1714 469 tantus
1729 441 1804 469 labor

1016 487 1100 515 fructu
1114 493 1213 515 careat.
1225 488 1261 516 Se
1271 490 1305 515 ita
1322 488 1470 523 providisse
1482 489 1528 521 ait,
1552 494 1581 516 ut
1594 489 1658 515 nihil
1678 495 1802 523 umquam

1013 535 1108 562 deesse
1122 535 1214 569 possit,
1231 540 1312 570 utque
1325 535 1412 561 omnia
1434 535 1499 568 ipsis
1514 534 1654 561 afﬂuenter
1676 533 1804 569 suppedi-

1015 584 1112 607 tentur.
1128 580 1204 614 Quod
1217 582 1239 607 si
1255 581 1297 609 ille
1314 581 1340 608 in
1352 580 1448 608 Cucusi
1469 580 1611 607 solitudine
1623 587 1732 607 versans
1746 584 1803 607 tan-

1016 630 1067 652 tam
1091 626 1195 652 illorum
1209 633 1302 653 curam
1316 630 1401 661 gerat,
1416 626 1499 653 mttlto
1513 625 1596 660 magis
1611 626 1692 660 ipsos,
1708 624 1805 659 quibus

1014 670 1102 698 omnia
1116 671 1220 698 abunde
1236 676 1391 706 suppetunt,
1405 679 1464 706 qua:
1477 678 1584 698 suarum
1604 672 1718 705 partium
1731 673 1803 701 sunt,

1015 716 1118 743 abunde
1128 721 1256 751 pmtare
1272 717 1381 744 debere.
1398 717 1442 744 Ait
1455 724 1518 744 vero
1532 723 1561 743 se
1577 714 1804 750 religiosissimum

1015 761 1144 790 Joannem
1171 763 1353 797 presbyterum
1375 763 1481 790 misisse
1503 763 1548 797 qui
1563 762 1624 789 illos
1637 761 1804 788 cohortetur.

1016 807 1052 834 Se
1072 807 1179 835 demum
1195 808 1284 834 omnia
1304 807 1410 834 abunde
1425 808 1579 842 pra‘stitisse
1603 815 1610 833 :
1630 806 1700 840 quod
1722 806 1744 833 si
1768 805 1804 833 illi

1015 852 1083 879 alios
1096 860 1125 880 sc
1135 853 1169 879 ab
1181 852 1272 880 ofﬁcio
1281 857 1434 880 avertentes
1443 853 1561 886 audiant,
1574 852 1680 879 videant
1694 852 1720 878 in
1729 851 1805 886 cujus

1015 903 1094 932 caput
1107 903 1178 925 tanta
1197 899 1298 933 jactura
1311 898 1398 926 cadat.

1051 943 1105 971 Sub
1119 943 1176 970 luce
1190 948 1277 970 autem
1294 951 1343 970 nec
1357 942 1441 970 multo
1456 947 1557 977 postea,
1569 936 1682 977 gentiles
1696 941 1804 969 Phoeni-

1015 989 1063 1016 cia:
1076 989 1102 1015 in
1115 988 1231 1015 furorem
1246 989 1308 1022 acti,
1323 988 1348 1014 in
1364 989 1509 1015 monachos
1522 987 1651 1022 evangelii
1667 993 1805 1021 pnncones

1015 1034 1225 1065 insurrexerunt,
1241 1041 1272 1061 ac
1294 1034 1445 1069 complures
1470 1034 1621 1060 vulneribus
1643 1033 1799 1064 alienorum,

1015 1079 1145 1114 quosdam
1165 1079 1244 1109 etiam
1268 1079 1431 1106 occiderunt.
1448 1079 1513 1112 Qua:
1535 1086 1579 1106 res
1600 1078 1730 1106 Joannem
1755 1085 1804 1105 uo-

1015 1129 1100 1152 strum
1121 1125 1262 1153 admodum
1275 1126 1437 1152 commovit:
1452 1126 1594 1159 statimth
1608 1125 1692 1151 virum
1707 1124 1804 1158 quresi-

1016 1170 1063 1203 rit,
1077 1171 1121 1205 qui
1138 1176 1211 1198 tanto
1222 1171 1291 1198 malo
1301 1170 1447 1198 remedium
1462 1170 1556 1197 ati'crre
1570 1174 1669 1204 posset.
1685 1169 1739 1197 Nec
1749 1176 1804 1196 ma-

1015 1215 1055 1249 gis
1075 1216 1186 1242 idoneus
1212 1223 1271 1243 sese
1287 1216 1369 1242 menti
1382 1215 1488 1247 obtulit,
1512 1222 1592 1250 quam
1615 1215 1726 1242 Rufinus
1745 1222 1802 1249 pro

1014 1261 1166 1296 sbyter,cui
1182 1261 1321 1296 epistolam
1336 1261 1381 1288 ille
1393 1260 1465 1288 misit
1476 1261 1536 1294 1‘26,
1553 1261 1679 1295 illumque
1693 1259 1804 1295 rogavit,

1015 1306 1069 1334 imo
1083 1307 1160 1337 ursit,
1181 1311 1208 1332 ut
1222 1314 1302 1341 quam
1317 1306 1457 1333 celerrime
1473 1310 1565 1342 posset
1580 1313 1610 1332 se
1625 1305 1657 1332 ad
1672 1306 1722 1332 iter
1741 1304 1804 1333 illud

1015 1352 1166 1386 accingeret
1181 1360 1187 1378 :
1201 1356 1304 1378 certum
1317 1352 1388 1378 enim
1402 1351 1452 1378 sibi
1468 1358 1538 1383 esse,
1555 1351 1576 1378 si
1592 1358 1695 1385 preces,
1713 1350 1797 1377 lenita

1015 1403 1080 1427 tem,
1095 1396 1337 1429 mansuetudinem,
1359 1396 1524 1431 patientiam,
1539 1401 1565 1422 et
1578 1404 1636 1423 eam
1652 1403 1703 1430 qua
1723 1395 1805 1430 polle-

1015 1442 1060 1470 bat
1073 1442 1154 1470 animi
1170 1441 1353 1468 fortitudinem
1373 1441 1523 1473 adhiberet,
1538 1441 1624 1474 ipsum
1640 1441 1680 1466 vel
1695 1445 1804 1474 aspectu

1014 1488 1072 1515 solo
1085 1487 1254 1514 adversarios
1266 1487 1291 1513 in
1305 1486 1392 1521 fugam
1404 1491 1525 1513 acturum
1540 1493 1609 1512 esse.
1628 1486 1673 1512 Ait
1685 1492 1748 1512 vero
1761 1492 1801 1518 se,

1014 1541 1075 1561 cum
1088 1534 1202 1569 primum
1217 1534 1275 1567 ejus
1295 1533 1320 1560 in
1341 1533 1504 1560 thniclam
1517 1532 1660 1559 adventum
1675 1532 1802 1565 audierit,

1015 1586 1078 1607 tunc
1098 1580 1156 1608 sine
1169 1587 1231 1606 cura
1251 1584 1279 1606 et
1298 1579 1324 1606 in
1339 1579 1482 1606 securitate
1497 1578 1614 1606 futurum
1630 1585 1699 1606 esse.
1715 1578 1802 1606 Mirari

1014 1632 1078 1652 vero
1097 1632 1126 1652 se
1145 1624 1220 1655 dicit.
1240 1624 1309 1658 qttod
1325 1631 1385 1651 cum
1405 1623 1562 1651 Theodorus
1576 1623 1715 1658 presbyter
1727 1624 1759 1650 ad
1774 1631 1804 1651 so

1013 1672 1141 1703 venisset,
1164 1670 1249 1697 nullas
1266 1669 1349 1704 ipsius
1365 1669 1453 1697 Ruﬁni
1469 1670 1559 1697 literas
1580 1669 1630 1697 sibi
1651 1670 1802 1698 attulisset:

1013 1722 1174 1752 quapropter
1188 1716 1308 1743 bortatttr
1320 1717 1391 1743 illum
1404 1721 1444 1749 ut,
1455 1723 1516 1743 cum
1528 1717 1553 1742 in
1566 1715 1729 1743 Phreniciam
1742 1722 1802 1750 pro-

1013 1763 1158 1796 ficiscetur,
1173 1765 1199 1789 in
1212 1763 1322 1796 singulis
1335 1762 1518 1790 mansionibus
1532 1762 1581 1789 sibi
1595 1762 1683 1789 literas
1695 1762 1781 1789 mittat
1794 1773 1801 1790 ι

1012 1807 1083 1843 quod
1097 1808 1118 1834 si
1135 1807 1229 1834 fratres
1244 1807 1330 1834 adhuc
1352 1807 1398 1834 illo
1421 1807 1528 1834 mittere
1547 1811 1678 1841 oporteat,
1702 1806 1727 1833 id
1751 1806 1801 1833 sibi

1012 1858 1104 1881 notum
1117 1853 1205 1880 faciat.
1217 1853 1253 1879 De
1267 1857 1418 1879 sanctorum
1430 1859 1493 1879 vero
1502 1857 1648 1887 martyrum
1659 1852 1799 1887 Reliquiis,

1011 1907 1078 1934 quas
1091 1903 1260 1934 poposcerat,
1277 1906 1310 1925 ne
1322 1898 1390 1925 ultra
1412 1902 1488 1925 curet
1503 1898 1626 1924 hortatur
1646 1906 1652 1924 :
1676 1905 1706 1924 se
1727 1897 1800 1924 enim

1012 1945 1165 1972 Terentium
1177 1944 1359 1979 presbyterum
1369 1943 1474 1970 misisse
1484 1943 1516 1970 ad
1525 1943 1657 1974 Otreium,
1667 1943 1800 1970 Arabissae

1010 1991 1176 2026 episcopum,
1203 1989 1248 2024 qui
1263 1989 1360 2015 multas
1379 1996 1411 2016 ac
1430 1988 1539 2016 minime
1551 1988 1645 2015 dubias
1664 1988 1800 2023 Reliquias

1011 2035 1135 2069 habebat,
1155 2043 1222 2070 quas
1243 2035 1334 2070 paucis
1359 2039 1450 2069 postea
1474 2034 1568 2062 diebus
1587 2035 1612 2061 in
1635 2034 1798 2062 thniciam

1010 2081 1060 2116 ipsi
1072 2081 1202 2108 missurus
1214 2084 1281 2108 erat.

1045 2127 1074 2153 In
1082 2126 1193 2162 epistola
1201 2132 1306 2160 quoque
1312 2125 1349 2152 28
1356 2124 1388 2152 ad
1399 2125 1522 2152 Basiliam
1535 2124 1799 2160 prc:byterum,dicit

1010 2172 1094 2204 illum,
1103 2178 1181 2206 quem
1191 2171 1225 2198 de
1238 2170 1304 2198 facie
1317 2177 1460 2204 numquam
1469 2169 1581 2201 viderat,
1596 2170 1723 2197 adversus
1735 2177 1799 2205 gen-

1010 2217 1069 2244 tiles
1079 2216 1225 2248 decertare,
1236 2221 1264 2242 ut
1277 2222 1323 2243 eos
1331 2215 1363 2242 ad
1373 2216 1441 2242 viam
1452 2215 1569 2242 veritatis
1581 2215 1724 2247 deduceret
1735 2223 1743 2242 :
1758 2221 1799 2241 ut-

1009 2270 1067 2289 rum
1080 2266 1168 2289 autem
1182 2260 1208 2288 in
1222 2260 1357 2288 Phoenicia
1371 2260 1395 2287 id
1409 2265 1510 2295 ageret,
1521 2261 1662 2288 incertum.
1674 2259 1750 2287 Prior
1760 2258 1796 2286 illi

1010 2308 1099 2336 literas
1108 2308 1178 2334 misit
1186 2307 1511 2342 Chrysostomus,pietatis
1519 2307 1601 2340 ipsius
1608 2306 1676 2332 fama
1683 2311 1798 2332 comm»

1010 2359 1062 2386 tus,
1079 2353 1253 2387 hortaturque
1272 2351 1346 2378 illum
1363 2357 1391 2378 ut
1404 2351 1516 2378 subinde
1530 2350 1581 2378 sibi
1595 2349 1688 2377 literas
1699 2350 1784 2377 mittat

1043 2398 1204 2426 Constantius
1217 2398 1343 2433 presbyter
1352 2406 1368 2424 a
1383 2396 1560 2432 Cltryroslomo
1576 2398 1669 2424 missus
1681 2401 1792 2425 uexatur.

1006 2459 1042 2465 -——
1053 2444 1124 2471 Dixit
1135 2451 1215 2478 supra
1230 2442 1348 2470 Joannes
1359 2447 1452 2469 noster
1465 2442 1490 2469 in
1501 2442 1580 2476 epist.
1592 2441 1627 2468 ad
1639 2441 1797 2470 Gerontium

1007 2490 1052 2521 5t,
1067 2497 1096 2516 se
1109 2489 1266 2517 Constantio
1282 2488 1438 2524 presbytero
1456 2488 1632 2520 commisisse,
1648 2492 1677 2515 ut
1691 2488 1733 2520 iis,
1752 2489 1796 2524 qui

1009 2536 1035 2563 in
1055 2535 1188 2563 Pbmnicia
1213 2535 1350 2569 gentilium
1365 2533 1534 2561 conversioni
1559 2533 1659 2559 dabant
1675 2540 1795 2567 operam,
1836 2548 1845 2556 .

1009 2582 1134 2615 pecunias
1158 2580 1263 2607 abunde
1285 2580 1477 2614 suppeditaret.
1505 2578 1596 2614 Neque
1618 2578 1733 2613 explicat
1761 2578 1796 2605 ibi

1007 2635 1057 2660 qua
1079 2626 1114 2654 dc
1135 2633 1214 2653 causa
1238 2626 1408 2653 Constantius
1424 2645 1432 2656 .
1450 2626 1494 2660 qui
1515 2624 1697 2660 Chrysostomi
1720 2624 1796 2651 lateri
1825 2616 1828 2621 ’

1008 2673 1135 2705 ha'rcbat,
1158 2673 1184 2700 in
1208 2672 1266 2700 illas
1281 2676 1371 2707 partes
1391 2671 1441 2698 iter
1455 2671 1603 2706 susceperit
1622 2679 1630 2697 :
1653 2676 1745 2696 verum
1768 2669 1795 2696 in

1007 2719 1085 2752 epist.
1103 2717 1138 2745 62
1158 2718 1250 2750 Casto,
1264 2717 1382 2748 Valerio,
1397 2717 1556 2752 Diophanto,
1568 2715 1726 2752 ctCyriaco.
1739 2721 1796 2750 pre-

1006 2763 1120 2799 sbyteris
1134 2762 1325 2794 Antiocbcnis,
1348 2769 1434 2797 Ipsum
1460 2760 1631 2788 commendat
1656 2763 1684 2786 ut
1706 2758 1796 2794 inique

1006 2813 1128 2837 vexatum
1144 2809 1178 2837 ob
1192 2808 1322 2845 quoddam
1338 2808 1453 2842 ignotum
1473 2807 1550 2834 nobis
1570 2805 1713 2840 negotium,
1730 2812 1792 2840 prc-

1008 2857 1135 2890 Catttrqoe
1144 2859 1172 2882 ut
1182 2858 1284 2887 curent,
1306 2860 1339 2880 nc
1359 2853 1409 2881 huc
1421 2857 1499 2888 atque
1514 2852 1575 2879 illur
1589 2852 1792 2885 circumagatur,

1225 2903 1258 2927 ⁸*
1582 2905 1617 2936 iis
