2032 3110
240 159 292 186 ενι

241 223 307 243 neve
318 223 364 250 per
372 215 490 250 judicum
506 215 644 244 tribunalia
655 223 714 244 eam
724 215 759 244 ob
772 223 879 244 causam
893 215 1023 244 distraha-

241 267 282 288 tur
296 266 375 297 atque
389 262 528 294 laceretur,
543 262 578 290 ob
591 269 670 297 quam
685 270 744 289 eum
757 263 856 295 ornari,
875 269 906 289 ac
920 261 1025 297 publico

241 308 373 340 praeconio
395 307 523 335 celebrari
539 315 585 343 par
603 313 671 336 erat.
693 308 768 335 illum
789 315 853 336 vero
873 308 977 335 Gueuso
992 307 1024 334 ad

239 353 303 380 illud
316 353 411 388 negotii
423 354 551 388 proficisci
564 361 619 381 non
634 355 670 382 ita
681 354 860 382 necessarium
877 357 1024 388 potaverat,

240 402 268 424 ut
282 398 307 424 in
322 399 398 432 epist.
417 398 450 426 76
464 398 498 426 ad
510 398 672 426 Chaicidiam
694 399 774 432 dicit;
794 404 821 427 et
833 399 949 434 aii0quin
968 406 1024 426 me-

240 443 330 471 tuebat
351 452 384 471 ne
405 444 430 471 in
452 444 601 472 lsaurorum
623 452 715 471 manus
729 445 868 472 incideret.
892 444 1024 472 Chaicidia

194 525 197 527 η
239 495 303 515 vero
315 492 342 515 et
357 489 503 524 Asyncritia
519 489 544 515 in
559 493 661 523 partem
674 496 863 523 aerumnarum,
881 496 940 524 qua:
954 489 1024 516 Con-

239 534 337 560 stantio
353 533 543 566 inferebantur,
565 534 714 567 veniebant,
737 534 863 568 illumque
877 533 933 561 dire
947 540 1028 560 vexa.

240 584 295 605 tum
307 579 427 606 videntes
435 578 576 606 admodum
587 578 722 606 dolebant.
734 578 899 614 Quapropter
909 579 935 606 in
947 578 1025 613 epist.

239 623 273 650 ι’ιο
288 623 357 657 ipsas
370 623 533 650 consolatur.

274 668 356 694 lsauri
367 675 472 703 semper
483 669 539 696 vias
551 669 725 704 regionesque
737 669 838 696 vicinas
849 668 1024 701 infestabant;

240 712 286 738 sed
303 712 397 739 hiemis
412 717 530 748 tempore
550 713 690 748 aliquando
703 713 797 741 saltem
817 718 954 748 receptum
977 713 1024 739 ha-

239 757 328 788 buisse
341 757 474 786 dicuntur.
491 759 588 786 Verum
611 759 638 786 in
651 758 738 786 hieme
759 766 863 794 quoque
884 758 1026 794 aliquando

239 805 358 839 erupisse
373 805 458 838 palam
473 812 533 832 esse
545 805 650 832 videtur
662 812 693 832 ex
709 805 751 839 iis,
767 812 826 839 quae
849 805 875 831 in
895 812 957 831 mox
971 811 1026 832 me-

240 850 374 877 morandis
387 850 505 884 epistolis
517 854 606 877 narrat
614 850 730 878 Joannes
741 855 840 878 noster.
852 850 891 877 Ad
903 849 1025 884 Aiphium

239 895 358 922 scribens
373 895 450 929 epist.
467 895 512 928 55,
529 895 602 928 dicit,
628 903 658 924 se
685 896 721 923 illi
745 896 843 931 saepius
863 896 1021 930 scripturum

240 939 330 971 fuisse,
348 940 396 967 nisi
411 940 495 967 hiems
508 945 535 968 et
546 940 699 975 prtedonum
719 941 834 975 impetus
847 940 904 968 vias
917 940 1026 967 infestas

239 985 371 1014 redderet.
386 985 481 1013 Narrat
497 994 561 1014 vero
574 987 699 1022 Alpinium
713 987 827 1014 amicitia
841 986 1027 1020 coniunctissi-

240 1038 311 1059 mum
327 1031 376 1058 sibi
391 1031 460 1059 dona
481 1031 595 1065 misisse,
611 1031 658 1060 sed
673 1032 739 1059 nihil
758 1039 788 1059 se
802 1031 952 1066 recepisse;
966 1038 1026 1058 cum

239 1077 310 1104 enim
323 1077 365 1112 qui
379 1077 507 1105 afferebat
521 1081 592 1106 metu
606 1077 760 1114 przedonum
775 1078 869 1112 pedem
883 1077 1006 1104 retulisse
1018 1084 1025 1104 :

239 1126 382 1157 monetque
396 1123 468 1150 illum
490 1127 519 1150 ut
539 1131 554 1151 a
579 1123 715 1150 mittendis
730 1123 807 1150 donis
830 1123 981 1154 abstineat;
998 1129 1027 1149 se

240 1167 311 1194 enim
335 1167 479 1202 ingentium
499 1168 629 1195 donorum
653 1168 712 1196 loco
725 1169 782 1203 ejus
801 1169 932 1195 sinceram
946 1172 973 1195 et
984 1175 1027 1195 ar-

241 1211 346 1238 dentem
363 1211 571 1239 benevolentiam
585 1213 693 1240 habere.
709 1213 806 1239 Eadem
819 1212 874 1240 fere
890 1213 944 1247 ipsa
960 1213 1029 1240 dixit

243 1256 270 1283 iu
284 1263 329 1291 ep.
348 1256 383 1284 49
403 1257 436 1284 ad
450 1258 572 1285 eumdem
591 1258 728 1293 Alpinium,
751 1266 830 1293 quem
844 1258 942 1290 laudat,
957 1258 1027 1293 quod

237 1309 299 1335 eos,
313 1302 357 1336 qui
372 1310 431 1329 eum
455 1304 553 1338 pietate
565 1304 693 1336 viverent,
715 1311 838 1332 recreare
860 1304 986 1337 studeret,
1002 1304 1026 1331 id

242 1352 291 1379 est,
307 1349 461 1376 muneribus
475 1349 530 1376 suis
542 1349 656 1384 quietem
672 1349 723 1377 illis
737 1350 889 1377 conciliare.

276 1394 395 1421 Monachi
408 1394 461 1422 duo
474 1395 602 1422 Romulus
616 1400 643 1422 ct
654 1395 739 1431 liyzus
755 1395 779 1422 in
794 1395 935 1422 solitudine
948 1394 1028 1430 dege-

242 1439 314 1474 bant,
326 1439 468 1475 etpietatis
485 1440 553 1467 fama
567 1440 778 1468 celebrabantur.
799 1440 843 1467 llis
859 1440 931 1468 misit
942 1440 1029 1475 Chry-

241 1490 374 1512 sostomus
397 1485 539 1520 epistolam
553 1485 664 1520 56,qua
689 1492 718 1512 se
733 1492 902 1520 summopere
926 1485 1026 1520 efﬂagi—

242 1534 299 1557 tare
310 1529 383 1562 dicit,
399 1535 427 1557 ιιι
443 1530 491 1564 ipsi
502 1530 636 1558 Cttcusum
650 1529 767 1562 veniant,
782 1535 808 1556 nt
822 1535 875 1556 tam
891 1529 1028 1565 religiosos

241 1576 313 1604 viros
324 1576 388 1610 ipsis
400 1576 484 1604 oculis
497 1577 651 1611 conspicere
664 1577 757 1610 possit.
772 1575 838 1610 Quia
852 1583 917 1603 vero
929 1580 983 1602 tum
994 1575 1028 1602 ob

242 1621 343 1649 itineris
358 1621 557 1656 longitudinem,
575 1625 630 1648 tum
644 1621 678 1648 ob
691 1621 786 1648 hiemis
802 1625 915 1655 tempus,
929 1625 983 1647 tum
994 1620 1028 1648 ob

242 1666 391 1694 Isaurorum
414 1671 513 1694 metum
536 1667 562 1694 id
584 1666 692 1693 minime
716 1666 822 1699 licebat,
846 1666 933 1693 literis
954 1673 1028 1692 suam

242 1719 304 1747 erga
328 1719 375 1739 eos
389 1711 600 1740 benevolentiam
624 1712 707 1739 voluit
721 1712 866 1744 testiﬁcari,
892 1712 1028 1740 hortatur-

244 1765 294 1791 quc
308 1757 368 1784 illos
383 1761 409 1784 ut
419 1758 469 1785 sibi
483 1758 630 1785 rescribam
640 1762 667 1784 et
680 1757 714 1785 de
725 1757 812 1784 salute
826 1764 872 1784 sua
887 1757 1027 1784 certiorem

244 1811 273 1830 se
288 1802 394 1830 faciant.
409 1802 521 1838 llypatio
533 1803 614 1831 etiam
629 1803 784 1839 presbytero
795 1802 951 1829 venerandae
966 1806 1031 1829 teta-

244 1848 277 1876 tis
291 1848 348 1876 viro
360 1849 465 1884 scripsit
479 1848 559 1883 epist.
576 1848 619 1881 97,
629 1855 681 1883 qua
696 1848 770 1874 illum
785 1847 810 1874 in
826 1847 952 1874 utrumuis
963 1854 1029 1874 con-

243 1894 353 1922 solatur.
376 1893 429 1922 Sed
452 1894 598 1929 longiorem
618 1893 704 1922 eidem
730 1894 802 1921 misit
818 1893 896 1928 epist.
919 1893 979 1925 l80,
1004 1896 1031 1920 et

243 1949 322 1976 quem
334 1941 388 1976 jam
400 1941 424 1968 in
438 1941 497 1969 aliis
512 1940 596 1968 literis
606 1940 769 1971 laudaverat,
784 1939 825 1967 hic
838 1946 943 1974 quoque
958 1939 1030 1966 cele-

245 1987 312 2021 brat,
322 1987 390 2022 qttod
405 1987 430 2014 in
444 1990 514 2014 tanta
523 1991 660 2014 senectute
671 1985 795 2020 populum
807 1985 943 2020 religionis
951 1991 1030 2011 causa

245 2037 366 2060 vexatum
378 2031 491 2059 foveret
503 2036 530 2058 et
543 2031 732 2059 conﬁrmaret:
748 2038 830 2065 seque
849 2030 913 2058 dicit
933 2029 1030 2064 saepius

245 2078 295 2111 ipsi
316 2078 474 2112 scripturum
500 2077 590 2109 fuisse,
612 2076 663 2104 nisi
679 2081 732 2103 tum
756 2076 895 2104 hibernum
916 2080 1029 2110 tempus,

246 2130 300 2152 tum
324 2124 477 2158 prmdonum
494 2128 580 2151 metus
594 2123 737 2151 obessent:
760 2123 931 2150 diaconorum
951 2122 1030 2149 etiam

246 2169 353 2198 Eusebii
368 2174 395 2196 et
409 2169 581 2205 Lamprotati,
595 2169 639 2204 qui
654 2176 832 2196 aerumnarum
850 2168 953 2204 llypatii
967 2175 1033 2195 con-

247 2219 332 2243 sortes
358 2220 444 2248 erant,
460 2216 619 2243 mentionem
643 2214 713 2242 facit.
731 2214 829 2242 Danieli
850 2221 954 2248 quoque
969 2221 1032 2248 pre-

246 2263 355 2297 sbytero
362 2261 467 2296 scripsit
479 2261 558 2295 epist.
576 2260 642 2293 l99;
654 2267 731 2294 quem
749 2259 837 2286 laudat
849 2263 874 2286 et
887 2258 1031 2299 admodum

246 2309 361 2336 celebrat
382 2315 396 2334 a
412 2307 547 2342 patientia,
573 2305 736 2338 fortitudine,
761 2304 884 2339 loquendi
899 2305 1031 2336 libertate,

247 2361 324 2388 quam
337 2360 397 2380 cum
419 2352 498 2380 sociis
519 2351 575 2378 suis
595 2350 722 2378 exhibere
749 2357 800 2377 non
815 2350 960 2383 desinebat,
971 2351 1034 2377 sibi-

247 2407 299 2432 que
310 2399 347 2425 ait
361 2398 387 2425 in
402 2398 489 2425 hieme
509 2395 626 2423 versanti
637 2402 671 2423 ac
683 2395 852 2430 prtedonibus
864 2400 960 2422 vexato
968 2396 1034 2422 scri-

249 2444 311 2471 bere
324 2451 376 2470 non
389 2443 503 2471 desinat.

284 2489 340 2516 Hac
363 2489 429 2524 ipsa,
453 2493 483 2516 ut
509 2492 633 2523 putatur,
659 2487 747 2515 hieme
771 2487 908 2522 epistolam
933 2488 1035 2522 accepit

201 2550 211 2559 .
250 2534 380 2562 Theodoti
406 2534 522 2567 diacOni,
541 2533 585 2569 qui
597 2541 768 2569 summopere
783 2534 855 2561 illum
881 2534 994 2561 invisere
1008 2538 1035 2562 et

249 2582 381 2608 (Incusum
404 2579 535 2615 proﬁcisci
550 2580 682 2614 cupiebat,
706 2579 753 2607 sed
780 2579 918 2607 hibernum
932 2584 1035 2612 tempus

250 2631 277 2653 et
290 2625 456 2661 negotiorum
470 2624 611 2652 difficultas
626 2625 814 2660 impedimento
834 2624 948 2652 fuerant.
971 2624 1036 2651 liuic

251 2671 391 2706 epistolam
404 2671 447 2698 ille
456 2671 529 2698 misit
538 2671 581 2704 44,
591 2674 673 2706 utque
683 2676 802 2698 suaserat
812 2671 860 2705 ipsi
872 2669 1034 2701 Theodotus,

251 2718 284 2745 ad
299 2719 427 2753 plurimos
437 2718 503 2745 alios
517 2717 642 2752 scripsit;
663 2725 716 2745 non
729 2722 817 2744 autem
830 2717 863 2744 ad
878 2715 1034 2748 Carteriam,

252 2772 330 2797 quant
344 2764 447 2792 ca‘teris
466 2764 622 2798 adjunxerat
634 2764 656 2790 Τ
659 2763 796 2795 beodottts,
811 2763 871 2799 quia
886 2770 971 2798 nuper
988 2764 1036 2799 ipsi

255 2811 342 2838 literas
354 2813 470 2843 miserat,
487 2816 512 2838 et
524 2811 586 2846 quia
599 2810 728 2838 didicerat
741 2809 810 2837 illam
825 2810 929 2846 longam
948 2811 1038 2837 iniisse

257 2857 493 2892 peregrinationem
507 2864 515 2889 ;
530 2862 701 2892 precaturque
713 2855 876 2883 Theodotum
891 2861 920 2883 ut
931 2855 1038 2885 Marcel:

766 159 793 186 5.
814 157 954 186 JOANNIS
972 156 1205 185 CHRYSOSTOMI
1227 157 1316 190 VlTA,

1813 153 1864 180 sis

1081 215 1181 243 lianum
1195 220 1220 243 et
1233 215 1341 244 fratrem
1355 215 1505 248 conveniat,
1518 219 1544 243 et
1558 222 1618 242 cum
1631 213 1686 241 illis
1696 217 1766 248 agat,
1786 215 1825 244 ut,
1843 213 1865 239 si

1079 261 1184 296 quando
1192 261 1319 289 Carteria:
1330 261 1458 295 scribant,
1474 269 1503 288 se
1521 260 1589 296 apud
1605 260 1676 288 illam
1697 264 1816 295 purgent,
1839 263 1866 286 ut

1079 307 1122 342 qui
1136 315 1187 334 non
1203 316 1249 342 per
1264 308 1447 343 negligentiam
1463 307 1582 335 tacuerit.
1602 305 1687 339 Epist.
1704 313 1767 332 vero
1780 304 1815 332 ιδ
1833 303 1865 330 ad

1078 352 1229 380 Bassia‘nam
1239 353 1398 388 misit,qnam
1408 353 1494 387 arguit
1504 353 1573 387 quod
1583 352 1632 379 sibi
1642 352 1731 378 literas
1744 358 1797 377 non
1808 349 1866 377 mlt-

1078 401 1125 430 tat,
1138 398 1207 432 quod
1220 402 1306 425 tamen
1316 398 1391 425 facile
1405 398 1557 432 possit,cum
1567 402 1665 432 prmsto
1675 395 1771 423 habeat
1778 394 1864 422 Theo-

1077 441 1168 469 dotum
1182 443 1330 475 diaconum,
1340 443 1382 478 qui
1399 442 1519 470 mittendi
1534 442 1683 469 facultatem
1695 441 1757 468 dare
1770 439 1862 475 possit.

1113 491 1168 518 Hoc
1180 491 1236 526 ipso
1251 499 1320 518 anno
1333 492 1409 526 epist.
1423 491 1472 518 MS
1487 491 1556 518 misit
1569 489 1602 516 ad
1614 485 1861 522 episcopos,Cyria-

1078 543 1149 568 ettm,
1171 536 1343 568 Demetrium,
1363 535 1517 565 Palladium.
1531 534 1678 568 Euiysium,
1694 531 1737 566 qui
1751 531 1863 558 Romam

1077 579 1261 615 confugerant,
1275 586 1301 608 et
1313 581 1347 608 de
1361 581 1454 615 quibus
1470 587 1529 607 mox
1540 578 1640 605 mentio
1652 577 1801 604 habebitur.
1810 575 1863 602 llos

1078 634 1142 654 vero
1156 627 1248 654 beatos
1261 632 1287 654 et
1299 632 1338 654 ter
1351 627 1442 654 beatos
1455 626 1526 658 dicit,
1539 625 1573 652 ob
1586 623 1707 656 sudores,
1719 629 1862 653 atrumnas,

1078 672 1182 700 labores
1196 677 1223 700 et
1236 673 1361 707 pericula,
1377 680 1435 706 qua:
1452 680 1499 707 pro
1512 670 1634 698 omnibus
1646 669 1718 696 orbis
1738 667 1862 708 Ecclesiis

1077 718 1212 745 subierunt
1233 727 1239 745 ι
1261 725 1310 753 qua
1335 719 1367 745 de
1382 724 1460 744 causa
1480 716 1558 743 etiam
1583 715 1617 741 ab
1637 713 1766 740 universis
1791 718 1862 738 same

1078 765 1175 791 mentis
1197 764 1346 791 hominibus
1369 763 1580 793 celebrabantur,
1602 765 1628 787 et
1650 759 1762 792 amplam
1778 765 1792 784 a
1809 757 1862 784 Deo

1077 809 1226 838 mercedem
1239 814 1315 836 erant
1326 809 1468 842 accepturi.
1483 807 1548 834 Dicit
1561 810 1648 833 autem
1656 804 1796 840 (lyriacum
1806 803 1862 829 dia-

1077 863 1183 886 conum,
1198 855 1241 889 qui
1256 854 1366 881 [lentam
1384 853 1551 887 navigaturus
1565 855 1632 883 erat,
1648 857 1718 876 nunc
1732 848 1862 883 proﬁcisci

1079 909 1130 928 non
1143 901 1270 936 potuisse,
1283 899 1351 934 quod
1365 899 1448 926 multo
1461 898 1553 924 labore
1563 896 1699 923 confectus
1709 897 1794 922 esset.
1808 892 1862 920 Sed

1078 945 1206 973 Joannem
1218 945 1400 980 presbyterum
1416 947 1442 970 et
1455 942 1563 970 Paulum
1577 941 1727 972 diaconum,
1741 945 1800 965 cum
1814 945 1863 964 un-

1079 991 1158 1025 dique
1180 994 1350 1021 vexarentur,
1364 993 1391 1015 et
1405 994 1533 1022 nusquam
1547 985 1692 1013 consistere
1713 983 1755 1010 vel
1766 982 1862 1009 delite-

1078 1042 1154 1062 scere
1168 1039 1286 1069 possent,
1302 1033 1412 1060 Romam
1427 1032 1497 1066 ipsos
1510 1031 1583 1058 adire
1598 1033 1703 1057 coactos
1715 1028 1805 1060 fuisse,
1817 1034 1864 1053 ro-

1078 1084 1173 1114 gatque
1186 1086 1245 1106 cum
1259 1079 1368 1106 caritate
1382 1077 1453 1112 ipsos
1465 1076 1607 1110 excipiant.

1114 1123 1230 1151 Arsacias
1240 1124 1354 1156 moritur,
1366 1127 1388 1149 et
1397 1122 1493 1148 Atticus
1503 1121 1528 1147 in
1541 1120 1623 1147 sedem
1631 1118 1660 1145 C.
1669 1117 1703 1145 P.
1714 1115 1863 1144 init-aditur.

1079 1170 1180 1197 —Jam
1203 1169 1236 1196 ad
1256 1169 1306 1196 alia
1326 1175 1487 1198 evocamur.
1502 1173 1561 1200 qua:
1581 1164 1630 1191 etsi
1645 1170 1754 1199 prorsus
1774 1169 1864 1189 rerum

1079 1216 1171 1243 faciem
1187 1223 1237 1242 non
1259 1219 1403 1246 mutavere,
1427 1213 1507 1239 multa
1530 1211 1655 1238 induxere
1679 1215 1757 1236 nova.
1774 1207 1865 1235 Tertio

1079 1269 1192 1296 namque
1211 1260 1269 1287 idus
1284 1258 1440 1287 Novembris
1463 1256 1598 1287 Arsacius,
1613 1255 1656 1288 qui
1675 1252 1865 1280 Constantino-

1079 1307 1221 1341 politanam
1243 1304 1334 1332 sedem
1354 1304 1502 1333 invaserat,
1524 1309 1571 1328 seu
1592 1300 1680 1334 potius
1703 1299 1728 1325 in
1743 1304 1801 1325 eam
1823 1296 1865 1323 in-

1079 1351 1172 1378 ductus
1195 1350 1288 1381 fuerat,
1304 1349 1386 1376 obiit:
1404 1348 1442 1374 vir
1455 1355 1532 1382 quem
1555 1345 1676 1372 laudibus
1695 1343 1796 1370 extollit
1812 1341 1864 1369 So-

1079 1400 1164 1423 crates
1175 1395 1259 1431 (Sacr.
1273 1395 1290 1421 Ι.
1304 1394 1330 1421 6.
1344 1401 1366 1420 c.
1378 1393 1424 1426 20)
1435 1401 1442 1424 ;
1454 1392 1620 1419 Solomcnus
1638 1395 1701 1416 vero
1712 1388 1773 1415 dicit
1782 1386 1865 1413 fuisse

1079 1441 1153 1468 illum
1178 1445 1343 1467 mansuetum
1364 1441 1391 1464 et
1412 1437 1581 1471 religiosum,
1602 1433 1648 1460 sed
1668 1432 1768 1459 laudem
1792 1431 1865 1458 illam

1079 1487 1207 1514 minuisse
1227 1486 1339 1513 clericos
1363 1483 1508 1518 quosdam,
1530 1481 1575 1515 qui
1599 1479 1687 1507 omnia
1708 1484 1756 1512 pro
1781 1475 1866 1503 iubilo

1079 1532 1191 1568 agebant
1203 1531 1320 1566 (Sozom.
1335 1530 1354 1556 ι.
1364 1528 1390 1555 8.
1403 1536 1427 1555 ε.
1440 1526 1487 1562 9.7)
1499 1535 1505 1552 :
1518 1533 1609 1553 verum
1624 1523 1730 1552 infamia
1751 1521 1866 1568 quadam

1080 1567 1186 1605 notasse
1206 1577 1278 1604 illum
1300 1582 1344 1608 ea,
1359 1582 1417 1609 qua:
1436 1577 1528 1600 contra
1550 1569 1731 1606 Cbrysoslomi
1749 1567 1867 1595 fautores

1079 1629 1151 1659 gesta
1159 1627 1229 1651 sunt.
1244 1623 1277 1649 At
1286 1621 1370 1648 deiiro
1381 1620 1437 1647 seni
1445 1626 1498 1646 non
1507 1625 1553 1644 sua
1566 1616 1687 1647 fortasse,
1696 1614 1743 1641 sed
1753 1613 1867 1659 aliorum

1080 1657 1213 1700 facinora,
1238 1668 1305 1693 hanc
1318 1670 1406 1692 notam
1423 1665 1556 1691 invexere.
1579 1661 1643 1689 Utut
1655 1667 1699 1687 res
1712 1663 1763 1691 est,
1781 1657 1867 1686 Graeci

1081 1716 1153 1743 illum
1172 1715 1197 1741 in
1215 1713 1323 1741 lientcis
1334 1711 1388 1738 suis
1401 1714 1551 1737 sanctorum
1567 1713 1677 1734 numero
1688 1704 1866 1738 adscripserc.

1082 1759 1173 1787 Tanta:
1187 1758 1257 1786 sedis
1271 1764 1302 1784 ac
1321 1755 1456 1791 dignitatis
1478 1752 1639 1787 occupanda
1654 1750 1776 1784 cupidine
1795 1747 1868 1775 ducti

1081 1805 1195 1840 plurimi,
1212 1803 1346 1831 machinas
1360 1808 1451 1828 omnes
1473 1798 1610 1826 intendere
1624 1806 1631 1823 :
1647 1797 1806 1829 domumque
1819 1796 1868 1821 At-

1082 1852 1149 1878 ticus
1175 1849 1326 1884 presbyter,
1349 1855 1381 1874 ex
1406 1844 1583 1874 ambientibus
1605 1849 1684 1873 unus,
1709 1840 1753 1875 qui
1776 1843 1868 1867 contra

1081 1897 1209 1925 Joannem
1231 1895 1450 1930 Chrysostomum
1472 1890 1625 1925 episcopum
1647 1894 1734 1918 suum,
1760 1893 1821 1913 cum
1841 1885 1869 1911 in

1081 1943 1203 1970 exsilium
1224 1940 1376 1975 pelleretur,
1397 1937 1480 1964 multa
1495 1939 1623 1966 moverat,
1638 1933 1738 1960 electus
1760 1930 1868 1958 ordina-

1082 1993 1177 2022 tusque
1197 1986 1266 2013 fuit:
1288 1985 1329 2012 vir
1355 1982 1510 2013 industrius,
1534 1979 1703 2008 mediocriter
1722 1977 1817 2005 doctus
1842 1979 1869 2002 ct

1083 2034 1221 2068 eloquens,
1237 2039 1298 2066 erga
1311 2037 1359 2058 eos
1372 2034 1471 2061 autem,
1486 2027 1530 2062 qui
1545 2030 1634 2062 partes
1647 2030 1707 2052 suas
1720 2030 1774 2050 non
1783 2025 1870 2050 secta-

1083 2081 1188 2110 bantur,
1202 2078 1298 2105 ardens
1309 2081 1337 2104 et
1347 2075 1481 2103 terribilis.

1118 2124 1239 2160 Episcopi
1256 2122 1360 2158 plurimi
1372 2120 1480 2148 Romam
1493 2117 1650 2153 confugiunt.
1664 2115 1751 2160 v—VEX
1761 2113 1869 2141 Oriente

1085 2171 1196 2198 Romam
1208 2168 1282 2196 multi
1295 2167 1456 2194 adverterant
1467 2162 1584 2199 (Pallad.
1599 2170 1625 2196 ρ.
1639 2159 1684 2192 26,
1699 2159 1758 2193 Ξῖ),
1774 2162 1828 2185 tum
1841 2162 1869 2183 ut

1083 2216 1143 2251 fuga
1159 2213 1292 2243 securitati
1307 2219 1362 2239 sua:
1374 2209 1559 2240 consulerent,
1572 2211 1628 2233 tntn
1641 2210 1670 2232 ut
1684 2203 1867 2232 Innocentium

1084 2248 1181 2296 Papam
1196 2260 1230 2288 de
1243 2257 1454 2287 calamitatibus,
1470 2261 1528 2289 quae
1540 2251 1702 2280 Orientaiem
1722 2248 1870 2296 Ecclesium

1084 2292 1255 2337 divexabant,
1277 2303 1459 2332 informarent,
1479 2303 1557 2333 atque
1569 2305 1629 2325 etim
1645 2301 1672 2323 ut
1695 2293 1810 2323 remedia
1824 2292 1872 2320 ad-

1085 2353 1187 2380 hiberet
1197 2350 1361 2378 inducerent.
1376 2346 1514 2382 Cyriacus,
1523 2342 1705 2379 Synnadorutn
1719 2339 1870 2374 episcopus,

1084 2399 1163 2427 nullis
1174 2399 1317 2425 instructus
1330 2393 1459 2429 epistolis,
1471 2391 1518 2419 sed
1531 2390 1563 2418 ad
1572 2396 1630 2417 cam
1640 2394 1695 2415 rem
1708 2383 1873 2413 tractandam

1085 2445 1206 2474 idoneus,
1222 2442 1336 2470 edictum
1361 2437 1500 2473 imperiale
1517 2434 1682 2466 ostendebat,
1705 2438 1756 2466 quo
1779 2429 1872 2456 edice-

1086 2491 1172 2523 batur,
1187 2494 1217 2516 ut
1236 2486 1355 2523 quisquis
1374 2492 1434 2512 cum
1455 2481 1602 2516 Tlteophilo
1612 2501 1620 2514 ,
1636 2478 1746 2507 Arsacio
1762 2481 1789 2503 et
1804 2475 1871 2502 Por-

1086 2536 1180 2572 phyrio
1198 2541 1251 2561 non
1269 2531 1486 2561 communicaret,
1502 2528 1535 2555 ab
1550 2527 1704 2561 episcopatu
1717 2526 1852 2564 arceretur
1862 2541 1872 2551 ,

1086 2568 1112 2610 et
1123 2568 1250 2617 quidquid
1272 2585 1351 2612 opum
1365 2576 1407 2603 vel
1425 2575 1578 2603 facultatum
1597 2571 1707 2599 haberet
1727 2568 1876 2617 amitteret.

1087 2614 1150 2655 Post
1168 2614 1228 2653 cum
1242 2623 1374 2659 Eulysius,
1393 2623 1515 2656 Apamea:
1538 2619 1564 2646 in
1578 2616 1699 2651 Bithynia
1719 2614 1877 2648 episcopus,

1087 2673 1160 2701 venit
1173 2680 1180 2699 :
1192 2671 1236 2706 qui
1251 2670 1340 2697 literas
1355 2667 1480 2694 afferebat
1493 2662 1643 2700 quindecim
1657 2661 1840 2706 episcoporum
1861 2665 1881 2683 ο

1089 2717 1194 2754 Synodo
1203 2703 1325 2747 Joannis,
1335 2718 1361 2741 et
1370 2711 1461 2748 optimi
1474 2709 1545 2738 senis
1558 2708 1658 2743 Anysii,
1669 2703 1882 2754 Thessalonices

1089 2749 1217 2800 episcopi,
1231 2766 1259 2788 et
1271 2763 1427 2795 prtrsentem
1447 2761 1474 2784 et
1493 2755 1608 2790 priorem
1627 2752 1708 2780 totius
1721 2749 1883 2800 Constanti-

1091 2795 1195 2845 nopolis
1209 2806 1383 2841 direptionem
1398 2801 1578 2830 testificantes.
1594 2798 1708 2834 Anysius
1723 2804 1786 2823 vero
1797 2795 1881 2822 dice-

1093 2857 1136 2883 bat
1147 2862 1176 2882 so
1186 2853 1283 2888 judicio
1297 2851 1424 2878 Romana:
1439 2847 1565 2876 Ecclesiae
1577 2845 1754 2880 acquiescere.
1886 2867 1896 2889 ι
