2032 3110
189 110 242 138 249

223 167 320 202 Elapso
346 174 438 195 mense
463 167 575 195 accessit
601 166 749 200 Palladius,
779 166 974 201 ilelenopoleos

189 219 348 246 episcopus,
363 218 394 239 se
415 212 529 240 furorem
543 212 713 246 magistratus
726 208 876 238 declinandi
895 217 974 238 causa

188 257 287 292 fugisse
301 261 424 289 narrans,
436 261 462 284 et
472 264 531 291 quze
542 260 605 284 tunc
617 256 674 283 dira
687 257 879 284 exercebantur
891 256 973 290 signi-

188 303 279 330 ficans.
292 303 356 331 Post
370 303 515 330 Palladium
532 304 604 330 venit
620 303 770 331 Germanus
784 303 936 338 presbyter,
948 306 975 330 et

188 354 247 375 cum
264 348 309 375 illo
320 347 463 375 Cassianus
475 347 618 380 diaconus,
633 348 658 374 in
679 353 734 375 toto
747 349 810 375 orbe
825 347 974 375 Christiano

188 393 378 421 celeberrimus
393 402 399 420 ε
413 393 456 429 qui
467 393 557 421 literas
568 392 711 420 efferebant
724 393 805 420 totius
814 392 882 420 Cleri
894 393 975 420 Joan-

189 439 231 466 nis
245 438 440 473 Chrysoslomi,
464 439 635 466 testificantes
656 439 808 474 episcopum
831 445 906 465 suum
933 443 973 474 ty-

188 484 296 511 rannice
311 484 336 511 in
356 485 477 512 exsilium
497 489 583 511 aetutn
601 491 660 511 esse
673 491 720 518 per
731 483 871 510 factionem
886 483 973 510 Aeacii

190 530 503 565 Bermeusis,’l‘heophili
531 529 716 561 Alexandrini,
743 529 863 556 Antiochi
888 529 975 555 Ptole-

190 576 299 608 maidos,
314 580 341 602 et
351 575 486 602 Severiani
499 574 669 602 Gabalorum.
685 574 724 601 Ad
740 573 797 600 hrrc
812 573 973 600 breviculum

189 621 372 653 ostenderunt,
384 628 436 655 quo
450 620 563 654 pretiosa
577 627 636 646 rasa
651 619 813 646 tradiderant
826 625 915 645 coram
929 618 973 652 ju-

189 665 301 697 dicibus,
312 665 406 692 Studio
422 663 550 691 Praefecto
570 664 654 697 urbis,
671 663 835 698 Eutychiauo
847 662 974 689 Prmfecto

189 710 325 742 Pr;ctorii,
350 709 454 736 Joanne
479 709 581 736 Comite
605 709 810 740 thesaurorum,
838 707 974 734 Eustatltio

188 756 326 789 Qumstorc
340 760 367 782 et
380 754 538 788 Tabulariis,
553 754 580 781 in
593 761 668 786 auro,
686 758 794 788 argento
804 755 831 780 et
846 752 972 784 vestibus,

188 801 345 828 calumniam
359 800 454 828 Joanni
473 800 599 834 episcopo
616 798 754 826 conﬁctam
778 798 971 833 propulsantes.

188 846 244 878 Qua
257 846 291 873 de
307 852 337 872 re
351 850 438 872 actum
452 849 502 877 est,
515 852 575 872 cum
590 843 623 871 de
638 843 791 878 cxpulsione
800 842 970 878 Chryostomi

187 891 268 918 verba
282 891 402 918 lecintus.

222 937 285 964 Post
300 937 358 964 illos
374 936 463 969 rediit,
481 936 525 970 qui
536 935 590 971 jam
610 940 671 963 ante
690 939 797 962 venerat
814 935 972 967 Demetrius,

187 981 352 1009 Pessinuntis
374 981 530 1016 episcopus,
554 980 599 1015 qui
626 980 761 1007 Orientem
786 983 972 1014 percurrcrat,

188 1026 336 1061 pmdicans
354 1025 536 1053 Romanorum
555 1025 769 1052 communionem
791 1032 850 1052 cum
873 1024 974 1051 Joanne

185 1073 320 1106 episcopo,
336 1071 450 1098 osteusis
459 1071 603 1098 Innocentii
614 1070 690 1104 Papa:
701 1070 801 1102 literis;
813 1075 874 1097 tunc
885 1074 973 1096 autem

186 1117 299 1144 al‘fercns
314 1117 403 1144 literas
415 1115 598 1151 episeoporum
611 1114 706 1148 Caria),
723 1115 765 1150 qui
779 1115 888 1142 Joannis
900 1122 973 1141 cont-

186 1163 341 1189 ntunioncm
359 1162 602 1197 amplectebantur,
618 1161 736 1196 aliasque
759 1161 972 1196 presbyterurt'm

189 1209 350 1242 Antiochiae,
372 1209 418 1243 qui
434 1208 578 1236 Romanam
599 1208 765 1243 disciplinam
786 1208 972 1242 sequebantur,

187 1254 414 1289 deplorabantque
440 1253 579 1289 Porphyrii
604 1253 795 1281 ordinationem
819 1258 910 1280 contra
930 1253 974 1287 itis

187 1299 278 1334 fasque
292 1299 400 1326 inducti.

221 1345 285 1373 Post
297 1346 356 1372 illos
370 1352 463 1373 omnes
473 1345 546 1372 venit
560 1345 724 1372 Domitianus
736 1344 884 1380 presbyter,
901 1351 975 1371 ceco-

188 1399 282 1418 nomus
305 1391 432 1418 Ecclesia:
457 1391 772 1426 Constantinopolitanae,
801 1395 829 1417 t-t
854 1390 975 1425 Vallagas

187 1437 304 1471 quidam,
319 1435 457 1472 presbyter
469 1436 620 1468 Nisibenus,
631 1442 741 1462 narrans
754 1435 973 1462 monasteriorum

188 1482 382 1516 Mesopotamia:
396 1481 576 1509 afflictionem.
592 1481 623 1508 Ili
637 1481 715 1508 etiam
734 1481 899 1514 protulerunt
912 1484 971 1507 acta

188 1527 272 1563 Optuti
288 1526 424 1558 Praefecti,
441 1526 467 1554 in
480 1527 554 1562 queis
564 1526 698 1553 ferebatur
712 1525 837 1553 honestas
850 1525 974 1552 mulieres

187 1581 219 1599 ex
231 1579 330 1607 genere
345 1571 484 1599 consulum
504 1571 667 1598 diaeonissas
682 1570 808 1597 Ecclesiae
821 1569 973 1597 Constanti-

188 1618 357 1652 uopolitanm,
371 1617 398 1644 in
409 1617 494 1644 oculis
503 1616 591 1652 populi
602 1615 636 1643 ad
649 1623 708 1643 eutn
721 1615 858 1647 adductas,
869 1621 974 1643 coactas

188 1663 267 1691 fuisse
280 1667 326 1690 aut
341 1670 402 1690 cum
416 1663 526 1690 Arsacia
539 1661 751 1694 communicare,
768 1666 813 1688 aut
828 1661 892 1688 ﬁsco
911 1661 974 1688 dare

187 1710 314 1738 ducentas
338 1709 395 1736 auri
416 1709 505 1736 libras.
521 1709 624 1736 Asceta:
636 1715 741 1743 quoque
754 1712 781 1735 et
801 1707 914 1742 virgines
928 1707 974 1734 ad-

187 1760 269 1787 erant,
278 1754 450 1782 ostendentes
458 1754 556 1781 sulcata
565 1753 648 1781 latera
658 1753 684 1780 in
692 1753 816 1788 equuleo,
826 1758 853 1780 et
864 1753 890 1780 in
901 1757 974 1788 tergo

187 1801 325 1828 verberum
342 1805 427 1828 notas.

220 1846 365 1874 Innocentii
386 1845 465 1882 Papia
480 1846 568 1875 litera.
580 1861 616 1867 —
628 1846 674 1874 llis
685 1846 835 1881 conspectis
851 1847 974 1874 omnibus

187 1893 357 1921 Innocentius
367 1892 436 1928 Papa
456 1893 657 1928 Chrysostomo,
669 1900 682 1919 a
696 1900 748 1927 qtto
762 1893 852 1920 literas
864 1899 974 1926 accepe-

187 1942 236 1969 rat,
246 1937 395 1972 rescripsit,
405 1941 429 1964 et
438 1937 469 1964 ad
482 1938 633 1971 patientiam
643 1938 667 1964 in
678 1941 748 1963 tanta
757 1937 893 1964 subeunda
902 1937 974 1963 cala-

187 1985 275 2011 mitate
288 1984 442 2011 cohortatus
455 1989 496 2010 est
510 1983 626 2016 (Sozam.
641 1984 660 2010 Ι.
680 1983 708 2011 8.
728 1991 750 2010 c.
764 1982 821 2018 26).
837 1983 973 2017 Episcopis

186 2030 275 2061 etiam,
297 2028 472 2063 pre3byteris,
494 2027 612 2056 diaconis
629 2032 655 2055 et
676 2028 801 2055 universo
823 2027 900 2055 Clero
921 2023 972 2055 Ee-

186 2075 271 2101 cit-sia:
286 2073 597 2108 Constantinopolitana),
612 2074 655 2108 qui
669 2073 718 2100 sibi
732 2073 821 2101 literas
836 2074 971 2106 miserant,

186 2126 232 2153 per
243 2118 406 2146 Germanum
429 2118 611 2154 presbyterum
624 2123 651 2146 et
663 2119 815 2146 Cassianum
833 2119 973 2146 diaconum

188 2163 333 2198 respondit,
351 2167 453 2189 tantum
471 2164 568 2190 malum
595 2164 644 2191 sibi
661 2164 805 2191 renuntiari
825 2164 931 2197 dicens,
946 2169 974 2191 ttt

187 2209 240 2236 sola
255 2208 391 2244 patientia:
411 2209 590 2236 consolatione
608 2210 694 2236 sanari
712 2217 793 2244 posse
809 2214 890 2244 putet.
905 2209 972 2237 Tum

186 2261 240 2286 eos,
260 2255 305 2289 qui
319 2261 373 2281 non
388 2254 505 2281 auditum
527 2254 654 2282 Joannem
674 2255 877 2288 damnaverunt,
893 2261 922 2283 ut
935 2255 973 2282 fa-

187 2300 323 2327 cinorosos
340 2299 473 2334 improbat
488 2308 495 2326 :
513 2301 742 2336 necessariumque
758 2308 818 2329 esse
831 2302 868 2328 ait
888 2301 974 2336 Syno-

186 2344 245 2371 dutn
256 2352 364 2380 cogere,
377 2353 435 2379 quae
444 2345 476 2372 de
486 2350 556 2372 tanta
570 2354 599 2372 re
610 2346 852 2380 possittleeernerc.
865 2347 899 2374 Se
907 2355 972 2374 vero

186 2391 283 2423 omnia,
305 2397 367 2424 qua}
384 2390 433 2424 ipsi
447 2390 600 2423 narrabant,
614 2391 747 2418 audivisse
765 2392 829 2419 dicit
850 2400 864 2418 a
880 2393 971 2428 coepi-

185 2436 272 2470 scopis
281 2436 338 2463 suis
349 2436 492 2469 Demetrio,
504 2436 624 2471 Cyriaco,
636 2437 742 2472 Eulysio
755 2441 781 2464 ct
790 2438 915 2471 Palladio,
925 2439 970 2473 qui

184 2485 244 2509 Itltlc
254 2482 347 2509 Romae
359 2486 447 2509 erant.

218 2527 384 2555 Innocentius
401 2527 473 2561 Papa
489 2534 512 2555 et
527 2528 656 2556 Honorius
671 2529 740 2563 Imp.
760 2530 893 2565 Synodum
905 2539 971 2558 mcu-

185 2574 306 2600 mnicam
313 2573 436 2600 celebrari
448 2575 560 2608 cupiunt.
571 2590 606 2594 —
618 2576 653 2602 De
663 2576 780 2603 Concilio
791 2576 869 2612 igitur
881 2577 970 2605 (Ecu-

185 2620 288 2646 menico
300 2619 423 2654 cogendo
434 2619 466 2646 ad
481 2621 624 2648 llonorium
637 2622 823 2657 Imperatorem
839 2628 901 2650 tunc
916 2625 969 2651 ita-

185 2672 277 2691 renna:
298 2668 451 2691 rersantetn
463 2667 575 2701 scripsit.
591 2667 640 2701 Qui
654 2676 709 2694 rem
724 2675 893 2703 summopere
908 2674 970 2703 pro-

187 2709 336 2743 bansjussit
345 2707 550 2738 Occidentalium
561 2711 694 2746 Synodum
710 2713 778 2748 cogi.
788 2712 877 2741 Coacti
891 2714 970 2749 igitur

187 2754 302 2787 episcopi
316 2754 411 2784 Italiae,
428 2758 455 2779 ut
468 2755 502 2781 ait
514 2756 642 2785 Palladius
657 2759 772 2793 (extera:
791 2767 906 2795 namque
919 2760 970 2788 Oo-

188 2798 298 2825 cidcntis
321 2797 466 2832 provincia:
479 2804 503 2826 ct
522 2802 638 2837 regiones
653 2805 896 2839 seplentrioaalium
919 2814 967 2835 n.1-

766 110 856 139 ΝυΝο
876 109 1006 138 PRIMUM
1022 110 1217 138 ADORNATA.

1760 109 1811 137 250

1032 171 1132 194 ltonum
1147 164 1328 194 inrasionibtts
1342 166 1506 201 laborantes,
1524 166 1567 194 vix
1580 169 1701 201 poterant
1715 165 1742 192 in
1762 165 1812 192 lla-

1029 209 1090 238 liam
1103 212 1242 247 episcopos
1254 219 1317 239 suos
1330 212 1447 247 mittere)
1462 221 1470 241 :
1485 219 1537 239 una
1553 211 1601 239 fuit
1610 215 1698 239 autem
1713 211 1812 246 cpisco-

1030 263 1122 290 porum
1135 257 1284 290 sententia;
1300 257 1424 284 nimirum
1440 261 1469 284 ut
1484 260 1557 284 tanto
1580 256 1651 283 malo
1665 256 1811 284 remedium

1028 299 1176 333 efferretur,
1193 302 1372 329 necessarittm
1386 308 1445 329 esse
1458 301 1604 328 Concilium
1619 301 1811 329 tecumenicum

1028 346 1236 374 Occidentalium
1250 347 1328 374 simul
1340 351 1368 374 et
1381 347 1563 378 Orientalium,
1577 352 1604 374 et
1615 347 1812 376 Thessalonica!

1029 391 1196 419 indicendum
1220 399 1289 424 esse,
1311 396 1339 418 ut
1359 391 1461 419 facilius
1479 393 1594 421 Orientis
1615 398 1643 419 et
1662 392 1813 420 Occidentis

1028 437 1155 472 przcsules
1167 437 1213 464 illo
1232 445 1372 465 accurrere
1387 442 1506 473 possent.
1529 438 1575 465 llis
1591 439 1738 466 assentiens
1759 439 1812 466 Ho-

1028 483 1128 516 norius,
1143 483 1263 511 Romano
1278 483 1398 511 Pontiliei
1413 484 1567 511 Innocentio
1580 485 1697 519 scripsit,
1714 489 1742 511 ut
1755 485 1812 520 epi-

1027 535 1121 563 scopos
1129 529 1245 564 quinque
1251 528 1497 564 Constantinopolin
1506 529 1632 562 mitteret,
1642 530 1812 564 presbyteros

1027 576 1104 609 duos,
1119 581 1146 604 et
1165 577 1314 610 diaconum,
1330 577 1373 612 qui
1397 583 1471 604 suam
1491 576 1524 603 ad
1539 576 1648 604 fratrem
1671 577 1811 604 Arcadium

1027 622 1165 656 epistolam
1179 621 1314 649 afferrent.

1063 667 1208 701 Epistulam
1223 668 1300 702 igitur
1313 668 1426 695 Arcadio
1446 668 1520 695 fratri
1534 667 1654 702 scripsit,
1669 674 1747 702 quant
1763 667 1811 701 ipsi

1028 713 1132 739 tertiam
1149 721 1178 740 ea
1198 714 1230 741 de
1245 721 1274 741 re
1295 714 1402 742 mittere
1424 714 1502 747 dicit,
1526 719 1653 749 rogatque
1672 714 1813 749 episcopos

1026 757 1174 786 Orientales
1190 763 1266 786 curet
1282 759 1477 786 Thessalonicae
1497 760 1669 794 congregari,
1682 764 1813 793 cogatque

1027 803 1218 838 Theophilum,
1233 805 1277 839 qui
1298 805 1416 831 omnium
1439 804 1568 831 tnalorum
1589 811 1667 831 causa
1692 811 1752 831 esse
1773 804 1811 830 fe-

1026 848 1150 880 rebatur,
1177 849 1295 876 Concilio
1320 849 1424 876 adesse.
1450 849 1485 876 Se
1509 849 1608 884 legatos
1634 849 1682 883 ipsi
1708 849 1813 876 mittere

1027 893 1124 927 probos
1139 898 1165 921 et
1178 894 1233 921 veri
1257 898 1378 921 amantes
1388 915 1395 926 ,
1408 901 1476 929 quos
1494 897 1524 921 ut
1537 894 1604 921 bene
1624 894 1737 928 excipiat
1751 893 1812 920 hor-

1028 943 1106 965 tatur.
1131 938 1182 972 Qui
1205 946 1268 966 vero
1291 939 1365 966 missi
1386 938 1460 966 fuere
1480 939 1569 973 legati,
1595 943 1672 966 crant
1695 939 1812 973 episcopi

1026 982 1161 1016 Emilius,
1172 983 1327 1019 Cythegius,
1339 983 1502 1011 Gaudentius
1509 989 1536 1011 et
1545 983 1693 1016 Marianos;
1704 984 1812 1018 quintus

1027 1034 1113 1056 autem
1127 1037 1142 1056 a
1163 1029 1281 1056 Palladio
1302 1037 1355 1056 non
1368 1030 1520 1057 nominatur
1534 1038 1540 1055 :
1554 1030 1703 1065 presbyteri
1721 1033 1811 1056 autem

1027 1074 1079 1100 duo
1091 1080 1166 1101 erant
1180 1073 1378 1102 Valentinianus
1393 1081 1419 1102 et
1432 1075 1593 1102 Bonifacius.

1062 1120 1177 1155 Anysius
1191 1120 1230 1146 vir
1239 1120 1293 1154 jam
1307 1127 1387 1147 senex
1400 1124 1427 1147 et
1440 1120 1548 1155 probus,
1566 1120 1706 1154 episcopus
1724 1119 1811 1147 Thcs-

1027 1164 1215 1198 salmticensls,
1225 1165 1316 1193 literas
1331 1165 1439 1201 Eulysio
1456 1165 1576 1199 dederat,
1591 1171 1620 1192 ut
1634 1165 1755 1198 vidimus,
1771 1165 1813 1192 ln-

1027 1210 1150 1237 noceutio
1167 1210 1243 1244 I’ap:e
1258 1210 1416 1243 afferendas,
1432 1210 1508 1244 queis
1521 1217 1550 1237 se
1563 1218 1611 1244 pro
1621 1210 1812 1246 Chrysostomo

1027 1262 1097 1284 stare
1110 1256 1309 1284 testificabatur.
1331 1256 1398 1284 Huic
1412 1263 1530 1284 summas
1542 1257 1638 1291 gratias
1657 1257 1711 1291 egit
1725 1255 1813 1292 Chry-

1027 1307 1160 1330 sostomus
1183 1301 1209 1329 in
1234 1302 1347 1336 cpistola
1368 1301 1429 1329 162.
1453 1301 1518 1328 Eam
1544 1302 1643 1329 tardius
1665 1309 1742 1336 quant
1767 1305 1814 1336 par

1026 1347 1120 1375 fuissct
1141 1355 1170 1375 se
1189 1348 1292 1375 misisse
1315 1347 1486 1379 testificatur,
1501 1347 1535 1374 ob
1559 1347 1609 1373 loci
1633 1346 1812 1374 Solitudinem.

1027 1393 1171 1428 Virumque
1195 1393 1311 1420 laudata
1327 1392 1479 1420 fortitudine
1498 1396 1525 1419 et
1545 1392 1703 1423 constantia,
1722 1391 1812 1418 horta-

1027 1443 1121 1473 turque
1142 1442 1170 1464 ut
1193 1438 1249 1472 pari
1272 1439 1368 1465 virtme
1389 1441 1480 1472 pergat
1495 1437 1639 1465 Ecclesium
1659 1437 1811 1465 defendere.

1026 1483 1170 1518 Epistulam
1185 1490 1290 1519 quoque
1305 1483 1356 1511 l65
1371 1483 1442 1510 misit
1456 1483 1488 1510 ad
1503 1483 1642 1517 episcopos
1655 1490 1747 1510 omnes
1757 1483 1813 1510 Illa-

1026 1530 1155 1563 cedonitc,
1171 1529 1263 1557 eadem
1278 1529 1360 1556 ferme
1381 1529 1436 1563 ipsa
1450 1529 1587 1556 ferentem.
1604 1528 1710 1555 Illorum
1725 1532 1813 1556 autent

1027 1576 1149 1603 undecim
1165 1576 1189 1602 in
1213 1575 1288 1602 titulo
1313 1575 1420 1602 nomina
1440 1574 1550 1609 profert,
1571 1582 1718 1609 agmenque
1742 1574 1814 1601 dtu-it

1026 1622 1142 1658 Anysius
1168 1621 1433 1653 Thessalonicensis;
1462 1621 1494 1648 ad
1529 1624 1693 1655 crateresque
1720 1627 1814 1647 omnes

1026 1668 1105 1694 etiam
1129 1674 1182 1693 non
1207 1667 1355 1693 nominatos
1380 1666 1512 1700 dirigitur.
1537 1665 1683 1700 Epistolam
1709 1672 1814 1699 quoque

1028 1711 1078 1739 liii
1091 1712 1163 1739 misit
1178 1711 1211 1738 ad
1225 1711 1403 1738 Alexandrum
1414 1732 1420 1744 ,
1436 1710 1555 1738 Corinthi
1571 1711 1736 1746 episcopum,
1748 1710 1814 1737 ami-

1027 1757 1089 1785 citia
1108 1756 1159 1784 sibi
1178 1757 1347 1791 conjttnctttm
1359 1777 1366 1789 ,
1389 1756 1423 1784 de
1438 1763 1489 1792 quo
1510 1761 1597 1783 tamen
1611 1756 1729 1791 queritur
1744 1755 1814 1790 quod

1026 1803 1117 1830 literas
1133 1802 1218 1829 nullas
1233 1802 1266 1829 ad
1281 1808 1309 1829 se
1326 1802 1423 1829 mittat.

1061 1850 1252 1885 Clnysostonms
1265 1849 1414 1878 Isaurorum
1432 1844 1616 1877 incursionibus
1634 1849 1731 1884 coqilur
1742 1848 1814 1875 sedes

1025 1901 1122 1922 mulare
1136 1899 1160 1921 et
1174 1895 1318 1922 Arabissum
1329 1897 1472 1931 canfugnrc.
1486 1910 1522 1916 —
1533 1895 1591 1922 Jam
1605 1894 1650 1922 diu
1664 1895 1813 1921 Isaurorum

1026 1940 1191 1968 incursiones
1205 1941 1340 1975 regionem
1356 1941 1427 1968 illam
1443 1945 1469 1968 et
1479 1941 1568 1968 omnia
1583 1941 1682 1968 circum
1698 1940 1754 1967 loca
1771 1940 1812 1966 in—

1026 1985 1091 2013 festa
1110 1986 1264 2013 habuerant.
1280 1985 1377 2013 Verum
1400 1993 1468 2013 anno
1486 1985 1539 2013 405
1556 1989 1683 2018 vertente,
1697 1989 1724 2012 et
1740 1985 1814 2012 initio

1026 2031 1163 2066 sequentis
1182 2031 1244 2063 406,
1261 2031 1339 2066 longe
1357 2031 1443 2058 acrius
1469 2030 1607 2063 institere;
1628 2034 1654 2057 et
1667 2037 1726 2057 etttn
1743 2029 1814 2063 peri-

1026 2076 1113 2104 culum
1134 2080 1206 2103 esset
1219 2083 1253 2104 ne
1271 2076 1412 2109 Cucusum,
1438 2083 1490 2103 non
1512 2076 1547 2102 ita
1568 2075 1697 2103 munitum
1714 2075 1810 2106 locum,

1026 2121 1180 2149 inraderent
1203 2126 1391 2156 caperentque,
1414 2121 1530 2149 Joannes
1552 2125 1643 2148 noster
1667 2121 1700 2148 ad
1726 2119 1812 2156 fugam

1028 2168 1218 2203 capessendam
1240 2173 1347 2195 coactus
1371 2171 1432 2195 est:
1456 2175 1486 2195 ac
1510 2167 1659 2194 securitatis
1680 2174 1759 2194 causa
1786 2167 1812 2193 in

1025 2216 1170 2250 asperrima
1193 2215 1280 2242 hieme
1301 2216 1357 2242 loca
1385 2215 1497 2243 subinde
1520 2216 1706 2246 commutavit.
1727 2215 1761 2242 ita
1785 2220 1813 2241 ut

1026 2261 1105 2288 modo
1117 2261 1144 2288 in
1159 2261 1279 2292 urbibus,
1295 2261 1375 2289 modo
1391 2261 1415 2288 in
1432 2266 1510 2288 terra:
1525 2260 1641 2288 faucibus
1653 2264 1680 2288 et
1690 2260 1810 2292 saltibus,

1025 2307 1125 2334 versari
1154 2306 1368 2341 compelleretur.
1397 2306 1568 2340 Tandemque
1598 2307 1746 2332 Isaurorum
1771 2310 1811 2332 tu-

1025 2351 1108 2379 multu
1121 2351 1250 2386 tantisper
1262 2351 1362 2383 sedato,
1379 2351 1435 2378 loca
1449 2351 1553 2381 deserta
1565 2350 1728 2384 relinquens,
1746 2350 1811 2377 Ara-

1024 2396 1124 2424 bissum
1135 2396 1261 2431 confugit,
1275 2397 1300 2423 in
1317 2403 1370 2431 quo
1382 2395 1479 2431 oppido
1500 2403 1547 2422 arx
1560 2400 1617 2423 crat
1631 2395 1738 2430 reliquis
1751 2403 1809 2422 om-

1024 2442 1101 2469 nibus
1115 2442 1208 2469 vicinia
1222 2442 1287 2469 locis
1301 2442 1389 2474 tutior,
1403 2442 1429 2468 in
1440 2449 1502 2469 arce
1515 2446 1603 2469 autem
1616 2441 1694 2469 sedes
1708 2442 1806 2474 habuit,

1025 2489 1050 2515 in
1064 2488 1160 2523 oppido
1173 2489 1242 2516 enim
1257 2493 1313 2516 tuto
1328 2489 1427 2516 versari
1440 2495 1492 2515 non
1506 2492 1617 2522 poterat.

1059 2533 1122 2561 Hmc
1137 2541 1215 2568 porro
1222 2533 1637 2568 narratipseJoannesnosterin
1648 2534 1757 2569 cpistola
1775 2535 1810 2561 ϐε)

1023 2580 1055 2605 ad
1080 2579 1216 2606 Nicolaum
1237 2579 1432 2615 presbyterum.
1461 2579 1541 2606 Addit
1567 2584 1654 2612 autem
1677 2587 1737 2607 esse
1758 2579 1807 2605 sibi

1024 2624 1092 2652 hanc
1106 2617 1196 2651 sedem
1221 2624 1292 2650 omni
1310 2632 1417 2652 carcere
1439 2625 1610 2652 deteriorem.
1631 2624 1807 2658 l‘rreterquam

1023 2671 1091 2707 quod
1107 2671 1177 2698 enim
1202 2671 1284 2698 Isauri
1303 2671 1420 2706 quotidie
1429 2671 1517 2698 omnia
1538 2670 1708 2703 lnvadebant,
1728 2674 1807 2704 atque

1023 2717 1075 2752 igni
1099 2722 1125 2743 et
1147 2717 1217 2745 ferro
1241 2720 1295 2743 tum
1321 2716 1441 2750 aedilicia,
1463 2721 1516 2743 tum
1540 2723 1650 2752 corpora
1672 2715 1806 2747 delebant,

1022 2763 1118 2790 famem
1139 2764 1234 2796 etiam,
1256 2771 1334 2798 quam
1356 2769 1383 2790 et
1403 2763 1453 2790 loci
1476 2763 1595 2797 angustia
1617 2766 1643 2789 et
1665 2761 1807 2788 multitudo

1023 2816 1116 2836 eorum
1136 2809 1179 2845 qui
1203 2809 1248 2836 illo
1278 2808 1473 2843 confugiebant,
1500 2807 1660 2840 minabatur,
1680 2807 1804 2842 pertime-
