2032 3110
229 144 275 171 ἳ51
734 143 762 170 S.
781 141 918 170 JOANNIS
937 140 1173 168 CHRYSOSTUMI
1194 141 1281 174 VITA,
1798 141 1851 170 25‘).

227 200 318 227 scebat
342 200 396 227 ille.
416 200 457 227 Ad
479 200 536 227 hare
559 206 621 226 vero
644 199 760 226 dittturni
777 199 860 225 morbi
885 206 963 233 quem
985 203 1012 225 et

228 246 313 273 hiems
332 250 360 273 et
379 250 505 280 perpetua
522 246 579 280 fuga
604 249 740 279 pepererat
753 265 759 276 ,
773 244 822 271 etsi
839 244 892 278 jam
906 243 1012 270 sedatus

226 294 294 322 erat,
309 294 396 317 tamen
419 290 543 324 reliquias
564 289 651 316 adhuc
668 289 713 316 ille
732 288 945 315 circumferebat.
960 287 1011 314 Vix

227 341 314 364 autem
328 336 467 371 quisquam
481 335 513 362 ad
530 335 601 362 illum
616 342 767 362 commeare
788 334 919 366 audebat,
942 333 1011 368 quod

227 381 275 407 via:
301 381 415 416 undique
437 381 586 408 interclusae
605 385 702 408 essent.
729 380 827 407 Eadem
849 380 934 407 ferme
955 379 1011 413 ipsa

227 426 323 460 repetit
337 426 362 452 in
378 426 489 460 cpistola
503 425 537 453 70
550 426 582 453 ad
598 425 789 460 Aphthonium,
803 424 969 452 Theodotum
985 427 1011 450 et

225 469 361 497 Cltmream
385 471 554 506 presbyteros
577 475 604 497 et
625 469 780 502 monachos,
800 468 861 503 quid
885 468 917 495 ad
938 468 1011 494 illum

226 516 356 550 proﬁcisci
380 516 568 551 pet-optabant;
584 515 631 543 sed
649 516 710 550 quia
733 515 759 542 in
775 515 819 542 tali
840 521 930 541 rerum
944 521 1010 540 eon-

225 560 325 587 ditiouc
340 560 403 587 illttd
419 561 468 588 iter
480 561 576 595 suscipi
591 561 695 588 nonnisi
708 567 768 586 cum
788 559 880 594 grandi
895 559 1011 593 periculo

227 611 341 640 poterat,
353 606 474 633 ltortatur
489 607 549 633 illos
560 612 588 633 ut
602 607 651 634 sibi
666 613 713 641 per
726 606 833 633 crebras
847 605 938 632 literas
948 611 1010 630 eon-

227 650 382 677 solationem
396 652 508 685 pariant.

262 696 291 723 lu
310 696 421 732 epistola
443 705 506 724 vero
530 697 578 724 127
597 697 630 724 ad
651 696 788 731 Polybium
813 696 858 728 ait,
886 695 935 723 sibi
956 695 1010 729 jam

228 741 308 768 adimi
335 741 470 769 literarum
494 743 615 770 solatium
635 750 681 777 per
704 742 772 769 ttivts
793 742 926 776 ingentem
940 741 1009 772 vim,

228 793 288 821 qua:
311 786 367 813 vias
389 793 486 814 omnes-
509 787 707 819 intercluserat;
730 786 778 813 sed
804 786 887 820 magis
912 785 1010 812 invium

229 830 494 866 inaccessibilemque
502 832 576 859 reddi
585 832 672 859 locum
680 832 714 859 ab
724 829 872 858 Isaurorum
893 834 1009 862 terrore;

226 877 271 908 qui
284 880 373 902 tantus
387 881 452 906 erat,
471 879 498 902 ut
510 883 588 902 nemo
599 876 670 902 domi
685 883 794 903 manere
808 875 932 907 auderet,
951 883 1009 902 om-

227 926 327 955 nesque
341 920 507 955 aufugerent,
520 920 555 947 ita
570 925 598 948 ut
611 921 690 948 urbes
705 926 767 948 tunc
781 920 894 955 parietes
909 925 1010 948 tantum

226 969 252 990 et
266 968 333 991 tecta
355 970 454 997 essent,
474 969 607 1000 praerupta
625 970 713 992 autem
735 970 762 992 et
784 965 867 992 saltus
887 966 914 992 in
931 965 1010 992 urbes

226 1013 401 1036 mutarentur.
425 1009 524 1037 Tantus
545 1010 646 1038 scilicet
667 1015 724 1037 erat
743 1010 893 1037 Isaurorum
915 1010 1007 1037 furor:

225 1053 290 1081 alios
305 1053 461 1089 jugulabant
479 1055 520 1082 vel
542 1055 742 1088 comburebant,
764 1055 831 1082 alios
853 1063 886 1082 ex
899 1055 1009 1090 captivis

223 1107 314 1127 servos
336 1100 496 1128 efﬁciebant.
521 1101 712 1128 Adolescentes
737 1108 842 1136 quoque
863 1101 889 1127 itt
916 1100 1009 1127 mediis

223 1146 346 1173 noctibus
366 1146 489 1181 aufugero
509 1148 594 1174 coacti
614 1147 640 1174 in
664 1147 762 1173 nivium
776 1146 899 1181 congerie
913 1146 1009 1181 frigore

218 1190 421 1225 ~obrigescetttcs
446 1192 637 1218 moriebantur.
666 1191 807 1226 Superiora
835 1191 939 1218 brevius
967 1199 1010 1218 rc-

222 1240 315 1262 eenset
328 1236 353 1262 itt
375 1236 487 1270 epistola
508 1236 557 1263 151
580 1235 614 1263 ad
630 1235 760 1270 Elpidium
779 1236 941 1270 episcopum,
959 1236 1008 1262 ait-

217 1287 274 1313 que
291 1287 321 1306 se
337 1280 414 1307 sedes
429 1280 526 1315 smptus
540 1281 694 1313 mutavisse,
709 1287 795 1315 neque
808 1280 834 1307 itt
847 1281 967 1313 castello,
982 1281 1008 1307 in

222 1330 274 1358 quo
288 1329 349 1351 tunc
361 1324 437 1359 quasi
452 1324 478 1351 in
494 1331 601 1352 carcere
614 1325 732 1352 inclusus
742 1325 874 1358 manebat,
889 1325 952 1351 satis
967 1329 1007 1351 tu-

223 1374 277 1397 tum
289 1377 349 1398 esse
364 1379 371 1398 :
395 1370 476 1398 Isauri
497 1378 610 1406 namque
626 1371 775 1406 lmjusmodi
795 1378 869 1398 arces
886 1370 1008 1398 obsidere

222 1423 274 1443 non
286 1416 451 1444 dubitabant.
467 1417 635 1452 Quapropter
649 1417 715 1452 petit
728 1421 756 1444 ttt
770 1417 889 1451 ignoscat
902 1417 970 1450 sibi,
985 1417 1006 1443 si

221 1469 282 1489 raro
296 1462 345 1498 ipsi
359 1462 448 1490 literas
465 1464 561 1495 mittat,
577 1467 705 1497 rogatque
723 1462 876 1497 frequenter
890 1462 932 1489 ille
943 1483 950 1496 ,
965 1461 1007 1490 cui

221 1508 326 1541 licebat,
341 1508 366 1535 id
380 1508 497 1536 muneris
508 1513 677 1543 exsequatur.

254 1553 387 1588 Epistolas
399 1554 461 1581 item
472 1554 538 1581 duas
547 1554 654 1588 scripsit
664 1554 697 1580 67
712 1558 738 1580 et
753 1553 786 1580 68
797 1553 830 1580 ad
841 1552 1004 1580 Theodotum

220 1599 360 1627 diaconum
372 1600 422 1628 sibi
435 1600 656 1632 addictissimum,
672 1600 697 1626 in
710 1607 821 1634 quarum
830 1599 911 1626 altera
922 1599 985 1625 dicit
997 1607 1003 1624 :

221 1643 268 1670 Tot
288 1645 412 1672 Armenia:
436 1645 504 1672 mala
523 1650 582 1672 sunt
594 1666 601 1678 ,
620 1653 649 1671 ac
665 1649 796 1680 tempestas
818 1644 898 1671 altera
923 1644 1006 1670 omnia

220 1690 315 1722 excepit
338 1697 347 1715 :
368 1697 427 1716 nam
448 1698 602 1724 quocumque
624 1690 724 1716 tandem
748 1690 877 1724 quisquam
902 1689 1004 1718 venerit.

220 1739 335 1761 cruentos
359 1739 498 1767 torrentes,
525 1735 673 1761 cadaverum
701 1736 815 1770 agmina,
840 1734 927 1760 domos
952 1736 1006 1760 salo

219 1783 339 1814 trqu/ttas,
353 1780 424 1806 urbes
450 1788 546 1806 euersas
569 1780 709 1815 perspiciet.
731 1779 825 1814 Oppidi
838 1783 924 1805 autem
938 1779 1004 1805 Ara-

220 1824 282 1852 bissi
303 1826 443 1861 episcopus
467 1830 525 1853 erat
549 1826 654 1853 Otreitts
675 1826 864 1861 Chrysostomo
890 1825 1005 1852 amicitia

217 1871 384 1905 coniunctus,
407 1875 435 1898 ιιι
449 1871 529 1906 liquet
539 1879 571 1898 ex
589 1871 698 1905 epistola
722 1871 772 1898 l26
784 1870 816 1897 ad
831 1870 963 1897 Rufinum.
978 1870 1003 1897 In

215 1916 327 1950 cpistola
339 1917 388 1944 155
404 1917 540 1944 Theodoto
551 1917 662 1944 diacono
670 1917 766 1951 gratias
777 1924 868 1951 agens,
880 1916 950 1951 quod
964 1917 1004 1943 sui

219 1961 348 1990 iuvisendi
362 1970 441 1990 causa
453 1963 506 1998 jam
522 1963 547 1990 in
559 1964 706 1998 asperrima
724 1963 811 1989 hieme
829 1962 961 1994 venisset,
979 1968 1006 1989 et

218 2008 286 2042 quod
301 2008 418 2036 secundo
433 2009 587 2035 ArabiSSum
603 2013 729 2035 venturus
744 2009 845 2040 fuisset,
862 2009 910 2035 ttisi
923 2007 1004 2034 lsattri

218 2052 274 2079 vias
290 2053 496 2087 praeclusissem,
520 2061 549 2080 se
562 2053 668 2088 quidem
689 2061 782 2088 magna
797 2055 886 2088 quiete
905 2058 931 2080 ct
951 2053 1004 2080 otio

218 2095 270 2123 i'rui
286 2097 333 2130 ait,
349 2101 490 2133 tamenque
509 2098 673 2125 obsidionem
694 2099 719 2125 in
736 2099 795 2126 dies
809 2099 1001 2132 ingravescere.

217 2141 278 2168 1am
292 2161 300 2175 ,
334 2142 435 2177 inquit,
456 2144 537 2170 media
557 2148 626 2171 nocte
651 2149 742 2180 prwter
759 2152 856 2170 omnem
877 2149 1005 2178 exspecta-

219 2187 310 2214 tionem
334 2193 498 2215 lrecentorum
522 2188 672 2216 Isaurorum
690 2197 778 2224 agmen
797 2188 919 2223 oppidum
946 2197 1004 2223 per-

219 2233 335 2266 cursauit,
351 2241 459 2268 peneque
481 2242 526 2260 nos
544 2235 618 2269 cepit.
632 2234 708 2260 Putat
733 2241 760 2259 v.
772 2233 807 2259 el.
822 2232 1005 2260 Tillemontius

219 2279 260 2307 bis
274 2280 414 2315 signiﬁcari
430 2280 580 2307 Isaurorum
596 2278 660 2306 illud
673 2286 767 2313 agmen
785 2278 811 2304 in
824 2277 949 2312 oppidum
965 2277 1005 2304 in-

218 2332 338 2359 gressum
355 2325 452 2358 fuisse;
467 2325 536 2360 qttod
552 2329 638 2352 tamen
651 2331 703 2351 non
719 2323 823 2350 videtur
835 2322 949 2350 Joannes
964 2322 1005 2350 his

219 2372 308 2400 verbis
320 2372 480 2406 significare.
496 2371 561 2404 lmo,
577 2371 599 2397 si
622 2370 648 2397 itt
669 2371 794 2405 oppidum
816 2369 927 2404 ingressi
941 2369 1005 2396 fuis-

220 2421 293 2448 sent,
309 2417 396 2444 caedes
414 2417 483 2443 hattd
502 2416 596 2449 dubie,
608 2415 787 2450 direptiones,
811 2415 913 2450 aliaque
937 2415 1004 2442 mala

221 2462 390 2496 intulissent,
411 2469 470 2497 quae
487 2462 693 2498 Chrysostomus
718 2461 868 2489 describere
888 2469 939 2488 non
959 2469 1005 2487 ne-

221 2506 357 2541 glcxisset.

257 2552 285 2579 ln
297 2552 405 2587 epistola
420 2559 484 2579 vero
497 2553 531 2579 70
543 2553 579 2579 ait
593 2560 622 2580 se
632 2560 690 2579 cum
709 2553 781 2587 gravi
795 2552 914 2587 corporis
927 2551 1004 2587 :egri-

222 2598 313 2628 tudine
325 2597 480 2626 conﬂictari.
504 2599 537 2626 At
561 2599 587 2626 in
609 2599 718 2634 epistola
744 2599 790 2626 151
819 2598 852 2626 ad
875 2598 1004 2633 Elpidium

220 2651 326 2678 gravetn
339 2643 403 2671 dicit
412 2644 555 2672 accessisse
565 2645 695 2678 morbum,
706 2645 780 2680 cujus
788 2643 875 2671 adhuc
882 2644 1006 2678 reliquias

220 2688 442 2717 circumferebat:
458 2689 527 2724 quod
551 2689 635 2724 ipsum
648 2689 711 2716 dicit
726 2689 752 2715 in
764 2689 874 2723 epistola
895 2688 953 2716 138.
966 2689 1006 2716 Ad

220 2733 402 2769 Olympiadem
417 2741 480 2761 vero
494 2734 612 2762 scribens
624 2734 761 2768 epistolam
776 2733 808 2760 l5
821 2734 866 2764 ait,
877 2740 907 2760 se
920 2741 935 2760 e
945 2741 1006 2768 gra~

223 2779 330 2806 vissimo
341 2781 481 2808 emersisse
496 2780 599 2812 morbo,
615 2779 662 2807 sed
685 2778 768 2806 morbi
784 2778 907 2813 reliquias
920 2778 1007 2806 adhuc

222 2823 390 2852 circumferre
403 2834 409 2852 :
424 2831 451 2852 et
465 2825 557 2853 adesse
571 2825 620 2853 sibi
634 2824 738 2862 quidem
753 2823 868 2852 medicos
881 2823 1005 2857 optimos,

1065 197 1112 224 sed
1122 196 1329 223 necessariarum
1339 203 1426 223 rerum
1434 196 1558 231 inopiam,
1568 197 1704 224 medicinae
1712 197 1850 225 utilitatem

1066 243 1239 275 labefactare;
1256 250 1304 269 nec
1318 243 1396 269 modo
1411 243 1503 270 abesse
1519 243 1711 270 medicamenta
1726 249 1848 271 caeteras-

1065 295 1118 321 que
1138 295 1190 319 res,
1207 295 1296 315 verum
1311 287 1390 314 etiam
1414 287 1509 315 famem
1529 292 1556 315 ct
1579 293 1677 322 pestem
1693 289 1848 320 imminere;

1067 332 1174 366 haecque
1198 332 1266 359 mala
1281 333 1429 360 Isaurorum
1455 333 1618 361 incursiones
1638 335 1765 368 parturire
1777 355 1785 367 ,
1805 336 1849 370 qui

1065 384 1156 403 omnes
1169 378 1223 404 vias
1236 377 1448 410 intercluderent,
1465 378 1578 413 hincque
1602 379 1745 413 periculum
1766 381 1849 407 creari

1066 421 1097 448 iis
1110 422 1154 455 qui
1174 422 1223 449 iter
1243 422 1366 450 facerent.
1384 423 1561 450 Andronicum
1574 425 1643 451 enim
1659 424 1797 458 quemdam
1813 425 1850 451 ait

1064 466 1090 492 in
1104 467 1206 493 illorum
1221 475 1313 495 manus
1324 468 1457 502 incidisse,
1469 473 1546 503 atque
1560 469 1593 496 ab
1605 469 1636 496 iis
1649 470 1798 503 spoliatum,
1811 473 1848 497 sic

1066 513 1164 539 salvum
1180 518 1266 540 tamen
1278 515 1403 541 evasisse.

1101 557 1259 584 Constantius
1288 560 1413 594 presbyter
1438 560 1464 586 in
1495 557 1604 594 Cyprum
1629 560 1702 595 fugit.
1729 575 1764 580 —
1789 560 1846 588 Non

1065 601 1115 636 ipsi
1138 610 1242 637 semper
1268 608 1365 637 prtesto
1380 605 1451 631 fuere
1474 605 1567 631 medici
1585 613 1591 630 :
1608 613 1667 631 nam
1690 606 1715 632 in
1738 606 1847 640 epistola

1064 646 1115 674 105
1141 647 1173 674 ad
1197 646 1357 674 Citalcidiatn
1381 648 1416 675 ait
1436 656 1465 676 se
1490 649 1650 676 medicorum
1674 650 1781 684 penuria
1807 650 1847 677 la—

1065 693 1168 720 borare.
1185 693 1246 721 lltcc
1260 702 1323 721 vero
1337 694 1469 721 Chalcidia
1480 695 1575 722 virtute
1587 695 1713 730 singulari
1728 695 1846 730 prtrdita.

1063 746 1123 773 qua:
1138 746 1244 773 magnas
1264 747 1310 774 per
1323 740 1402 767 vitam
1415 747 1488 767 suam
1502 748 1633 767 mrumnas
1646 749 1720 775 passa
1746 741 1844 774 fuerat,

1063 783 1089 810 in
1105 785 1220 811 omnium
1231 785 1412 819 gravissimam
1424 790 1485 812 tunc
1498 785 1635 813 inciderat.
1648 786 1718 813 Illam
1732 794 1794 813 vero
1804 794 1847 813 so-

1063 828 1132 855 latur
1143 828 1358 864 Chrysostomtts,
1378 830 1447 857 ﬂuxa
1460 838 1519 858 esse
1545 832 1683 865 prmsentia
1707 836 1761 858 tuttt
1778 831 1844 858 bona

1063 877 1117 900 tum
1131 874 1199 901 mala
1215 875 1314 906 dicens,
1326 879 1352 902 et
1366 882 1497 902 aerumnas
1508 880 1606 910 quanto
1619 876 1753 910 graviores
1766 881 1825 904 sunt
1836 897 1844 910 ,

1064 923 1136 945 tanto
1149 920 1248 953 majora
1263 919 1368 954 prsentia
1377 924 1404 946 et
1413 927 1523 947 coronas
1535 921 1686 947 coaciliare.
1702 921 1774 949 Hanc
1784 929 1846 949 ιιι-το

1063 971 1157 991 novam
1172 963 1316 991 Chalcidice
1328 972 1474 991 aerumnam
1489 972 1547 992 esse
1565 973 1643 999 posse
1657 966 1775 1000 opinatur
1792 965 1845 993 Til-

1062 1009 1204 1036 lemontius
1216 1009 1361 1037 Constantii
1375 1011 1521 1045 presbyteri
1536 1011 1585 1038 sibi
1598 1011 1804 1045 coniunctissimi
1820 1017 1846 1040 ct

1061 1053 1202 1082 Chalcidize
1214 1055 1310 1082 addicti
1328 1063 1417 1082 casum
1433 1056 1514 1088 illum,
1531 1056 1574 1090 qui
1594 1064 1607 1082 a
1621 1056 1738 1084 Palladio
1754 1065 1846 1084 narra-

1063 1103 1104 1125 tur
1119 1098 1241 1133 (Pallad.
1257 1099 1371 1135 Dialog.)
1389 1110 1396 1127 :
1409 1108 1470 1127 cum
1485 1100 1605 1128 videlicet
1618 1101 1778 1137 Porphyrius
1792 1103 1846 1129 An-

1062 1144 1209 1177 tiochettus,
1224 1153 1293 1180 :cgre
1313 1146 1404 1173 videns
1427 1146 1500 1173 illum
1523 1147 1557 1173 ob
1582 1147 1740 1182 singularem
1762 1150 1845 1183 picta-

1062 1192 1113 1216 tem
1127 1189 1152 1216 in
1174 1191 1257 1223 pretio
1282 1190 1386 1223 ltaberi,
1409 1192 1525 1225 pecuniis
1539 1191 1688 1226 itttpetravit
1702 1192 1846 1228 Imperato-

1061 1234 1113 1261 rias
1129 1235 1226 1267 literas,
1243 1237 1316 1270 queis
1331 1236 1374 1263 ille
1387 1241 1415 1263 ut
1431 1237 1518 1271 populi
1534 1238 1700 1271 pertttrhator
1715 1239 1741 1265 in
1757 1240 1844 1266 Uasitu

1061 1279 1234 1314 relegabatur.
1250 1281 1325 1314 Quod
1340 1286 1368 1308 ttt
1387 1282 1494 1308 rescivit
1507 1281 1685 1316 Constantius,
1701 1285 1844 1311 amicorum

1061 1325 1179 1352 Subsidio
1191 1326 1215 1352 in
1231 1326 1348 1361 Cyprum
1360 1326 1467 1360 aufugit.

1097 1371 1249 1398 Theodotus
1262 1379 1324 1398 vero
1344 1371 1469 1399 diaconus
1489 1371 1679 1408 Chrysostomo
1696 1374 1844 1402 addictissi—

1060 1423 1128 1448 mtts,
1144 1416 1177 1442 de
1192 1423 1243 1450 qtto
1254 1423 1332 1451 supra
1346 1417 1518 1451 loquebamur
1528 1437 1534 1448 ,
1549 1417 1573 1444 itt
1589 1419 1732 1452 asperrima
1757 1419 1843 1446 hieme

1059 1461 1145 1495 ipsum
1172 1461 1302 1488 invisurus
1323 1462 1475 1489 Arabissum
1499 1468 1623 1494 venerat,
1646 1467 1722 1498 atque
1748 1463 1843 1490 iterum

1059 1510 1185 1533 venturus
1199 1511 1271 1539 erat,
1291 1507 1340 1533 nisi
1362 1507 1442 1534 lsauri
1457 1507 1513 1534 vias
1527 1508 1730 1541 prteclusissent.
1743 1508 1842 1535 Eodem

1059 1552 1163 1579 circiter
1183 1557 1301 1586 tempore
1314 1556 1340 1579 et
1356 1551 1467 1579 fortasse
1482 1560 1540 1580 cum
1561 1552 1699 1580 Theodoto
1713 1553 1842 1586 diacono,

1057 1597 1091 1624 ad
1104 1597 1322 1632 Chrysostomutn
1335 1598 1404 1625 venit
1416 1597 1568 1625 Theodotus
1579 1598 1645 1626 alter
1653 1599 1736 1625 lector
1746 1598 1840 1635 (Epist.

1059 1642 1115 1677 6|),
1132 1643 1202 1670 filius
1216 1643 1344 1670 Theodoti
1359 1651 1391 1670 ex
1406 1644 1596 1675 consularibus,
1612 1652 1690 1679 quem
1706 1649 1779 1680 pater
1792 1645 1841 1671 nti-

1058 1693 1128 1716 serat
1138 1689 1170 1715 ad
1183 1689 1412 1724 Chrysostomum,
1425 1693 1453 1716 ttt
1467 1689 1549 1723 ipsius
1559 1689 1676 1716 doctrina
1685 1694 1712 1716 et
1722 1690 1842 1724 exemplo

1058 1733 1084 1760 in
1099 1741 1160 1760 vera
1174 1733 1353 1768 philosophia,
1369 1742 1446 1768 quam
1471 1733 1778 1768 profitebaturLradices
1794 1742 1841 1769 po-

1058 1786 1121 1806 nere
1143 1779 1259 1810 valeret;
1282 1778 1427 1812 codcmqtte
1452 1783 1569 1812 tempore
1590 1778 1742 1805 Theodotus
1769 1783 1841 1813 pater

1057 1831 1165 1851 tnunera
1176 1823 1366 1858 Chrysostomo
1381 1823 1466 1856 misit,
1488 1822 1695 1858 precabaturque
1709 1822 1781 1850 illum
1792 1843 1800 1856 ,
1815 1827 1842 1850 ut

1059 1869 1139 1895 filium
1155 1876 1231 1895 suum
1245 1868 1313 1903 apud
1328 1875 1357 1895 se
1372 1868 1505 1894 retineret.
1521 1868 1666 1902 Respondit
1681 1875 1745 1895 vero
1759 1868 1839 1895 Joan-

1058 1921 1105 1941 nes
1120 1918 1209 1940 noster
1227 1921 1256 1940 se
1271 1914 1325 1948 jam
1348 1921 1362 1940 a
1377 1913 1513 1940 Theodoto
1527 1918 1626 1940 tantum
1647 1921 1742 1941 munus
1763 1922 1840 1942 acce-

1057 1959 1142 1994 pisse,
1158 1967 1218 1986 cunt
1239 1959 1318 1986 [itiutn
1337 1967 1412 1986 suum
1433 1963 1503 1985 tanta
1520 1960 1617 1986 virtute
1639 1960 1778 1994 praeditum
1791 1960 1839 1987 sibi

1057 2006 1145 2038 misit,
1162 2009 1190 2032 ut
1202 2013 1368 2040 summopere
1391 2005 1501 2032 tniretur
1511 2025 1518 2039 ,
1539 2005 1609 2039 quod
1624 2005 1682 2032 aliis
1695 2013 1798 2040 quoque
1812 2013 1841 2033 se

1058 2050 1210 2078 muneribus
1233 2051 1367 2078 cumulare
1390 2051 1524 2077 voluerit:
1545 2055 1706 2085 quapropter
1730 2058 1839 2078 munera

1057 2097 1150 2124 isthtcc
1170 2097 1216 2130 ipsi
1237 2097 1353 2128 remisit;
1374 2096 1455 2123 ﬁlium
1470 2104 1533 2123 vero
1550 2097 1607 2131 ejus
1626 2103 1655 2123 se
1667 2096 1840 2124 libentissime

1057 2145 1219 2169 retenturum
1234 2141 1313 2168 fuisse
1323 2141 1398 2174 dixit,
1413 2141 1458 2168 sed
1474 2141 1533 2176 quia
1547 2141 1628 2168 Isauri
1640 2141 1727 2168 omnia
1741 2141 1839 2169 circmn

1058 2186 1128 2214 ferro
1150 2187 1261 2221 igneque
1279 2187 1491 2222 populabantur,
1508 2186 1616 2221 ipseque
1635 2186 1752 2222 quotidie
1764 2187 1839 2214 sedes

1058 2237 1159 2259 mutare
1177 2232 1336 2267 cogebatur.
1359 2232 1418 2259 ideo
1432 2240 1461 2259 se
1479 2232 1550 2259 illum
1570 2231 1708 2259 Theodoto
1730 2232 1840 2259 diacono

1057 2277 1170 2309 misisse,
1183 2277 1373 2311 mandasseque
1387 2277 1424 2303 illi
1434 2282 1462 2303 ut
1472 2276 1601 2303 Theodoti
1617 2276 1723 2303 lectoris
1735 2277 1840 2304 assidue

1057 2330 1145 2349 curam
1157 2327 1276 2357 gereret,
1299 2322 1325 2349 in
1347 2322 1425 2357 idque
1444 2329 1538 2357 magno
1551 2321 1637 2349 studio
1659 2327 1686 2349 et
1704 2322 1838 2357 diligentia

1058 2369 1229 2396 incumberet.

1092 2413 1214 2441 Theodoti
1229 2414 1326 2440 lectoris
1339 2413 1450 2440 historia.
1465 2426 1500 2434 ε-
1513 2412 1664 2440 Theodotus
1688 2417 1776 2440 autem
1801 2413 1839 2440 lc-

1058 2465 1114 2486 ctor
1129 2464 1218 2493 postea
1232 2458 1301 2492 apud
1316 2459 1533 2493 Chrysostomum
1545 2465 1604 2484 sese
1621 2457 1756 2484 excusavit
1770 2457 1839 2492 quod

1058 2505 1091 2532 ab
1106 2504 1150 2531 illo
1163 2504 1316 2531 secessisset
1331 2511 1337 2529 :
1353 2503 1485 2530 discessus
1500 2510 1562 2530 vero
1576 2510 1682 2529 causam
1707 2501 1788 2529 fuisse
1799 2502 1840 2529 di-

1057 2550 1142 2582 cebat,
1160 2554 1213 2576 tum
1224 2548 1292 2584 quod
1303 2548 1438 2575 oettlorum
1454 2547 1604 2575 inﬁrmitate
1622 2547 1769 2580 laboraret,
1786 2551 1839 2573 tum

1058 2596 1128 2631 qttod
1143 2596 1250 2623 nimium
1265 2594 1346 2629 frigus
1360 2595 1544 2621 extimescerct
1557 2602 1564 2619 :
1578 2593 1682 2620 dicebat
1695 2592 1774 2619 etiam
1790 2592 1839 2618 ali-

1058 2648 1124 2676 quos
1137 2648 1196 2668 esse
1210 2640 1254 2675 qui
1268 2639 1317 2666 sibi
1333 2639 1440 2666 insidias
1452 2642 1594 2669 struerent,
1608 2637 1633 2664 id
1645 2641 1695 2669 est,
1710 2641 1738 2663 ut
1750 2643 1782 2663 ex
1797 2643 1840 2663 se-

1058 2685 1198 2721 quentibus
1209 2685 1300 2720 liquet,
1314 2684 1358 2719 qui
1371 2688 1472 2718 patrem
1487 2690 1563 2710 suum
1581 2682 1720 2710 adversum
1733 2689 1762 2708 se
1777 2689 1839 2708 cott-

1058 2733 1178 2760 citarent.
1201 2731 1313 2766 Reponit
1330 2729 1534 2765 Cbrysostomus
1551 2729 1577 2756 in
1600 2727 1709 2762 epistola
1730 2727 1799 2759 156.
1813 2733 1839 2753 se

1059 2777 1223 2804 Theodotum
1244 2776 1317 2810 quasi
1342 2779 1499 2810 praesentem
1514 2781 1618 2808 semper
1633 2773 1746 2804 habere,
1762 2777 1841 2806 atque

1060 2823 1147 2850 animo
1162 2821 1317 2856 complecti;
1333 2820 1505 2855 hortaturque.
1520 2819 1592 2847 illum
1607 2823 1635 2846 ιιι
1650 2817 1715 2845 mala
1728 2822 1841 2852 quisque
