2032 3110
185 171 238 199 253

186 229 325 262 pra-tentia
333 233 543 264 sprrnat,utpote
549 231 688 266 liuxa,qu:e
695 239 799 267 semper
808 233 972 261 manentibus

186 273 302 306 praemiis
316 280 520 308 compensentur
531 295 538 307 ,
553 281 631 310 atque
645 281 672 303 ut
685 278 792 305 assidue
807 278 971 312 Scripturam

184 325 285 345 sacram
306 319 376 353 legat
387 339 394 350 ,
408 323 532 354 quantum
546 328 593 354 per
606 330 611 345 ι
623 321 741 349 culorum
765 323 971 350 imbecillitatem

184 363 281 390 licebit.
303 363 368 390 Cum
390 371 469 398 porro
484 366 606 392 mmroris
620 374 707 394 causa:
727 367 863 395 Theodnto
878 369 979 396 lcctori‘

183 416 289 443 semper
304 409 498 444 incresccrent,
521 411 602 445 patris
624 416 652 438 ut
676 413 777 440 videtur
799 419 969 449 exasperatus

183 454 286 480 animus
306 459 333 481 ct
351 455 486 482 oculorum
510 456 692 491 imbecillitas;
717 459 756 486 his
777 459 810 487 de
829 461 915 487 causis
936 461 968 488 ad

182 498 597 535 ChrysostomumScripsit:qui
618 510 648 529 ea
664 510 713 538 qua
730 511 776 538 par
795 509 851 531 erat
873 513 968 532 CONSU-

182 543 278 570 latione
291 543 365 571 illum
380 546 506 572 recreavit
520 547 545 573 iu
566 548 676 581 epistola
692 549 743 576 102
758 559 764 576 :
784 551 853 577 circa
875 551 966 578 oculo-

182 596 238 615 rum
254 589 459 618 iuvaletudincm
475 591 594 619 hortatur
607 593 680 620 illum
696 600 723 621 ut
739 596 855 623 medicos
867 605 966 625 consu—

181 635 227 668 lat,
241 640 266 662 et
280 635 312 662 ad
325 644 379 663 rem
397 641 493 664 tantam
505 638 637 673 advigilet.
650 640 719 668 Patri
733 641 801 669 haud
813 643 891 670 dubie
902 644 967 671 scri-

181 681 231 714 psit
244 679 459 716 Chrysostomus.
477 689 504 710 ut
519 684 590 712 illum
607 694 665 713 cum
681 687 735 714 lilio
757 689 874 722 pacatius
887 698 966 725 agerc

179 732 292 753 curaret.
305 728 370 761 Qua:
380 736 423 756 res
438 737 470 756 ex
485 735 545 757 voto
557 732 636 758 cessit
652 733 700 765 illi,
717 738 744 760 ut
767 735 848 769 liquet
863 744 893 763 ex
910 738 965 771 epi‘

178 770 244 797 stola
265 771 324 799 Ml.
348 772 412 800 Nam
434 781 494 801 cum
511 775 661 804 Theodotus
683 777 765 806 lector
774 770 964 816 Chrysostomo

177 818 365 852 scripsissctse
376 827 391 846 a
405 825 478 854 patre
494 820 640 850 honorilice
654 829 792 859 etccptum
806 825 900 861 fuisse;
919 828 964 857 ille

177 862 313 890 Theodoto
333 865 497 892 cxconsulari
520 867 585 900 patri
609 870 755 903 rescripsit,
768 872 866 904 gratias
883 879 963 907 agens

176 907 245 942 quod
260 916 314 936 rem
331 910 366 936 ita
378 913 574 946 composuerit,
589 912 758 950 hortaturque
773 917 846 944 illum
862 923 890 946 ut
901 926 960 946 cum

176 954 230 987 pari
246 953 340 981 aﬂ'ectu
353 955 479 991 deinceps
493 959 627 992 procedat.

209 999 334 1026 Armenia:
348 1002 415 1027 mala
428 1007 532 1035 quanta.
543 1019 579 1023 —
591 1004 726 1033 Theodoto
745 1008 824 1035 etiam
849 1010 960 1038 diacono

174 1041 327 1070 ﬁdelissimo
342 1053 390 1071 suo
405 1046 518 1081 scripsit,
534 1053 669 1084 postquam
691 1052 712 1078 is
724 1053 849 1080 ArabiSso
859 1055 960 1083 disces-

173 1093 253 1121 serat,
268 1097 298 1116 se
310 1090 429 1118 absentia
443 1091 524 1126 ipsius
546 1095 660 1123 maxime
676 1099 790 1132 torqueri
806 1099 956 1134 declarans,

173 1137 211 1159 tot
224 1141 317 1169 nempe
327 1135 404 1163 malis
420 1137 620 1173 circumseptum
638 1140 736 1176 (Epist.
753 1144 817 1178 67).
834 1145 959 1179 Queritur

173 1178 253 1205 etiam
264 1186 292 1206 se
300 1180 492 1216 infrequenlius
505 1183 595 1212 literas
607 1186 640 1212 ab
650 1187 693 1213 illo
704 1188 817 1216 directas
825 1192 955 1226 accipere;

170 1223 268 1252 fatetur
281 1230 367 1254 tamen
384 1228 528 1256 tabellariis
543 1230 698 1260 interclusas
711 1242 770 1262 esse
791 1236 845 1263 vias
861 1246 866 1264 :
884 1244 957 1273 rogat

169 1278 244 1305 ergo.
259 1271 280 1298 si
296 1273 443 1306 pauciores,
460 1274 590 1310 longiores
610 1278 702 1305 saltem
718 1281 843 1314 epistolas
858 1283 954 1312 mittat.

172 1314 198 1341 In
213 1318 332 1350 sequenti
348 1323 435 1346 autem
452 1319 484 1348 68
498 1328 527 1348 se
539 1321 604 1349 duas
616 1323 674 1357 ejus
686 1326 810 1359 epistolas
821 1330 954 1363 accepisse

169 1360 203 1386 ait
215 1368 274 1388 cum
288 1363 386 1396 ingenti
407 1365 511 1398 lmtilia,
527 1372 552 1393 ct
563 1372 590 1394 ut
609 1368 760 1404 frequenter
777 1372 802 1399 id
816 1372 893 1401 faciat
906 1383 953 1402 co-

168 1404 295 1434 hortatur.
309 1407 375 1435 llinc
385 1415 480 1443 quanta
494 1417 584 1439 essent
595 1414 725 1442 Armenia:
739 1417 805 1443 mala
817 1418 951 1447 describit.

169 1449 203 1476 lbi
221 1456 283 1479 tunc
298 1453 389 1481 videre
411 1460 467 1482 erat
488 1463 611 1485 cruentos
625 1464 771 1494 torrentes,
794 1463 950 1492 cadaverum

165 1497 277 1530 agmina,
288 1497 382 1525 domos
397 1500 454 1526 solo
467 1506 592 1536 aequatas,
607 1504 686 1531 urbes
700 1513 816 1534 eversas.
829 1508 884 1535 Sub
896 1510 951 1538 ha-c

165 1546 250 1569 autem
274 1543 425 1572 Theodotus
438 1553 542 1581 quoque
560 1555 720 1584 conquestus
733 1557 786 1585 est,
803 1555 871 1588 quod
887 1563 951 1590 pau—

164 1586 249 1614 ciorrs
265 1596 321 1623 ipse
338 1589 520 1625 Chrysostomi
537 1593 626 1620 literas
647 1595 787 1630 acciperet.
805 1598 949 1634 Respondit

164 1632 206 1659 ille
228 1634 253 1660 in
272 1635 349 1668 epist.
364 1635 430 1668 137,
451 1637 614 1666 Theodotum
635 1641 742 1669 totidem
767 1632 873 1679 literas,
897 1655 947 1674 una

162 1678 246 1705 minus
262 1687 277 1705 a
290 1688 319 1707 se
333 1682 477 1716 accepisse,
489 1688 552 1717 quot
567 1684 623 1718 ipse
641 1693 786 1721 acceperat.
803 1689 840 1717 De
850 1696 947 1719 cmtero

162 1723 279 1752 hortatur
295 1731 322 1752 ut
334 1734 412 1760 quam
428 1728 573 1762 stepissime
591 1732 687 1764 poterit
698 1733 731 1760 ad
751 1741 780 1761 se
791 1735 901 1770 scribat;
923 1738 945 1765 si

160 1774 244 1796 autem
261 1771 301 1798 vel
318 1772 380 1798 anni
401 1777 544 1807 tempestas
564 1776 604 1802 vel
619 1776 766 1806 Isaurorum
783 1780 904 1810 incursus
919 1783 944 1811 id

161 1815 325 1849 prohibeant,
342 1824 402 1843 cum
412 1817 468 1852 ejus
483 1820 587 1848 animus
595 1821 642 1848 sibi
658 1824 811 1858 exploratus
823 1827 866 1858 sit,
883 1827 944 1856 hinc

158 1866 184 1885 se
192 1861 306 1895 amplam
318 1861 434 1889 diuturni
443 1863 541 1891 silentii
553 1867 759 1896 consolationem
772 1877 942 1906 accepturum

156 1912 212 1931 CSSC
215 1925 221 1930 .

189 1949 318 1977 l’lurimas
333 1959 438 1986 quoque
450 1953 525 1988 alias,
542 1955 657 1984 Arabissi
674 1958 800 1992 inclusus,
816 1962 940 1997 epistolas

153 1995 274 2029 scripsit,
289 1996 314 2023 in
331 1998 407 2030 queis
420 1999 452 2025 ad
466 1999 585 2027 diversos
601 2003 693 2030 eadem
707 2003 790 2033 fertne
805 2013 937 2041 recenset,

152 2047 180 2066 se
201 2048 297 2076 nempe
312 2042 442 2069 inclusum
468 2044 503 2071 ibi
528 2053 646 2080 manere,
660 2056 719 2076 cum
742 2051 940 2085 argritudinibus

151 2086 306 2119 conﬂictari,
322 2087 426 2116 lsauros
436 2091 522 2117 omnia
538 2093 636 2120 circum
650 2094 814 2131 depopulari,
830 2100 936 2133 oppida,

151 2131 220 2158 vicos
232 2136 260 2159 et
268 2139 380 2167 campos
391 2134 504 2162 humano
518 2138 644 2172 sanguine
658 2146 797 2169 cruentare
807 2163 814 2175 ,
830 2144 885 2170 vias
899 2145 938 2172 in-

151 2177 277 2204 terclusas
289 2185 361 2210 esse,
377 2178 411 2206 ita
432 2184 459 2206 ut
479 2180 569 2209 literas
583 2183 625 2210 vel
644 2185 749 2213 mittere
763 2187 804 2214 vel
819 2189 937 2223 recipere

150 2222 283 2250 rarissime
297 2223 392 2258 possit.
404 2224 452 2252 Uhi
465 2227 616 2255 consideres
627 2229 714 2263 velim,
729 2239 807 2266 quam
822 2234 935 2262 nefando

149 2267 206 2295 odio
218 2273 246 2295 et
261 2268 347 2296 livore
369 2270 466 2297 inimici
479 2272 536 2305 ejus
548 2272 618 2300 ducti
632 2275 725 2302 iuerint
744 2285 750 2302 :
767 2285 851 2312 neque
863 2280 933 2306 enim

147 2313 207 2339 satis
222 2313 343 2341 habuere
354 2314 427 2341 illum
442 2323 474 2343 cx
490 2317 554 2344 sede
568 2326 612 2345 sua
624 2320 764 2355 depulisse.
780 2323 826 2350 sed
840 2324 866 2351 in
877 2325 932 2352 loca

147 2355 187 2383 illa
201 2358 320 2390 deserta,
337 2359 531 2389 incursionibus
543 2363 712 2392 barbarorum
723 2366 851 2395 funestata
863 2389 870 2402 ,
886 2371 933 2397 ab-

146 2401 201 2428 duci
215 2409 355 2430 curavere.
368 2403 423 2430 lmo
437 2413 509 2438 vero,
526 2407 586 2440 quia
597 2409 661 2436 tanti
671 2410 719 2437 viri
734 2411 801 2439 fama
816 2417 842 2440 et
857 2421 932 2441 sanc-

146 2446 251 2473 timonia
263 2447 418 2476 innumeros
430 2450 454 2476 in
469 2450 525 2478 loca
537 2452 579 2479 illa
592 2458 642 2480 tam
655 2457 745 2489 procul
757 2458 840 2491 posita
848 2463 929 2487 attra-

145 2490 221 2520 hebat
231 2514 239 2526 ,
265 2493 292 2520 in
306 2498 449 2528 extremos,
461 2501 489 2524 ut
504 2505 564 2525 mox
579 2499 733 2533 videbimus,
749 2503 851 2538 imperii
865 2505 930 2533 lines

146 2537 214 2565 illum
229 2543 325 2574 postea
339 2541 472 2568 amandari
487 2550 622 2571 curm-ere.
636 2546 761 2575 Arabisso
776 2554 862 2577 autem
878 2552 929 2578 (Συε-

144 2589 233 2611 Cusum
254 2584 369 2612 rediisse
383 2590 485 2620 putatur
497 2595 566 2616 anno
579 2590 640 2617 406.

175 2628 372 2664 σΙιι-ῃσοειοηιυε
387 2631 420 2658 ad
433 2633 604 2662 Occidentales
618 2636 755 2672 Episcopo:
770 2640 854 2668 literas
868 2643 926 2669 mi!-

146 2672 180 2698 tit.
191 2687 228 2693 —-
239 2673 308 2701 Cum
324 2682 405 2708 porro
423 2677 502 2704 sciret
525 2679 727 2715 Chrysostomus
746 2683 927 2715 Occidentales

145 2717 282 2753 episcopos
294 2727 308 2745 a
325 2720 445 2753 partibus
458 2722 513 2750 suis
522 2728 602 2758 stare,
618 2731 645 2753 ct
656 2735 687 2755 ea
701 2737 759 2763 quae
777 2730 927 2760 Constanti-

145 2764 229 2798 nopoli
241 2769 269 2792 et
282 2765 309 2791 in
323 2765 477 2799 expulsione
489 2775 535 2796 sua
548 2774 574 2797 et
584 2777 672 2805 postea
686 2780 756 2809 gesta
769 2774 870 2805 fuerant
881 2787 927 2806 ve-

147 2806 283 2837 hemenler
296 2809 463 2844 improbare,
477 2814 598 2848 epistolas
611 2816 678 2846 bene
693 2819 787 2848 multas
806 2822 838 2849 ad
862 2831 924 2851 eos-

147 2851 202 2880 dem
216 2855 363 2889 episcopos
377 2855 455 2890 misit,
470 2863 495 2885 et
509 2859 610 2893 quidem
629 2870 675 2898 per
694 2865 833 2896 Evethinm
861 2877 923 2904 prc-

747 174 835 203 NUNC
854 175 983 204 PRIMUM
999 177 1193 208 ADOR‘NATA.

1759 195 1810 224 255

1028 236 1173 272 sbyterum,
1187 248 1266 275 quem
1289 241 1315 270 in
1336 244 1519 275 Occidentales
1541 254 1627 284 partes
1648 252 1728 280 misit.
1744 255 1808 288 Quae

1026 281 1078 309 l52
1091 282 1241 313 inscribitur
1250 307 1258 319 ,
1271 287 1302 314 ad
1317 289 1455 326 episcopos
1469 281 1548 321 missa
1562 295 1724 330 significatur
1735 281 1809 332 ,iiee

1025 325 1049 352 in
1063 326 1138 355 titulo
1157 329 1337 360 Occidentales
1361 325 1552 366 memorantur.
1568 339 1620 367 Sed
1642 350 1656 369 ιι
1679 345 1808 379 principio

1023 370 1055 397 ad
1066 371 1247 403 Occidentales
1261 376 1339 413 dirigi
1349 379 1479 410 indicatur
1494 383 1534 411 his
1547 387 1634 415 verbis
1650 396 1657 415 :
1673 370 1707 416 ὲ(
1722 370 1808 422 priimu

1022 415 1066 441 tim
1085 417 1189 452 singulis
1202 425 1225 447 et
1238 423 1370 451 uniuersint
1385 428 1498 456 omnibus
1509 432 1603 465 gratius
1626 435 1692 461 vobis
1709 436 1806 471 deferte

1025 461 1080 471 ΔΑΗ
1299 469 1303 471 .

1510 461 1520 465 ν
1728 461 1784 471 Ἰν..
1794 461 1805 464 -

1021 461 1147 495 debemus,
1163 473 1211 492 non
1227 475 1272 494 nos
1286 469 1418 505 duntaxat,
1432 475 1475 500 led
1484 476 1558 503 etiam
1570 486 1654 506 omnes
1666 480 1805 510 Orientales

1020 506 1137 542 episcopi,
1151 509 1304 542 diversarum
1316 515 1415 543 urbium
1429 519 1522 552 clerici,
1535 529 1564 548 ac
1578 523 1637 550 [uici
1651 527 1719 553 vario
1730 529 1805 555 modo

1019 553 1086 584 pulsi
1095 573 1102 583 ,
1115 555 1181 588 quod
1195 561 1299 590 paterna
1318 561 1412 589 viscera
1426 564 1580 600 exhibentes,
1602 570 1678 597 vicem
1693 578 1804 599 nostram

1019 595 1148 631 doluistis,
1163 602 1309 638 fortiterque
1320 607 1433 634 stetistis.
1449 609 1627 646 llortaturque
1649 615 1709 642 illos
1730 622 1758 645 ut
1777 620 1803 646 iu

1017 644 1111 677 emptis
1126 647 1277 679 persistaut.
1292 649 1319 677 In
1332 655 1503 687 sequentibus
1522 644 1626 694 quoque
1641 644 1803 696 epistolis

1017 688 1124 716 eosdem
1141 692 1229 720 missis
1242 695 1291 722 153
1303 701 1330 723 et
1344 698 1404 731 154,
1423 705 1451 728 ut
1465 688 1704 742 car-ideni-scmpcr
1728 710 1753 737 in
1775 719 1803 738 re

1017 740 1137 770 suscepta
1162 737 1338 769 fortitudinem
1352 745 1493 775 exhibeant
1515 737 1681 785 nbsecrat,ct
1700 761 1802 789 pertur-

1017 777 1117 789 ,‘_.,__
1336 787 1347 789 λ

1597 777 1601 778 ,
1627 777 1644 785 ν,
1658 777 1681 780 ς.
1700 777 1800 789 ,.-......

1016 777 1148 807 bationem
1162 782 1244 817 illam,
1260 793 1318 820 qua:
1331 787 1478 818 Orientales
1503 793 1632 823 Ecclesias
1654 798 1800 832 invaserat,

1014 824 1109 853 sedare
1122 834 1260 858 conentur.

1049 869 1120 898 inter
1129 874 1267 910 episcopos
1278 882 1364 905 autem
1380 880 1448 914 illus,
1461 884 1504 917 qui
1516 884 1697 921 Clirysostonii
1712 897 1801 925 partes

1049 914 1125 925 .-ι-η·
1153 917 1164 925 ρ
1341 923 1345 925 -

1013 914 1126 948 amplexi
1152 917 1271 953 fuerant,
1295 923 1426 952 eminebat
1453 914 1620 959 Chromaiius
1630 952 1637 965 ,
1660 914 1799 971 ερῑςξεορυκ

1019 958 1176 971 Α....ει,.εμη.-
1257 966 1262 971 ο
1308 967 1314 971 ι
1370 970 1374 971 ν

1611 958 1617 959 ,
1631 958 1637 965 ,
1664 958 1747 968 τ---
1769 958 1796 964 ....

1013 958 1202 996 Aquileiensis,
1219 966 1262 999 qui
1279 967 1340 994 tuba
1353 970 1459 1003 clarius,
1477 972 1684 1008 inquitJoannes
1696 958 1796 1015 nosbiar,

1014 1010 1063 1036 pro
1075 1012 1153 1034 causa
1164 1008 1246 1042 ipsius
1260 1016 1286 1037 et
1299 1018 1390 1040 contra
1404 1016 1570 1047 adversarios
1590 1028 1652 1049 suos
1666 1024 1796 1053 declama~

1011 1049 1064 1076 bat.
1082 1051 1164 1086 llujus
1178 1062 1320 1090 conspectu
1331 1064 1410 1093 atque
1424 1069 1568 1097 congressu
1580 1066 1628 1093 frui
1642 1071 1795 1104 peroptabat

1012 1094 1040 1104 η,
1133 1103 1136 1104 ,

1011 1094 1234 1134 Chrysostomus;
1249 1104 1294 1130 sed
1313 1105 1372 1139 quia
1388 1106 1450 1134 illud
1466 1094 1592 1145 temporis
1613 1094 1729 1143 conditio
1744 1125 1795 1147 non

1010 1139 1120 1176 ferebat,
1134 1144 1272 1173 Evethium
1284 1150 1480 1186 presbyterum,
1494 1139 1538 1188 qui
1549 1156 1597 1183 sibi
1608 1165 1623 1184 a
1635 1158 1715 1187 latere
1725 1169 1794 1189 sem-

1010 1194 1057 1219 per
1069 1189 1165 1223 stabat,
1181 1192 1214 1218 ad
1236 1193 1308 1221 illum
1324 1196 1409 1229 misit,
1431 1206 1542 1231 precaris
1556 1207 1583 1228 ut
1598 1203 1710 1240 benigne
1724 1209 1792 1235 exci-

1009 1238 1094 1266 peret,
1111 1242 1141 1262 ac
1157 1237 1277 1265 redeunti
1293 1239 1383 1269 literas
1393 1242 1469 1271 daret.
1486 1245 1534 1273 sibi
1547 1237 1714 1284 alierendas;
1739 1257 1792 1280 tum

1007 1279 1104 1312 etiam,
1120 1281 1141 1308 si
1163 1282 1314 1312 tabellarios
1334 1288 1449 1316 nancisci
1472 1296 1575 1324 posset,
1599 1293 1633 1321 de
1648 1295 1732 1323 salute
1744 1305 1791 1325 sua

1006 1325 1145 1353 certiorem
1167 1335 1195 1355 se
1209 1329 1314 1357 faceret.
1331 1331 1379 1360 llic
1399 1341 1461 1362 vero
1478 1335 1645 1366 Chromatius
1658 1341 1690 1367 ad
1712 1342 1791 1369 Joan-

1005 1377 1066 1398 nem
1086 1377 1205 1400 nostrum
1226 1377 1348 1411 scripsit,
1365 1384 1391 1406 ut
1405 1387 1535 1410 memorat
1554 1383 1687 1414 Palladius
1710 1388 1735 1415 in
1749 1389 1790 1416 Vi-

1004 1419 1029 1441 ta
1060 1416 1249 1452 Chrysostomi.
1281 1422 1364 1457 Hujus
1392 1425 1470 1452 etiam
1501 1430 1601 1456 mentio
1627 1431 1740 1459 habetur
1763 1435 1788 1461 in

1002 1461 1079 1494 epist.
1106 1462 1249 1492 Innocentii
1271 1467 1302 1493 ad
1329 1468 1557 1504 Chrysostomum.
1584 1474 1659 1503 Hunc
1684 1485 1788 1513 quoque

1002 1505 1183 1536 Chromatium
1208 1512 1404 1546 Aquileiensem
1429 1516 1575 1548 honorifice
1598 1529 1787 1554 commemorat

1003 1550 1178 1587 Hieronymus
1191 1556 1345 1589 praefatione
1360 1560 1385 1587 in
1402 1556 1505 1590 librum.
1521 1564 1740 1602 Paralipomenon
1761 1576 1786 1600 ct

1001 1597 1026 1623 in
1041 1599 1150 1632 epistola
1164 1601 1207 1628 66.

1035 1644 1171 1681 Episcopis
1186 1649 1264 1676 etiam
1280 1649 1510 1687 Occidentalibus,
1529 1657 1574 1692 qui
1592 1659 1625 1686 ad
1643 1660 1783 1691 Arcadium

999 1688 1065 1723 imp.
1080 1690 1188 1720 Concilii
1203 1697 1358 1723 tecumcnici
1372 1699 1522 1732 postulandi
1532 1709 1610 1730 causa
1624 1706 1782 1740 veniebant,

997 1741 1045 1768 per
1059 1735 1196 1765 Erethium
1213 1741 1394 1777 presbyterum
1409 1745 1533 1780 epistolas
1551 1749 1621 1776 misit
1635 1751 1695 1784 l56,
1712 1735 1780 1787 157,

997 1779 1058 1813 l58,
1072 1781 1132 1814 l59,
1147 1783 1238 1811 iisdem
1254 1794 1321 1820 pene
1334 1789 1420 1817 verbis
1433 1797 1585 1827 conceptas,
1601 1779 1778 1826 fortitudinem

995 1824 1122 1859 laudans,
1139 1835 1317 1865 prccansque,
1335 1838 1362 1860 ut
1379 1838 1509 1864 constanti
1532 1839 1620 1867 animo
1640 1840 1665 1868 in
1681 1850 1710 1870 re
1725 1848 1777 1871 tant

994 1869 1062 1897 bene
1073 1877 1156 1907 empta
1172 1882 1349 1908 perseverent.
1364 1879 1404 1906 Ad
1420 1881 1475 1909 inec
1488 1891 1551 1911 vero
1563 1886 1700 1919 epistolam
1712 1890 1778 1916 scri-

993 1916 1046 1950 psit
1060 1917 1108 1944 l60
1122 1918 1248 1956 Epiacapo
1258 1943 1264 1954 ,
1279 1924 1322 1957 qui
1335 1925 1365 1951 ab
1381 1925 1514 1956 Occidente
1528 1916 1626 1958 venerat
1635 1953 1642 1966 ,
1664 1933 1698 1961 ita
1714 1943 1776 1964 con-

992 1961 1135 1996 cinnatam,
1151 1970 1178 1992 ut
1193 1972 1284 2000 posset
1296 1969 1406 2005 singulis
1421 1972 1632 2004 Occidentalibus
1646 1980 1776 2016 episcopis

995 2006 1038 2016 cn.
1073 2009 1079 2015 ι
1105 2009 1124 2016 -κ
1171 2012 1178 2016 -
1248 2014 1253 2016 -

1663 2006 1670 2014 l
1707 2006 1715 2008 ‘
1722 2006 1731 2008 “
1738 2006 1749 2016 Γ
1756 2006 1775 2010 "'

991 2006 1089 2035 olferri.
1105 2009 1268 2047 Presbyteris
1279 2016 1356 2043 etiam
1367 2017 1504 2053 Romanis,
1519 2022 1562 2056 qui
1575 2031 1634 2051 cum
1645 2026 1775 2062 episcopis

991 2051 1014 2062 :4
1031 2052 1052 2062 Λ
1069 2053 1074 2059 ι
1115 2059 1120 2062 -
1330 2061 1334 2062 ν

1497 2051 1501 2053 _
1527 2051 1533 2056 η
1650 2051 1769 2062 γρηνη

991 2051 1016 2078 in
1031 2052 1165 2082 Orientem
1177 2064 1312 2091 venerant.
1329 2061 1417 2090 literas
1429 2065 1500 2092 misit
1513 2074 1555 2101 ep.
1573 2069 1632 2100 l6l,
1646 2078 1692 2104 per
1702 2079 1769 2100 eum-

990 2097 1049 2124 dem
1065 2099 1203 2128 Evethium
1219 2103 1375 2134 afferendas.
1392 2108 1439 2142 Qui
1456 2110 1580 2140 Evethius
1598 2115 1676 2143 etiam
1692 2124 1773 2151 pecu-~

1672 2142 1675 2143 ,
1692 2142 1703 2151 ,

988 2142 1078 2170 liarem
1093 2146 1231 2180 epistolam
1248 2150 1296 2177 162
1309 2151 1341 2178 ad
1357 2153 1494 2189 Anysium,
1509 2156 1772 2191 Thessalonicensem

988 2189 1150 2224 episcopum,
1165 2194 1262 2227 attulit,
1280 2196 1453 2234 similiterque
1467 2201 1575 2229 alteram
1591 2205 1641 2232 165
1653 2206 1685 2233 ad
1697 2207 1772 2244 Any-

988 2235 1054 2262 sium
1068 2242 1232 2274 canorosque
1253 2248 1345 2269 omnes
1358 2243 1517 2274 Macedonia:
1537 2249 1690 2284 episcopos,
1703 2259 1771 2286 quo-

987 2287 1043 2306 rum
1057 2281 1179 2310 undecim
1195 2286 1379 2321 nominantur;
1398 2294 1424 2316 et
1438 2298 1496 2318 eam
1510 2293 1627 2328 insuper,
1642 2303 1699 2329 qua:
1720 2297 1770 2325 ισι

986 2325 1153 2361 inscribitur,
1168 2330 1200 2357 ad
1217 2331 1394 2361 Alexandrum
1417 2336 1539 2364 Corinthi
1554 2325 1721 2376 episcopum,
1736 2343 1769 2371 de

984 2379 1036 2405 quo
1049 2373 1132 2400 amice
1142 2376 1269 2409 queritur,
1285 2379 1353 2412 quod
1370 2381 1419 2407 sibi
1435 2381 1525 2409 literas
1536 2373 1621 2412 nullas
1636 2373 1731 2415 mittat.

1020 2415 1156 2454 Episcopis
1170 2422 1248 2449 etiam
1273 2424 1324 2451 illis
1344 2426 1538 2461 Orientalibus,
1561 2432 1604 2465 qui
1627 2433 1667 2459 sui
1689 2441 1767 2462 causa

983 2461 1093 2490 Romam
1109 2472 1137 2492 se
1150 2468 1332 2502 contulerant,
1353 2474 1379 2498 et
1397 2479 1456 2499 cum
1474 2473 1685 2505 Occidentalibus
1709 2482 1766 2514 epi-

982 2509 1069 2542 scopis
1081 2509 1114 2536 ad
1127 2510 1313 2546 Imperatorem
1324 2516 1464 2544 Arcadium
1474 2519 1629 2555 migrabant,
1642 2509 1767 2558 epistolas

981 2554 1053 2581 misit
1063 2555 1123 2589 165,
1141 2557 1191 2584 tes
1203 2564 1230 2585 et
1245 2560 1294 2587 167
1311 2569 1318 2586 ε
1334 2569 1399 2596 quas
1413 2564 1498 2592 eidem
1516 2554 1633 2596 VEvctliio
1655 2554 1766 2607 presby-

982 2601 1038 2625 tero
1054 2599 1117 2634 ipsis
1133 2602 1275 2630 tradcudas
1289 2607 1462 2642 consignarit.
1480 2610 1627 2640 Gaudentio
1641 2599 1744 2649 quoque
1756 2633 1762 2644 .

980 2642 1104 2671 Brixiano
1117 2646 1256 2681 episcopo,
1279 2657 1356 2684 quem
1369 2651 1423 2686 jam
1438 2654 1500 2680 olim
1523 2662 1649 2690 noverat,
1665 2660 1764 2693 episto-

981 2687 1030 2715 lam
1046 2689 1094 2717 184
1109 2691 1224 2726 scripsit,
1238 2693 1377 2730 laudatque
1396 2697 1468 2725 illum
1484 2707 1499 2726 a
1510 2703 1656 2729 constantia
1668 2709 1693 2730 et
1710 2704 1763 2731 for-

981 2733 1092 2762 titudine
1104 2741 1182 2771 atque
1201 2746 1215 2764 a
1233 2743 1427 2773 perseverantia
1437 2763 1445 2777 ,
1460 2749 1485 2772 et
1501 2746 1589 2780 paucis
1604 2747 1761 2784 indicatjam

979 2778 1012 2805 de
1026 2786 1113 2808 rerum
1127 2790 1228 2811 summa
1242 2786 1293 2820 agi.

1015 2827 1103 2863 Legati
1132 2829 1218 2864 itaque
1242 2831 1364 2865 (Pallad.
1388 2833 1516 2870 Dialog.),
1532 2836 1652 2865 Aitnilius
1680 2839 1761 2867 Bene-

981 2875 1050 2901 vcuti
1064 2874 1215 2911 episcOpus,
1227 2876 1378 2912 Cythcgius,
1392 2879 1563 2913 Gaudentius,
1579 2882 1719 2918 Mai-ianus,
1736 2892 1760 2913 et
