2032 3110
233 187 283 216 255

231 248 299 273 alius
312 245 387 280 cujus
411 253 506 273 notnen
532 253 684 280 expressum
707 252 760 273 non
786 245 850 278 fuit;
873 245 1018 281 presbyteri

233 297 295 318 vero
307 290 503 318 Valentinianus
512 295 538 318 et
546 290 704 323 Bonifacius,
719 295 745 318 et
757 290 883 318 diaconus
894 298 970 323 unus,
981 299 1021 318 ac-

231 338 316 372 ceptis
326 338 409 365 literis
419 338 527 366 llonorii
543 338 722 372 Imperatoris,
737 338 882 366 lnnoeentii
897 344 923 366 et
944 338 1021 365 Italu-

233 391 291 410 rum
311 384 506 418 episcoporum,
532 383 676 410 Chromatii
702 384 887 418 Aquileiensis,
915 383 1019 411 Venerii

233 428 436 456 .‘llediolanensis
451 433 479 455 et
488 429 612 460 aliorum,
625 429 742 455 instructi
754 428 833 455 etiam
845 429 1019 455 commonito-

231 475 272 502 rio
283 474 382 510 Synodi
394 475 580 507 Occidentalis,
594 474 678 501 Roma
693 473 802 508 profecti
815 478 877 501 sunt
897 482 947 501 una
960 481 1018 500 eum

230 521 351 556 Cyt'iaeo,
367 521 510 554 Demetrio,
526 520 645 548 Palladio
658 525 684 547 et
694 520 804 555 Eulysio
814 519 947 553 episcopis
961 519 1019 546 Ori-

230 566 370 599 entalibus,
384 566 427 603 qui
442 565 724 600 Constantinopolitani
749 564 849 591 dissidii
865 571 943 590 causa
967 564 1019 590 Ro-

232 619 301 638 mam
318 616 456 639 venerant.
473 611 507 639 Ut
520 616 606 638 aotctu
622 619 655 638 ex
670 610 780 638 Palladii
790 610 869 638 dictis
892 609 1017 643 liquidum

230 662 274 684 est
290 656 406 692 (Pallad.
424 654 549 695 Dialog.),
567 655 684 683 nottdum
704 655 822 682 sciebant
847 655 882 681 illi
902 654 1017 680 Altinum

232 709 291 738 post
305 703 404 730 Arsacii
417 708 528 730 mortem
540 703 630 730 sedem
641 702 959 736 Constanlittopoiitanatn
979 702 1019 728 in-

231 749 343 777 vasisse.
359 749 386 776 lit
401 749 603 776 commonitorio
617 754 705 776 autem
719 748 894 775 Occidentalis
919 748 1016 783 Synodi

231 794 376 825 dicebatur,
388 793 517 821 Joannem
534 793 692 827 injudicium
704 793 830 820 accedere
843 799 894 818 non
909 793 1015 824 debere,

231 839 282 867 nisi
298 839 428 874 priusipsi
444 838 567 866 restituta
581 838 673 865 fuisset
690 843 716 865 et
728 838 846 864 Ecclesia
859 842 886 864 et
906 845 1017 864 commu-

230 886 289 912 nio:
300 885 360 919 jure
370 891 484 920 namque
498 883 710 918 eonquerebatur
722 882 777 916 ille,
800 881 869 917 quod
884 886 909 909 et
921 881 1017 909 absens

229 935 256 958 et
270 930 366 957 indicta
380 937 457 957 causa
471 929 611 957 damnatus
621 928 725 957 fuisset.

264 975 384 1011 Episcopi
397 975 427 1002 ab
442 974 556 1002 Honorio
571 974 640 1010 Imp.
660 975 693 1001 ad
705 974 840 1001 Arcadium
854 975 933 1008 missi,
951 973 1016 1002 male

229 1021 392 1055 rxcipiuutur.
403 1034 439 1040 -
449 1020 601 1047 Consecnsa
615 1021 694 1055 igitur
705 1020 765 1047 navi
780 1028 870 1048 versus
885 1020 1014 1048 Grteeiam

230 1059 288 1093 \eYa
299 1065 438 1099 dederunt,
454 1073 567 1102 cumque
586 1065 640 1105 jam
654 1072 736 1100 prope
751 1065 914 1093 Athenarum
928 1066 1014 1092 littora

228 1112 420 1146 pervenissent,
442 1119 458 1138 a
472 1111 577 1138 tribuno
599 1111 712 1151 quodam
732 1111 830 1138 detenti
859 1111 941 1143 luere,
971 1111 1014 1145 qui

226 1158 408 1187 centurionem
417 1158 467 1185 illis
475 1157 604 1192 adjunxit,
612 1157 714 1192 iussum
724 1157 848 1184 eoltibcre
857 1165 890 1184 ne
900 1157 1016 1184 Thessa-

228 1205 351 1238 lonicam,
362 1211 415 1239 quo
428 1211 456 1231 se
467 1203 589 1231 conferre
603 1207 681 1238 atque
689 1203 789 1238 Auysio
801 1203 890 1232 literas
902 1203 965 1230 dare
974 1210 1016 1229 vo-

229 1249 327 1281 lebant,
338 1248 499 1283 appellarent
513 1247 627 1274 (Pal/ed.
640 1247 737 1283 supra).
747 1247 889 1282 Coujcctos
899 1248 976 1283 igitur
989 1247 1013 1274 in

229 1294 329 1329 navigia
339 1291 657 1328 duodimiSitJngruentc
663 1284 753 1319 autem
766 1296 844 1319 vento
854 1291 1012 1325 vehementi,

226 1339 338 1375 :Egeum
353 1346 426 1366 mare
440 1343 467 1365 et
482 1338 547 1366 freta
563 1338 620 1366 sine
633 1338 692 1364 cibo
707 1338 876 1372 trajecerunt,
890 1341 916 1364 et
931 1340 1014 1364 tertia:

226 1385 277 1413 diei
291 1385 355 1412 hora
369 1385 524 1412 duodecima
549 1383 660 1418 (Pallad.
677 1382 801 1418 ΒὶιιΙι·9.).
825 1383 1012 1410 Constantino-

226 1431 428 1466 poliuappulcre
442 1437 524 1465 prope
538 1429 717 1457 suburbanum
729 1429 849 1456 Victoris.
864 1427 1013 1458 Ubirctenti

223 1477 258 1504 ab
278 1476 445 1505 exactoribus
457 1481 588 1510 portuum,
602 1475 676 1510 jussu
692 1474 827 1509 cujusdam
838 1475 887 1502 sibi
911 1474 1013 1509 ignoti,

223 1529 296 1552 retro
306 1524 502 1556 discesserunt,
518 1527 545 1550 et
564 1523 657 1550 inclusi
675 1522 748 1550 fuere
773 1522 799 1549 in
819 1529 879 1549 arce
900 1522 1012 1557 quadam

220 1570 342 1598 Thracia:
355 1570 495 1603 maritima,
507 1570 548 1597 eui
558 1577 653 1597 nomen
662 1569 760 1605 Athyra
771 1569 896 1602 ;llomani
906 1570 1011 1604 quidem

223 1618 250 1648 in
264 1623 313 1643 una
334 1616 492 1643 domuncula
506 1635 513 1648 ,
526 1614 638 1642 iiautem
648 1615 690 1649 qui
704 1622 763 1641 eunt
775 1614 885 1650 Cyriaeo
899 1620 973 1641 erant
986 1615 1012 1642 in

224 1662 339 1689 diversis
353 1660 494 1696 separatim
506 1681 513 1693 ,
524 1660 630 1695 illieque
650 1661 735 1688 vexati
746 1651 808 1687 sunt
819 1681 826 1692 ,
841 1660 875 1687 ita
885 1664 912 1687 ut
927 1667 959 1686 ne
971 1659 1011 1686 fa-

224 1707 312 1740 mulus
324 1707 429 1741 quidem
445 1710 541 1741 praesto
558 1711 637 1739 esset,
648 1707 692 1741 qui
708 1707 759 1733 illis
770 1706 939 1733 ministraret.

260 1753 304 1780 Ait
329 1760 409 1788 porro
430 1753 594 1780 Sozomenus
614 1751 729 1788 (Sozam.
745 1753 763 1779 ι.
778 1752 804 1779 8.
822 1760 846 1779 c.
858 1752 914 1787 28),
930 1751 1011 1779 Joan-

227 1799 269 1826 nis
283 1798 450 1832 adversarios
462 1798 616 1833 Imperatori
632 1798 757 1832 Arcadio,
772 1797 880 1825 credulo
896 1798 973 1825 nimis
985 1802 1012 1825 et

224 1844 367 1879 imbecillo,
387 1844 512 1878 suasisse,
524 1843 549 1872 id
563 1843 589 1871 in
600 1844 788 1873 contumeliam
808 1843 1010 1870 Orientalislm-

225 1890 289 1924 perii
304 1889 400 1917 factum
414 1896 491 1921 esse;
507 1893 586 1924 atque
612 1888 674 1917 ltiuc
698 1888 819 1915 cteuisse
843 1892 871 1914 ut
891 1887 927 1915 illi
949 1895 1010 1915 cum

226 1936 365 1971 ignominia
375 1935 580 1968 dimitterentur,
596 1936 711 1963 Joannes
737 1938 824 1961 autem
850 1934 962 1970 longius,
984 1934 1010 1962 in

227 1981 350 2017 oppidum
363 1981 464 2008 seillcet
476 1980 636 2014 Pytinntem,
652 1979 849 2006 transferretur.

248 2024 250 2027 ’
268 2027 289 2053 Α
303 2026 395 2061 legatis
409 2033 471 2053 vero
490 2025 618 2052 Romanis
629 2026 753 2060 petebant
773 2025 800 2056 iil
820 2023 863 2060 qui
879 2029 931 2052 tam
954 2024 1011 2052 dire

225 2073 286 2100 illos
297 2072 438 2104 vexabant,
461 2072 550 2098 literas
573 2071 742 2106 imperatoris
765 2077 792 2098 et
815 2072 1008 2106 episcoporum.

225 2116 428 2151 Responderunt
441 2116 489 2150 illi,
513 2124 542 2143 se
564 2116 667 2143 nonnisi
684 2116 838 2150 Imperatori
852 2116 901 2150 ipsi
914 2120 940 2142 et
952 2115 1009 2150 epi-

227 2163 316 2197 scopis
335 2169 412 2197 posse
425 2162 513 2188 literas
525 2162 583 2189 illas
595 2161 671 2190 dare.
685 2162 751 2188 Cum
763 2168 826 2188 vero
842 2161 1011 2195 persistercnt

227 2209 266 2238 illi
280 2212 417 2244 negantes,
435 2208 505 2235 venit
516 2207 600 2242 primo
616 2207 744 2234 Patricius
755 2207 882 2240 notarios,
899 2210 952 2233 ttun
967 2206 1009 2233 alii

224 2255 338 2296 “ipsum
353 2257 483 2294 petentes,
493 2253 652 2288 domumque
664 2253 820 2280 Valerianus
828 2252 966 2286 Cappadox
978 2260 1010 2279 ex

226 2303 337 2330 militum
353 2308 473 2333 numero,
489 2301 553 2338 lxso
563 2299 672 2333 Mariani
686 2298 803 2333 episcopi
827 2299 932 2334 pollice,
957 2297 1008 2325 ltit-

226 2338 354 2386 peratoris
366 2337 393 2374 et
408 2346 518 2375 aliorum
531 2345 622 2385 literas
635 2344 684 2378 ipsi
695 2343 813 2370 abstulit.

263 2392 391 2419 Postridie
401 2396 489 2418 autem
504 2389 546 2417 vel
559 2389 636 2417 aulici
649 2388 829 2427 imperatoris,
845 2389 885 2415 vel
901 2389 957 2425 ipse
968 2388 1010 2415 At-

226 2439 302 2470 ticus,
316 2437 446 2464 miserunt
459 2436 499 2463 cis
508 2434 553 2470 qui
568 2434 617 2461 tria
632 2434 713 2460 millia
727 2433 914 2460 umnismatum
929 2433 1008 2469 oll’er-

225 2474 294 2514 rent,
306 2482 328 2508 si
336 2489 396 2508 cum
411 2481 498 2508 Attico
510 2479 708 2508 communicare
724 2477 831 2510 vellent,
844 2483 870 2505 et
885 2478 918 2506 de
929 2478 1010 2505 Joan-

225 2527 267 2554 uis
278 2526 377 2561 judicio
386 2529 514 2553 tacerent.
529 2525 574 2552 His
588 2525 704 2559 rejectis,
720 2524 755 2552 illi
779 2523 811 2550 ad
837 2531 928 2558 preces
946 2531 1010 2552 con-

227 2573 296 2599 versi
310 2575 381 2604 sunt,
393 2575 422 2597 ιιι
433 2577 493 2597 eum
506 2570 572 2596 niltil
586 2573 692 2604 possent
702 2568 809 2603 paeillee
825 2577 959 2603 peragere,
976 2569 1010 2604 ob

227 2623 325 2649 tanaim
336 2609 437 2644 scilicet
447 2615 676 2655 inhumanitatem,
688 2615 822 2642 Ecclesias
841 2621 903 2641 Snas
931 2622 1010 2650 repe-

230 2669 283 2692 tere
297 2664 355 2691 sine
369 2661 488 2701 periculo
499 2666 615 2695 possent.
630 2661 711 2696 quue
725 2660 798 2694 ipsis,
814 2660 898 2694 inquit
925 2660 1010 2687 Palla-

225 2711 295 2742 dius,
319 2709 398 2736 variis
417 2707 623 2743 revelationibns
645 2706 805 2734 declaratum
829 2706 896 2738 fuit;
925 2706 960 2733 ita
983 2709 1011 2743 ut

227 2756 304 2783 etiam
326 2755 438 2782 diacono
452 2753 482 2781 S.
499 2752 618 2780 Emtnelii
638 2752 729 2784 Paulo,
744 2752 800 2778 viro
825 2751 964 2787 mitissimo
984 2757 1010 2778 et

227 2800 358 2834 prudenti,
368 2800 464 2827 Paulus
474 2798 607 2833 apostolus
616 2796 776 2832 apparuerit.
788 2796 1011 2831 Valerianusergo

229 2846 347 2872 tribunus
360 2846 419 2877 illos
431 2845 456 2871 in
473 2843 603 2879 putridam
619 2850 712 2869 navem
735 2842 855 2872 immisit,
878 2841 1009 2874 mercede,

229 2898 255 2927 ut
266 2898 355 2926 rumor
368 2896 433 2924 erat,
449 2890 574 2918 nauclcro
589 2889 658 2923 data,
672 2894 699 2915 ut
710 2887 862 2922 navigantes
875 2887 932 2914 illos
948 2894 1009 2922 per»

776 189 804 216 S.
824 188 961 217 JOANNIS
979 189 1212 220 CllllYSOS’l'OMl
1233 193 1320 228 VlTA,

1808 198 1858 228 256

1077 247 1161 281 deret,
1177 249 1307 283 adiunctis
1321 251 1401 278 etiam
1418 251 1508 286 viginti
1520 252 1647 280 militibus
1661 260 1669 281 :
1684 253 1722 281 sic
1734 253 1792 281 illos
1803 261 1858 281 sta-

1075 293 1120 320 tim
1135 293 1242 329 Athyris
1253 295 1362 329 expulit.
1382 295 1448 323 Cum
1472 301 1543 324 tanto
1557 297 1635 332 igitur
1651 298 1767 332 periculo
1781 300 1858 326 navi-

1074 345 1168 374 gantes
1182 341 1354 375 Lampsacum
1368 343 1534 377 appulcruttl,
1556 347 1585 371 et
1599 348 1697 371 mutata
1713 345 1773 371 navi
1786 346 1857 372 vire-

1074 385 1144 411 simo
1158 385 1201 412 die
1216 385 1379 421 llydruntem
1393 388 1552 422 applicuere.
1565 388 1619 415 Nec
1635 389 1769 424 quidpiam
1788 390 1856 416 edis-

1074 436 1134 456 eere
1145 434 1253 463 potuere
1269 432 1310 458 vel
1324 432 1356 459 de
1371 432 1447 460 beato
1461 433 1563 460 Joanne
1576 434 1616 460 vel
1630 433 1663 460 de
1677 438 1788 469 quatuor
1800 435 1858 462 Ori-

1073 476 1203 503 entalibus
1222 478 1352 512 episcopis
1361 478 1404 512 qui
1420 486 1508 505 Secum
1521 479 1604 506 Roma
1614 484 1749 507 venerant.

1109 521 1172 548 Cum
1187 523 1308 557 episcopis
1324 522 1491 551 Orientalibus
1507 524 1588 551 Roma
1600 525 1758 553 redeuntibus
1771 534 1856 561 asper-

1072 567 1134 594 rime
1152 572 1234 594 actum
1249 573 1294 595 est.
1307 584 1342 589 —
1354 569 1430 602 Quod
1455 574 1557 604 spectat
1579 571 1612 597 ad
1635 570 1773 606 cpisc0pos
1797 572 1856 599 illos

1073 611 1229 645 Orientales,
1247 621 1337 640 rumor
1351 614 1438 640 statim
1453 614 1501 641 fuit
1515 615 1575 642 illos
1591 615 1616 642 in
1635 623 1708 643 mare
1719 616 1856 644 demersos

1072 655 1151 684 fuisse
1167 657 1288 692 (Pallad.
1305 658 1419 694 Dialog.)
1432 667 1438 691 ;
1453 664 1478 686 at
1494 659 1552 686 illos
1567 659 1593 686 iu
1617 665 1733 687 extrema
1750 660 1854 696 Imperii

1074 707 1099 728 et
1125 702 1193 738 apud
1217 702 1341 730 barbaros
1354 705 1488 739 ablegatos
1501 704 1581 732 fuisse
1596 705 1788 740 deprehensam
1803 712 1852 734 est.

1071 747 1136 774 Nam
1158 753 1186 774 ut
1201 748 1306 783 quidam
1327 749 1453 776 diaconus
1480 750 1621 782 retulerat,
1636 751 1762 786 Cyriacus
1774 752 1851 779 Eme-

1077 800 1155 819 senus
1176 793 1323 828 Palmyram
1338 794 1431 821 ductus
1446 795 1471 821 in
1492 795 1631 822 Pen-arum
1653 797 1761 824 castello
1786 802 1853 830 erat,

1070 837 1202 872 Octoginta
1222 838 1377 866 milliaribus
1399 839 1466 866 ultra
1482 839 1618 872 Eiucsam;
1647 841 1769 876 Eulysius
1780 850 1852 874 vero,

1071 882 1224 910 Bostrornm
1247 884 1395 918 episcopus,
1420 885 1446 911 itt
1469 885 1576 913 casti-llo
1590 887 1717 920 Arabum,
1740 887 1854 922 Misphas

1069 927 1149 959 dicto,
1163 928 1239 954 trium
1251 928 1351 955 dierum
1364 929 1457 956 itinere
1468 929 1567 958 Bostris
1579 930 1708 964 distante;
1721 932 1854 959 Palladius

1069 972 1173 1009 Syenen
1193 973 1218 1000 iu
1247 974 1339 1001 vicinia
1355 974 1520 1011 Bletnmyum
1538 976 1737 1012 etEthiopum,
1760 977 1850 1005 Dente-

1069 1020 1136 1048 trius
1151 1021 1176 1048 in
1191 1020 1253 1048 Oasi
1273 1021 1412 1049 lllazieibns
1422 1022 1551 1056 proxima.

1105 1069 1125 1096 A
1138 1068 1264 1096 militibus
1278 1073 1364 1096 autem
1375 1089 1382 1102 ,
1398 1070 1497 1104 quieos
1512 1070 1538 1096 in
1554 1070 1685 1105 assignato
1698 1070 1756 1098 loea
1769 1071 1851 1098 dedu-

1071 1122 1144 1148 xcre,
1160 1119 1211 1142 tam
1223 1122 1317 1151 aspere
1330 1114 1412 1143 habiti
1422 1119 1495 1148 sunt,
1506 1120 1534 1142 ut
1545 1115 1611 1143 mori
1623 1118 1850 1151 prmoptavissent.

1069 1161 1197 1189 Pecunias
1207 1162 1288 1194 enim,
1309 1170 1374 1197 quas
1392 1166 1568 1197 sumpserant,
1592 1163 1713 1198 abreptas
1729 1163 1798 1190 inter
1822 1171 1852 1191 se

1068 1206 1154 1240 partiti
1164 1210 1232 1237 sunt,
1244 1210 1270 1234 et
1280 1206 1305 1233 in
1316 1207 1374 1234 vilia
1382 1207 1499 1242 jumenta
1509 1207 1578 1242 ipsos
1587 1208 1767 1242 conjicientes,
1779 1208 1851 1236 bidui

1068 1250 1119 1277 iter
1130 1258 1183 1278 uno
1196 1251 1238 1278 die
1252 1251 1429 1279 conﬁciebant
1443 1252 1525 1279 multa
1547 1257 1625 1279 nocte
1643 1253 1702 1282 illos
1717 1253 1742 1280 in
1761 1253 1850 1281 diver-

1067 1297 1136 1323 soria
1153 1297 1333 1329 itumittentes,
1354 1301 1381 1325 et
1402 1305 1504 1325 summo
1518 1305 1596 1325 mane
1608 1303 1670 1326 ante
1684 1299 1769 1326 lucem
1786 1306 1851 1335 pro-

1068 1342 1148 1369 licisei
1162 1346 1296 1377 cogentes,
1311 1343 1345 1370 ita
1361 1347 1388 1370 ut
1408 1351 1440 1371 ne
1453 1344 1563 1371 miseras
1576 1344 1682 1378 quidem
1695 1351 1770 1372 escas
1793 1350 1850 1372 sto-

1067 1379 1177 1414 machus
1188 1387 1303 1415 retinere
1317 1393 1415 1422 posset.
1432 1388 1564 1424 Turplbus
1572 1390 1650 1416 etiam
1665 1394 1692 1417 et
1705 1390 1852 1418 inhonestis

1066 1432 1154 1459 verbis
1168 1432 1227 1459 illos
1246 1432 1374 1468 impetere
1393 1441 1446 1463 non
1462 1434 1589 1462 titnebant
1605 1443 1611 1461 :
1633 1435 1750 1463 Palladio
1769 1436 1850 1463 etiam

1067 1477 1192 1504 famulum
1203 1478 1368 1506 abstulerunt
1378 1499 1385 1511 ,
1409 1479 1461 1506 vim
1475 1479 1524 1514 ipsi
1539 1479 1684 1509 inferentes
1700 1485 1728 1507 ut
1740 1481 1849 1508 tabellas

1066 1522 1219 1557 deponeret.
1236 1523 1397 1551 Demetrium
1413 1529 1500 1551 autem
1516 1532 1583 1552 unus
1596 1533 1629 1552 ex
1644 1525 1799 1554 ductoribus
1815 1527 1849 1553 ita

1066 1569 1182 1602 vexavit,
1196 1574 1293 1600 utcum
1306 1569 1425 1597 Zibiuam
1440 1571 1522 1598 multa
1538 1576 1614 1598 nocte
1623 1572 1783 1606 pervenerit,
1797 1577 1850 1601 sta-

1067 1615 1112 1642 tim
1127 1616 1171 1642 ille
1185 1616 1348 1650 gravissimis
1364 1620 1418 1643 toto
1433 1624 1544 1650 corpore
1561 1617 1695 1645 doloribus
1707 1618 1848 1649 cruciatus.

1065 1660 1169 1687 vivendi
1186 1660 1264 1687 finem
1278 1660 1370 1688 fecerit
1383 1669 1390 1687 τ
1404 1661 1439 1688 ita
1454 1665 1482 1689 ut
1496 1661 1539 1696 qui
1555 1662 1611 1688 hare
1626 1661 1745 1689 viderunt
1756 1669 1850 1689 onmes

1067 1705 1112 1732 Dei
1127 1705 1268 1732 vindictam
1283 1711 1466 1740 agnoscerent.
1482 1706 1616 1734 Palladius
1631 1714 1693 1734 vero
1710 1707 1764 1741 jam
1778 1715 1848 1742 pnes

1065 1750 1170 1778 dixerat
1183 1758 1190 1778 :
1206 1751 1234 1778 ln
1247 1751 1298 1778 hoc
1311 1751 1406 1778 itinere
1417 1751 1603 1778 miserabiliter
1617 1752 1725 1786 peribis.

1101 1795 1129 1822 ln
1144 1800 1216 1823 tanto
1236 1796 1330 1824 itinere
1349 1800 1455 1823 sanctos
1474 1795 1545 1823 viros
1563 1796 1689 1823 Ecclesiis
1707 1797 1850 1832 appropin-

1065 1847 1146 1875 quare
1161 1848 1212 1868 nou
1228 1841 1360 1873 sinebant,
1371 1841 1417 1868 sed
1431 1841 1575 1868 diversoria
1591 1841 1724 1875 petebant,
1737 1841 1779 1869 ubi
1792 1850 1850 1869 nie-

1066 1887 1193 1915 retricum
1204 1891 1281 1914 erant
1291 1887 1396 1921 agmina
1410 1887 1452 1914 vel
1464 1894 1603 1922 synagoga:
1621 1886 1851 1919 Samaritanorum

1067 1936 1112 1959 attt
1127 1931 1289 1964 Judzcornm,
1304 1932 1436 1967 praecipue
1450 1937 1538 1958 autem
1553 1931 1638 1965 Tarsi,
1654 1933 1698 1960 ubi
1714 1933 1740 1960 in
1763 1941 1851 1969 angu-

1065 1980 1130 2007 stias
1140 1979 1237 2006 redacti
1250 1982 1320 2006 sunt.
1329 1978 1401 2006 Unus
1411 1986 1473 2006 vero
1485 1986 1517 2006 ex
1526 1978 1656 2014 episcopis
1668 1979 1735 2007 alios
1749 1981 1853 2009 solatus

1064 2029 1115 2059 est,
1129 2024 1220 2052 dicens
1231 2023 1272 2051 his
1285 2023 1408 2050 omnibus
1419 2023 1500 2050 Deum
1509 2023 1591 2058 gloria
1605 2023 1684 2056 afﬁci,
1699 2024 1853 2060 multasque

1063 2079 1096 2099 ex
1111 2071 1163 2099 illis
1172 2069 1365 2103 meretricibus,
1373 2077 1433 2104 qua:
1442 2070 1468 2097 in
1478 2069 1523 2096 Dei
1537 2070 1697 2098 oblivionem
1704 2077 1832 2099 venerant
1843 2093 1852 2105 ,

1063 2122 1109 2145 aut
1122 2125 1183 2145 eum
1198 2124 1232 2145 ne
1244 2121 1337 2144 norant
1350 2116 1467 2152 quidem,
1477 2116 1677 2152 visisepiseopis
1686 2117 1722 2145 ita
1731 2119 1852 2150 vexatis,

1064 2162 1091 2190 in
1105 2162 1226 2189 timorem
1239 2162 1286 2189 Dei
1301 2161 1415 2195 venisse,
1428 2165 1454 2188 et
1464 2160 1532 2189 forte
1543 2169 1685 2189 conversas
1699 2161 1793 2190 fuisse.

1099 2207 1222 2242 Plerique
1252 2210 1339 2234 autem
1367 2214 1401 2234 ex
1424 2205 1557 2242 episcopis
1583 2206 1704 2242 (Pallad.
1719 2208 1854 2244 Dialog.),

1063 2253 1107 2288 qui
1135 2252 1451 2287 Theophilolurrebant,
1482 2259 1534 2279 non
1558 2252 1638 2279 modo
1655 2253 1857 2282 humanitatem

1064 2298 1162 2326 nullam
1176 2305 1238 2332 erga
1250 2297 1390 2332 episcopos
1410 2297 1470 2324 illos
1484 2296 1677 2330 exhibuerunt,
1696 2298 1745 2326 sed
1767 2299 1857 2326 etiam

1063 2343 1218 2371 muneribus
1232 2342 1404 2377 praetorianos
1415 2342 1573 2370 induxerunt
1584 2347 1678 2370 utcutn
1691 2343 1744 2370 illis
1754 2351 1860 2378 aspere

1063 2393 1181 2424 agerent.
1204 2387 1253 2422 Qui
1270 2393 1357 2415 autent
1372 2388 1505 2423 prmcipue
1518 2388 1579 2415 huic
1591 2389 1724 2415 vexationi
1738 2396 1859 2423 operam

1063 2434 1172 2467 dedere,
1184 2438 1260 2461 erant
1273 2434 1390 2468 episcopi
1406 2434 1484 2461 Tarsi
1497 2439 1524 2461 et
1538 2433 1699 2467 Antiochiae,
1722 2434 1862 2468 Eulogius

1063 2479 1191 2507 Catsarea:
1209 2479 1372 2512 Palaestinae;
1399 2485 1460 2508 ante
1482 2488 1575 2507 omnes
1600 2485 1688 2508 autem
1707 2480 1865 2515 episcopus

1064 2526 1186 2562 Ancyrae.
1201 2529 1228 2552 et
1239 2525 1394 2552 Ammonius
1407 2525 1519 2557 Pelusii,
1542 2525 1652 2560 quitum
1675 2525 1762 2558 donis,
1791 2530 1863 2554 tum

1065 2571 1144 2600 minis
1161 2570 1259 2598 milites
1273 2570 1399 2598 adversus
1419 2578 1466 2598 eos
1486 2572 1569 2605 magis
1583 2571 1792 2606 exasperabant,
1830 2580 1867 2601 ut

1064 2624 1097 2644 ne
1109 2617 1184 2644 laieis
1198 2615 1305 2651 quidem
1321 2616 1380 2653 illos
1394 2616 1516 2652 esc‘pere
1530 2616 1678 2645 volentibus
1696 2617 1722 2644 id
1740 2619 1869 2652 permit-

1065 2666 1161 2688 [CPOIIL

1099 2707 1182 2734 Secus
1193 2711 1280 2733 autem
1301 2706 1386 2733 fecere
1407 2706 1451 2740 alii
1480 2707 1607 2745 episcopi,
1627 2708 1672 2743 qui
1694 2715 1709 2735 a
1730 2708 1870 2738 Palladio

1063 2759 1123 2779 cttm
1140 2751 1217 2778 laude
1229 2757 1486 2785 commemorantur;
1504 2761 1599 2788 nempe
1613 2753 1792 2789 Cappadocia:
1813 2764 1852 2784 se
1865 2774 1871 2777 -

1063 2797 1156 2825 cauda:
1171 2796 1299 2830 episcopi,
1315 2797 1360 2831 qui
1375 2804 1435 2824 cum
1450 2797 1574 2833 lacrymis
1588 2799 1726 2828 exsulibus
1745 2800 1874 2835 episcp-

1065 2843 1104 2877 pis
1118 2841 1289 2868 condoluere.
1302 2841 1373 2868 lnter
1387 2849 1433 2869 eos
1444 2847 1531 2869 autem
1545 2844 1714 2871 eminuerunt
1723 2844 1855 2879 Tltcodo
1864 2863 1874 2868 -

1069 2894 1123 2922 rus,
1142 2887 1291 2921 Tyanornm
1314 2887 1466 2921 episcopus,
1486 2888 1628 2923 Bosporius
1647 2889 1760 2917 Colonia:
1774 2910 1783 2923 ,

1820 2896 1880 2929 qui
1901 2904 1914 2916 ι
