2032 3110
178 156 229 185 ἲδΊ

179 212 412 249 quadragesimum
432 216 553 239 octavum
571 212 670 238 annum
688 211 715 237 in
735 215 887 245 episcopatu
908 217 969 245 age-

180 258 238 289 bat;
253 257 382 291 Serapion
398 256 558 289 Ostracinae,
582 255 625 290 qui
645 255 678 282 ab
695 256 772 281 anuis
797 254 970 289 quadraginta

179 303 299 338 quinque
312 302 463 337 episcopale
475 309 568 328 munus
578 301 696 336 gerebat.
709 299 740 327 iii
754 300 779 326 in
788 304 889 334 partem
900 307 970 326 acru-

182 355 318 380 mnarum,
346 347 423 382 queis
439 351 500 373 tunc
513 347 695 373 obruebantur
716 345 822 372 exsules
843 345 970 379 episcopi,

181 394 415 422 commiseratione
430 400 476 420 sua
486 397 624 424 venerunt,
640 397 668 418 ut
679 392 704 418 in
726 396 826 427 partetn
848 391 972 426 praemio-

184 447 242 467 rum
259 440 285 466 in
299 438 388 466 futuro
396 438 494 473 judicio
502 437 714 465 admitterentur.

218 485 296 512 Attici
310 485 336 511 in
349 485 433 511 sedem
447 484 476 511 (Ι.
493 483 527 511 Ρ.
543 484 634 510 intraui
666 483 807 510 molimina.
821 497 858 504 —-
871 483 973 511 Atticus

186 539 261 562 vero,
275 530 395 558 omnium
416 534 508 557 contra
528 529 659 557 Joannem
678 530 844 556 moliminum
863 528 972 562 artifex,

185 584 245 605 eum
261 576 364 603 videret
377 577 511 603 neminetn
525 575 581 603 fere
598 575 773 603 Orientalium
789 576 974 611 episcoporum

185 629 275 650 secum
291 621 491 649 communicare
505 622 581 654 velle,
596 621 648 648 imo
659 629 721 649 vero
729 621 762 648 ab
770 628 799 648 se
809 625 975 658 segregatum

188 676 298 696 manere
311 668 438 704 populum
451 668 772 704 Constantinopolllanum
783 691 790 702 ,
824 668 918 697 Jonnni
947 673 976 696 ut

187 714 298 742 antistiti
313 721 362 741 suo
375 714 583 755 addictissimum
591 714 707 753 (Pallad.
720 715 848 752 Dialog.);
857 715 976 750 Scriptu-

187 767 275 789 rarum
284 767 419 789 sacrarum
432 760 574 797 legumque
587 762 738 790 divinarum
753 769 848 796 expers
858 769 918 788 cum
932 768 975 788 es-

187 814 239 844 set,
254 807 288 837 ab
301 807 464 845 imperatore
477 809 567 836 literas
581 809 741 844 impetravit,
757 812 784 835 ut
799 808 840 836 vel
854 808 976 835 nolentes

188 856 221 882 ad
233 862 262 883 se
274 855 392 882 converti
404 859 520 890 cogeret.
537 855 704 889 Rescriptum
720 859 809 882 autem
833 853 976 888 Imperato-

189 901 226 927 ris
246 900 304 927 htcc
320 900 442 927 ferebat:
459 899 490 928 Si
510 901 565 935 quis
580 900 753 935 episcoporum
775 908 826 926 non
841 899 977 926 communi-

187 950 293 972 catcum
307 945 456 980 Theophila,
472 945 616 980 Porphyrio
631 950 653 972 ct
668 945 764 975 Attico.
793 944 907 971 Ecclesia
920 944 977 979 qui-

187 990 245 1017 dem
258 990 384 1025 ejiciatur,
399 995 446 1016 sta
460 990 570 1024 propriis
591 989 751 1025 facultatibus
769 990 894 1024 nbigntur.
925 989 978 1016 Iloc

187 1036 295 1071 publice
309 1037 439 1071 prolatum
453 1036 566 1063 edictum
581 1035 606 1062 id
620 1035 719 1068 effecit,
733 1040 761 1062 ut
775 1035 791 1062 ii
805 1035 849 1070 qui
868 1034 977 1061 faculta-

189 1081 259 1109 tibus
271 1082 422 1117 poilebant,
433 1082 496 1116 ipsis
505 1082 587 1110 etiam
597 1081 670 1109 inviti
681 1082 922 1116 conjungerentur:
935 1080 978 1107 alii

188 1128 360 1162 pauperiores
374 1133 402 1155 et
411 1128 436 1155 in
449 1135 513 1155 sana
528 1127 580 1155 [ide
594 1128 763 1160 intlrmiores,
775 1127 906 1154 donorum
921 1127 978 1162 poi-

188 1172 378 1200 iieitationibus
390 1172 478 1200 allecti
489 1172 521 1200 ad
531 1173 604 1207 ipsos
614 1176 800 1200 accesserunt:
816 1172 860 1199 alii
871 1179 978 1207 genere,

193 1217 374 1252 facultatibus,
391 1223 418 1245 et
429 1218 594 1253 corruptibili
613 1218 698 1253 gloria
718 1217 895 1253 posthabitis,
919 1217 980 1252 fuga

188 1262 240 1290 sibi
252 1263 441 1290 consuluerunt
450 1272 456 1290 :
465 1271 498 1290 ex
510 1264 543 1291 iis
550 1264 658 1298 quidam
668 1264 780 1290 Romam
788 1261 976 1298 confugerunt,

185 1308 233 1336 alii
246 1308 282 1337 ad
301 1314 417 1341 montes,
443 1309 487 1337 alii
502 1308 529 1336 in
548 1310 706 1337 Ascetarum
728 1309 902 1337 monasteria.
926 1308 981 1337 Nec

185 1354 316 1382 adversus
332 1355 475 1390 episcopos
490 1356 570 1383 modo
581 1355 698 1383 edictum
712 1355 839 1383 emissum
858 1355 917 1388 fuit,
933 1356 980 1384 sed

185 1400 259 1427 aliud
274 1400 354 1427 etiam
363 1405 458 1428 contra
473 1401 553 1428 laic0s
575 1400 618 1428 his
640 1401 728 1428 verbis
749 1408 924 1436 expressum,
953 1405 981 1428 ut

186 1445 323 1478 videlicet,
347 1445 370 1472 si
384 1446 428 1480 qui
451 1453 512 1474 cum
527 1446 684 1473 memoratis
697 1453 776 1480 supra
791 1453 843 1473 non
858 1453 979 1473 commu-

184 1491 318 1524 nicarent,
330 1492 373 1526 qui
386 1491 581 1527 indignitatibus
605 1496 686 1520 essent
708 1492 847 1526 constituti,
868 1500 915 1520 suo
935 1492 980 1519 Ιιο-

184 1543 246 1563 nou
253 1541 278 1563 et
287 1537 411 1572 dignitate
419 1537 576 1571 excederent,
588 1538 677 1564 milites
685 1538 814 1573 cingulum
823 1538 962 1565 amitterent
971 1546 980 1566 .'

182 1582 282 1617 reliqua
296 1584 366 1617 plebs
381 1587 456 1618 atque
468 1583 571 1617 opiﬁces
582 1604 588 1616 ,
614 1584 684 1618 graui
698 1584 755 1610 auri
781 1584 891 1619 pondere
913 1584 979 1610 mul-

182 1631 252 1662 ctati,
270 1630 430 1664 subjacerent
445 1630 545 1657 exsilio.

218 1674 345 1710 Epismpi
360 1676 434 1702 multi
447 1676 528 1702 vexati
540 1681 562 1702 et
574 1675 672 1703 sedibus
685 1677 761 1712 pulsi.
775 1691 811 1697 -
837 1677 980 1711 Postquam

183 1721 271 1749 edicta
289 1721 446 1756 itujusntodi
462 1721 625 1756 promulgata
642 1721 727 1756 fuere,
740 1723 814 1750 multi
825 1731 872 1757 per
886 1721 981 1750 Orien-

182 1771 234 1793 tem
262 1767 350 1793 variis
374 1766 460 1794 modis
472 1764 561 1802 vexati
582 1766 704 1801 pulsique
732 1767 806 1794 fuere
821 1767 937 1803 (Pallad.
954 1769 981 1795 in

182 1810 288 1847 Dialag.
313 1810 415 1846 supra).
432 1811 554 1845 Episcopi
573 1811 626 1846 qui,
640 1816 667 1838 ut
683 1811 808 1845 diximus,
834 1812 912 1840 minis
938 1812 980 1839 vel

184 1857 319 1883 :rrumnis
329 1864 345 1882 a
361 1855 451 1883 debito
460 1855 548 1882 ofticio
559 1856 675 1882 amoveri
691 1863 743 1883 non
755 1861 887 1890 poterant,
904 1858 981 1883 auin-

179 1908 256 1934 σει-ε.
280 1901 422 1929 Palladius
438 1900 641 1935 iielenopoleos,
657 1908 710 1935 quo
735 1905 843 1928 auctore
868 1906 895 1929 et
913 1901 980 1930 duce

179 1945 237 1972 ha-c
253 1945 414 1977 scribimus,
426 1945 535 1972 Romam
549 1953 579 1972 se
594 1946 704 1981 recepit,
719 1946 762 1973 ubi
779 1951 838 1980 post
853 1946 980 1982 Cbrysos—

178 1991 243 2018 tomi
266 1995 390 2018 mortem
410 1990 517 2018 advenit
538 1998 609 2018 anno
630 1991 692 2018 407.
721 1991 815 2020 Rhodo
840 1992 979 2026 episcopus

175 2035 248 2063 Asia:
262 2035 527 2072 Mitylenenanfugit
541 2045 548 2063 ε
564 2036 664 2069 Brisso,
680 2036 761 2064 frater
774 2036 883 2064 Palladii
901 2037 980 2064 llele—

176 2081 333 2116 nopoiitani
347 2102 356 2114 ,
380 2081 498 2108 Ecelesia
514 2089 561 2108 sua
575 2082 644 2108 ultro
663 2082 798 2114 derelicta,
817 2081 851 2109 ad
865 2083 978 2117 agellum

175 2132 253 2152 suum
265 2133 300 2154 se
314 2126 434 2160 recepit,
450 2127 493 2154 ubi
515 2131 612 2154 terrain
627 2127 742 2162 propriis
755 2127 879 2155 manibus
897 2136 978 2156 exco-

175 2171 224 2198 luit
236 2181 243 2198 :
261 2172 402 2203 Hilarius,
415 2171 456 2199 vir
465 2177 572 2200 sanctus
585 2177 613 2200 et
623 2180 714 2205 senex,
726 2173 753 2200 in
776 2174 897 2201 intimum
908 2173 978 2201 Pon-

175 2220 229 2243 tum
243 2216 343 2251 pulsus
361 2221 415 2248 est,
428 2217 512 2252 plagis
524 2217 656 2249 concisus,
679 2226 732 2245 non
758 2225 772 2245 a
785 2218 886 2253 judice,
901 2219 948 2247 sed
964 2227 978 2246 a

173 2260 264 2289 Clero.
283 2261 310 2288 Is
324 2261 426 2289 decem
440 2266 467 2289 et
479 2267 542 2289 octo
556 2270 641 2290 annos
656 2267 837 2298 transegerat,
865 2273 918 2292 non
933 2273 979 2300 pa-

174 2313 235 2335 nem
245 2307 348 2340 edens,
367 2307 420 2334 sed
431 2307 503 2335 olera
516 2313 616 2335 tatunm
635 2313 662 2336 et
684 2308 846 2336 frumentum
861 2315 977 2338 coctum.

173 2352 309 2380 Antonius
334 2359 410 2380 vero
437 2353 578 2387 episcopus
590 2354 614 2380 in
637 2355 773 2388 speluncis
784 2355 979 2384 Palrestinazse-

174 2395 261 2430 ipsum
270 2397 420 2425 conclusit
435 2405 441 2423 :
456 2397 614 2426 Timotheus
630 2399 772 2432 lllaroncce,
787 2405 813 2427 et
823 2400 938 2428 Joannes
951 2403 976 2428 in

173 2441 255 2478 Lydia
270 2444 440 2479 episcopus,
451 2443 477 2470 in
489 2443 672 2473 Macedoniam
697 2452 727 2471 se
754 2446 887 2480 recepisse
911 2446 980 2474 diee-

173 2487 287 2517 bantur:
303 2488 462 2524 Gregorius
484 2490 511 2516 in
532 2489 614 2525 Lydia
638 2490 790 2525 episcopus,
812 2491 837 2518 in
864 2492 977 2526 Phrygia

171 2536 425 2564 esseuarrabatur.
436 2533 600 2570 Lampetium
611 2535 735 2563 dicebant
757 2536 782 2562 in
809 2536 906 2571 oppido
927 2537 979 2572 Ly-

172 2580 221 2608 dia:
234 2589 305 2614 esse,
321 2581 370 2608 ubi
384 2579 504 2614 juvante
516 2587 545 2607 se
558 2580 674 2615 quodam
689 2581 844 2608 Eleutherio
859 2581 977 2609 lectioni-

171 2625 219 2652 bus
231 2633 345 2660 operam
359 2625 461 2653 dabat.
477 2624 610 2659 Eugenius
625 2626 651 2652 in
667 2626 749 2660 patria
759 2633 805 2652 sua
817 2634 846 2654 se
856 2627 977 2655 contine-

169 2670 230 2698 bat:
245 2671 383 2706 Elpidius,
401 2677 527 2703 magnus
549 2670 592 2697 ille
612 2670 753 2699 Laodicea:
773 2671 856 2706 Syria:
879 2672 978 2706 episco-

169 2723 225 2750 pus,
237 2723 266 2745 et
278 2718 396 2751 Pappus
410 2722 465 2749 per
485 2719 566 2742 totum
589 2716 734 2743 triennium
749 2716 873 2750 precibus
886 2725 977 2744 vacan-

173 2767 213 2789 tes
223 2761 259 2790 de
272 2762 350 2790 scala
365 2761 474 2788 domus
488 2765 540 2786 suae
553 2768 604 2787 non
620 2760 817 2788 descenderunt
829 2770 836 2789 :
864 2761 978 2790 Heracli-

177 2806 222 2834 des
231 2807 367 2843 Ephesius
384 2813 436 2840 per
450 2803 651 2838 quadriennium
661 2805 820 2834 Nicomedia!
831 2806 857 2835 in
868 2814 976 2836 carcere

180 2851 298 2882 inclusus
314 2851 435 2881 mansit.

765 152 854 182 NUNC
872 152 1002 181 PRIMUM
1022 152 1218 181 ADORNATA.

1761 153 1812 181 958

1061 207 1203 244 Presbyteri
1229 213 1252 237 et
1274 210 1389 237 monachi
1413 211 1478 238 "tale
1506 211 1612 246 excepti.
1628 225 1664 231 -—
1689 209 1812 245 Episcopi

1027 259 1117 282 autem
1133 255 1186 288 illi,
1209 256 1293 289 inquit
1305 255 1457 289 Palladius,
1476 257 1520 290 qui
1537 264 1591 291 prae
1604 261 1675 284 metu
1688 257 1723 284 ad
1736 257 1818 284 Attici

1029 305 1117 334 partes
1130 301 1299 334 transierant,
1321 302 1346 329 in
1359 302 1424 329 alias
1448 301 1567 329 Thracia:
1583 302 1714 330 Ecclesias
1726 307 1814 329 trans!

1026 347 1069 373 lati
1086 351 1157 379 sunt,
1178 347 1266 374 Attico
1279 355 1376 382 nempe
1389 348 1414 374 vi
1426 352 1537 375 extorta;
1550 348 1654 375 illorum
1669 348 1817 375 adhaesioni

1026 399 1077 418 non
1086 393 1152 419 satis
1161 391 1268 419 fidente.
1276 393 1426 419 Anatolium
1432 394 1585 428 episcopum
1595 393 1814 420 dicebantessoin

1026 437 1129 465 Galliis.
1148 437 1367 472 Presbyterorum
1377 444 1441 465 vero
1455 437 1499 464 alii
1513 438 1538 465 in
1550 437 1673 465 Arabiam
1687 441 1714 465 et
1733 437 1815 465 Palat.

1027 486 1122 510 st‘mam
1137 483 1270 510 amendati
1283 487 1355 510 sunt.
1386 483 1490 518 Tlgrins
1504 483 1530 510 in
1544 483 1760 519 Mesopotamiam
1771 490 1815 511 re-

1028 528 1129 564 legatus
1137 534 1189 563 est,
1203 529 1370 565 Philippusin
1387 529 1470 558 Ponto
1482 530 1557 558 exsul
1567 530 1642 564 obiit,
1653 530 1816 566 Theophilus

1028 575 1054 601 in
1069 574 1251 613 Paphlagonia
1266 576 1491 610 erat;Joannes,
1517 577 1615 605 (Ethrii
1625 577 1704 611 illius,
1728 577 1816 604 Cassa-

1032 630 1086 651 rea:
1100 623 1290 650 monasterium
1304 623 1461 651 construxit.
1478 623 1641 658 Stephanum
1656 623 1681 650 in
1693 622 1816 650 Arablam

1029 669 1173 703 relegatum
1193 673 1220 696 et
1243 668 1384 696 custodum
1406 668 1527 696 manibus
1550 669 1724 701 abstractum,
1747 669 1819 696 Isau-

1029 714 1052 741 ri
1068 714 1093 740 in
1108 713 1223 741 Tattrum
1242 713 1400 741 dimiserunt
1419 723 1426 741 :
1445 713 1592 742 SaluSIium
1615 715 1640 741 in
1660 713 1739 742 Creta
1760 720 1819 742 esse

1029 758 1172 787 dicebant:
1187 759 1326 794 Philippus
1339 759 1485 787 monachus
1504 764 1530 787 et
1545 759 1687 796 Presbyter
1708 759 1819 788 Schola-

1030 813 1102 837 rnm,
1119 804 1257 832 dicebatur
1271 805 1296 832 in
1311 804 1455 840 Campania
1469 810 1609 840 argrotare,
1627 810 1654 833 et
1668 805 1820 841 Stephanus

1030 849 1160 877 diaconus
1176 849 1202 876 in
1217 849 1369 877 Thebaidos
1381 857 1488 877 carcere
1502 849 1625 877 detineri.
1648 850 1745 877 Paulus
1762 849 1820 877 dia-

1032 901 1129 927 conus,
1144 893 1293 922 (Eeonomi
1308 894 1430 929 adjutor,
1447 895 1603 922 narrabatur
1615 895 1641 922 in
1656 895 1744 922 Africa
1759 902 1820 922 ver-

1031 942 1083 967 sari
1097 949 1105 968 :
1118 941 1187 968 alius
1207 941 1306 969 Paulus
1327 941 1455 969 diaconus
1477 942 1625 969 Anastasize
1647 941 1821 978 Jcrosolymis

1031 985 1198 1015 versabatur.
1221 986 1358 1014 llelladius
1372 987 1510 1024 presbyter
1526 987 1618 1015 Palatii
1634 988 1659 1015 in
1673 988 1759 1023 agello
1773 995 1822 1015 suo

1032 1031 1163 1067 Bithynia:
1176 1032 1256 1060 vitam
1270 1033 1374 1068 agebat.
1391 1033 1464 1061 Multi
1484 1034 1711 1069 Constantinopoli
1731 1034 1820 1062 delite-

1032 1078 1157 1112 seebant;
1171 1078 1215 1106 alii
1229 1079 1255 1106 in
1270 1079 1381 1114 patriam
1393 1080 1504 1115 quisque
1515 1087 1589 1107 suam
1601 1080 1730 1107 abierant.
1740 1080 1822 1108 Silva.

1033 1132 1092 1157 nus,
1105 1130 1213 1153 sanctus
1223 1126 1380 1161 episcopus,
1395 1127 1420 1154 in
1435 1125 1540 1154 Troade
1558 1126 1722 1161 piscabatur,
1741 1130 1769 1154 et
1790 1134 1822 1153 ex

1034 1170 1136 1205 piscatu
1151 1171 1231 1198 vitam
1246 1171 1296 1198 sibi
1311 1171 1491 1206 comparabat.
1505 1170 1654 1206 Stephanus
1666 1171 1822 1203 monachus,

1033 1216 1078 1251 qui
1090 1216 1271 1244 Romanorum
1286 1217 1412 1252 epistolas
1425 1217 1568 1250 detulerat,
1583 1224 1614 1245 ea
1625 1216 1659 1245 de
1669 1224 1750 1244 causa
1763 1224 1823 1244 ver-

1037 1260 1156 1294 beratus,
1172 1261 1265 1289 decem
1281 1262 1418 1289 mensibus
1430 1262 1659 1297 Constantinopoli
1677 1262 1703 1289 in
1717 1269 1824 1290 carcere

1034 1307 1114 1334 vitam
1131 1308 1204 1342 egit:
1222 1315 1282 1335 cum
1307 1312 1396 1336 autem
1420 1309 1584 1343 propositum
1611 1308 1659 1343 ipsi
1679 1307 1773 1336 fuisset
1796 1313 1824 1336 ut

1034 1352 1122 1379 Attico
1134 1352 1296 1386 h:ereret,et
1310 1361 1362 1381 non
1378 1353 1567 1388 acquievisset,
1582 1354 1710 1382 lateribus
1726 1359 1752 1382 et
1775 1362 1824 1389 pe-

1033 1403 1108 1426 ctore
1120 1399 1278 1433 ungularum
1288 1400 1313 1426 vi
1327 1399 1457 1427 laceratus
1472 1404 1512 1427 est
1527 1399 1619 1434 :cujus
1635 1400 1672 1428 rei
1687 1400 1762 1427 testis
1776 1399 1824 1428 fuit

1033 1443 1090 1479 ipse
1105 1443 1247 1471 Palladius.
1267 1443 1420 1480 Stephanus
1437 1452 1500 1472 vero
1518 1444 1617 1472 Christi
1636 1444 1803 1480 providentia
1815 1466 1823 1477 ,

1036 1488 1064 1516 in
1077 1488 1192 1516 secunda
1207 1489 1320 1517 fortasse
1333 1489 1479 1517 certamina
1493 1494 1655 1522 reservatus,
1674 1494 1734 1526 post
1753 1489 1824 1518 deci-

1036 1541 1108 1561 mum
1119 1534 1263 1562 curationis
1273 1542 1327 1562 sua:
1341 1541 1469 1568 mensem,
1486 1533 1621 1563 Pelusium
1633 1535 1766 1570 relegatus
1773 1541 1823 1564 est.

1034 1580 1210 1608 Provincialis
1236 1580 1342 1616 quidam
1367 1582 1445 1609 miles
1467 1589 1499 1609 ex
1514 1581 1612 1609 scholis
1636 1582 1771 1617 Palatinis,
1798 1587 1825 1611 ut

1033 1625 1143 1654 Joannis
1167 1626 1253 1654 fautor
1267 1632 1417 1659 accusatus,
1433 1631 1493 1662 post
1508 1628 1572 1655 varii
1583 1628 1688 1664 generis
1698 1629 1787 1664 plagas
1799 1633 1825 1656 et

1035 1671 1217 1699 atrocissimas
1228 1671 1391 1705 abrasiones,
1405 1672 1498 1700 Petrus
1509 1673 1583 1701 exsul
1595 1674 1691 1701 missus
1703 1679 1753 1702 est.

1069 1718 1228 1753 Episcopum
1235 1718 1316 1746 alium
1325 1724 1453 1746 memorat
1461 1719 1588 1755 Syuesius
1597 1720 1730 1756 (Synesius
1738 1719 1823 1755 Epist.

1033 1763 1068 1792 96
1083 1769 1104 1791 et
1116 1762 1151 1792 97
1163 1765 1172 1799 )
1183 1785 1189 1797 ,
1216 1765 1395 1793 Alexandrum
1421 1765 1685 1801 Basiliuopolitanum
1697 1787 1705 1800 ,
1721 1767 1825 1804 Cyrene

1033 1810 1058 1837 in
1068 1809 1149 1845 Libya
1159 1815 1259 1844 natum,
1269 1812 1313 1846 qui
1320 1811 1425 1846 juvenis
1432 1813 1604 1840 monasticam
1615 1813 1693 1840 vitam
1702 1821 1831 1842 excreue.

1033 1860 1083 1889 rat,
1094 1861 1236 1892 posteaque
1250 1857 1388 1893 presbyter
1396 1863 1499 1886 creatus
1507 1866 1566 1886 cum
1575 1859 1823 1894 Constantinopolin

1032 1901 1158 1933 venisset,
1167 1901 1391 1937 aChrysostomo,
1400 1904 1444 1938 qui
1458 1904 1515 1939 ejus
1529 1904 1651 1939 pietatem
1662 1909 1824 1941 creterasque

1032 1946 1113 1973 animi
1138 1946 1214 1974 dotes
1241 1947 1322 1982 probe
1349 1953 1476 1982 noverat,
1505 1949 1693 1984 Basinopoleos
1718 1951 1822 1985 episco—

1032 1999 1082 2026 pus
1104 1997 1209 2020 creatus
1232 1992 1291 2020 fuit.
1314 1993 1379 2021 Cum
1404 2001 1468 2021 vero
1491 1993 1696 2030 Chrysostomus
1721 2003 1735 2022 a
1759 1996 1823 2024 sctlo

1031 2044 1080 2064 sua
1104 2037 1194 2071 pulsus
1215 2037 1282 2072 luit,
1308 2039 1365 2073 ejus
1388 2038 1432 2066 ille
1453 2040 1571 2075 partibus
1595 2048 1701 2075 semper
1726 2041 1822 2074 laesit,

1032 2081 1145 2118 ideoque
1166 2089 1276 2111 vexatus
1291 2084 1481 2113 Ptolemaidcm
1504 2086 1529 2112 in
1546 2086 1627 2123 Libya
1651 2095 1680 2114 se
1702 2089 1821 2122 recepit.

1031 2136 1118 2163 neque
1143 2137 1267 2165 umquam
1290 2139 1303 2157 a
1327 2130 1508 2166 Chrysostomi
1537 2133 1653 2167 partibus
1680 2133 1824 2161 abscedere

1032 2174 1124 2202 voluit.

1066 2219 1162 2247 Narrat
1189 2229 1251 2249 vero
1276 2221 1408 2249 Palladius
1424 2222 1540 2258 (Pallad.
1564 2223 1686 2260 Dialog.)
1714 2232 1823 2260 scopum

1032 2266 1158 2293 Ecclesia:
1187 2267 1313 2294 Romame
1342 2267 1421 2296 fuisse
1452 2277 1504 2296 non
1536 2270 1733 2297 communicare
1763 2278 1823 2297 unt-

1031 2321 1109 2347 quam
1136 2321 1195 2340 cum
1220 2313 1398 2341 Orientalibus
1424 2314 1735 2350 episcopis,pr:esertim
1763 2323 1822 2343 cmn

1031 2357 1190 2393 Theophiln,
1206 2358 1291 2386 donec
1303 2359 1421 2386 dedisset
1437 2360 1564 2387 Dominus
1578 2360 1665 2387 locum
1681 2361 1823 2389 universali

1031 2402 1158 2439 Synodo,
1174 2413 1232 2440 qme
1254 2405 1407 2440 putrefactis
1429 2406 1555 2434 membris
1576 2414 1667 2434 eorum
1680 2428 1688 2441 ,
1702 2408 1746 2443 qui
1767 2407 1825 2436 lucc

1031 2454 1165 2482 patrarant
1177 2470 1184 2481 ,
1200 2450 1351 2477 mederetur
1367 2458 1374 2477 :
1391 2450 1515 2485 additque
1537 2453 1616 2478 etiam
1630 2456 1690 2486 post
1710 2458 1823 2480 mortem

1031 2493 1140 2521 Joannis
1152 2515 1159 2526 ,
1174 2494 1289 2529 viguisse
1304 2499 1391 2522 tamen
1407 2495 1478 2522 illam
1501 2496 1646 2524 lnnocentii
1665 2502 1690 2524 ct
1712 2497 1824 2526 Romani

1031 2538 1140 2566 Concilii
1154 2538 1358 2567 declarationem
1370 2561 1378 2573 ,
1392 2541 1451 2576 quia
1475 2541 1502 2569 in
1526 2546 1598 2569 tanto
1611 2544 1725 2571 tumultu
1749 2545 1823 2571 multi

1031 2583 1128 2618 indigni
1144 2583 1176 2610 ad
1188 2584 1319 2612 Ecelesias
1327 2587 1493 2621 occupandas
1507 2588 1823 2623 involaverant.’ldipsum

1030 2629 1096 2657 dicit
1107 2630 1290 2658 Theodoretns
1314 2631 1477 2666 (Tltendoret.
1494 2633 1513 2660 ι.
1529 2634 1555 2661 5.
1572 2642 1594 2660 c.
1611 2634 1824 2669 55):adjieitque

1032 2675 1111 2702 etiam
1127 2679 1186 2709 post
1206 2680 1318 2703 mortent
1333 2677 1421 2712 tttagni
1446 2678 1563 2706 doctoris
1578 2679 1650 2706 orbis
1673 2684 1820 2712 terrarum,

1031 2719 1215 2748 Occidentales
1222 2721 1371 2756 episcopos,
1382 2723 1566 2758 episcoporum
1576 2723 1683 2760 Egypti
1697 2729 1722 2752 et
1731 2724 1825 2753 0rien~

1032 2764 1083 2795 tis,
1101 2764 1210 2799 Bospori
1235 2771 1261 2793 et
1285 2766 1424 2800 Thracias,
1447 2769 1660 2796 communionem
1686 2777 1737 2797 non
1761 2776 1824 2799 ante

1030 2808 1188 2841 admisisse,
1204 2818 1282 2845 quant
1304 2811 1384 2839 divini
1409 2813 1478 2840 illius
1494 2813 1540 2841 viri
1567 2821 1664 2842 nomen
1689 2824 1741 2844 una
1763 2823 1822 2845 cum

1030 2859 1132 2883 ca-terts
1143 2855 1274 2885 defunctis
1285 2858 1415 2894 epicopis
1423 2862 1640 2897 consignasscnt.
