2032 3110
204 117 256 144 259

233 175 426 211 Chrywuomus
436 174 581 202 Innocentio
590 174 670 208 Papo
681 172 766 200 literas
774 172 858 199 mittit.
866 186 900 191 —
908 169 990 205 Chry-

199 226 334 249 Iosmmus
352 228 412 248 cum
425 220 556 255 episcopis
568 218 781 247 Occidentalibus
794 222 901 244 causam
914 222 989 242 suam

201 266 409 302 suscipientibus
420 264 522 296 scribit,
537 263 571 291 de
585 262 655 290 felici
672 262 710 289 rei
725 261 797 289 exitu
812 260 935 287 dubitare
949 259 987 286 vi-

199 315 290 347 detur,
306 313 377 348 quod
393 312 548 344 nequitiam,
566 311 723 346 potentiam,
739 307 915 343 pervicaciam
942 307 989 334 ad-

201 360 381 388 versariorum
392 366 502 386 suorum
523 357 606 393 probe
620 359 721 383 nosset.
735 355 790 382 Nec
803 354 864 382 ideo
885 353 991 380 minore

199 414 264 434 cura
274 410 301 434 et
310 405 398 433 studio
406 404 439 432 ad
449 411 491 431 res
499 401 700 438 componendas
720 400 849 428 utendum
862 407 922 427 esse
935 398 993 427 exi-

200 452 334 483 stimabat.
345 456 374 479 ut
384 451 476 478 videre
487 453 530 477 cst
539 449 565 476 in
579 448 692 484 cpistola
702 447 734 474 ad
749 446 932 474 Innocentium
944 445 994 472 Pa-

200 505 262 534 pam
279 497 322 534 (T.
347 497 375 525 3.
395 505 419 524 ε.
440 496 516 531 555),
540 494 583 522 cui
609 499 729 520 summas
743 492 797 527 agit
810 491 911 526 gratias
923 489 994 534 quod

198 544 287 566 lamas
306 541 476 572 tempestates
489 557 495 569 ,
511 541 598 563 tantos
613 535 708 562 fluctus
723 541 771 568 pro
783 533 883 560 viribus
895 533 990 560 sedare

197 589 310 612 conatus
332 584 367 611 sit
382 593 389 610 :
407 584 441 610 ita
465 587 512 614 ut,
535 583 556 608 si
580 585 691 608 conatus
713 581 771 614 ejus
792 579 882 607 felices
903 578 990 606 exitus

199 630 371 662 habuissent,
386 629 441 663 jam
468 631 559 663 pacata
585 627 674 654 omnia
697 629 804 657 essent,
820 629 847 652 ct
871 624 989 651 Ecclesia

199 676 342 711 tranquilla
369 683 433 710 pace
460 674 603 701 frueretur.
632 673 768 707 [legatque
793 671 867 698 illum
895 677 929 697 tte
954 677 988 696 ex

199 722 415 750 adversariorum
448 720 538 748 furore
565 720 682 747 attimum
709 718 897 752 despondeat,
929 724 990 744 cum

200 773 239 795 tot
266 767 356 795 videat
383 766 495 802 populos
521 765 655 800 dispersos
671 784 678 797 ,
712 764 824 791 clericos
852 766 966 789 vexatos
982 782 989 794 ,

199 814 339 848 episcopos
362 811 470 839 sedibus
493 811 583 845 pulsos
608 819 615 837 :
640 814 667 837 et
688 813 786 845 quanto
811 807 894 842 tnajor
920 811 990 834 tem-

201 863 290 894 pestas
312 862 362 890 est,
379 862 452 885 tanto
474 857 559 891 majus
580 855 696 883 studium
710 854 835 881 adhibeat
858 858 989 888 precatur.

201 907 289 939 Seque
301 903 494 939 frequentiores
507 902 557 937 ipsi
579 903 669 929 literas
681 901 823 928 missurum
840 899 920 926 fuisse
933 899 988 932 ait,

202 950 252 978 nisi
273 949 356 977 Isauri
377 948 512 984 perpetuis
536 946 730 975 incursionibus
752 946 809 973 vias
829 944 989 973 interclude-

201 1000 270 1023 rcttt.

237 1041 309 1068 llattc
321 1040 461 1075 epistolam
477 1039 587 1066 Romani
601 1038 714 1065 attulere
726 1037 841 1064 Joattncs
853 1036 991 1071 presbyter

200 1091 227 1114 et
241 1086 337 1114 Paulus
350 1086 487 1118 diaconus,
497 1090 525 1112 ut
539 1086 563 1111 in
580 1084 622 1111 illa
634 1083 741 1116 dicitur,
751 1091 810 1118 quzc
823 1090 865 1109 res
878 1081 992 1108 difticul-

201 1137 282 1160 tatem
304 1137 392 1159 movet
414 1139 466 1158 non
490 1137 542 1158 tant
558 1130 636 1157 facile
658 1128 820 1156 solvendam.
837 1127 864 1154 ιιι
880 1127 991 1161 epistola

201 1179 271 1206 enim
286 1179 337 1205 {l8
350 1178 383 1205 ad
397 1177 536 1213 Cyriacum
550 1197 557 1208 ,
572 1176 734 1203 Demetrium
749 1180 775 1202 ct
788 1179 899 1202 cmtcros
911 1194 918 1206 ,
932 1180 992 1208 quas

202 1224 300 1258 scripta
316 1228 421 1258 putatur
434 1229 505 1249 anno
519 1222 581 1254 £05,
596 1221 632 1248 ait
646 1221 850 1254 Chrysostontus
863 1219 992 1246 Joannem

203 1268 385 1304 presbyterum
399 1267 544 1295 ctP.tulum
556 1267 695 1293 diaconum
711 1268 760 1293 iter
769 1272 869 1300 parare,
881 1269 908 1291 ut
921 1264 992 1298 ipsos

201 1314 362 1341 conveniant
388 1322 395 1339 ς
422 1313 444 1340 si
472 1317 559 1340 autem
587 1319 657 1339 anno
682 1311 734 1339 405
761 1312 827 1338 lianc
853 1310 991 1344 epistolam

201 1358 338 1394 scripserit
355 1357 559 1393 Cltrysostomus
572 1377 578 1389 ,
593 1364 645 1392 quo
670 1361 748 1392 pacto
761 1356 852 1383 dicere
867 1355 950 1390 possit
962 1361 992 1382 se

203 1404 309 1431 tertium
331 1411 429 1430 atntum
452 1404 477 1430 in
492 1403 585 1429 exsilio
598 1410 677 1437 agere
689 1422 696 1435 ,
711 1402 756 1437 qui
772 1407 832 1428 tunc
847 1400 992 1428 scettndum

202 1441 305 1478 tantum
318 1450 385 1477 ittire
399 1449 654 1485 poterat?0pinatur
667 1448 850 1476 Tilletnontius
863 1447 991 1475 Joannem

201 1501 227 1524 et
241 1495 361 1528 Paulum,
371 1496 416 1531 qui
430 1500 492 1523 tunc
506 1495 555 1522 iter
570 1495 707 1529 parabant,
717 1493 907 1529 profectionem
916 1500 992 1521 suam

202 1541 229 1570 in
240 1548 338 1568 antuttn
349 1545 503 1575 sequentem
515 1540 660 1567 distulisse.

237 1578 301 1615 Alite
315 1590 370 1620 eius
384 1587 505 1623 epistolw.
522 1601 555 1606 —-
570 1586 665 1613 Joanni
687 1591 775 1613 autent
791 1586 944 1620 presbytero
966 1590 993 1612 et

203 1632 284 1659 Paulo
297 1632 409 1659 diacono
427 1631 565 1666 epistolam
580 1630 654 1658 dedit
669 1630 729 1662 168,
746 1630 849 1662 Probae,
866 1636 993 1657 matrona:

204 1676 341 1710 Romanzc,
355 1676 536 1708 adferendam,
546 1677 587 1703 cui
602 1676 661 1703 illos
676 1675 853 1707 commendat,
869 1675 993 1709 illamque

205 1726 233 1749 ut
247 1721 409 1756 frequentius
423 1721 472 1748 sibi
486 1721 575 1748 literas
588 1721 673 1748 mittat
686 1726 818 1755 precatur.
835 1720 992 1754 iisdemque,

205 1772 233 1794 ut
247 1771 353 1801 putatur
364 1787 372 1798 ,
387 1767 511 1801 epistolas
531 1772 673 1801 sequentes
687 1767 737 1794 169
752 1772 779 1795 ct
795 1767 844 1794 170
867 1767 972 1793 tradidit
985 1787 992 1799 ,

204 1819 315 1846 quarunt
325 1811 515 1847 priorJuliana:
524 1817 550 1839 et
560 1812 591 1838 iis
600 1812 711 1846 quicum
728 1812 771 1838 illa
780 1817 853 1839 crattt
861 1811 993 1846 dirigitur,

207 1857 302 1893 quibus
314 1857 411 1892 gratias
423 1857 496 1892 agit,
512 1857 582 1892 quod
605 1857 664 1884 illos
676 1864 768 1884 omnes
780 1877 787 1889 ,
801 1864 868 1891 quos
883 1856 994 1883 Romam

204 1904 314 1931 tttiserat
345 1903 533 1939 benignissime
561 1904 756 1937 excepissent,
790 1902 912 1937 quodque
941 1907 993 1929 tam

205 1956 290 1976 stevos
309 1949 435 1976 tumultus
447 1970 455 1981 ,
469 1949 512 1983 qui
526 1955 580 1975 tum
603 1948 749 1976 Ecclesiatn
763 1947 924 1975 Orientalcm
937 1947 994 1982 agi-

206 1995 306 2028 labant,
319 2003 489 2032 compescere
501 1995 639 2023 studerent
654 2003 661 2021 :
679 1995 810 2030 posterior
820 2002 884 2022 vero
898 1994 994 2022 Italiczc

204 2041 357 2068 inscribitur
369 2063 376 2074 ,
391 2049 469 2076 quam
484 2049 499 2069 a
514 2041 666 2070 fortitudine
679 2041 814 2074 celebrat,
828 2041 897 2076 quod
910 2049 996 2076 neque

205 2087 330 2115 sedanda:
350 2087 475 2115 Orientali
498 2088 647 2123 tempestati
669 2089 822 2116 incumbere
842 2088 995 2121 desineret;

205 2133 329 2166 acuitque
351 2132 421 2160 illam
436 2137 465 2160 ut
486 2134 511 2160 in
528 2133 578 2161 hoc
600 2138 653 2160 tam
677 2133 808 2161 laudando
823 2133 910 2160 studio
933 2141 995 2168 per-

206 2182 321 2205 lcVCI’CL

242 2221 358 2249 Diversis
370 2230 476 2258 quoque
498 2231 545 2258 per
559 2223 729 2251 Occidentem
752 2223 883 2258 episcopis
906 2222 996 2250 literas

207 2268 258 2295 ltoc
275 2268 382 2295 circiter
395 2273 513 2303 tempore
528 2268 600 2295 misit
610 2288 618 2300 ,
633 2268 675 2295 vel
690 2273 716 2294 ut
728 2269 827 2302 gratias
845 2273 935 2302 ageret
948 2275 996 2302 pro

207 2319 272 2347 pace
292 2313 318 2340 itt
334 2313 452 2341 Ecclesia
467 2313 594 2341 Orientali
609 2313 770 2340 restituenda
795 2313 975 2340 laborantibus
986 2334 993 2346 ,

208 2357 249 2386 vel
263 2362 291 2385 ut
303 2363 445 2386 acnerctct
456 2359 488 2385 ad
504 2363 657 2386 constanter
665 2358 794 2393 agendum
809 2359 994 2388 inflammaret.

207 2403 281 2431 Talis
295 2408 335 2430 est
349 2405 459 2438 epistola
479 2404 524 2431 151
541 2403 574 2430 ad
597 2404 715 2431 Asellum
737 2404 889 2438 episcopum
906 2413 913 2432 :
930 2405 996 2433 tales

207 2448 328 2483 epistola:
349 2449 419 2481 152,
443 2449 513 2481 155,
535 2449 606 2482 151,
628 2448 660 2475 ad
683 2449 822 2484 episcopos
843 2449 997 2484 simpliciter

209 2493 343 2527 inscriptae
356 2513 363 2524 ,
377 2492 403 2520 id
424 2498 485 2526 est,
498 2498 527 2520 ιιι
545 2501 578 2520 cx
600 2493 669 2520 serie
689 2493 789 2529 liquet,
805 2494 838 2521 ad
858 2496 997 2530 episcopos

208 2538 402 2566 Occidentales.
428 2538 524 2566 Iisdem
548 2540 629 2567 missa
652 2539 701 2566 fuit
722 2540 832 2574 epistola
857 2540 927 2573 l8|,
952 2541 998 2569 ubi

208 2585 274 2613 dicit
298 2584 358 2612 illos
382 2584 415 2612 ab
437 2584 560 2612 omnibus
583 2585 720 2620 pra'dicari
744 2590 823 2621 atque
847 2586 996 2620 celebrari.

209 2630 280 2664 quod
293 2630 342 2657 etsi
358 2634 411 2657 tant
429 2629 506 2664 longe
519 2630 603 2657 dissiti
616 2635 708 2663 erant,
724 2631 828 2659 fortiter
839 2638 999 2666 strenueque

209 2676 337 2704 adversus
359 2676 418 2703 illos
431 2676 476 2710 qui
492 2675 636 2704 Ecclesiam
652 2677 840 2711 perturbabant
853 2678 974 2706 steterint
990 2687 996 2704 :

214 2729 223 2746 ι
242 2721 317 2756 Quod
330 2721 352 2749 si
364 2742 372 2754 ,
392 2731 401 2748 ι
420 2721 524 2756 inquit,
543 2730 552 2747 t
572 2721 684 2749 necdum
698 2722 856 2757 importunae
868 2731 924 2751 sua:
935 2731 1000 2752 cou-

213 2767 322 2795 tentioni
343 2772 369 2795 ct
390 2767 488 2802 injusto
502 2768 572 2796 bello
586 2768 664 2796 tinem
681 2769 818 2804 imponere
830 2769 922 2798 volunt
933 2790 940 2801 .
955 2770 999 2806 qui

213 2813 335 2842 ltoruma
350 2813 478 2849 prinvipio
501 2813 629 2842 malorum
659 2819 785 2844 auctores
798 2813 882 2849 fuere,
906 2823 940 2843 ne
954 2823 1000 2843 vos

722 117 749 145 S.
766 114 905 144 JOANNIS
920 111 1155 141 CHRYSOSTOMI
1177 113 1267 148 VITA,

1771 115 1826 143 260

1043 170 1185 198 conturbet
1198 171 1272 205 illud,
1282 180 1348 199 neve
1359 173 1462 200 animos
1471 179 1573 200 vestros
1588 172 1722 201 debilitet:
1733 178 1831 208 quanto

1043 217 1113 244 enim
1128 219 1212 252 major
1226 218 1300 247 vobis
1319 219 1438 248 exoritur
1459 219 1534 248 labor
1545 240 1552 254 ,
1568 225 1642 248 tanto
1653 221 1734 248 etiam
1747 220 1831 256 major

1043 270 1141 290 corona
1151 268 1282 291 nectelur.
1299 274 1308 290 ι

1079 307 1194 336 Venerio
1206 317 1312 344 quoque
1324 310 1513 339 Mediolano-nsi
1528 312 1599 339 misit
1612 311 1753 347 epistolam
1768 312 1830 344 182.

1042 357 1070 380 et
1083 353 1214 389 Hesycltio
1231 355 1368 383 Salonensi
1391 357 1417 384 in
1432 357 1558 384 Dalmatia
1581 359 1658 392 epist.
1675 358 1726 385 185
1742 367 1749 386 :
1764 366 1831 393 quos

1044 399 1153 433 perinde
1168 400 1257 428 laudat
1270 409 1284 427 a
1300 402 1396 430 virtute
1410 408 1436 430 et
1448 404 1595 430 constantia
1608 424 1615 436 ,
1631 408 1657 431 et
1671 403 1791 431 hortatur
1804 408 1832 430 ut

1042 449 1128 478 coepta
1155 447 1283 479 perlicere
1303 452 1432 482 salagant.
1457 448 1631 484 Summopere
1655 449 1780 484 praedicat
1801 449 1829 477 S.

1042 490 1143 518 Aurelii
1155 491 1370 526 Carthaginiensis
1382 494 1498 528 episcopi
1512 496 1646 528 virtutem,
1656 494 1831 522 constantiam

1043 539 1069 562 et
1076 535 1200 570 loquendi
1210 536 1357 564 libertatem
1370 538 1396 565 in
1409 539 1520 573 epistola
1532 539 1583 567 149
1592 547 1599 566 :
1609 547 1688 574 quem
1700 540 1749 567 etsi
1759 544 1831 567 tanto

1044 584 1173 607 terrarum
1186 581 1324 609 intervallo
1336 583 1370 610 ab
1383 591 1411 610 se
1420 584 1552 618 dissitum,
1562 585 1612 612 sibi
1628 591 1714 612 tamen
1722 586 1832 613 caritate

1043 625 1288 660 conjunctissimum
1315 636 1375 655 esse
1402 629 1552 664 signiﬁcat.
1580 631 1616 657 ita
1644 635 1674 657 ut
1699 631 1832 658 ferventer

1043 671 1186 699 admodum
1193 680 1301 700 causam
1309 682 1383 701 suam
1395 674 1528 707 defendat,
1538 675 1709 713 ltortatjtrque
1722 675 1794 703 illurn
1803 679 1831 702 ut

1043 716 1069 743 in
1081 716 1132 744 hoc
1142 718 1268 752 prazclaro
1277 720 1423 747 certamine
1435 725 1594 755 perseveret.

1077 761 1167 790 Libros
1188 763 1251 790 duo:
1265 765 1376 799 egregios
1397 766 1482 792 scribit
1504 767 1627 801 mittitque
1648 767 1682 794 ad
1698 767 1831 804 Olympia-

1043 806 1216 835 dem.-—lloc
1234 809 1337 842 ultimo;
1358 814 1386 837 ut
1408 815 1523 845 putatur,
1532 812 1618 838 exsilii
1640 812 1681 838 sui
1701 820 1781 844 anno.
1797 812 1828 840 li-

1042 850 1120 880 brum
1134 855 1293 888 composuit,
1308 855 1384 890 cujus
1408 856 1448 882 vel
1476 857 1565 884 titulus
1591 857 1664 884 solus
1676 857 1832 885 Christiana!

1041 897 1217 933 philosophia:
1225 906 1357 926 suntmotti
1366 900 1568 934 complectitur:
1581 900 1657 934 Quod
1666 902 1711 936 qui
1721 902 1833 937 ocimum

1040 952 1091 972 non
1101 944 1182 977 ludit,
1194 954 1266 974 nemo
1277 946 1369 974 ledere
1381 948 1459 982 possit
1473 947 1516 982 (T.
1531 949 1557 976 5.
1571 957 1594 975 c.
1605 948 1682 984 459).
1693 949 1741 976 llic
1754 950 1833 985 quid-

1043 988 1104 1023 quid
1131 989 1163 1015 ad
1189 989 1260 1023 piutn
1292 990 1350 1016 vita:
1376 990 1523 1017 institutunt
1556 991 1686 1025 pertinet,
1713 992 1833 1025 apposite

1043 1033 1186 1067 profertur.
1201 1034 1267 1067 Quia
1283 1042 1346 1062 vero
1358 1035 1402 1062 vix
1414 1036 1567 1070 contingere
1588 1041 1692 1071 potest,
1707 1041 1733 1064 ut
1746 1037 1790 1072 qui
1805 1037 1832 1064 itt

1044 1079 1084 1105 via
1098 1080 1190 1108 salutis
1212 1080 1311 1107 incedit
1324 1101 1330 1114 ,
1346 1081 1472 1108 aerumnis
1494 1089 1546 1109 non
1562 1087 1696 1117 prematur
1707 1103 1715 1115 ,
1727 1088 1833 1117 quanta:

1045 1125 1163 1151 utilitatis
1172 1125 1224 1152 sint
1231 1133 1356 1153 :crumua:
1365 1131 1391 1154 et
1398 1127 1571 1160 calamitates,
1579 1131 1633 1154 tum
1641 1127 1832 1162 exScripturis,

1044 1173 1099 1196 tntn
1118 1177 1151 1197 ex
1171 1175 1321 1198 sattctorum
1335 1171 1459 1206 exentplo
1481 1172 1566 1206 palam
1590 1172 1660 1200 facit.
1677 1173 1740 1200 [‘0st
1763 1173 1832 1201 hunc

1040 1216 1211 1242 continenter
1229 1216 1311 1242 alium
1334 1217 1429 1244 librum
1454 1217 1547 1248 edidit.
1569 1217 1646 1251 cujus
1659 1217 1752 1244 titulus
1767 1225 1774 1244 :
1791 1217 1830 1244 Ad

1041 1268 1083 1287 eos
1097 1261 1140 1295 qui
1154 1261 1321 1288 scattdalizali
1335 1267 1393 1288 sunt
1408 1261 1438 1288 ob
1458 1262 1622 1289 advel-citate:
1639 1271 1697 1297 qua
1717 1263 1829 1298 conlige.

1039 1311 1109 1338 runt,
1123 1307 1259 1342 populique
1269 1312 1291 1334 et
1305 1308 1441 1335 multorum
1448 1309 1606 1335 sacerdotum
1615 1309 1831 1343 peruqnutionem

1040 1360 1071 1380 ac
1084 1354 1277 1388 peroersionem,
1300 1359 1351 1382 etc.
1370 1354 1414 1388 (T.
1439 1355 1466 1382 5.
1486 1363 1509 1381 c.
1525 1354 1590 1389 479)
1609 1363 1615 1380 τ
1630 1354 1675 1382 ubi
1689 1354 1759 1381 ident
1775 1353 1832 1381 fere

1044 1403 1228 1433 argumentum
1251 1399 1419 1434 persequitur
1439 1399 1508 1434 quod
1533 1400 1560 1426 in
1583 1398 1742 1434 prtecedcnti
1765 1398 1833 1426 libro

1046 1449 1213 1472 tractaverat.
1228 1446 1322 1480 Agitur
1343 1445 1386 1473 ltic
1400 1445 1434 1473 de
1457 1445 1573 1472 ferendis
1595 1445 1674 1473 rebus
1694 1444 1832 1477 adversis.

1044 1491 1235 1526 cujuscumque
1249 1491 1354 1518 tandem
1375 1492 1480 1526 generis
1494 1492 1548 1518 sint
1559 1511 1567 1524 ,
1583 1490 1757 1526 exemploque
1770 1497 1832 1518 san—

1044 1542 1148 1564 ctorum
1163 1537 1264 1564 Veteris
1277 1536 1397 1571 Novique
1409 1537 1572 1564 Testameuti
1593 1536 1626 1564 ad
1641 1544 1699 1564 eam
1714 1544 1771 1564 rem
1792 1537 1833 1564 in-

1044 1583 1189 1610 stituuntur
1213 1583 1517 1618 Constantinopolitani,
1541 1583 1586 1618 qui
1610 1587 1672 1610 tunc
1686 1591 1700 1609 a
1715 1583 1834 1610 scelestis

1047 1630 1229 1664 perversis-que
1254 1629 1404 1656 nontinibus
1430 1629 1603 1656 vexabantur.
1631 1629 1670 1656 Ad
1697 1636 1745 1656 eos
1770 1636 1834 1656 vero

1046 1675 1160 1701 maxime
1172 1679 1274 1708 spectat
1285 1675 1380 1707 oratio,
1395 1675 1438 1709 qtti
1453 1675 1550 1709 probos
1563 1675 1683 1702 videntes
1696 1682 1711 1701 a
1727 1674 1834 1701 seditio-

1045 1721 1083 1748 sis
1097 1720 1257 1755 nefariisque
1271 1720 1420 1748 ltominibus
1434 1721 1534 1753 vexari,
1549 1720 1665 1748 divinam
1681 1721 1835 1747 incusarent

1047 1765 1249 1800 providentiam.
1271 1765 1386 1793 Atticunt
1411 1758 1521 1798 autem,
1541 1766 1586 1800 qui
1608 1773 1623 1792 a
1646 1765 1834 1793 consceleratis

1046 1812 1072 1838 in
1094 1819 1274 1838 successorem
1296 1811 1396 1838 Arsacii
1418 1816 1557 1845 cooptatus
1579 1810 1682 1842 fuerat,
1704 1810 1835 1837 acerrime

1047 1857 1199 1892 perstringit
1210 1877 1218 1889 ,
1232 1864 1292 1884 cum
1312 1857 1349 1883 ait
1362 1864 1421 1891 cap.
1437 1856 1473 1884 20
1489 1865 1495 1883 :
1514 1856 1589 1883 Nihil
1602 1864 1661 1892 ergo
1673 1856 1777 1883 istorum
1792 1855 1835 1882 tibi

1046 1902 1198 1935 offendicula
1212 1903 1254 1935 sit,
1270 1910 1319 1929 non
1334 1902 1449 1929 sacerdos
1463 1903 1507 1929 ille
1519 1910 1585 1929 nunc
1599 1902 1759 1937 deprauatus,
1775 1902 1835 1937 lupo

1046 1948 1132 1983 quovis
1152 1949 1241 1975 ris-vius
1261 1949 1287 1975 in
1307 1957 1405 1984 gregem
1427 1949 1550 1976 insiliens.
1571 1948 1646 1976 Unde
1667 1949 1834 1983 comprobari

1047 1993 1156 2020 omnino
1170 1993 1283 2026 videtur,
1293 1993 1362 2021 hunc
1377 1994 1472 2021 librum
1488 1994 1587 2021 editum
1601 1994 1681 2021 fuisse
1696 1999 1834 2030 postquam

1048 2039 1125 2074 legati
1154 2039 1299 2066 lnttocetttii
1326 2040 1422 2075 Paptc,
1451 2040 1566 2074 episcopi
1593 2039 1761 2072 Orientales.
1790 2039 1834 2075 qui

1047 2092 1107 2112 cum
1130 2085 1222 2121 legatis
1243 2091 1390 2117 venerant,
1412 2085 1510 2119 aliique
1533 2086 1606 2113 mulli
1628 2086 1765 2120 episcopi,
1790 2094 1834 2113 sa-

1048 2132 1170 2159 cerdotes
1180 2152 1189 2165 ,
1202 2131 1292 2159 clerici
1304 2152 1311 2164 ,
1324 2136 1352 2159 et
1363 2132 1479 2166 cujusvis
1497 2131 1602 2167 generis
1613 2136 1641 2160 et
1655 2131 1814 2160 conditionis
1826 2154 1834 2166 ,

1048 2178 1135 2205 Attico
1148 2181 1266 2210 auctore,
1283 2177 1350 2212 pulsi
1363 2177 1474 2213 direque
1486 2178 1572 2205 vexati
1587 2177 1702 2211 fuerant,
1714 2182 1744 2205 ut
1755 2185 1834 2213 supra

1048 2222 1170 2249 vidimus.

1084 2267 1209 2302 Epistula
1230 2268 1345 2303 quantum
1370 2268 1403 2294 ad
1428 2267 1613 2303 Olympiadem.
1628 2284 1664 2289 —
1677 2269 1728 2296 Per
1752 2274 1835 2297 tottun

1048 2318 1135 2340 autem
1162 2321 1259 2340 annum
1286 2313 1338 2341 406
1363 2314 1500 2341 commoda
1525 2314 1676 2341 valetudine
1700 2315 1835 2342 fruebatur

1048 2357 1252 2394 Cltrysostontus
1264 2379 1271 2389 ,
1289 2363 1316 2385 ut
1340 2358 1364 2385 itt
1381 2359 1498 2393 Epistola
1520 2360 1553 2386 ad
1569 2360 1699 2394 lilptdium
1724 2361 1775 2388 “2
1795 2365 1836 2388 sat

1049 2405 1186 2440 perspicue
1195 2405 1319 2437 insinuat,
1328 2405 1370 2432 ubi
1379 2406 1415 2432 ait
1423 2414 1451 2432 se
1458 2407 1511 2440 jam
1522 2406 1670 2433 Isaurorum
1681 2407 1836 2434 tumultibus

1049 2450 1208 2483 liberatum,
1232 2450 1286 2477 otio
1309 2457 1341 2478 ac
1363 2451 1451 2485 quiete
1475 2451 1524 2478 frui
1544 2457 1624 2486 atque
1647 2451 1672 2478 in
1692 2452 1845 2480 securitate

1048 2496 1155 2530 degere.
1177 2496 1205 2523 In
1225 2495 1312 2524 ltiemc
1332 2501 1419 2523 autent
1444 2501 1506 2524 tunc
1525 2497 1698 2529 versabatur,
1730 2505 1790 2531 quae
1811 2498 1836 2525 in

1049 2543 1174 2570 Armenia
1187 2542 1305 2575 asperior
1311 2549 1371 2569 esse
1384 2542 1495 2570 solebat.
1505 2542 1622 2569 Joannes
1629 2550 1692 2569 vero
1704 2542 1837 2570 imbecillo

1049 2595 1162 2622 corpore
1171 2587 1303 2621 pra-ditus,
1312 2587 1373 2613 dum
1384 2587 1465 2621 frigus
1475 2586 1662 2618 scevirel,domi
1671 2594 1700 2614 se
1709 2592 1838 2621 perpetuo

1051 2634 1210 2665 includebat,
1219 2641 1331 2668 raroque
1343 2641 1359 2660 e
1373 2633 1463 2660 limine
1471 2633 1563 2668 pedem
1571 2633 1711 2664 clferebat;
1724 2633 1838 2668 indeque

1052 2679 1147 2706 factum
1172 2683 1201 2705 ut
1222 2679 1247 2706 iu
1267 2678 1354 2706 ltieme
1375 2678 1418 2705 illa
1440 2679 1508 2705 bona
1522 2678 1673 2706 valetudine
1694 2679 1835 2707 frueretur.

1052 2723 1081 2751 ln
1094 2723 1205 2759 epistola
1219 2731 1324 2759 quoque
1335 2728 1426 2759 quarta
1439 2723 1473 2750 ad
1485 2723 1665 2759 Olympiadem
1679 2725 1715 2752 ait
1727 2732 1757 2752 se
1768 2725 1836 2752 bona

1052 2769 1203 2797 valetudine
1228 2768 1297 2801 frui.
1322 2775 1400 2804 atque
1424 2770 1449 2796 in
1474 2777 1567 2804 magna
1590 2770 1733 2798 securitate
1757 2778 1836 2801 esse;

1057 2814 1125 2842 adeo
1145 2820 1174 2842 ut
1195 2814 1311 2842 Armenii
1335 2814 1367 2842 ad
1391 2820 1525 2850 stuporem
1551 2822 1633 2850 usque
1656 2816 1834 2845 mirarentur,
