  <div class='ocr_page' id='page_1' title='image "/cluster/home/n/w/nwhite01/storage/ocr_20150623/47-48/njp.32101077772612/228.png"; bbox 0 0 2032 3110; ppageno 0'>
   <div class='ocr_carea' id='block_1_1' title="bbox 106 143 1124 173">
    <p class='ocr_par' dir='ltr' id='par_1_1' title="bbox 106 143 1124 173">
     <span class='ocr_line' id='line_1_1' title="bbox 106 143 1124 173; baseline 0 -2"><span class='ocrx_word' id='word_1_1' title='bbox 106 144 147 171; x_wconf 74' lang='lat' dir='ltr'><strong>26f</strong></span> <span class='ocrx_word' id='word_1_2' title='bbox 296 152 298 154; x_wconf 67' lang='grc'><em>’</em></span> <span class='ocrx_word' id='word_1_3' title='bbox 666 143 755 173; x_wconf 71' lang='lat' dir='ltr'><strong>NUNC</strong></span> <span class='ocrx_word' id='word_1_4' title='bbox 775 143 904 172; x_wconf 75' lang='lat' dir='ltr'><strong>PlthUM</strong></span> <span class='ocrx_word' id='word_1_5' title='bbox 925 143 1124 171; x_wconf 58' lang='grc' dir='ltr'><strong>εὶυυιυέλτς.</strong></span> 
     </span>
    </p>
   </div>
   <div class='ocr_carea' id='block_1_2' title="bbox 106 200 893 239">
    <p class='ocr_par' dir='ltr' id='par_1_2' title="bbox 106 200 893 239">
     <span class='ocr_line' id='line_1_2' title="bbox 106 200 893 239; baseline -0.001 -10"><span class='ocrx_word' id='word_1_6' title='bbox 106 203 167 239; x_wconf 87' lang='lat' dir='ltr'><strong>quod</strong></span> <span class='ocrx_word' id='word_1_7' title='bbox 197 203 239 230; x_wconf 85' lang='lat' dir='ltr'><strong>vir</strong></span> <span class='ocrx_word' id='word_1_8' title='bbox 267 203 336 230; x_wconf 82' lang='lat' dir='ltr'><strong>adeo</strong></span> <span class='ocrx_word' id='word_1_9' title='bbox 368 202 493 230; x_wconf 87' lang='lat' dir='ltr'><strong>nubecilii</strong></span> <span class='ocrx_word' id='word_1_10' title='bbox 522 203 642 237; x_wconf 87' lang='lat' dir='ltr'><strong>corporis</strong></span> <span class='ocrx_word' id='word_1_11' title='bbox 658 224 666 236; x_wconf 94' lang='lat'><strong>,</strong></span> <span class='ocrx_word' id='word_1_12' title='bbox 699 200 893 229; x_wconf 88' lang='lat' dir='ltr'><strong>intolerandam</strong></span> 
     </span>
    </p>
   </div>
   <div class='ocr_carea' id='block_1_3' title="bbox 107 247 893 284">
    <p class='ocr_par' dir='ltr' id='par_1_3' title="bbox 107 247 893 284">
     <span class='ocr_line' id='line_1_3' title="bbox 107 247 893 284; baseline -0.004 -8"><span class='ocrx_word' id='word_1_13' title='bbox 107 249 203 284; x_wconf 74' lang='lat' dir='ltr'><strong>frigoris</strong></span> <span class='ocrx_word' id='word_1_14' title='bbox 217 249 270 276; x_wconf 90' lang='lat' dir='ltr'><strong>vim</strong></span> <span class='ocrx_word' id='word_1_15' title='bbox 293 249 412 284; x_wconf 86' lang='lat' dir='ltr'><strong>perferre</strong></span> <span class='ocrx_word' id='word_1_16' title='bbox 425 253 532 283; x_wconf 81' lang='lat' dir='ltr'><strong>posset,</strong></span> <span class='ocrx_word' id='word_1_17' title='bbox 547 256 607 276; x_wconf 89' lang='lat' dir='ltr'><strong>cum</strong></span> <span class='ocrx_word' id='word_1_18' title='bbox 631 248 648 275; x_wconf 88' lang='lat' dir='ltr'><strong>ii</strong></span> <span class='ocrx_word' id='word_1_19' title='bbox 672 248 763 279; x_wconf 80' lang='lat' dir='ltr'><strong>etiam,</strong></span> <span class='ocrx_word' id='word_1_20' title='bbox 779 247 824 282; x_wconf 89' lang='lat' dir='ltr'><strong>qui</strong></span> <span class='ocrx_word' id='word_1_21' title='bbox 848 247 893 274; x_wconf 82' lang='lat' dir='ltr'><strong>tali</strong></span> 
     </span>
    </p>
   </div>
   <div class='ocr_carea' id='block_1_4' title="bbox 107 293 893 330">
    <p class='ocr_par' dir='ltr' id='par_1_4' title="bbox 107 293 893 330">
     <span class='ocr_line' id='line_1_4' title="bbox 107 293 893 330; baseline -0.003 -8"><span class='ocrx_word' id='word_1_22' title='bbox 107 295 179 322; x_wconf 80' lang='lat' dir='ltr'><strong>ltiemi</strong></span> <span class='ocrx_word' id='word_1_23' title='bbox 203 295 303 322; x_wconf 86' lang='lat' dir='ltr'><strong>assueti</strong></span> <span class='ocrx_word' id='word_1_24' title='bbox 326 299 421 327; x_wconf 82' lang='lat' dir='ltr'><strong>erant,</strong></span> <span class='ocrx_word' id='word_1_25' title='bbox 438 295 501 322; x_wconf 88' lang='lat' dir='ltr'><strong>hinc</strong></span> <span class='ocrx_word' id='word_1_26' title='bbox 521 302 573 322; x_wconf 90' lang='lat' dir='ltr'><strong>non</strong></span> <span class='ocrx_word' id='word_1_27' title='bbox 589 295 722 330; x_wconf 75' lang='lat' dir='ltr'><strong>vulgarem</strong></span> <span class='ocrx_word' id='word_1_28' title='bbox 737 294 763 320; x_wconf 91' lang='lat' dir='ltr'><strong>in</strong></span> <span class='ocrx_word' id='word_1_29' title='bbox 786 293 893 320; x_wconf 88' lang='lat' dir='ltr'><strong>modum</strong></span> 
     </span>
    </p>
   </div>
   <div class='ocr_carea' id='block_1_5' title="bbox 108 338 893 375">
    <p class='ocr_par' dir='ltr' id='par_1_5' title="bbox 108 338 893 375">
     <span class='ocr_line' id='line_1_5' title="bbox 108 338 893 375; baseline -0.005 -7"><span class='ocrx_word' id='word_1_30' title='bbox 108 340 279 368; x_wconf 65' lang='lat' dir='ltr'><strong>afficerentur.</strong></span> <span class='ocrx_word' id='word_1_31' title='bbox 295 340 445 375; x_wconf 82' lang='lat' dir='ltr'><strong>Olympiadi</strong></span> <span class='ocrx_word' id='word_1_32' title='bbox 463 344 551 367; x_wconf 89' lang='lat' dir='ltr'><strong>autem</strong></span> <span class='ocrx_word' id='word_1_33' title='bbox 566 347 596 367; x_wconf 89' lang='lat' dir='ltr'><strong>se</strong></span> <span class='ocrx_word' id='word_1_34' title='bbox 609 339 714 367; x_wconf 85' lang='lat' dir='ltr'><strong>misisse</strong></span> <span class='ocrx_word' id='word_1_35' title='bbox 727 339 763 366; x_wconf 93' lang='lat' dir='ltr'><strong>ait</strong></span> <span class='ocrx_word' id='word_1_36' title='bbox 777 338 872 366; x_wconf 92' lang='lat' dir='ltr'><strong>librum</strong></span> <span class='ocrx_word' id='word_1_37' title='bbox 885 358 893 368; x_wconf 84' lang='lat'><strong>.</strong></span> 
     </span>
    </p>
   </div>
   <div class='ocr_carea' id='block_1_6' title="bbox 105 382 892 420">
    <p class='ocr_par' dir='ltr' id='par_1_6' title="bbox 105 382 892 420">
     <span class='ocr_line' id='line_1_6' title="bbox 105 382 892 420; baseline -0.006 -7"><span class='ocrx_word' id='word_1_38' title='bbox 105 392 152 418; x_wconf 83' lang='lat' dir='ltr'><strong>quo</strong></span> <span class='ocrx_word' id='word_1_39' title='bbox 174 385 269 420; x_wconf 89' lang='lat' dir='ltr'><strong>probat</strong></span> <span class='ocrx_word' id='word_1_40' title='bbox 293 385 425 412; x_wconf 85' lang='lat' dir='ltr'><strong>neminem</strong></span> <span class='ocrx_word' id='word_1_41' title='bbox 461 384 557 412; x_wconf 82' lang='lat' dir='ltr'><strong>kedere</strong></span> <span class='ocrx_word' id='word_1_42' title='bbox 581 391 659 419; x_wconf 69' lang='lat' dir='ltr'><strong>pOSse</strong></span> <span class='ocrx_word' id='word_1_43' title='bbox 680 391 760 416; x_wconf 86' lang='lat' dir='ltr'><strong>eum,</strong></span> <span class='ocrx_word' id='word_1_44' title='bbox 783 382 827 418; x_wconf 92' lang='lat' dir='ltr'><strong>qui</strong></span> <span class='ocrx_word' id='word_1_45' title='bbox 849 390 892 409; x_wconf 60' lang='lat' dir='ltr'><strong>se.</strong></span> 
     </span>
    </p>
   </div>
   <div class='ocr_carea' id='block_1_7' title="bbox 108 429 893 466">
    <p class='ocr_par' dir='ltr' id='par_1_7' title="bbox 108 429 893 466">
     <span class='ocr_line' id='line_1_7' title="bbox 108 429 893 466; baseline -0.004 -8"><span class='ocrx_word' id='word_1_46' title='bbox 108 431 186 466; x_wconf 89' lang='lat' dir='ltr'><strong>ipsum</strong></span> <span class='ocrx_word' id='word_1_47' title='bbox 200 439 254 458; x_wconf 91' lang='lat' dir='ltr'><strong>non</strong></span> <span class='ocrx_word' id='word_1_48' title='bbox 269 430 350 464; x_wconf 73' lang='lat' dir='ltr'><strong>laedit,</strong></span> <span class='ocrx_word' id='word_1_49' title='bbox 364 438 467 458; x_wconf 84' lang='lat' dir='ltr'><strong>necnon</strong></span> <span class='ocrx_word' id='word_1_50' title='bbox 482 430 563 457; x_wconf 82' lang='lat' dir='ltr'><strong>alium</strong></span> <span class='ocrx_word' id='word_1_51' title='bbox 577 430 674 457; x_wconf 91' lang='lat' dir='ltr'><strong>librum</strong></span> <span class='ocrx_word' id='word_1_52' title='bbox 691 429 804 464; x_wconf 85' lang='lat' dir='ltr'><strong>idipsum</strong></span> <span class='ocrx_word' id='word_1_53' title='bbox 817 436 893 456; x_wconf 89' lang='lat' dir='ltr'><strong>com-</strong></span> 
     </span>
    </p>
   </div>
   <div class='ocr_carea' id='block_1_8' title="bbox 108 474 893 512">
    <p class='ocr_par' dir='ltr' id='par_1_8' title="bbox 108 474 893 512">
     <span class='ocr_line' id='line_1_8' title="bbox 108 474 893 512; baseline -0.004 -8"><span class='ocrx_word' id='word_1_54' title='bbox 108 477 276 511; x_wconf 85' lang='lat' dir='ltr'><strong>probantem,</strong></span> <span class='ocrx_word' id='word_1_55' title='bbox 292 484 371 512; x_wconf 84' lang='lat' dir='ltr'><strong>quem</strong></span> <span class='ocrx_word' id='word_1_56' title='bbox 395 481 557 511; x_wconf 83' lang='lat' dir='ltr'><strong>postremum</strong></span> <span class='ocrx_word' id='word_1_57' title='bbox 579 483 641 503; x_wconf 87' lang='lat' dir='ltr'><strong>eum</strong></span> <span class='ocrx_word' id='word_1_58' title='bbox 663 483 724 503; x_wconf 87' lang='lat' dir='ltr'><strong>esse</strong></span> <span class='ocrx_word' id='word_1_59' title='bbox 737 475 779 502; x_wconf 90' lang='lat' dir='ltr'><strong>cui</strong></span> <span class='ocrx_word' id='word_1_60' title='bbox 801 474 893 502; x_wconf 81' lang='lat' dir='ltr'><strong>titulus</strong></span> 
     </span>
    </p>
   </div>
   <div class='ocr_carea' id='block_1_9' title="bbox 108 519 893 556">
    <p class='ocr_par' dir='ltr' id='par_1_9' title="bbox 108 519 893 556">
     <span class='ocr_line' id='line_1_9' title="bbox 108 519 893 556; baseline -0.003 -7"><span class='ocrx_word' id='word_1_61' title='bbox 108 526 158 555; x_wconf 84' lang='lat' dir='ltr'><strong>est,</strong></span> <span class='ocrx_word' id='word_1_62' title='bbox 176 523 217 550; x_wconf 78' lang='lat' dir='ltr'><strong>Ad</strong></span> <span class='ocrx_word' id='word_1_63' title='bbox 239 531 281 550; x_wconf 85' lang='lat' dir='ltr'><strong>eos</strong></span> <span class='ocrx_word' id='word_1_64' title='bbox 305 522 348 556; x_wconf 89' lang='lat' dir='ltr'><strong>qui</strong></span> <span class='ocrx_word' id='word_1_65' title='bbox 371 521 536 550; x_wconf 77' lang='lat' dir='ltr'><strong>scandalisati</strong></span> <span class='ocrx_word' id='word_1_66' title='bbox 559 526 636 555; x_wconf 74' lang='lat' dir='ltr'><strong>sunt,</strong></span> <span class='ocrx_word' id='word_1_67' title='bbox 653 525 705 549; x_wconf 88' lang='lat' dir='ltr'><strong>etc.</strong></span> <span class='ocrx_word' id='word_1_68' title='bbox 719 541 726 554; x_wconf 85' lang='lat'><strong>,</strong></span> <span class='ocrx_word' id='word_1_69' title='bbox 748 521 803 556; x_wconf 83' lang='lat' dir='ltr'><strong>jam</strong></span> <span class='ocrx_word' id='word_1_70' title='bbox 827 519 893 548; x_wconf 82' lang='lat' dir='ltr'><strong>nillil</strong></span> 
     </span>
    </p>
   </div>
   <div class='ocr_carea' id='block_1_10' title="bbox 109 567 263 595">
    <p class='ocr_par' dir='ltr' id='par_1_10' title="bbox 109 567 263 595">
     <span class='ocr_line' id='line_1_10' title="bbox 109 567 263 595; baseline 0 -1"><span class='ocrx_word' id='word_1_71' title='bbox 109 567 263 595; x_wconf 76' lang='lat' dir='ltr'><strong>dubitamus.</strong></span> 
     </span>
    </p>
   </div>
   <div class='ocr_carea' id='block_1_11' title="bbox 135 611 893 648">
    <p class='ocr_par' dir='ltr' id='par_1_11' title="bbox 135 611 893 648">
     <span class='ocr_line' id='line_1_11' title="bbox 135 611 893 648; baseline -0.001 -9"><span class='ocrx_word' id='word_1_72' title='bbox 135 612 224 648; x_wconf 82' lang='lat' dir='ltr'><strong>Neque</strong></span> <span class='ocrx_word' id='word_1_73' title='bbox 237 613 343 640; x_wconf 81' lang='lat' dir='ltr'><strong>silentio</strong></span> <span class='ocrx_word' id='word_1_74' title='bbox 357 613 569 648; x_wconf 63' lang='lat' dir='ltr'><strong>prastereundum</strong></span> <span class='ocrx_word' id='word_1_75' title='bbox 591 612 616 639; x_wconf 91' lang='lat' dir='ltr'><strong>id</strong></span> <span class='ocrx_word' id='word_1_76' title='bbox 631 612 701 648; x_wconf 88' lang='lat' dir='ltr'><strong>quod</strong></span> <span class='ocrx_word' id='word_1_77' title='bbox 724 611 802 646; x_wconf 91' lang='lat' dir='ltr'><strong>paulo</strong></span> <span class='ocrx_word' id='word_1_78' title='bbox 814 616 893 638; x_wconf 83' lang='lat' dir='ltr'><strong>antea</strong></span> 
     </span>
    </p>
   </div>
   <div class='ocr_carea' id='block_1_12' title="bbox 110 657 892 693">
    <p class='ocr_par' dir='ltr' id='par_1_12' title="bbox 110 657 892 693">
     <span class='ocr_line' id='line_1_12' title="bbox 110 657 892 693; baseline -0.005 -7"><span class='ocrx_word' id='word_1_79' title='bbox 110 657 249 693; x_wconf 76' lang='lat' dir='ltr'><strong>Olympiadi</strong></span> <span class='ocrx_word' id='word_1_80' title='bbox 272 659 358 691; x_wconf 67' lang='lat' dir='ltr'><strong>dixit,</strong></span> <span class='ocrx_word' id='word_1_81' title='bbox 382 666 411 686; x_wconf 90' lang='lat' dir='ltr'><strong>se</strong></span> <span class='ocrx_word' id='word_1_82' title='bbox 435 666 530 693; x_wconf 81' lang='lat' dir='ltr'><strong>nempe</strong></span> <span class='ocrx_word' id='word_1_83' title='bbox 554 662 628 686; x_wconf 89' lang='lat' dir='ltr'><strong>certo</strong></span> <span class='ocrx_word' id='word_1_84' title='bbox 652 658 679 684; x_wconf 92' lang='lat' dir='ltr'><strong>in</strong></span> <span class='ocrx_word' id='word_1_85' title='bbox 702 657 793 685; x_wconf 84' lang='lat' dir='ltr'><strong>sedem</strong></span> <span class='ocrx_word' id='word_1_86' title='bbox 817 663 892 683; x_wconf 88' lang='lat' dir='ltr'><strong>suam</strong></span> 
     </span>
    </p>
   </div>
   <div class='ocr_carea' id='block_1_13' title="bbox 110 702 893 738">
    <p class='ocr_par' dir='ltr' id='par_1_13' title="bbox 110 702 893 738">
     <span class='ocr_line' id='line_1_13' title="bbox 110 702 893 738; baseline -0.004 -7"><span class='ocrx_word' id='word_1_87' title='bbox 110 703 292 731; x_wconf 82' lang='lat' dir='ltr'><strong>restituendum</strong></span> <span class='ocrx_word' id='word_1_88' title='bbox 301 704 368 731; x_wconf 87' lang='lat' dir='ltr'><strong>fore.</strong></span> <span class='ocrx_word' id='word_1_89' title='bbox 380 704 419 731; x_wconf 87' lang='lat' dir='ltr'><strong>En</strong></span> <span class='ocrx_word' id='word_1_90' title='bbox 432 704 490 738; x_wconf 87' lang='lat' dir='ltr'><strong>ejus</strong></span> <span class='ocrx_word' id='word_1_91' title='bbox 498 704 594 731; x_wconf 80' lang='lat' dir='ltr'><strong>verba:</strong></span> <span class='ocrx_word' id='word_1_92' title='bbox 606 703 681 737; x_wconf 80' lang='lat' dir='ltr'><strong>Quod</strong></span> <span class='ocrx_word' id='word_1_93' title='bbox 693 703 715 730; x_wconf 97' lang='lat' dir='ltr'><strong>si</strong></span> <span class='ocrx_word' id='word_1_94' title='bbox 729 703 772 729; x_wconf 88' lang='lat' dir='ltr'><strong>tibi</strong></span> <span class='ocrx_word' id='word_1_95' title='bbox 781 702 893 729; x_wconf 61' lang='lat' dir='ltr'><strong>maeroris</strong></span> 
     </span>
    </p>
   </div>
   <div class='ocr_carea' id='block_1_14' title="bbox 110 747 894 784">
    <p class='ocr_par' dir='ltr' id='par_1_14' title="bbox 110 747 894 784">
     <span class='ocr_line' id='line_1_14' title="bbox 110 747 894 784; baseline -0.003 -9"><span class='ocrx_word' id='word_1_96' title='bbox 110 757 200 776; x_wconf 83' lang='lat' dir='ltr'><strong>causam</strong></span> <span class='ocrx_word' id='word_1_97' title='bbox 214 748 242 775; x_wconf 81' lang='lat' dir='ltr'><strong>id</strong></span> <span class='ocrx_word' id='word_1_98' title='bbox 256 748 341 782; x_wconf 76' lang='lat' dir='ltr'><strong>u/Iert,</strong></span> <span class='ocrx_word' id='word_1_99' title='bbox 350 748 417 783; x_wconf 78' lang='lat' dir='ltr'><strong>quod</strong></span> <span class='ocrx_word' id='word_1_100' title='bbox 431 757 447 775; x_wconf 88' lang='lat' dir='ltr'><strong>a</strong></span> <span class='ocrx_word' id='word_1_101' title='bbox 461 749 532 775; x_wconf 86' lang='lat' dir='ltr'><strong>nobis</strong></span> <span class='ocrx_word' id='word_1_102' title='bbox 545 749 659 784; x_wconf 80' lang='lat' dir='ltr'><strong>sejuncta</strong></span> <span class='ocrx_word' id='word_1_103' title='bbox 674 748 719 780; x_wconf 87' lang='lat' dir='ltr'><strong>sis,</strong></span> <span class='ocrx_word' id='word_1_104' title='bbox 729 748 804 782; x_wconf 84' lang='lat' dir='ltr'><strong>hujus</strong></span> <span class='ocrx_word' id='word_1_105' title='bbox 819 747 894 774; x_wconf 84' lang='lat' dir='ltr'><strong>etiam</strong></span> 
     </span>
    </p>
   </div>
   <div class='ocr_carea' id='block_1_15' title="bbox 111 793 894 830">
    <p class='ocr_par' dir='ltr' id='par_1_15' title="bbox 111 793 894 830">
     <span class='ocr_line' id='line_1_15' title="bbox 111 793 894 830; baseline -0.001 -9"><span class='ocrx_word' id='word_1_106' title='bbox 111 795 140 822; x_wconf 93' lang='lat' dir='ltr'><strong>rei</strong></span> <span class='ocrx_word' id='word_1_107' title='bbox 152 795 234 822; x_wconf 75' lang='lat' dir='ltr'><strong>la-tum</strong></span> <span class='ocrx_word' id='word_1_108' title='bbox 258 795 334 829; x_wconf 80' lang='lat' dir='ltr'><strong>finem</strong></span> <span class='ocrx_word' id='word_1_109' title='bbox 358 799 482 830; x_wconf 68' lang='lat' dir='ltr'><strong>exspecta.</strong></span> <span class='ocrx_word' id='word_1_110' title='bbox 498 795 579 830; x_wconf 81' lang='lat' dir='ltr'><strong>Atque</strong></span> <span class='ocrx_word' id='word_1_111' title='bbox 602 795 649 822; x_wconf 89' lang='lat' dir='ltr'><strong>hoc</strong></span> <span class='ocrx_word' id='word_1_112' title='bbox 672 803 722 821; x_wconf 85' lang='lat' dir='ltr'><strong>non</strong></span> <span class='ocrx_word' id='word_1_113' title='bbox 746 793 894 821; x_wconf 71' lang='lat' dir='ltr'><strong>consolandi</strong></span> 
     </span>
    </p>
   </div>
   <div class='ocr_carea' id='block_1_16' title="bbox 111 840 893 876">
    <p class='ocr_par' dir='ltr' id='par_1_16' title="bbox 111 840 893 876">
     <span class='ocr_line' id='line_1_16' title="bbox 111 840 893 876; baseline -0.001 -9"><span class='ocrx_word' id='word_1_114' title='bbox 111 841 176 867; x_wconf 75' lang='lat' dir='ltr'><strong>amnti</strong></span> <span class='ocrx_word' id='word_1_115' title='bbox 188 841 227 868; x_wconf 86' lang='lat' dir='ltr'><strong>tui</strong></span> <span class='ocrx_word' id='word_1_116' title='bbox 239 849 316 868; x_wconf 82' lang='lat' dir='ltr'><strong>causa</strong></span> <span class='ocrx_word' id='word_1_117' title='bbox 329 849 396 868; x_wconf 86' lang='lat' dir='ltr'><strong>nunc</strong></span> <span class='ocrx_word' id='word_1_118' title='bbox 409 841 476 873; x_wconf 83' lang='lat' dir='ltr'><strong>dico,</strong></span> <span class='ocrx_word' id='word_1_119' title='bbox 485 841 529 868; x_wconf 87' lang='lat' dir='ltr'><strong>sed</strong></span> <span class='ocrx_word' id='word_1_120' title='bbox 540 841 599 875; x_wconf 87' lang='lat' dir='ltr'><strong>quia</strong></span> <span class='ocrx_word' id='word_1_121' title='bbox 612 841 769 876; x_wconf 67' lang='lat' dir='ltr'><strong>exploratum</strong></span> <span class='ocrx_word' id='word_1_122' title='bbox 782 840 844 866; x_wconf 75' lang='lat' dir='ltr'><strong>milii</strong></span> <span class='ocrx_word' id='word_1_123' title='bbox 857 843 893 866; x_wconf 84' lang='lat' dir='ltr'><strong>est</strong></span> 
     </span>
    </p>
   </div>
   <div class='ocr_carea' id='block_1_17' title="bbox 112 887 895 924">
    <p class='ocr_par' dir='ltr' id='par_1_17' title="bbox 112 887 895 924">
     <span class='ocr_line' id='line_1_17' title="bbox 112 887 895 924; baseline -0.001 -10"><span class='ocrx_word' id='word_1_124' title='bbox 112 888 140 914; x_wconf 89' lang='lat' dir='ltr'><strong>ita</strong></span> <span class='ocrx_word' id='word_1_125' title='bbox 152 888 209 923; x_wconf 81' lang='lat' dir='ltr'><strong>fore.</strong></span> <span class='ocrx_word' id='word_1_126' title='bbox 221 887 293 915; x_wconf 78' lang='lat' dir='ltr'><strong>Nam</strong></span> <span class='ocrx_word' id='word_1_127' title='bbox 303 889 351 915; x_wconf 79' lang='lat' dir='ltr'><strong>nisi</strong></span> <span class='ocrx_word' id='word_1_128' title='bbox 367 888 402 914; x_wconf 87' lang='lat' dir='ltr'><strong>ita</strong></span> <span class='ocrx_word' id='word_1_129' title='bbox 415 888 530 922; x_wconf 82' lang='lat' dir='ltr'><strong>futurum</strong></span> <span class='ocrx_word' id='word_1_130' title='bbox 537 893 609 918; x_wconf 72' lang='lat' dir='ltr'><strong>esset.</strong></span> <span class='ocrx_word' id='word_1_131' title='bbox 615 887 781 924; x_wconf 76' lang='lat' dir='ltr'><strong>jampridem,</strong></span> <span class='ocrx_word' id='word_1_132' title='bbox 795 887 842 914; x_wconf 82' lang='lat' dir='ltr'><strong>nisi</strong></span> <span class='ocrx_word' id='word_1_133' title='bbox 855 895 895 914; x_wconf 85' lang='lat' dir='ltr'><strong>me</strong></span> 
     </span>
    </p>
   </div>
   <div class='ocr_carea' id='block_1_18' title="bbox 112 934 892 970">
    <p class='ocr_par' dir='ltr' id='par_1_18' title="bbox 112 934 892 970">
     <span class='ocr_line' id='line_1_18' title="bbox 112 934 892 970; baseline 0 -10"><span class='ocrx_word' id='word_1_134' title='bbox 112 934 184 966; x_wconf 84' lang='lat' dir='ltr'><strong>opinio</strong></span> <span class='ocrx_word' id='word_1_135' title='bbox 195 935 273 970; x_wconf 76' lang='lat' dir='ltr'><strong>fallit,</strong></span> <span class='ocrx_word' id='word_1_136' title='bbox 284 943 328 969; x_wconf 88' lang='lat' dir='ltr'><strong>per</strong></span> <span class='ocrx_word' id='word_1_137' title='bbox 336 934 397 961; x_wconf 84' lang='lat' dir='ltr'><strong>mihi</strong></span> <span class='ocrx_word' id='word_1_138' title='bbox 406 934 489 961; x_wconf 78' lang='lat' dir='ltr'><strong>illatas</strong></span> <span class='ocrx_word' id='word_1_139' title='bbox 496 934 652 961; x_wconf 75' lang='lat' dir='ltr'><strong>calamitates</strong></span> <span class='ocrx_word' id='word_1_140' title='bbox 666 942 679 960; x_wconf 82' lang='lat' dir='ltr'><strong>e</strong></span> <span class='ocrx_word' id='word_1_141' title='bbox 693 934 743 960; x_wconf 75' lang='lat' dir='ltr'><strong>vita</strong></span> <span class='ocrx_word' id='word_1_142' title='bbox 754 934 892 960; x_wconf 77' lang='lat' dir='ltr'><strong>cessissem.</strong></span> 
     </span>
    </p>
   </div>
   <div class='ocr_carea' id='block_1_19' title="bbox 114 977 893 1013">
    <p class='ocr_par' dir='ltr' id='par_1_19' title="bbox 114 977 893 1013">
     <span class='ocr_line' id='line_1_19' title="bbox 114 977 893 1013; baseline -0.001 -8"><span class='ocrx_word' id='word_1_143' title='bbox 114 977 142 1005; x_wconf 88' lang='lat' dir='ltr'><strong>Ut</strong></span> <span class='ocrx_word' id='word_1_144' title='bbox 153 979 211 1005; x_wconf 81' lang='lat' dir='ltr'><strong>enim</strong></span> <span class='ocrx_word' id='word_1_145' title='bbox 219 979 296 1006; x_wconf 85' lang='lat' dir='ltr'><strong>etiam</strong></span> <span class='ocrx_word' id='word_1_146' title='bbox 303 979 390 1006; x_wconf 85' lang='lat' dir='ltr'><strong>omnia</strong></span> <span class='ocrx_word' id='word_1_147' title='bbox 403 986 459 1013; x_wconf 66' lang='lat' dir='ltr'><strong>qua</strong></span> <span class='ocrx_word' id='word_1_148' title='bbox 466 978 683 1013; x_wconf 75' lang='lat' dir='ltr'><strong>Constantinopoli</strong></span> <span class='ocrx_word' id='word_1_149' title='bbox 697 986 830 1013; x_wconf 77' lang='lat' dir='ltr'><strong>perpessus</strong></span> <span class='ocrx_word' id='word_1_150' title='bbox 837 986 893 1005; x_wconf 76' lang='lat' dir='ltr'><strong>sum</strong></span> 
     </span>
    </p>
   </div>
   <div class='ocr_carea' id='block_1_20' title="bbox 114 1024 894 1059">
    <p class='ocr_par' dir='ltr' id='par_1_20' title="bbox 114 1024 894 1059">
     <span class='ocr_line' id='line_1_20' title="bbox 114 1024 894 1059; baseline -0.001 -9"><span class='ocrx_word' id='word_1_151' title='bbox 114 1028 246 1056; x_wconf 73' lang='lat' dir='ltr'><strong>prateream</strong></span> <span class='ocrx_word' id='word_1_152' title='bbox 258 1044 266 1057; x_wconf 84' lang='lat'><strong>,</strong></span> <span class='ocrx_word' id='word_1_153' title='bbox 282 1029 376 1059; x_wconf 82' lang='lat' dir='ltr'><strong>quanta</strong></span> <span class='ocrx_word' id='word_1_154' title='bbox 387 1044 395 1057; x_wconf 95' lang='lat'><strong>,</strong></span> <span class='ocrx_word' id='word_1_155' title='bbox 412 1029 542 1059; x_wconf 89' lang='lat' dir='ltr'><strong>postquam</strong></span> <span class='ocrx_word' id='word_1_156' title='bbox 557 1032 588 1051; x_wconf 70' lang='lat' dir='ltr'><strong>eo:</strong></span> <span class='ocrx_word' id='word_1_157' title='bbox 601 1024 661 1050; x_wconf 88' lang='lat' dir='ltr'><strong>urbe</strong></span> <span class='ocrx_word' id='word_1_158' title='bbox 674 1024 768 1050; x_wconf 70' lang='lat' dir='ltr'><strong>excessi</strong></span> <span class='ocrx_word' id='word_1_159' title='bbox 779 1044 787 1053; x_wconf 82' lang='lat'><strong>,</strong></span> <span class='ocrx_word' id='word_1_160' title='bbox 803 1024 828 1050; x_wconf 90' lang='lat' dir='ltr'><strong>in</strong></span> <span class='ocrx_word' id='word_1_161' title='bbox 842 1027 894 1049; x_wconf 81' lang='lat' dir='ltr'><strong>tum</strong></span> 
     </span>
    </p>
   </div>
   <div class='ocr_carea' id='block_1_21' title="bbox 114 1067 894 1104">
    <p class='ocr_par' dir='ltr' id='par_1_21' title="bbox 114 1067 894 1104">
     <span class='ocr_line' id='line_1_21' title="bbox 114 1067 894 1104; baseline 0.001 -11"><span class='ocrx_word' id='word_1_162' title='bbox 114 1067 177 1103; x_wconf 79' lang='lat' dir='ltr'><strong>longe</strong></span> <span class='ocrx_word' id='word_1_163' title='bbox 189 1077 216 1096; x_wconf 85' lang='lat' dir='ltr'><strong>ac</strong></span> <span class='ocrx_word' id='word_1_164' title='bbox 229 1069 334 1096; x_wconf 82' lang='lat' dir='ltr'><strong>molesto</strong></span> <span class='ocrx_word' id='word_1_165' title='bbox 347 1070 436 1096; x_wconf 78' lang='lat' dir='ltr'><strong>itinere</strong></span> <span class='ocrx_word' id='word_1_166' title='bbox 448 1069 550 1104; x_wconf 78' lang='lat' dir='ltr'><strong>pertuli,</strong></span> <span class='ocrx_word' id='word_1_167' title='bbox 561 1077 667 1104; x_wconf 88' lang='lat' dir='ltr'><strong>quorum</strong></span> <span class='ocrx_word' id='word_1_168' title='bbox 678 1070 757 1095; x_wconf 83' lang='lat' dir='ltr'><strong>multa</strong></span> <span class='ocrx_word' id='word_1_169' title='bbox 769 1068 894 1103; x_wconf 78' lang='lat' dir='ltr'><strong>ejusmodi</strong></span> 
     </span>
    </p>
   </div>
   <div class='ocr_carea' id='block_1_22' title="bbox 113 1115 895 1150">
    <p class='ocr_par' dir='ltr' id='par_1_22' title="bbox 113 1115 895 1150">
     <span class='ocr_line' id='line_1_22' title="bbox 113 1115 895 1150; baseline 0.001 -10"><span class='ocrx_word' id='word_1_170' title='bbox 113 1119 183 1147; x_wconf 63' lang='lat' dir='ltr'><strong>oratu,</strong></span> <span class='ocrx_word' id='word_1_171' title='bbox 196 1121 221 1141; x_wconf 87' lang='lat' dir='ltr'><strong>ut</strong></span> <span class='ocrx_word' id='word_1_172' title='bbox 235 1120 341 1142; x_wconf 88' lang='lat' dir='ltr'><strong>mortem</strong></span> <span class='ocrx_word' id='word_1_173' title='bbox 354 1115 446 1148; x_wconf 72' lang='lat' dir='ltr'><strong>afferre</strong></span> <span class='ocrx_word' id='word_1_174' title='bbox 461 1120 578 1149; x_wconf 79' lang='lat' dir='ltr'><strong>possent;</strong></span> <span class='ocrx_word' id='word_1_175' title='bbox 591 1119 686 1150; x_wconf 85' lang='lat' dir='ltr'><strong>quanta</strong></span> <span class='ocrx_word' id='word_1_176' title='bbox 700 1119 831 1150; x_wconf 77' lang='lat' dir='ltr'><strong>postquam</strong></span> <span class='ocrx_word' id='word_1_177' title='bbox 845 1115 895 1141; x_wconf 85' lang='lat' dir='ltr'><strong>huc</strong></span> 
     </span>
    </p>
   </div>
   <div class='ocr_carea' id='block_1_23' title="bbox 114 1159 895 1196">
    <p class='ocr_par' dir='ltr' id='par_1_23' title="bbox 114 1159 895 1196">
     <span class='ocr_line' id='line_1_23' title="bbox 114 1159 895 1196; baseline 0 -11"><span class='ocrx_word' id='word_1_178' title='bbox 114 1159 168 1191; x_wconf 76' lang='lat' dir='ltr'><strong>uni,</strong></span> <span class='ocrx_word' id='word_1_179' title='bbox 184 1165 274 1194; x_wconf 87' lang='lat' dir='ltr'><strong>quanta</strong></span> <span class='ocrx_word' id='word_1_180' title='bbox 290 1166 422 1196; x_wconf 83' lang='lat' dir='ltr'><strong>postquam</strong></span> <span class='ocrx_word' id='word_1_181' title='bbox 436 1159 534 1188; x_wconf 88' lang='lat' dir='ltr'><strong>Cucuso</strong></span> <span class='ocrx_word' id='word_1_182' title='bbox 550 1161 664 1195; x_wconf 84' lang='lat' dir='ltr'><strong>migraui,</strong></span> <span class='ocrx_word' id='word_1_183' title='bbox 679 1164 774 1194; x_wconf 86' lang='lat' dir='ltr'><strong>quanta</strong></span> <span class='ocrx_word' id='word_1_184' title='bbox 788 1159 895 1194; x_wconf 79' lang='lat' dir='ltr'><strong>denique</strong></span> 
     </span>
    </p>
   </div>
   <div class='ocr_carea' id='block_1_24' title="bbox 112 1205 895 1240">
    <p class='ocr_par' dir='ltr' id='par_1_24' title="bbox 112 1205 895 1240">
     <span class='ocr_line' id='line_1_24' title="bbox 112 1205 895 1240; baseline 0.001 -10"><span class='ocrx_word' id='word_1_185' title='bbox 112 1209 234 1239; x_wconf 81' lang='lat' dir='ltr'><strong>postquam</strong></span> <span class='ocrx_word' id='word_1_186' title='bbox 257 1205 369 1233; x_wconf 77' lang='lat' dir='ltr'><strong>Arabissi</strong></span> <span class='ocrx_word' id='word_1_187' title='bbox 392 1210 560 1232; x_wconf 82' lang='lat' dir='ltr'><strong>commoratus</strong></span> <span class='ocrx_word' id='word_1_188' title='bbox 585 1213 660 1236; x_wconf 85' lang='lat' dir='ltr'><strong>sum,</strong></span> <span class='ocrx_word' id='word_1_189' title='bbox 686 1205 826 1240; x_wconf 75' lang='lat' dir='ltr'><strong>intelligere</strong></span> <span class='ocrx_word' id='word_1_190' title='bbox 847 1205 895 1231; x_wconf 77' lang='lat' dir='ltr'><strong>tibi</strong></span> 
     </span>
    </p>
   </div>
   <div class='ocr_carea' id='block_1_25' title="bbox 112 1249 892 1286">
    <p class='ocr_par' dir='ltr' id='par_1_25' title="bbox 112 1249 892 1286">
     <span class='ocr_line' id='line_1_25' title="bbox 112 1249 892 1286; baseline 0.003 -11"><span class='ocrx_word' id='word_1_191' title='bbox 112 1249 170 1276; x_wconf 83' lang='lat' dir='ltr'><strong>licet.</strong></span> <span class='ocrx_word' id='word_1_192' title='bbox 195 1250 231 1278; x_wconf 81' lang='lat' dir='ltr'><strong>ita</strong></span> <span class='ocrx_word' id='word_1_193' title='bbox 258 1252 367 1286; x_wconf 80' lang='lat' dir='ltr'><strong>putabat</strong></span> <span class='ocrx_word' id='word_1_194' title='bbox 391 1251 434 1279; x_wconf 87' lang='lat' dir='ltr'><strong>ille</strong></span> <span class='ocrx_word' id='word_1_195' title='bbox 458 1251 706 1286; x_wconf 67' lang='lat' dir='ltr'><strong>Constantinopolin</strong></span> <span class='ocrx_word' id='word_1_196' title='bbox 732 1251 782 1278; x_wconf 84' lang='lat' dir='ltr'><strong>sibi</strong></span> <span class='ocrx_word' id='word_1_197' title='bbox 809 1250 892 1278; x_wconf 90' lang='lat' dir='ltr'><strong>remi-</strong></span> 
     </span>
    </p>
   </div>
   <div class='ocr_carea' id='block_1_26' title="bbox 113 1295 894 1332">
    <p class='ocr_par' dir='ltr' id='par_1_26' title="bbox 113 1295 894 1332">
     <span class='ocr_line' id='line_1_26' title="bbox 113 1295 894 1332; baseline 0.003 -10"><span class='ocrx_word' id='word_1_198' title='bbox 113 1295 228 1326; x_wconf 75' lang='lat' dir='ltr'><strong>mu-lum</strong></span> <span class='ocrx_word' id='word_1_199' title='bbox 251 1303 322 1324; x_wconf 88' lang='lat' dir='ltr'><strong>esse.</strong></span> <span class='ocrx_word' id='word_1_200' title='bbox 338 1296 436 1324; x_wconf 77' lang='lat' dir='ltr'><strong>Verum</strong></span> <span class='ocrx_word' id='word_1_201' title='bbox 458 1297 530 1328; x_wconf 87' lang='lat' dir='ltr'><strong>alio,</strong></span> <span class='ocrx_word' id='word_1_202' title='bbox 553 1304 632 1332; x_wconf 86' lang='lat' dir='ltr'><strong>quam</strong></span> <span class='ocrx_word' id='word_1_203' title='bbox 656 1297 797 1331; x_wconf 90' lang='lat' dir='ltr'><strong>sperabat,</strong></span> <span class='ocrx_word' id='word_1_204' title='bbox 813 1296 894 1324; x_wconf 89' lang='lat' dir='ltr'><strong>tnodo</strong></span> 
     </span>
    </p>
   </div>
   <div class='ocr_carea' id='block_1_27' title="bbox 113 1341 255 1369">
    <p class='ocr_par' dir='ltr' id='par_1_27' title="bbox 113 1341 255 1369">
     <span class='ocr_line' id='line_1_27' title="bbox 113 1341 255 1369; baseline 0.021 -3"><span class='ocrx_word' id='word_1_205' title='bbox 113 1347 149 1366; x_wconf 83' lang='lat' dir='ltr'><strong>res</strong></span> <span class='ocrx_word' id='word_1_206' title='bbox 157 1341 255 1369; x_wconf 85' lang='lat' dir='ltr'><strong>cecidit.</strong></span> 
     </span>
    </p>
   </div>
   <div class='ocr_carea' id='block_1_28' title="bbox 143 1385 893 1424">
    <p class='ocr_par' dir='ltr' id='par_1_28' title="bbox 143 1385 893 1424">
     <span class='ocr_line' id='line_1_28' title="bbox 143 1385 893 1424; baseline 0.004 -12"><span class='ocrx_word' id='word_1_207' title='bbox 143 1385 167 1412; x_wconf 93' lang='lat' dir='ltr'><strong>In</strong></span> <span class='ocrx_word' id='word_1_208' title='bbox 182 1386 229 1414; x_wconf 89' lang='lat' dir='ltr'><strong>litte</strong></span> <span class='ocrx_word' id='word_1_209' title='bbox 249 1391 341 1414; x_wconf 86' lang='lat' dir='ltr'><strong>autem</strong></span> <span class='ocrx_word' id='word_1_210' title='bbox 356 1388 474 1422; x_wconf 74' lang='lat' dir='ltr'><strong>epistola:</strong></span> <span class='ocrx_word' id='word_1_211' title='bbox 489 1388 506 1415; x_wconf 72' lang='grc' dir='ltr'><strong><em>ι</em></strong></span> <span class='ocrx_word' id='word_1_212' title='bbox 520 1388 553 1415; x_wconf 85' lang='lat' dir='ltr'><strong>ad</strong></span> <span class='ocrx_word' id='word_1_213' title='bbox 566 1387 748 1424; x_wconf 82' lang='lat' dir='ltr'><strong>Olympiadem</strong></span> <span class='ocrx_word' id='word_1_214' title='bbox 763 1387 820 1415; x_wconf 65' lang='lat' dir='ltr'><strong>hinc</strong></span> <span class='ocrx_word' id='word_1_215' title='bbox 832 1388 869 1415; x_wconf 85' lang='lat' dir='ltr'><strong>ait</strong></span> <span class='ocrx_word' id='word_1_216' title='bbox 885 1397 893 1416; x_wconf 89' lang='lat'><strong>:</strong></span> 
     </span>
    </p>
   </div>
   <div class='ocr_carea' id='block_1_29' title="bbox 114 1429 894 1468">
    <p class='ocr_par' dir='ltr' id='par_1_29' title="bbox 114 1429 894 1468">
     <span class='ocr_line' id='line_1_29' title="bbox 114 1429 894 1468; baseline 0.005 -12"><span class='ocrx_word' id='word_1_217' title='bbox 114 1429 146 1457; x_wconf 87' lang='lat' dir='ltr'><strong>De</strong></span> <span class='ocrx_word' id='word_1_218' title='bbox 157 1430 254 1468; x_wconf 72' lang='lat' dir='ltr'><strong>Pelagio</strong></span> <span class='ocrx_word' id='word_1_219' title='bbox 268 1434 395 1460; x_wconf 83' lang='lat' dir='ltr'><strong>monac/to</strong></span> <span class='ocrx_word' id='word_1_220' title='bbox 408 1442 499 1468; x_wconf 70' lang='lat' dir='ltr'><strong>magno</strong></span> <span class='ocrx_word' id='word_1_221' title='bbox 512 1434 598 1460; x_wconf 84' lang='lat' dir='ltr'><strong>dolore</strong></span> <span class='ocrx_word' id='word_1_222' title='bbox 610 1433 716 1467; x_wconf 75' lang='lat' dir='ltr'><strong>a/fectus</strong></span> <span class='ocrx_word' id='word_1_223' title='bbox 728 1442 793 1461; x_wconf 84' lang='lat' dir='ltr'><strong>sum.</strong></span> <span class='ocrx_word' id='word_1_224' title='bbox 806 1433 894 1468; x_wconf 78' lang='lat' dir='ltr'><strong>Cogita</strong></span> 
     </span>
    </p>
   </div>
   <div class='ocr_carea' id='block_1_30' title="bbox 112 1476 894 1515">
    <p class='ocr_par' dir='ltr' id='par_1_30' title="bbox 112 1476 894 1515">
     <span class='ocr_line' id='line_1_30' title="bbox 112 1476 894 1515; baseline 0.005 -13"><span class='ocrx_word' id='word_1_225' title='bbox 112 1476 178 1511; x_wconf 81' lang='lat' dir='ltr'><strong>igitur</strong></span> <span class='ocrx_word' id='word_1_226' title='bbox 189 1485 245 1513; x_wconf 89' lang='lat' dir='ltr'><strong>quot</strong></span> <span class='ocrx_word' id='word_1_227' title='bbox 257 1480 412 1514; x_wconf 78' lang='lat' dir='ltr'><strong>quantisque</strong></span> <span class='ocrx_word' id='word_1_228' title='bbox 423 1480 522 1506; x_wconf 81' lang='lat' dir='ltr'><strong>coronis</strong></span> <span class='ocrx_word' id='word_1_229' title='bbox 534 1480 604 1515; x_wconf 83' lang='lat' dir='ltr'><strong>digni</strong></span> <span class='ocrx_word' id='word_1_230' title='bbox 617 1481 667 1507; x_wconf 77' lang='lat' dir='ltr'><strong>sint</strong></span> <span class='ocrx_word' id='word_1_231' title='bbox 679 1481 722 1515; x_wconf 85' lang='lat' dir='ltr'><strong>qui</strong></span> <span class='ocrx_word' id='word_1_232' title='bbox 735 1480 795 1515; x_wconf 83' lang='lat' dir='ltr'><strong>forti</strong></span> <span class='ocrx_word' id='word_1_233' title='bbox 809 1480 894 1506; x_wconf 88' lang='lat' dir='ltr'><strong>animo</strong></span> 
     </span>
    </p>
   </div>
   <div class='ocr_carea' id='block_1_31' title="bbox 111 1526 895 1562">
    <p class='ocr_par' dir='ltr' id='par_1_31' title="bbox 111 1526 895 1562">
     <span class='ocr_line' id='line_1_31' title="bbox 111 1526 895 1562; baseline 0.008 -15"><span class='ocrx_word' id='word_1_234' title='bbox 111 1530 133 1548; x_wconf 78' lang='lat' dir='ltr'><strong>ut</strong></span> <span class='ocrx_word' id='word_1_235' title='bbox 153 1526 202 1550; x_wconf 81' lang='lat' dir='ltr'><strong>acie</strong></span> <span class='ocrx_word' id='word_1_236' title='bbox 221 1531 365 1557; x_wconf 77' lang='lat' dir='ltr'><strong>steterunt,</strong></span> <span class='ocrx_word' id='word_1_237' title='bbox 381 1534 436 1552; x_wconf 86' lang='lat' dir='ltr'><strong>cum</strong></span> <span class='ocrx_word' id='word_1_238' title='bbox 459 1526 524 1552; x_wconf 84' lang='lat' dir='ltr'><strong>uiros</strong></span> <span class='ocrx_word' id='word_1_239' title='bbox 536 1546 543 1559; x_wconf 91' lang='lat'><strong>,</strong></span> <span class='ocrx_word' id='word_1_240' title='bbox 558 1526 600 1561; x_wconf 85' lang='lat' dir='ltr'><strong>qui</strong></span> <span class='ocrx_word' id='word_1_241' title='bbox 623 1531 674 1552; x_wconf 89' lang='lat' dir='ltr'><strong>tam</strong></span> <span class='ocrx_word' id='word_1_242' title='bbox 696 1526 737 1562; x_wconf 81' lang='lat' dir='ltr'><strong>pie</strong></span> <span class='ocrx_word' id='word_1_243' title='bbox 757 1534 787 1552; x_wconf 88' lang='lat' dir='ltr'><strong>ac</strong></span> <span class='ocrx_word' id='word_1_244' title='bbox 808 1531 895 1553; x_wconf 76' lang='lat' dir='ltr'><strong>sancte</strong></span> 
     </span>
    </p>
   </div>
   <div class='ocr_carea' id='block_1_32' title="bbox 111 1571 894 1608">
    <p class='ocr_par' dir='ltr' id='par_1_32' title="bbox 111 1571 894 1608">
     <span class='ocr_line' id='line_1_32' title="bbox 111 1571 894 1608; baseline 0.006 -14"><span class='ocrx_word' id='word_1_245' title='bbox 111 1571 277 1603; x_wconf 75' lang='lat' dir='ltr'><strong>tantaquecum</strong></span> <span class='ocrx_word' id='word_1_246' title='bbox 291 1572 427 1598; x_wconf 83' lang='lat' dir='ltr'><strong>tolerantia</strong></span> <span class='ocrx_word' id='word_1_247' title='bbox 436 1572 559 1604; x_wconf 74' lang='lat' dir='ltr'><strong>vixerunt,</strong></span> <span class='ocrx_word' id='word_1_248' title='bbox 568 1571 650 1607; x_wconf 84' lang='lat' dir='ltr'><strong>abripi</strong></span> <span class='ocrx_word' id='word_1_249' title='bbox 657 1577 731 1607; x_wconf 87' lang='lat' dir='ltr'><strong>atque</strong></span> <span class='ocrx_word' id='word_1_250' title='bbox 744 1573 770 1599; x_wconf 89' lang='lat' dir='ltr'><strong>in</strong></span> <span class='ocrx_word' id='word_1_251' title='bbox 778 1573 894 1608; x_wconf 79' lang='lat' dir='ltr'><strong>fraudem</strong></span> 
     </span>
    </p>
   </div>
   <div class='ocr_carea' id='block_1_33' title="bbox 109 1611 894 1652">
    <p class='ocr_par' dir='ltr' id='par_1_33' title="bbox 109 1611 894 1652">
     <span class='ocr_line' id='line_1_33' title="bbox 109 1611 894 1652; baseline 0.005 -12"><span class='ocrx_word' id='word_1_252' title='bbox 109 1611 193 1644; x_wconf 75' lang='lat' dir='ltr'><strong>impelli</strong></span> <span class='ocrx_word' id='word_1_253' title='bbox 205 1616 346 1643; x_wconf 78' lang='lat' dir='ltr'><strong>videamus.</strong></span> <span class='ocrx_word' id='word_1_254' title='bbox 357 1616 406 1643; x_wconf 82' lang='lat' dir='ltr'><strong>Hic</strong></span> <span class='ocrx_word' id='word_1_255' title='bbox 418 1621 525 1652; x_wconf 88' lang='lat' dir='ltr'><strong>putatur</strong></span> <span class='ocrx_word' id='word_1_256' title='bbox 539 1617 580 1652; x_wconf 74' lang='lat' dir='ltr'><strong>agi</strong></span> <span class='ocrx_word' id='word_1_257' title='bbox 593 1617 626 1644; x_wconf 92' lang='lat' dir='ltr'><strong>de</strong></span> <span class='ocrx_word' id='word_1_258' title='bbox 637 1617 740 1652; x_wconf 77' lang='lat' dir='ltr'><strong>Pelagio</strong></span> <span class='ocrx_word' id='word_1_259' title='bbox 755 1617 894 1644; x_wconf 74' lang='lat' dir='ltr'><strong>ltzcresiar-</strong></span> 
     </span>
    </p>
   </div>
   <div class='ocr_carea' id='block_1_34' title="bbox 110 1655 893 1697">
    <p class='ocr_par' dir='ltr' id='par_1_34' title="bbox 110 1655 893 1697">
     <span class='ocr_line' id='line_1_34' title="bbox 110 1655 893 1697; baseline 0.009 -15"><span class='ocrx_word' id='word_1_260' title='bbox 110 1655 151 1683; x_wconf 87' lang='lat' dir='ltr'><strong>cba</strong></span> <span class='ocrx_word' id='word_1_261' title='bbox 162 1679 169 1690; x_wconf 89' lang='lat'><strong>,</strong></span> <span class='ocrx_word' id='word_1_262' title='bbox 183 1660 224 1693; x_wconf 91' lang='lat' dir='ltr'><strong>qui</strong></span> <span class='ocrx_word' id='word_1_263' title='bbox 240 1660 292 1688; x_wconf 86' lang='lat' dir='ltr'><strong>hoc</strong></span> <span class='ocrx_word' id='word_1_264' title='bbox 309 1666 431 1696; x_wconf 86' lang='lat' dir='ltr'><strong>tempore</strong></span> <span class='ocrx_word' id='word_1_265' title='bbox 444 1669 550 1689; x_wconf 88' lang='lat' dir='ltr'><strong>errores</strong></span> <span class='ocrx_word' id='word_1_266' title='bbox 561 1669 624 1689; x_wconf 88' lang='lat' dir='ltr'><strong>suos</strong></span> <span class='ocrx_word' id='word_1_267' title='bbox 637 1662 705 1689; x_wconf 81' lang='lat' dir='ltr'><strong>circa</strong></span> <span class='ocrx_word' id='word_1_268' title='bbox 719 1662 832 1697; x_wconf 73' lang='lat' dir='ltr'><strong>gratiam</strong></span> <span class='ocrx_word' id='word_1_269' title='bbox 847 1662 893 1689; x_wconf 87' lang='lat' dir='ltr'><strong>Dei</strong></span> 
     </span>
    </p>
   </div>
   <div class='ocr_carea' id='block_1_35' title="bbox 110 1703 335 1741">
    <p class='ocr_par' dir='ltr' id='par_1_35' title="bbox 110 1703 335 1741">
     <span class='ocr_line' id='line_1_35' title="bbox 110 1703 335 1741; baseline 0.027 -13"><span class='ocrx_word' id='word_1_270' title='bbox 110 1703 230 1736; x_wconf 83' lang='lat' dir='ltr'><strong>publicare</strong></span> <span class='ocrx_word' id='word_1_271' title='bbox 240 1707 335 1741; x_wconf 76' lang='lat' dir='ltr'><strong>cmpit.</strong></span> 
     </span>
    </p>
   </div>
   <div class='ocr_carea' id='block_1_36' title="bbox 139 1748 892 1789">
    <p class='ocr_par' dir='ltr' id='par_1_36' title="bbox 139 1748 892 1789">
     <span class='ocr_line' id='line_1_36' title="bbox 139 1748 892 1789; baseline 0.005 -13"><span class='ocrx_word' id='word_1_272' title='bbox 139 1748 204 1778; x_wconf 85' lang='lat' dir='ltr'><strong>lnter</strong></span> <span class='ocrx_word' id='word_1_273' title='bbox 215 1753 349 1787; x_wconf 83' lang='lat' dir='ltr'><strong>epistolas</strong></span> <span class='ocrx_word' id='word_1_274' title='bbox 362 1753 554 1788; x_wconf 84' lang='lat' dir='ltr'><strong>Chrysostomi,</strong></span> <span class='ocrx_word' id='word_1_275' title='bbox 569 1761 635 1789; x_wconf 88' lang='lat' dir='ltr'><strong>quas</strong></span> <span class='ocrx_word' id='word_1_276' title='bbox 650 1753 718 1781; x_wconf 82' lang='lat' dir='ltr'><strong>bene</strong></span> <span class='ocrx_word' id='word_1_277' title='bbox 731 1754 826 1780; x_wconf 83' lang='lat' dir='ltr'><strong>multas</strong></span> <span class='ocrx_word' id='word_1_278' title='bbox 838 1752 892 1787; x_wconf 85' lang='lat' dir='ltr'><strong>jam</strong></span> 
     </span>
    </p>
   </div>
   <div class='ocr_carea' id='block_1_37' title="bbox 109 1798 893 1834">
    <p class='ocr_par' dir='ltr' id='par_1_37' title="bbox 109 1798 893 1834">
     <span class='ocr_line' id='line_1_37' title="bbox 109 1798 893 1834; baseline 0.006 -14"><span class='ocrx_word' id='word_1_279' title='bbox 109 1798 302 1826; x_wconf 67' lang='lat' dir='ltr'><strong>memorauimus</strong></span> <span class='ocrx_word' id='word_1_280' title='bbox 316 1819 324 1832; x_wconf 89' lang='lat'><strong>,</strong></span> <span class='ocrx_word' id='word_1_281' title='bbox 341 1799 402 1825; x_wconf 77' lang='lat' dir='ltr'><strong>alia:</strong></span> <span class='ocrx_word' id='word_1_282' title='bbox 417 1799 537 1834; x_wconf 65' lang='lat' dir='ltr'><strong>quaedam</strong></span> <span class='ocrx_word' id='word_1_283' title='bbox 560 1803 622 1825; x_wconf 88' lang='lat' dir='ltr'><strong>sunt</strong></span> <span class='ocrx_word' id='word_1_284' title='bbox 633 1819 640 1831; x_wconf 84' lang='grc'><em>,</em></span> <span class='ocrx_word' id='word_1_285' title='bbox 655 1807 715 1833; x_wconf 71' lang='lat' dir='ltr'><strong>qua:</strong></span> <span class='ocrx_word' id='word_1_286' title='bbox 737 1799 835 1826; x_wconf 87' lang='lat' dir='ltr'><strong>nullam</strong></span> <span class='ocrx_word' id='word_1_287' title='bbox 851 1798 893 1825; x_wconf 85' lang='lat' dir='ltr'><strong>vel</strong></span> 
     </span>
    </p>
   </div>
   <div class='ocr_carea' id='block_1_38' title="bbox 108 1843 893 1879">
    <p class='ocr_par' dir='ltr' id='par_1_38' title="bbox 108 1843 893 1879">
     <span class='ocr_line' id='line_1_38' title="bbox 108 1843 893 1879; baseline 0.008 -13"><span class='ocrx_word' id='word_1_288' title='bbox 108 1843 223 1876; x_wconf 84' lang='lat' dir='ltr'><strong>temporis</strong></span> <span class='ocrx_word' id='word_1_289' title='bbox 235 1845 276 1872; x_wconf 84' lang='lat' dir='ltr'><strong>vel</strong></span> <span class='ocrx_word' id='word_1_290' title='bbox 292 1845 446 1872; x_wconf 81' lang='lat' dir='ltr'><strong>occasionis</strong></span> <span class='ocrx_word' id='word_1_291' title='bbox 460 1853 511 1879; x_wconf 85' lang='lat' dir='ltr'><strong>qua</strong></span> <span class='ocrx_word' id='word_1_292' title='bbox 532 1845 600 1872; x_wconf 75' lang='lat' dir='ltr'><strong>data:</strong></span> <span class='ocrx_word' id='word_1_293' title='bbox 615 1846 689 1872; x_wconf 80' lang='lat' dir='ltr'><strong>fuere</strong></span> <span class='ocrx_word' id='word_1_294' title='bbox 700 1865 707 1876; x_wconf 89' lang='lat'><strong><em>.</em></strong></span> <span class='ocrx_word' id='word_1_295' title='bbox 725 1849 815 1871; x_wconf 85' lang='lat' dir='ltr'><strong>uolatu</strong></span> <span class='ocrx_word' id='word_1_296' title='bbox 839 1851 893 1879; x_wconf 68' lang='lat' dir='ltr'><strong>prae</strong></span> 
     </span>
    </p>
   </div>
   <div class='ocr_carea' id='block_1_39' title="bbox 108 1887 892 1926">
    <p class='ocr_par' dir='ltr' id='par_1_39' title="bbox 108 1887 892 1926">
     <span class='ocr_line' id='line_1_39' title="bbox 108 1887 892 1926; baseline 0.003 -12"><span class='ocrx_word' id='word_1_297' title='bbox 108 1892 133 1914; x_wconf 78' lang='lat' dir='ltr'><strong>se</strong></span> <span class='ocrx_word' id='word_1_298' title='bbox 150 1887 243 1918; x_wconf 78' lang='lat' dir='ltr'><strong>lerunt.</strong></span> <span class='ocrx_word' id='word_1_299' title='bbox 270 1890 433 1926; x_wconf 86' lang='lat' dir='ltr'><strong>llojusmodi</strong></span> <span class='ocrx_word' id='word_1_300' title='bbox 458 1895 520 1918; x_wconf 86' lang='lat' dir='ltr'><strong>sunt</strong></span> <span class='ocrx_word' id='word_1_301' title='bbox 542 1891 621 1925; x_wconf 85' lang='lat' dir='ltr'><strong>epist.</strong></span> <span class='ocrx_word' id='word_1_302' title='bbox 642 1890 677 1918; x_wconf 79' lang='grc'><strong>56</strong></span> <span class='ocrx_word' id='word_1_303' title='bbox 700 1889 732 1917; x_wconf 90' lang='lat' dir='ltr'><strong>ad</strong></span> <span class='ocrx_word' id='word_1_304' title='bbox 757 1889 892 1916; x_wconf 73' lang='lat' dir='ltr'><strong>Maronem</strong></span> 
     </span>
    </p>
   </div>
   <div class='ocr_carea' id='block_1_40' title="bbox 107 1935 893 1972">
    <p class='ocr_par' dir='ltr' id='par_1_40' title="bbox 107 1935 893 1972">
     <span class='ocr_line' id='line_1_40' title="bbox 107 1935 893 1972; baseline -0.005 -6"><span class='ocrx_word' id='word_1_305' title='bbox 107 1935 236 1966; x_wconf 66' lang='lat' dir='ltr'><strong>lluenulam</strong></span> <span class='ocrx_word' id='word_1_306' title='bbox 262 1937 455 1972; x_wconf 74' lang='lat' dir='ltr'><strong>presbyterum</strong></span> <span class='ocrx_word' id='word_1_307' title='bbox 480 1941 507 1964; x_wconf 93' lang='lat' dir='ltr'><strong>et</strong></span> <span class='ocrx_word' id='word_1_308' title='bbox 522 1936 680 1963; x_wconf 80' lang='lat' dir='ltr'><strong>monachum</strong></span> <span class='ocrx_word' id='word_1_309' title='bbox 694 1957 701 1968; x_wconf 94' lang='lat'><strong>,</strong></span> <span class='ocrx_word' id='word_1_310' title='bbox 717 1935 759 1963; x_wconf 91' lang='lat' dir='ltr'><strong>cui</strong></span> <span class='ocrx_word' id='word_1_311' title='bbox 782 1935 893 1962; x_wconf 76' lang='lat' dir='ltr'><strong>sincera:</strong></span> 
     </span>
    </p>
   </div>
   <div class='ocr_carea' id='block_1_41' title="bbox 105 1976 893 2018">
    <p class='ocr_par' dir='ltr' id='par_1_41' title="bbox 105 1976 893 2018">
     <span class='ocr_line' id='line_1_41' title="bbox 105 1976 893 2018; baseline 0.004 -13"><span class='ocrx_word' id='word_1_312' title='bbox 105 1976 287 2009; x_wconf 67' lang='lat' dir='ltr'><strong>benevolentia:</strong></span> <span class='ocrx_word' id='word_1_313' title='bbox 300 1984 380 2018; x_wconf 83' lang='lat' dir='ltr'><strong>signa</strong></span> <span class='ocrx_word' id='word_1_314' title='bbox 395 1982 505 2017; x_wconf 77' lang='lat' dir='ltr'><strong>profert,</strong></span> <span class='ocrx_word' id='word_1_315' title='bbox 519 1982 636 2016; x_wconf 88' lang='lat' dir='ltr'><strong>dicitque</strong></span> <span class='ocrx_word' id='word_1_316' title='bbox 649 1989 679 2009; x_wconf 89' lang='lat' dir='ltr'><strong>se</strong></span> <span class='ocrx_word' id='word_1_317' title='bbox 690 1982 725 2010; x_wconf 91' lang='lat' dir='ltr'><strong>oh</strong></span> <span class='ocrx_word' id='word_1_318' title='bbox 740 1981 893 2010; x_wconf 86' lang='lat' dir='ltr'><strong>tabellario-</strong></span> 
     </span>
    </p>
   </div>
   <div class='ocr_carea' id='block_1_42' title="bbox 107 2028 894 2063">
    <p class='ocr_par' dir='ltr' id='par_1_42' title="bbox 107 2028 894 2063">
     <span class='ocr_line' id='line_1_42' title="bbox 107 2028 894 2063; baseline 0.006 -13"><span class='ocrx_word' id='word_1_319' title='bbox 107 2031 157 2051; x_wconf 88' lang='lat' dir='ltr'><strong>rum</strong></span> <span class='ocrx_word' id='word_1_320' title='bbox 171 2029 308 2060; x_wconf 82' lang='lat' dir='ltr'><strong>penuriam</strong></span> <span class='ocrx_word' id='word_1_321' title='bbox 331 2029 421 2056; x_wconf 84' lang='lat' dir='ltr'><strong>rarius</strong></span> <span class='ocrx_word' id='word_1_322' title='bbox 442 2029 490 2063; x_wconf 85' lang='lat' dir='ltr'><strong>ipsi</strong></span> <span class='ocrx_word' id='word_1_323' title='bbox 513 2028 604 2056; x_wconf 84' lang='lat' dir='ltr'><strong>literas</strong></span> <span class='ocrx_word' id='word_1_324' title='bbox 618 2029 683 2056; x_wconf 84' lang='lat' dir='ltr'><strong>dare</strong></span> <span class='ocrx_word' id='word_1_325' title='bbox 695 2049 702 2059; x_wconf 89' lang='lat'><strong>,</strong></span> <span class='ocrx_word' id='word_1_326' title='bbox 717 2033 744 2056; x_wconf 87' lang='lat' dir='ltr'><strong>et</strong></span> <span class='ocrx_word' id='word_1_327' title='bbox 757 2036 805 2062; x_wconf 85' lang='lat' dir='ltr'><strong>pro</strong></span> <span class='ocrx_word' id='word_1_328' title='bbox 819 2035 894 2055; x_wconf 87' lang='lat' dir='ltr'><strong>more</strong></span> 
     </span>
    </p>
   </div>
   <div class='ocr_carea' id='block_1_43' title="bbox 106 2069 894 2108">
    <p class='ocr_par' dir='ltr' id='par_1_43' title="bbox 106 2069 894 2108">
     <span class='ocr_line' id='line_1_43' title="bbox 106 2069 894 2108; baseline 0.003 -10"><span class='ocrx_word' id='word_1_329' title='bbox 106 2075 172 2104; x_wconf 77' lang='lat' dir='ltr'><strong>rogat</strong></span> <span class='ocrx_word' id='word_1_330' title='bbox 183 2072 215 2099; x_wconf 89' lang='lat' dir='ltr'><strong>de</strong></span> <span class='ocrx_word' id='word_1_331' title='bbox 227 2074 387 2101; x_wconf 76' lang='lat' dir='ltr'><strong>valetudine</strong></span> <span class='ocrx_word' id='word_1_332' title='bbox 399 2082 445 2101; x_wconf 87' lang='lat' dir='ltr'><strong>sua</strong></span> <span class='ocrx_word' id='word_1_333' title='bbox 458 2069 598 2101; x_wconf 70' lang='lat' dir='ltr'><strong>certiorem</strong></span> <span class='ocrx_word' id='word_1_334' title='bbox 612 2082 642 2101; x_wconf 87' lang='lat' dir='ltr'><strong>se</strong></span> <span class='ocrx_word' id='word_1_335' title='bbox 654 2073 740 2101; x_wconf 87' lang='lat' dir='ltr'><strong>faciat.</strong></span> <span class='ocrx_word' id='word_1_336' title='bbox 755 2073 894 2108; x_wconf 78' lang='lat' dir='ltr'><strong>Ejusmodi</strong></span> 
     </span>
    </p>
   </div>
   <div class='ocr_carea' id='block_1_44' title="bbox 107 2119 893 2154">
    <p class='ocr_par' dir='ltr' id='par_1_44' title="bbox 107 2119 893 2154">
     <span class='ocr_line' id='line_1_44' title="bbox 107 2119 893 2154; baseline 0.008 -14"><span class='ocrx_word' id='word_1_337' title='bbox 107 2121 160 2142; x_wconf 81' lang='lat' dir='ltr'><strong>sunt</strong></span> <span class='ocrx_word' id='word_1_338' title='bbox 171 2119 248 2145; x_wconf 87' lang='lat' dir='ltr'><strong>etiam</strong></span> <span class='ocrx_word' id='word_1_339' title='bbox 271 2119 393 2154; x_wconf 85' lang='lat' dir='ltr'><strong>epistola</strong></span> <span class='ocrx_word' id='word_1_340' title='bbox 407 2120 441 2147; x_wconf 70' lang='grc' dir='ltr'><strong>ιϐ</strong></span> <span class='ocrx_word' id='word_1_341' title='bbox 456 2120 488 2147; x_wconf 84' lang='lat' dir='ltr'><strong>ad</strong></span> <span class='ocrx_word' id='word_1_342' title='bbox 511 2120 634 2147; x_wconf 79' lang='lat' dir='ltr'><strong>Rufinum</strong></span> <span class='ocrx_word' id='word_1_343' title='bbox 647 2139 654 2152; x_wconf 94' lang='lat'><strong>,</strong></span> <span class='ocrx_word' id='word_1_344' title='bbox 678 2119 789 2154; x_wconf 82' lang='lat' dir='ltr'><strong>epistola</strong></span> <span class='ocrx_word' id='word_1_345' title='bbox 804 2119 839 2147; x_wconf 77' lang='lat'><strong>58</strong></span> <span class='ocrx_word' id='word_1_346' title='bbox 860 2119 893 2146; x_wconf 85' lang='lat' dir='ltr'><strong>ad</strong></span> 
     </span>
    </p>
   </div>
   <div class='ocr_carea' id='block_1_45' title="bbox 107 2157 893 2199">
    <p class='ocr_par' dir='ltr' id='par_1_45' title="bbox 107 2157 893 2199">
     <span class='ocr_line' id='line_1_45' title="bbox 107 2157 893 2199; baseline 0.006 -14"><span class='ocrx_word' id='word_1_347' title='bbox 107 2157 272 2191; x_wconf 77' lang='lat' dir='ltr'><strong>Tltetulosium</strong></span> <span class='ocrx_word' id='word_1_348' title='bbox 287 2172 322 2191; x_wconf 79' lang='lat' dir='ltr'><strong>ex</strong></span> <span class='ocrx_word' id='word_1_349' title='bbox 341 2164 459 2191; x_wconf 83' lang='lat' dir='ltr'><strong>Ducibus</strong></span> <span class='ocrx_word' id='word_1_350' title='bbox 471 2172 478 2196; x_wconf 91' lang='lat'><strong>;</strong></span> <span class='ocrx_word' id='word_1_351' title='bbox 492 2165 570 2197; x_wconf 83' lang='lat' dir='ltr'><strong>epist.</strong></span> <span class='ocrx_word' id='word_1_352' title='bbox 590 2164 625 2192; x_wconf 82' lang='grc'><strong>65</strong></span> <span class='ocrx_word' id='word_1_353' title='bbox 638 2164 671 2191; x_wconf 93' lang='lat' dir='ltr'><strong>ad</strong></span> <span class='ocrx_word' id='word_1_354' title='bbox 685 2163 893 2199; x_wconf 87' lang='lat' dir='ltr'><strong>Tranquillinum</strong></span> 
     </span>
    </p>
   </div>
   <div class='ocr_carea' id='block_1_46' title="bbox 107 2206 894 2246">
    <p class='ocr_par' dir='ltr' id='par_1_46' title="bbox 107 2206 894 2246">
     <span class='ocr_line' id='line_1_46' title="bbox 107 2206 894 2246; baseline 0.005 -15"><span class='ocrx_word' id='word_1_355' title='bbox 107 2206 253 2246; x_wconf 79' lang='lat' dir='ltr'><strong>quemdam;</strong></span> <span class='ocrx_word' id='word_1_356' title='bbox 277 2209 364 2242; x_wconf 78' lang='lat' dir='ltr'><strong>epist.</strong></span> <span class='ocrx_word' id='word_1_357' title='bbox 393 2209 422 2236; x_wconf 81' lang='grc' dir='ltr'><strong>τι</strong></span> <span class='ocrx_word' id='word_1_358' title='bbox 447 2209 480 2236; x_wconf 84' lang='lat' dir='ltr'><strong>ad</strong></span> <span class='ocrx_word' id='word_1_359' title='bbox 501 2209 651 2240; x_wconf 81' lang='lat' dir='ltr'><strong>Malchum.</strong></span> <span class='ocrx_word' id='word_1_360' title='bbox 674 2216 753 2243; x_wconf 88' lang='lat' dir='ltr'><strong>quem</strong></span> <span class='ocrx_word' id='word_1_361' title='bbox 778 2209 812 2236; x_wconf 91' lang='lat' dir='ltr'><strong>ob</strong></span> <span class='ocrx_word' id='word_1_362' title='bbox 834 2209 894 2236; x_wconf 65' lang='lat' dir='ltr'><strong>tiliae</strong></span> 
     </span>
    </p>
   </div>
   <div class='ocr_carea' id='block_1_47' title="bbox 108 2254 895 2290">
    <p class='ocr_par' dir='ltr' id='par_1_47' title="bbox 108 2254 895 2290">
     <span class='ocr_line' id='line_1_47' title="bbox 108 2254 895 2290; baseline 0.006 -15"><span class='ocrx_word' id='word_1_363' title='bbox 108 2256 206 2279; x_wconf 85' lang='lat' dir='ltr'><strong>mortem</strong></span> <span class='ocrx_word' id='word_1_364' title='bbox 221 2259 351 2282; x_wconf 66' lang='lat' dir='ltr'><strong>mlestum</strong></span> <span class='ocrx_word' id='word_1_365' title='bbox 367 2255 470 2281; x_wconf 83' lang='lat' dir='ltr'><strong>solatur</strong></span> <span class='ocrx_word' id='word_1_366' title='bbox 482 2263 489 2287; x_wconf 85' lang='lat'><strong>;</strong></span> <span class='ocrx_word' id='word_1_367' title='bbox 503 2263 546 2290; x_wconf 76' lang='lat' dir='ltr'><strong>cp.</strong></span> <span class='ocrx_word' id='word_1_368' title='bbox 560 2254 595 2282; x_wconf 74' lang='lat'><strong>92</strong></span> <span class='ocrx_word' id='word_1_369' title='bbox 606 2255 639 2282; x_wconf 90' lang='lat' dir='ltr'><strong>ad</strong></span> <span class='ocrx_word' id='word_1_370' title='bbox 653 2255 769 2289; x_wconf 82' lang='lat' dir='ltr'><strong>Moysem</strong></span> <span class='ocrx_word' id='word_1_371' title='bbox 786 2254 895 2290; x_wconf 88' lang='lat' dir='ltr'><strong>presby-</strong></span> 
     </span>
    </p>
   </div>
   <div class='ocr_carea' id='block_1_48' title="bbox 109 2297 893 2335">
    <p class='ocr_par' dir='ltr' id='par_1_48' title="bbox 109 2297 893 2335">
     <span class='ocr_line' id='line_1_48' title="bbox 109 2297 893 2335; baseline 0.01 -16"><span class='ocrx_word' id='word_1_372' title='bbox 109 2297 192 2330; x_wconf 87' lang='lat' dir='ltr'><strong>terum,</strong></span> <span class='ocrx_word' id='word_1_373' title='bbox 200 2299 244 2333; x_wconf 89' lang='lat' dir='ltr'><strong>qui</strong></span> <span class='ocrx_word' id='word_1_374' title='bbox 253 2301 413 2326; x_wconf 84' lang='lat' dir='ltr'><strong>monachus</strong></span> <span class='ocrx_word' id='word_1_375' title='bbox 427 2299 506 2328; x_wconf 80' lang='lat' dir='ltr'><strong>fuisse</strong></span> <span class='ocrx_word' id='word_1_376' title='bbox 515 2299 598 2327; x_wconf 83' lang='lat' dir='ltr'><strong>fertur</strong></span> <span class='ocrx_word' id='word_1_377' title='bbox 607 2300 631 2327; x_wconf 89' lang='lat' dir='ltr'><strong>in</strong></span> <span class='ocrx_word' id='word_1_378' title='bbox 641 2300 753 2335; x_wconf 87' lang='lat' dir='ltr'><strong>quadam</strong></span> <span class='ocrx_word' id='word_1_379' title='bbox 768 2300 893 2334; x_wconf 81' lang='lat' dir='ltr'><strong>regione;</strong></span> 
     </span>
    </p>
   </div>
   <div class='ocr_carea' id='block_1_49' title="bbox 107 2340 894 2380">
    <p class='ocr_par' dir='ltr' id='par_1_49' title="bbox 107 2340 894 2380">
     <span class='ocr_line' id='line_1_49' title="bbox 107 2340 894 2380; baseline 0.008 -15"><span class='ocrx_word' id='word_1_380' title='bbox 107 2340 175 2373; x_wconf 83' lang='lat' dir='ltr'><strong>epist.</strong></span> <span class='ocrx_word' id='word_1_381' title='bbox 191 2343 237 2370; x_wconf 71' lang='grc'><strong>171</strong></span> <span class='ocrx_word' id='word_1_382' title='bbox 261 2344 296 2372; x_wconf 91' lang='lat' dir='ltr'><strong>ad</strong></span> <span class='ocrx_word' id='word_1_383' title='bbox 320 2344 456 2372; x_wconf 74' lang='lat' dir='ltr'><strong>Metilium</strong></span> <span class='ocrx_word' id='word_1_384' title='bbox 468 2365 477 2377; x_wconf 85' lang='lat'><strong>,</strong></span> <span class='ocrx_word' id='word_1_385' title='bbox 492 2345 570 2380; x_wconf 84' lang='lat' dir='ltr'><strong>epist.</strong></span> <span class='ocrx_word' id='word_1_386' title='bbox 587 2345 638 2372; x_wconf 81' lang='grc'><strong>187</strong></span> <span class='ocrx_word' id='word_1_387' title='bbox 661 2345 694 2372; x_wconf 84' lang='lat' dir='ltr'><strong>ad</strong></span> <span class='ocrx_word' id='word_1_388' title='bbox 717 2344 894 2379; x_wconf 68' lang='lat' dir='ltr'><strong>Proclipium,</strong></span> 
     </span>
    </p>
   </div>
   <div class='ocr_carea' id='block_1_50' title="bbox 108 2384 894 2424">
    <p class='ocr_par' dir='ltr' id='par_1_50' title="bbox 108 2384 894 2424">
     <span class='ocr_line' id='line_1_50' title="bbox 108 2384 894 2424; baseline 0.009 -13"><span class='ocrx_word' id='word_1_389' title='bbox 108 2384 151 2412; x_wconf 72' lang='lat'><strong>193</strong></span> <span class='ocrx_word' id='word_1_390' title='bbox 173 2388 204 2415; x_wconf 88' lang='lat' dir='ltr'><strong>ad</strong></span> <span class='ocrx_word' id='word_1_391' title='bbox 225 2389 433 2422; x_wconf 82' lang='lat' dir='ltr'><strong>Claudianum,</strong></span> <span class='ocrx_word' id='word_1_392' title='bbox 455 2390 503 2418; x_wconf 68' lang='lat'><strong>20!</strong></span> <span class='ocrx_word' id='word_1_393' title='bbox 529 2390 562 2417; x_wconf 88' lang='lat' dir='ltr'><strong>ad</strong></span> <span class='ocrx_word' id='word_1_394' title='bbox 585 2390 757 2424; x_wconf 84' lang='lat' dir='ltr'><strong>Herculium,</strong></span> <span class='ocrx_word' id='word_1_395' title='bbox 784 2390 837 2418; x_wconf 77' lang='lat'><strong>209</strong></span> <span class='ocrx_word' id='word_1_396' title='bbox 861 2391 894 2418; x_wconf 92' lang='lat' dir='ltr'><strong>ad</strong></span> 
     </span>
    </p>
   </div>
   <div class='ocr_carea' id='block_1_51' title="bbox 107 2430 893 2472">
    <p class='ocr_par' dir='ltr' id='par_1_51' title="bbox 107 2430 893 2472">
     <span class='ocr_line' id='line_1_51' title="bbox 107 2430 893 2472; baseline 0.009 -15"><span class='ocrx_word' id='word_1_397' title='bbox 107 2430 266 2469; x_wconf 74' lang='lat' dir='ltr'><strong>Salvionem,</strong></span> <span class='ocrx_word' id='word_1_398' title='bbox 293 2436 369 2472; x_wconf 83' lang='lat' dir='ltr'><strong>quod</strong></span> <span class='ocrx_word' id='word_1_399' title='bbox 399 2444 497 2464; x_wconf 83' lang='lat' dir='ltr'><strong>nomen</strong></span> <span class='ocrx_word' id='word_1_400' title='bbox 522 2437 596 2464; x_wconf 84' lang='lat' dir='ltr'><strong>varie</strong></span> <span class='ocrx_word' id='word_1_401' title='bbox 621 2437 748 2471; x_wconf 87' lang='lat' dir='ltr'><strong>scriptum</strong></span> <span class='ocrx_word' id='word_1_402' title='bbox 775 2437 893 2472; x_wconf 74' lang='lat' dir='ltr'><strong>legitur:</strong></span> 
     </span>
    </p>
   </div>
   <div class='ocr_carea' id='block_1_52' title="bbox 107 2477 895 2518">
    <p class='ocr_par' dir='ltr' id='par_1_52' title="bbox 107 2477 895 2518">
     <span class='ocr_line' id='line_1_52' title="bbox 107 2477 895 2518; baseline 0.008 -14"><span class='ocrx_word' id='word_1_403' title='bbox 107 2477 143 2504; x_wconf 78' lang='lat' dir='ltr'><strong>alii</strong></span> <span class='ocrx_word' id='word_1_404' title='bbox 163 2480 229 2508; x_wconf 91' lang='lat' dir='ltr'><strong>enim</strong></span> <span class='ocrx_word' id='word_1_405' title='bbox 244 2481 366 2509; x_wconf 85' lang='lat' dir='ltr'><strong>Salbioni</strong></span> <span class='ocrx_word' id='word_1_406' title='bbox 383 2481 506 2514; x_wconf 85' lang='lat' dir='ltr'><strong>habent,</strong></span> <span class='ocrx_word' id='word_1_407' title='bbox 527 2483 573 2510; x_wconf 90' lang='lat' dir='ltr'><strong>alii</strong></span> <span class='ocrx_word' id='word_1_408' title='bbox 594 2490 705 2510; x_wconf 87' lang='lat' dir='ltr'><strong>numero</strong></span> <span class='ocrx_word' id='word_1_409' title='bbox 726 2482 818 2518; x_wconf 89' lang='lat' dir='ltr'><strong>plures</strong></span> <span class='ocrx_word' id='word_1_410' title='bbox 831 2482 895 2510; x_wconf 79' lang='lat' dir='ltr'><strong>Gal-</strong></span> 
     </span>
    </p>
   </div>
   <div class='ocr_carea' id='block_1_53' title="bbox 105 2522 893 2564">
    <p class='ocr_par' dir='ltr' id='par_1_53' title="bbox 105 2522 893 2564">
     <span class='ocr_line' id='line_1_53' title="bbox 105 2522 893 2564; baseline 0.013 -18"><span class='ocrx_word' id='word_1_411' title='bbox 105 2522 163 2550; x_wconf 73' lang='lat' dir='ltr'><strong>bioiu&#39;</strong></span> <span class='ocrx_word' id='word_1_412' title='bbox 172 2544 180 2557; x_wconf 79' lang='lat'><strong>,</strong></span> <span class='ocrx_word' id='word_1_413' title='bbox 193 2525 330 2563; x_wconf 84' lang='lat' dir='ltr'><strong>fateorque</strong></span> <span class='ocrx_word' id='word_1_414' title='bbox 343 2535 391 2555; x_wconf 87' lang='lat' dir='ltr'><strong>me</strong></span> <span class='ocrx_word' id='word_1_415' title='bbox 406 2527 446 2554; x_wconf 80' lang='lat' dir='ltr'><strong>ad</strong></span> <span class='ocrx_word' id='word_1_416' title='bbox 460 2528 528 2556; x_wconf 79' lang='lat' dir='ltr'><strong>hanc</strong></span> <span class='ocrx_word' id='word_1_417' title='bbox 547 2529 738 2564; x_wconf 75' lang='lat' dir='ltr'><strong>praeferendam</strong></span> <span class='ocrx_word' id='word_1_418' title='bbox 752 2529 893 2556; x_wconf 87' lang='lat' dir='ltr'><strong>lectionem</strong></span> 
     </span>
    </p>
   </div>
   <div class='ocr_carea' id='block_1_54' title="bbox 104 2570 261 2603">
    <p class='ocr_par' dir='ltr' id='par_1_54' title="bbox 104 2570 261 2603">
     <span class='ocr_line' id='line_1_54' title="bbox 104 2570 261 2603; baseline 0.032 -9"><span class='ocrx_word' id='word_1_419' title='bbox 104 2570 261 2603; x_wconf 78' lang='lat' dir='ltr'><strong>propendere.</strong></span> 
     </span>
    </p>
   </div>
   <div class='ocr_carea' id='block_1_55' title="bbox 130 2612 895 2649">
    <p class='ocr_par' dir='ltr' id='par_1_55' title="bbox 130 2612 895 2649">
     <span class='ocr_line' id='line_1_55' title="bbox 130 2612 895 2649; baseline 0.009 -8"><span class='ocrx_word' id='word_1_420' title='bbox 130 2612 264 2648; x_wconf 66' lang='lat' dir='ltr'><strong>Epistulam</strong></span> <span class='ocrx_word' id='word_1_421' title='bbox 274 2625 342 2646; x_wconf 75' lang='lat' dir='ltr'><strong>vero</strong></span> <span class='ocrx_word' id='word_1_422' title='bbox 353 2617 392 2645; x_wconf 81' lang='lat' dir='ltr'><strong>ad</strong></span> <span class='ocrx_word' id='word_1_423' title='bbox 405 2616 560 2646; x_wconf 76' lang='lat' dir='ltr'><strong>Caesarium</strong></span> <span class='ocrx_word' id='word_1_424' title='bbox 571 2620 729 2647; x_wconf 85' lang='lat' dir='ltr'><strong>monachum</strong></span> <span class='ocrx_word' id='word_1_425' title='bbox 740 2619 765 2647; x_wconf 92' lang='lat' dir='ltr'><strong>in</strong></span> <span class='ocrx_word' id='word_1_426' title='bbox 778 2620 895 2649; x_wconf 88' lang='lat' dir='ltr'><strong>secundo</strong></span> 
     </span>
    </p>
   </div>
   <div class='ocr_carea' id='block_1_56' title="bbox 102 2663 893 2702">
    <p class='ocr_par' dir='ltr' id='par_1_56' title="bbox 102 2663 893 2702">
     <span class='ocr_line' id='line_1_56' title="bbox 102 2663 893 2702; baseline 0.01 -16"><span class='ocrx_word' id='word_1_427' title='bbox 102 2665 145 2686; x_wconf 69' lang='lat' dir='ltr'><strong>suo</strong></span> <span class='ocrx_word' id='word_1_428' title='bbox 155 2663 265 2697; x_wconf 70' lang='lat' dir='ltr'><strong>exsilio,</strong></span> <span class='ocrx_word' id='word_1_429' title='bbox 280 2669 311 2692; x_wconf 80' lang='lat' dir='ltr'><strong>ut</strong></span> <span class='ocrx_word' id='word_1_430' title='bbox 332 2664 426 2692; x_wconf 73' lang='lat' dir='ltr'><strong>fertur</strong></span> <span class='ocrx_word' id='word_1_431' title='bbox 446 2664 475 2690; x_wconf 81' lang='lat' dir='ltr'><strong>in</strong></span> <span class='ocrx_word' id='word_1_432' title='bbox 488 2666 580 2700; x_wconf 90' lang='lat' dir='ltr'><strong>titulo,</strong></span> <span class='ocrx_word' id='word_1_433' title='bbox 604 2674 618 2693; x_wconf 84' lang='lat' dir='ltr'><strong>a</strong></span> <span class='ocrx_word' id='word_1_434' title='bbox 643 2666 676 2694; x_wconf 78' lang='grc' dir='ltr'><strong>Β.</strong></span> <span class='ocrx_word' id='word_1_435' title='bbox 705 2667 735 2694; x_wconf 84' lang='grc' dir='ltr'><strong>Ρ.</strong></span> <span class='ocrx_word' id='word_1_436' title='bbox 759 2667 893 2702; x_wconf 85' lang='lat' dir='ltr'><strong>Lequien,</strong></span> 
     </span>
    </p>
   </div>
   <div class='ocr_carea' id='block_1_57' title="bbox 108 2704 894 2746">
    <p class='ocr_par' dir='ltr' id='par_1_57' title="bbox 108 2704 894 2746">
     <span class='ocr_line' id='line_1_57' title="bbox 108 2704 894 2746; baseline 0.008 -12"><span class='ocrx_word' id='word_1_437' title='bbox 108 2704 158 2732; x_wconf 67' lang='lat' dir='ltr'><strong>Viro</strong></span> <span class='ocrx_word' id='word_1_438' title='bbox 169 2708 230 2736; x_wconf 87' lang='lat' dir='ltr'><strong>mihi</strong></span> <span class='ocrx_word' id='word_1_439' title='bbox 244 2710 427 2742; x_wconf 82' lang='lat' dir='ltr'><strong>amicissimo,</strong></span> <span class='ocrx_word' id='word_1_440' title='bbox 442 2709 496 2743; x_wconf 84' lang='lat' dir='ltr'><strong>jam</strong></span> <span class='ocrx_word' id='word_1_441' title='bbox 510 2711 688 2746; x_wconf 82' lang='lat' dir='ltr'><strong>reprobatam,</strong></span> <span class='ocrx_word' id='word_1_442' title='bbox 698 2713 894 2746; x_wconf 83' lang='lat' dir='ltr'><strong>supposititiam</strong></span> 
     </span>
    </p>
   </div>
   <div class='ocr_carea' id='block_1_58' title="bbox 109 2753 893 2790">
    <p class='ocr_par' dir='ltr' id='par_1_58' title="bbox 109 2753 893 2790">
     <span class='ocr_line' id='line_1_58' title="bbox 109 2753 893 2790; baseline -0.003 -7"><span class='ocrx_word' id='word_1_443' title='bbox 109 2755 160 2778; x_wconf 68' lang='grc' dir='ltr'><strong>εεκ</strong></span> <span class='ocrx_word' id='word_1_444' title='bbox 169 2753 282 2787; x_wconf 79' lang='lat' dir='ltr'><strong>pluribus</strong></span> <span class='ocrx_word' id='word_1_445' title='bbox 295 2755 518 2790; x_wconf 83' lang='lat' dir='ltr'><strong>probaviman</strong></span> <span class='ocrx_word' id='word_1_446' title='bbox 534 2757 630 2784; x_wconf 83' lang='lat' dir='ltr'><strong>Monito</strong></span> <span class='ocrx_word' id='word_1_447' title='bbox 644 2756 728 2784; x_wconf 86' lang='lat' dir='ltr'><strong>Tomo</strong></span> <span class='ocrx_word' id='word_1_448' title='bbox 739 2755 893 2785; x_wconf 69' lang='lat' dir='ltr'><strong>5.co|.7t7_</strong></span> 
     </span>
    </p>
   </div>
   <div class='ocr_carea' id='block_1_59' title="bbox 139 2796 892 2837">
    <p class='ocr_par' dir='ltr' id='par_1_59' title="bbox 139 2796 892 2837">
     <span class='ocr_line' id='line_1_59' title="bbox 139 2796 892 2837; baseline 0.003 -10"><span class='ocrx_word' id='word_1_449' title='bbox 139 2796 300 2834; x_wconf 74' lang='lat' dir='ltr'><strong>Chrysouomi</strong></span> <span class='ocrx_word' id='word_1_450' title='bbox 320 2801 424 2828; x_wconf 85' lang='lat' dir='ltr'><strong>inimici</strong></span> <span class='ocrx_word' id='word_1_451' title='bbox 449 2799 527 2828; x_wconf 76' lang='lat' dir='ltr'><strong>livore</strong></span> <span class='ocrx_word' id='word_1_452' title='bbox 545 2803 651 2837; x_wconf 85' lang='lat' dir='ltr'><strong>correpti</strong></span> <span class='ocrx_word' id='word_1_453' title='bbox 664 2802 892 2829; x_wconf 80' lang='lat' dir='ltr'><strong>illumArabissum</strong></span> 
     </span>
    </p>
   </div>
   <div class='ocr_carea' id='block_1_60' title="bbox 112 2844 894 2882">
    <p class='ocr_par' dir='ltr' id='par_1_60' title="bbox 112 2844 894 2882">
     <span class='ocr_line' id='line_1_60' title="bbox 112 2844 894 2882; baseline 0.013 -14"><span class='ocrx_word' id='word_1_454' title='bbox 112 2845 130 2868; x_wconf 81' lang='lat' dir='ltr'><strong>st</strong></span> <span class='ocrx_word' id='word_1_455' title='bbox 142 2848 220 2875; x_wconf 80' lang='lat' dir='ltr'><strong>postea</strong></span> <span class='ocrx_word' id='word_1_456' title='bbox 235 2844 389 2882; x_wconf 69' lang='lat' dir='ltr'><strong>Pityuntem</strong></span> <span class='ocrx_word' id='word_1_457' title='bbox 399 2845 539 2873; x_wconf 71' lang='lat' dir='ltr'><strong>ainandtm&#39;</strong></span> <span class='ocrx_word' id='word_1_458' title='bbox 557 2853 653 2874; x_wconf 80' lang='lat' dir='ltr'><strong>curant.</strong></span> <span class='ocrx_word' id='word_1_459' title='bbox 673 2862 710 2868; x_wconf 93' lang='lat'><strong>—</strong></span> <span class='ocrx_word' id='word_1_460' title='bbox 728 2847 777 2875; x_wconf 83' lang='lat' dir='ltr'><strong>Per</strong></span> <span class='ocrx_word' id='word_1_461' title='bbox 799 2848 894 2877; x_wconf 85' lang='lat' dir='ltr'><strong>Oricu-</strong></span> 
     </span>
    </p>
   </div>
   <div class='ocr_carea' id='block_1_61' title="bbox 1688 147 1742 177">
    <p class='ocr_par' dir='ltr' id='par_1_61' title="bbox 1688 147 1742 177">
     <span class='ocr_line' id='line_1_61' title="bbox 1688 147 1742 177; baseline 0.056 -3"><span class='ocrx_word' id='word_1_462' title='bbox 1688 147 1742 177; x_wconf 71' lang='lat'><strong>26!</strong></span> 
     </span>
    </p>
   </div>
   <div class='ocr_carea' id='block_1_62' title="bbox 950 200 1740 238">
    <p class='ocr_par' dir='ltr' id='par_1_62' title="bbox 950 200 1740 238">
     <span class='ocr_line' id='line_1_62' title="bbox 950 200 1740 238; baseline 0.006 -11"><span class='ocrx_word' id='word_1_463' title='bbox 950 204 1002 227; x_wconf 81' lang='lat' dir='ltr'><strong>tom</strong></span> <span class='ocrx_word' id='word_1_464' title='bbox 1014 207 1098 228; x_wconf 71' lang='lat' dir='ltr'><strong>mium</strong></span> <span class='ocrx_word' id='word_1_465' title='bbox 1112 201 1240 228; x_wconf 74' lang='lat' dir='ltr'><strong>volitabat</strong></span> <span class='ocrx_word' id='word_1_466' title='bbox 1254 200 1365 228; x_wconf 82' lang='lat' dir='ltr'><strong>Joannis</strong></span> <span class='ocrx_word' id='word_1_467' title='bbox 1377 201 1460 228; x_wconf 88' lang='lat' dir='ltr'><strong>nostri</strong></span> <span class='ocrx_word' id='word_1_468' title='bbox 1471 200 1541 229; x_wconf 78' lang='lat' dir='ltr'><strong>fama</strong></span> <span class='ocrx_word' id='word_1_469' title='bbox 1550 223 1558 236; x_wconf 90' lang='lat'><strong>,</strong></span> <span class='ocrx_word' id='word_1_470' title='bbox 1574 204 1618 238; x_wconf 88' lang='lat' dir='ltr'><strong>qui</strong></span> <span class='ocrx_word' id='word_1_471' title='bbox 1644 204 1740 232; x_wconf 83' lang='lat' dir='ltr'><strong>Cucusi</strong></span> 
     </span>
    </p>
   </div>
   <div class='ocr_carea' id='block_1_63' title="bbox 947 247 1739 285">
    <p class='ocr_par' dir='ltr' id='par_1_63' title="bbox 947 247 1739 285">
     <span class='ocr_line' id='line_1_63' title="bbox 947 247 1739 285; baseline 0.009 -13"><span class='ocrx_word' id='word_1_472' title='bbox 947 251 974 272; x_wconf 90' lang='lat' dir='ltr'><strong>et</strong></span> <span class='ocrx_word' id='word_1_473' title='bbox 985 251 1076 276; x_wconf 79' lang='lat' dir='ltr'><strong>postea</strong></span> <span class='ocrx_word' id='word_1_474' title='bbox 1091 247 1210 274; x_wconf 77' lang='lat' dir='ltr'><strong>Arabissi</strong></span> <span class='ocrx_word' id='word_1_475' title='bbox 1233 248 1321 280; x_wconf 60' lang='lat' dir='ltr'><strong>exsul,</strong></span> <span class='ocrx_word' id='word_1_476' title='bbox 1335 255 1429 276; x_wconf 85' lang='lat' dir='ltr'><strong>omnes</strong></span> <span class='ocrx_word' id='word_1_477' title='bbox 1452 249 1553 276; x_wconf 84' lang='lat' dir='ltr'><strong>circum</strong></span> <span class='ocrx_word' id='word_1_478' title='bbox 1582 250 1694 285; x_wconf 85' lang='lat' dir='ltr'><strong>populos</strong></span> <span class='ocrx_word' id='word_1_479' title='bbox 1711 256 1739 278; x_wconf 86' lang='lat' dir='ltr'><strong>et</strong></span> 
     </span>
    </p>
   </div>
   <div class='ocr_carea' id='block_1_64' title="bbox 948 292 1740 327">
    <p class='ocr_par' dir='ltr' id='par_1_64' title="bbox 948 292 1740 327">
     <span class='ocr_line' id='line_1_64' title="bbox 948 292 1740 327; baseline 0.009 -10"><span class='ocrx_word' id='word_1_480' title='bbox 948 298 1017 325; x_wconf 84' lang='lat' dir='ltr'><strong>pane</strong></span> <span class='ocrx_word' id='word_1_481' title='bbox 1029 296 1056 318; x_wconf 90' lang='lat' dir='ltr'><strong>et</strong></span> <span class='ocrx_word' id='word_1_482' title='bbox 1075 292 1161 319; x_wconf 90' lang='lat' dir='ltr'><strong>verbo</strong></span> <span class='ocrx_word' id='word_1_483' title='bbox 1175 293 1220 320; x_wconf 82' lang='lat' dir='ltr'><strong>Dei</strong></span> <span class='ocrx_word' id='word_1_484' title='bbox 1236 298 1355 327; x_wconf 73' lang='lat' dir='ltr'><strong>paverat.</strong></span> <span class='ocrx_word' id='word_1_485' title='bbox 1368 292 1543 322; x_wconf 81' lang='lat' dir='ltr'><strong>Confluebant</strong></span> <span class='ocrx_word' id='word_1_486' title='bbox 1563 296 1627 322; x_wconf 87' lang='lat' dir='ltr'><strong>item</strong></span> <span class='ocrx_word' id='word_1_487' title='bbox 1653 297 1740 324; x_wconf 70' lang='lat' dir='ltr'><strong>Antio</strong></span> 
     </span>
    </p>
   </div>
   <div class='ocr_carea' id='block_1_65' title="bbox 947 335 1739 375">
    <p class='ocr_par' dir='ltr' id='par_1_65' title="bbox 947 335 1739 375">
     <span class='ocr_line' id='line_1_65' title="bbox 947 335 1739 375; baseline 0.008 -12"><span class='ocrx_word' id='word_1_488' title='bbox 947 335 1094 366; x_wconf 85' lang='lat' dir='ltr'><strong>chenieius</strong></span> <span class='ocrx_word' id='word_1_489' title='bbox 1106 337 1236 366; x_wconf 86' lang='lat' dir='ltr'><strong>invisendi</strong></span> <span class='ocrx_word' id='word_1_490' title='bbox 1249 346 1345 372; x_wconf 84' lang='lat' dir='ltr'><strong>causa,</strong></span> <span class='ocrx_word' id='word_1_491' title='bbox 1361 344 1388 366; x_wconf 88' lang='lat' dir='ltr'><strong>et</strong></span> <span class='ocrx_word' id='word_1_492' title='bbox 1400 340 1548 368; x_wconf 72' lang='lat' dir='ltr'><strong>Antiochia:</strong></span> <span class='ocrx_word' id='word_1_493' title='bbox 1569 341 1628 375; x_wconf 83' lang='lat' dir='ltr'><strong>ejus</strong></span> <span class='ocrx_word' id='word_1_494' title='bbox 1640 343 1739 369; x_wconf 89' lang='lat' dir='ltr'><strong>sancti-</strong></span> 
     </span>
    </p>
   </div>
   <div class='ocr_carea' id='block_1_66' title="bbox 947 383 1741 422">
    <p class='ocr_par' dir='ltr' id='par_1_66' title="bbox 947 383 1741 422">
     <span class='ocr_line' id='line_1_66' title="bbox 947 383 1741 422; baseline 0.006 -12"><span class='ocrx_word' id='word_1_495' title='bbox 947 387 988 410; x_wconf 89' lang='lat' dir='ltr'><strong>tas</strong></span> <span class='ocrx_word' id='word_1_496' title='bbox 1006 383 1210 418; x_wconf 55' lang='lat' dir='ltr'><strong>praedicabatur.</strong></span> <span class='ocrx_word' id='word_1_497' title='bbox 1224 385 1285 412; x_wconf 65' lang='lat' dir='ltr'><strong>Haec</strong></span> <span class='ocrx_word' id='word_1_498' title='bbox 1299 385 1358 420; x_wconf 81' lang='lat' dir='ltr'><strong>ejus</strong></span> <span class='ocrx_word' id='word_1_499' title='bbox 1373 385 1541 413; x_wconf 73' lang='lat' dir='ltr'><strong>adversarios</strong></span> <span class='ocrx_word' id='word_1_500' title='bbox 1564 387 1741 422; x_wconf 84' lang='lat' dir='ltr'><strong>mordebant,</strong></span> 
     </span>
    </p>
   </div>
   <div class='ocr_carea' id='block_1_67' title="bbox 946 431 1740 471">
    <p class='ocr_par' dir='ltr' id='par_1_67' title="bbox 946 431 1740 471">
     <span class='ocr_line' id='line_1_67' title="bbox 946 431 1740 471; baseline 0.008 -14"><span class='ocrx_word' id='word_1_501' title='bbox 946 431 1144 465; x_wconf 61' lang='lat' dir='ltr'><strong>atqueinvidiie</strong></span> <span class='ocrx_word' id='word_1_502' title='bbox 1155 432 1261 460; x_wconf 79' lang='lat' dir='ltr'><strong>flamma</strong></span> <span class='ocrx_word' id='word_1_503' title='bbox 1272 434 1376 461; x_wconf 85' lang='lat' dir='ltr'><strong>accensi</strong></span> <span class='ocrx_word' id='word_1_504' title='bbox 1391 433 1552 462; x_wconf 86' lang='lat' dir='ltr'><strong>Severianus</strong></span> <span class='ocrx_word' id='word_1_505' title='bbox 1574 439 1602 463; x_wconf 88' lang='lat' dir='ltr'><strong>et</strong></span> <span class='ocrx_word' id='word_1_506' title='bbox 1618 435 1740 471; x_wconf 81' lang='lat' dir='ltr'><strong>Porphy-</strong></span> 
     </span>
    </p>
   </div>
   <div class='ocr_carea' id='block_1_68' title="bbox 947 479 1739 516">
    <p class='ocr_par' dir='ltr' id='par_1_68' title="bbox 947 479 1739 516">
     <span class='ocr_line' id='line_1_68' title="bbox 947 479 1739 516; baseline 0.008 -11"><span class='ocrx_word' id='word_1_507' title='bbox 947 479 1017 511; x_wconf 80' lang='lat' dir='ltr'><strong>rius,</strong></span> <span class='ocrx_word' id='word_1_508' title='bbox 1033 487 1065 506; x_wconf 87' lang='lat' dir='ltr'><strong>ac</strong></span> <span class='ocrx_word' id='word_1_509' title='bbox 1088 480 1196 515; x_wconf 83' lang='lat' dir='ltr'><strong>quidam</strong></span> <span class='ocrx_word' id='word_1_510' title='bbox 1210 480 1255 507; x_wconf 89' lang='lat' dir='ltr'><strong>alii</strong></span> <span class='ocrx_word' id='word_1_511' title='bbox 1269 481 1386 515; x_wconf 81' lang='lat' dir='ltr'><strong>episcopi</strong></span> <span class='ocrx_word' id='word_1_512' title='bbox 1409 480 1511 516; x_wconf 65' lang='lat' dir='ltr'><strong>Syriae,</strong></span> <span class='ocrx_word' id='word_1_513' title='bbox 1528 486 1556 509; x_wconf 82' lang='grc' dir='ltr'><strong>ιη</strong></span> <span class='ocrx_word' id='word_1_514' title='bbox 1576 482 1629 510; x_wconf 86' lang='lat' dir='ltr'><strong>alio</strong></span> <span class='ocrx_word' id='word_1_515' title='bbox 1651 487 1739 510; x_wconf 79' lang='lat' dir='ltr'><strong>trans-</strong></span> 
     </span>
    </p>
   </div>
   <div class='ocr_carea' id='block_1_69' title="bbox 946 522 1741 563">
    <p class='ocr_par' dir='ltr' id='par_1_69' title="bbox 946 522 1741 563">
     <span class='ocr_line' id='line_1_69' title="bbox 946 522 1741 563; baseline 0.008 -13"><span class='ocrx_word' id='word_1_516' title='bbox 946 522 1061 551; x_wconf 78' lang='lat' dir='ltr'><strong>ferretur</strong></span> <span class='ocrx_word' id='word_1_517' title='bbox 1087 524 1174 552; x_wconf 88' lang='lat' dir='ltr'><strong>moliri</strong></span> <span class='ocrx_word' id='word_1_518' title='bbox 1198 530 1336 560; x_wconf 61' lang='lat' dir='ltr'><strong>caperent</strong></span> <span class='ocrx_word' id='word_1_519' title='bbox 1351 525 1470 560; x_wconf 84' lang='lat' dir='ltr'><strong>(&#39;Pallud.</strong></span> <span class='ocrx_word' id='word_1_520' title='bbox 1496 526 1624 563; x_wconf 83' lang='lat' dir='ltr'><strong>Dialog.).</strong></span> <span class='ocrx_word' id='word_1_521' title='bbox 1643 528 1741 556; x_wconf 85' lang='lat' dir='ltr'><strong>Clerici</strong></span> 
     </span>
    </p>
   </div>
   <div class='ocr_carea' id='block_1_70' title="bbox 945 569 1740 604">
    <p class='ocr_par' dir='ltr' id='par_1_70' title="bbox 945 569 1740 604">
     <span class='ocr_line' id='line_1_70' title="bbox 945 569 1740 604; baseline 0.006 -8"><span class='ocrx_word' id='word_1_522' title='bbox 945 576 1052 604; x_wconf 86' lang='lat' dir='ltr'><strong>quoque</strong></span> <span class='ocrx_word' id='word_1_523' title='bbox 1074 569 1118 604; x_wconf 90' lang='lat' dir='ltr'><strong>qui</strong></span> <span class='ocrx_word' id='word_1_524' title='bbox 1144 570 1205 598; x_wconf 90' lang='lat' dir='ltr'><strong>illos</strong></span> <span class='ocrx_word' id='word_1_525' title='bbox 1231 571 1400 598; x_wconf 83' lang='lat' dir='ltr'><strong>sectabantur</strong></span> <span class='ocrx_word' id='word_1_526' title='bbox 1424 571 1573 600; x_wconf 88' lang='lat' dir='ltr'><strong>mirabundi</strong></span> <span class='ocrx_word' id='word_1_527' title='bbox 1597 573 1740 601; x_wconf 74' lang='lat' dir='ltr'><strong>dicebant:</strong></span> 
     </span>
    </p>
   </div>
   <div class='ocr_carea' id='block_1_71' title="bbox 954 613 1738 652">
    <p class='ocr_par' dir='ltr' id='par_1_71' title="bbox 954 613 1738 652">
     <span class='ocr_line' id='line_1_71' title="bbox 954 613 1738 652; baseline 0.006 -12"><span class='ocrx_word' id='word_1_528' title='bbox 954 613 1038 641; x_wconf 82' lang='lat' dir='ltr'><strong>Videte</strong></span> <span class='ocrx_word' id='word_1_529' title='bbox 1059 619 1185 642; x_wconf 84' lang='lat' dir='ltr'><strong>mortuum</strong></span> <span class='ocrx_word' id='word_1_530' title='bbox 1206 615 1358 649; x_wconf 81' lang='lat' dir='ltr'><strong>terribilem,</strong></span> <span class='ocrx_word' id='word_1_531' title='bbox 1373 616 1440 643; x_wconf 75' lang='lat' dir='ltr'><strong>uiuos</strong></span> <span class='ocrx_word' id='word_1_532' title='bbox 1466 617 1619 652; x_wconf 73' lang='lat' dir='ltr'><strong>victoresque</strong></span> <span class='ocrx_word' id='word_1_533' title='bbox 1642 623 1738 645; x_wconf 81' lang='lat' dir='ltr'><strong>terren-</strong></span> 
     </span>
    </p>
   </div>
   <div class='ocr_carea' id='block_1_72' title="bbox 945 660 1738 696">
    <p class='ocr_par' dir='ltr' id='par_1_72' title="bbox 945 660 1738 696">
     <span class='ocr_line' id='line_1_72' title="bbox 945 660 1738 696; baseline 0.004 -10"><span class='ocrx_word' id='word_1_534' title='bbox 945 663 1004 692; x_wconf 85' lang='lat' dir='ltr'><strong>tem,</strong></span> <span class='ocrx_word' id='word_1_535' title='bbox 1019 665 1046 686; x_wconf 83' lang='lat' dir='ltr'><strong>ut</strong></span> <span class='ocrx_word' id='word_1_536' title='bbox 1060 668 1150 694; x_wconf 70' lang='lat' dir='ltr'><strong>pueros</strong></span> <span class='ocrx_word' id='word_1_537' title='bbox 1163 664 1255 687; x_wconf 84' lang='lat' dir='ltr'><strong>terrent</strong></span> <span class='ocrx_word' id='word_1_538' title='bbox 1270 660 1356 687; x_wconf 71' lang='lat' dir='ltr'><strong>larva.</strong></span> <span class='ocrx_word' id='word_1_539' title='bbox 1371 660 1467 695; x_wconf 66' lang='grc' dir='ltr'><strong><em>μέτρω]</em></strong></span> <span class='ocrx_word' id='word_1_540' title='bbox 1485 661 1503 687; x_wconf 88' lang='lat' dir='ltr'><strong>ii</strong></span> <span class='ocrx_word' id='word_1_541' title='bbox 1514 662 1557 696; x_wconf 79' lang='lat' dir='ltr'><strong>qui</strong></span> <span class='ocrx_word' id='word_1_542' title='bbox 1575 662 1738 689; x_wconf 65' lang='lat' dir='ltr'><strong>saecularibus</strong></span> 
     </span>
    </p>
   </div>
   <div class='ocr_carea' id='block_1_73' title="bbox 946 705 1737 741">
    <p class='ocr_par' dir='ltr' id='par_1_73' title="bbox 946 705 1737 741">
     <span class='ocr_line' id='line_1_73' title="bbox 946 705 1737 741; baseline 0.004 -10"><span class='ocrx_word' id='word_1_543' title='bbox 946 705 1108 739; x_wconf 85' lang='lat' dir='ltr'><strong>potestatibus</strong></span> <span class='ocrx_word' id='word_1_544' title='bbox 1125 711 1199 741; x_wconf 79' lang='lat' dir='ltr'><strong>atque</strong></span> <span class='ocrx_word' id='word_1_545' title='bbox 1222 706 1396 734; x_wconf 72' lang='lat' dir='ltr'><strong>ecclesiasticis</strong></span> <span class='ocrx_word' id='word_1_546' title='bbox 1418 707 1508 741; x_wconf 81' lang='lat' dir='ltr'><strong>opibus</strong></span> <span class='ocrx_word' id='word_1_547' title='bbox 1533 708 1653 734; x_wconf 75' lang='lat' dir='ltr'><strong>succincti</strong></span> <span class='ocrx_word' id='word_1_548' title='bbox 1677 713 1737 735; x_wconf 86' lang='lat' dir='ltr'><strong>sunt</strong></span> 
     </span>
    </p>
   </div>
   <div class='ocr_carea' id='block_1_74' title="bbox 948 751 1741 786">
    <p class='ocr_par' dir='ltr' id='par_1_74' title="bbox 948 751 1741 786">
     <span class='ocr_line' id='line_1_74' title="bbox 948 751 1741 786; baseline 0.004 -10"><span class='ocrx_word' id='word_1_549' title='bbox 948 758 1005 777; x_wconf 85' lang='lat' dir='ltr'><strong>cum</strong></span> <span class='ocrx_word' id='word_1_550' title='bbox 1016 755 1139 785; x_wconf 83' lang='lat' dir='ltr'><strong>potestate</strong></span> <span class='ocrx_word' id='word_1_551' title='bbox 1147 755 1172 778; x_wconf 88' lang='lat' dir='ltr'><strong>et</strong></span> <span class='ocrx_word' id='word_1_552' title='bbox 1185 759 1242 777; x_wconf 85' lang='lat' dir='ltr'><strong>cum</strong></span> <span class='ocrx_word' id='word_1_553' title='bbox 1256 759 1339 778; x_wconf 82' lang='lat' dir='ltr'><strong>rerum</strong></span> <span class='ocrx_word' id='word_1_554' title='bbox 1349 751 1455 786; x_wconf 80' lang='lat' dir='ltr'><strong>imperio</strong></span> <span class='ocrx_word' id='word_1_555' title='bbox 1465 772 1473 785; x_wconf 87' lang='lat'><strong>,</strong></span> <span class='ocrx_word' id='word_1_556' title='bbox 1485 752 1638 779; x_wconf 84' lang='lat' dir='ltr'><strong>sacerdotem</strong></span> <span class='ocrx_word' id='word_1_557' title='bbox 1647 752 1741 786; x_wconf 85' lang='lat' dir='ltr'><strong>solum,</strong></span> 
     </span>
    </p>
   </div>
   <div class='ocr_carea' id='block_1_75' title="bbox 946 796 1742 832">
    <p class='ocr_par' dir='ltr' id='par_1_75' title="bbox 946 796 1742 832">
     <span class='ocr_line' id='line_1_75' title="bbox 946 796 1742 832; baseline 0.003 -10"><span class='ocrx_word' id='word_1_558' title='bbox 946 800 1072 822; x_wconf 64' lang='lat' dir='ltr'><strong>extorrem</strong></span> <span class='ocrx_word' id='word_1_559' title='bbox 1082 816 1089 828; x_wconf 87' lang='lat'><strong>,</strong></span> <span class='ocrx_word' id='word_1_560' title='bbox 1099 804 1205 831; x_wconf 86' lang='lat' dir='ltr'><strong>corpore</strong></span> <span class='ocrx_word' id='word_1_561' title='bbox 1219 796 1348 830; x_wconf 81' lang='lat' dir='ltr'><strong>inﬁrmum</strong></span> <span class='ocrx_word' id='word_1_562' title='bbox 1357 816 1365 829; x_wconf 94' lang='lat'><strong>,</strong></span> <span class='ocrx_word' id='word_1_563' title='bbox 1379 797 1490 824; x_wconf 69' lang='lat' dir='ltr'><strong>exsulem</strong></span> <span class='ocrx_word' id='word_1_564' title='bbox 1506 798 1592 824; x_wconf 77' lang='lat' dir='ltr'><strong>timent</strong></span> <span class='ocrx_word' id='word_1_565' title='bbox 1609 803 1632 824; x_wconf 90' lang='lat' dir='ltr'><strong>et</strong></span> <span class='ocrx_word' id='word_1_566' title='bbox 1647 797 1742 832; x_wconf 84' lang='lat' dir='ltr'><strong>pallent</strong></span> 
     </span>
    </p>
   </div>
   <div class='ocr_carea' id='block_1_76' title="bbox 946 841 1741 878">
    <p class='ocr_par' dir='ltr' id='par_1_76' title="bbox 946 841 1741 878">
     <span class='ocr_line' id='line_1_76' title="bbox 946 841 1741 878; baseline 0.003 -10"><span class='ocrx_word' id='word_1_567' title='bbox 946 841 1092 869; x_wconf 88' lang='lat' dir='ltr'><strong>titubantes.</strong></span> <span class='ocrx_word' id='word_1_568' title='bbox 1108 841 1135 868; x_wconf 76' lang='grc' dir='ltr'><strong>ιι]</strong></span> <span class='ocrx_word' id='word_1_569' title='bbox 1151 849 1211 869; x_wconf 88' lang='lat' dir='ltr'><strong>eum</strong></span> <span class='ocrx_word' id='word_1_570' title='bbox 1228 841 1267 869; x_wconf 88' lang='lat' dir='ltr'><strong>illi</strong></span> <span class='ocrx_word' id='word_1_571' title='bbox 1281 841 1352 869; x_wconf 88' lang='lat' dir='ltr'><strong>ferre</strong></span> <span class='ocrx_word' id='word_1_572' title='bbox 1363 849 1415 868; x_wconf 90' lang='lat' dir='ltr'><strong>non</strong></span> <span class='ocrx_word' id='word_1_573' title='bbox 1431 842 1500 869; x_wconf 86' lang='lat' dir='ltr'><strong>ultra</strong></span> <span class='ocrx_word' id='word_1_574' title='bbox 1513 847 1639 878; x_wconf 83' lang='lat' dir='ltr'><strong>possent,</strong></span> <span class='ocrx_word' id='word_1_575' title='bbox 1654 843 1741 878; x_wconf 87' lang='lat' dir='ltr'><strong>impe-</strong></span> 
     </span>
    </p>
   </div>
   <div class='ocr_carea' id='block_1_77' title="bbox 949 888 1741 920">
    <p class='ocr_par' dir='ltr' id='par_1_77' title="bbox 949 888 1741 920">
     <span class='ocr_line' id='line_1_77' title="bbox 949 888 1741 920; baseline 0.001 -5"><span class='ocrx_word' id='word_1_576' title='bbox 949 893 1053 916; x_wconf 88' lang='lat' dir='ltr'><strong>trarunt</strong></span> <span class='ocrx_word' id='word_1_577' title='bbox 1066 893 1095 915; x_wconf 90' lang='lat' dir='ltr'><strong>ut</strong></span> <span class='ocrx_word' id='word_1_578' title='bbox 1107 888 1262 915; x_wconf 84' lang='lat' dir='ltr'><strong>Arabissum</strong></span> <span class='ocrx_word' id='word_1_579' title='bbox 1274 888 1474 920; x_wconf 85' lang='lat' dir='ltr'><strong>transferretur,</strong></span> <span class='ocrx_word' id='word_1_580' title='bbox 1489 888 1513 915; x_wconf 89' lang='lat' dir='ltr'><strong>id</strong></span> <span class='ocrx_word' id='word_1_581' title='bbox 1530 893 1653 916; x_wconf 83' lang='lat' dir='ltr'><strong>curantes</strong></span> <span class='ocrx_word' id='word_1_582' title='bbox 1668 889 1741 916; x_wconf 81' lang='lat' dir='ltr'><strong>vide-</strong></span> 
     </span>
    </p>
   </div>
   <div class='ocr_carea' id='block_1_78' title="bbox 946 933 1742 968">
    <p class='ocr_par' dir='ltr' id='par_1_78' title="bbox 946 933 1742 968">
     <span class='ocr_line' id='line_1_78' title="bbox 946 933 1742 968; baseline 0.001 -8"><span class='ocrx_word' id='word_1_583' title='bbox 946 933 1024 966; x_wconf 90' lang='lat' dir='ltr'><strong>licet,</strong></span> <span class='ocrx_word' id='word_1_584' title='bbox 1042 938 1070 960; x_wconf 91' lang='lat' dir='ltr'><strong>ut</strong></span> <span class='ocrx_word' id='word_1_585' title='bbox 1083 934 1107 960; x_wconf 91' lang='lat' dir='ltr'><strong>vi</strong></span> <span class='ocrx_word' id='word_1_586' title='bbox 1119 933 1292 960; x_wconf 69' lang='lat' dir='ltr'><strong>vexationutn</strong></span> <span class='ocrx_word' id='word_1_587' title='bbox 1303 933 1388 960; x_wconf 85' lang='lat' dir='ltr'><strong>virum</strong></span> <span class='ocrx_word' id='word_1_588' title='bbox 1404 938 1457 960; x_wconf 86' lang='lat' dir='ltr'><strong>tam</strong></span> <span class='ocrx_word' id='word_1_589' title='bbox 1471 933 1576 960; x_wconf 86' lang='lat' dir='ltr'><strong>infirmo</strong></span> <span class='ocrx_word' id='word_1_590' title='bbox 1591 941 1702 968; x_wconf 84' lang='lat' dir='ltr'><strong>corpore</strong></span> <span class='ocrx_word' id='word_1_591' title='bbox 1716 934 1742 961; x_wconf 91' lang='lat' dir='ltr'><strong>iu</strong></span> 
     </span>
    </p>
   </div>
   <div class='ocr_carea' id='block_1_79' title="bbox 948 979 1743 1014">
    <p class='ocr_par' dir='ltr' id='par_1_79' title="bbox 948 979 1743 1014">
     <span class='ocr_line' id='line_1_79' title="bbox 948 979 1743 1014; baseline 0 -8"><span class='ocrx_word' id='word_1_592' title='bbox 948 979 1084 1007; x_wconf 87' lang='lat' dir='ltr'><strong>interitum</strong></span> <span class='ocrx_word' id='word_1_593' title='bbox 1098 979 1271 1007; x_wconf 84' lang='lat' dir='ltr'><strong>deducerent.</strong></span> <span class='ocrx_word' id='word_1_594' title='bbox 1282 979 1348 1006; x_wconf 88' lang='lat' dir='ltr'><strong>Cum</strong></span> <span class='ocrx_word' id='word_1_595' title='bbox 1359 983 1447 1014; x_wconf 82' lang='lat' dir='ltr'><strong>autem</strong></span> <span class='ocrx_word' id='word_1_596' title='bbox 1470 987 1523 1006; x_wconf 90' lang='lat' dir='ltr'><strong>non</strong></span> <span class='ocrx_word' id='word_1_597' title='bbox 1539 979 1627 1006; x_wconf 85' lang='lat' dir='ltr'><strong>minus</strong></span> <span class='ocrx_word' id='word_1_598' title='bbox 1652 980 1743 1014; x_wconf 86' lang='lat' dir='ltr'><strong>splen-</strong></span> 
     </span>
    </p>
   </div>
   <div class='ocr_carea' id='block_1_80' title="bbox 946 1024 1743 1059">
    <p class='ocr_par' dir='ltr' id='par_1_80' title="bbox 946 1024 1743 1059">
     <span class='ocr_line' id='line_1_80' title="bbox 946 1024 1743 1059; baseline 0 -8"><span class='ocrx_word' id='word_1_599' title='bbox 946 1024 1022 1051; x_wconf 86' lang='lat' dir='ltr'><strong>deret</strong></span> <span class='ocrx_word' id='word_1_600' title='bbox 1035 1025 1150 1057; x_wconf 85' lang='lat' dir='ltr'><strong>virtute,</strong></span> <span class='ocrx_word' id='word_1_601' title='bbox 1166 1028 1194 1051; x_wconf 90' lang='lat' dir='ltr'><strong>et</strong></span> <span class='ocrx_word' id='word_1_602' title='bbox 1218 1025 1290 1059; x_wconf 83' lang='lat' dir='ltr'><strong>paria</strong></span> <span class='ocrx_word' id='word_1_603' title='bbox 1320 1029 1459 1059; x_wconf 69' lang='lat' dir='ltr'><strong>prrestaret</strong></span> <span class='ocrx_word' id='word_1_604' title='bbox 1486 1024 1604 1051; x_wconf 83' lang='lat' dir='ltr'><strong>Arabissi</strong></span> <span class='ocrx_word' id='word_1_605' title='bbox 1628 1025 1662 1051; x_wconf 89' lang='lat' dir='ltr'><strong>iis</strong></span> <span class='ocrx_word' id='word_1_606' title='bbox 1683 1033 1743 1059; x_wconf 69' lang='lat' dir='ltr'><strong>qua:</strong></span> 
     </span>
    </p>
   </div>
   <div class='ocr_carea' id='block_1_81' title="bbox 946 1068 1743 1104">
    <p class='ocr_par' dir='ltr' id='par_1_81' title="bbox 946 1068 1743 1104">
     <span class='ocr_line' id='line_1_81' title="bbox 946 1068 1743 1104; baseline 0 -8"><span class='ocrx_word' id='word_1_607' title='bbox 946 1069 1041 1097; x_wconf 82' lang='lat' dir='ltr'><strong>Cucusi</strong></span> <span class='ocrx_word' id='word_1_608' title='bbox 1054 1069 1108 1104; x_wconf 84' lang='lat' dir='ltr'><strong>jam</strong></span> <span class='ocrx_word' id='word_1_609' title='bbox 1118 1068 1253 1101; x_wconf 85' lang='lat' dir='ltr'><strong>ediderat,</strong></span> <span class='ocrx_word' id='word_1_610' title='bbox 1273 1076 1367 1096; x_wconf 87' lang='lat' dir='ltr'><strong>rursus</strong></span> <span class='ocrx_word' id='word_1_611' title='bbox 1385 1068 1420 1096; x_wconf 90' lang='lat' dir='ltr'><strong>ab</strong></span> <span class='ocrx_word' id='word_1_612' title='bbox 1434 1068 1493 1095; x_wconf 91' lang='lat' dir='ltr'><strong>aula</strong></span> <span class='ocrx_word' id='word_1_613' title='bbox 1508 1069 1678 1103; x_wconf 87' lang='lat' dir='ltr'><strong>lmperatoria</strong></span> <span class='ocrx_word' id='word_1_614' title='bbox 1701 1077 1743 1096; x_wconf 83' lang='lat' dir='ltr'><strong>re—</strong></span> 
     </span>
    </p>
   </div>
   <div class='ocr_carea' id='block_1_82' title="bbox 946 1113 1742 1149">
    <p class='ocr_par' dir='ltr' id='par_1_82' title="bbox 946 1113 1742 1149">
     <span class='ocr_line' id='line_1_82' title="bbox 946 1113 1742 1149; baseline 0.001 -8"><span class='ocrx_word' id='word_1_615' title='bbox 946 1115 1074 1149; x_wconf 84' lang='lat' dir='ltr'><strong>scriptum</strong></span> <span class='ocrx_word' id='word_1_616' title='bbox 1099 1114 1187 1141; x_wconf 87' lang='lat' dir='ltr'><strong>acrius</strong></span> <span class='ocrx_word' id='word_1_617' title='bbox 1208 1114 1397 1149; x_wconf 80' lang='lat' dir='ltr'><strong>impetrarunt,</strong></span> <span class='ocrx_word' id='word_1_618' title='bbox 1412 1118 1440 1141; x_wconf 86' lang='lat' dir='ltr'><strong>ut</strong></span> <span class='ocrx_word' id='word_1_619' title='bbox 1466 1113 1534 1141; x_wconf 89' lang='lat' dir='ltr'><strong>intra</strong></span> <span class='ocrx_word' id='word_1_620' title='bbox 1557 1113 1742 1142; x_wconf 86' lang='lat' dir='ltr'><strong>brevissimum</strong></span> 
     </span>
    </p>
   </div>
   <div class='ocr_carea' id='block_1_83' title="bbox 948 1159 1742 1195">
    <p class='ocr_par' dir='ltr' id='par_1_83' title="bbox 948 1159 1742 1195">
     <span class='ocr_line' id='line_1_83' title="bbox 948 1159 1742 1195; baseline 0.003 -9"><span class='ocrx_word' id='word_1_621' title='bbox 948 1164 1052 1194; x_wconf 89' lang='lat' dir='ltr'><strong>tempus</strong></span> <span class='ocrx_word' id='word_1_622' title='bbox 1087 1160 1248 1194; x_wconf 77' lang='lat' dir='ltr'><strong>assignatum</strong></span> <span class='ocrx_word' id='word_1_623' title='bbox 1278 1159 1429 1195; x_wconf 84' lang='lat' dir='ltr'><strong>Pilyuntem</strong></span> <span class='ocrx_word' id='word_1_624' title='bbox 1465 1160 1616 1193; x_wconf 85' lang='lat' dir='ltr'><strong>duceretur,</strong></span> <span class='ocrx_word' id='word_1_625' title='bbox 1652 1160 1742 1188; x_wconf 85' lang='lat' dir='ltr'><strong>locum</strong></span> 
     </span>
    </p>
   </div>
   <div class='ocr_carea' id='block_1_84' title="bbox 947 1204 1741 1240">
    <p class='ocr_par' dir='ltr' id='par_1_84' title="bbox 947 1204 1741 1240">
     <span class='ocr_line' id='line_1_84' title="bbox 947 1204 1741 1240; baseline 0.003 -8"><span class='ocrx_word' id='word_1_626' title='bbox 947 1205 1064 1240; x_wconf 72' lang='lat' dir='ltr'><strong>regionis</strong></span> <span class='ocrx_word' id='word_1_627' title='bbox 1077 1204 1227 1232; x_wconf 77' lang='lat' dir='ltr'><strong>&#39;l&#39;zanorum</strong></span> <span class='ocrx_word' id='word_1_628' title='bbox 1257 1205 1483 1239; x_wconf 87' lang='lat' dir='ltr'><strong>desertissimum,</strong></span> <span class='ocrx_word' id='word_1_629' title='bbox 1498 1205 1532 1232; x_wconf 88' lang='lat' dir='ltr'><strong>ad</strong></span> <span class='ocrx_word' id='word_1_630' title='bbox 1558 1205 1619 1233; x_wconf 87' lang='lat' dir='ltr'><strong>litus</strong></span> <span class='ocrx_word' id='word_1_631' title='bbox 1639 1205 1741 1234; x_wconf 79' lang='lat' dir='ltr'><strong>Pontici</strong></span> 
     </span>
    </p>
   </div>
   <div class='ocr_carea' id='block_1_85' title="bbox 946 1251 1141 1278">
    <p class='ocr_par' dir='ltr' id='par_1_85' title="bbox 946 1251 1141 1278">
     <span class='ocr_line' id='line_1_85' title="bbox 946 1251 1141 1278; baseline -0.005 0"><span class='ocrx_word' id='word_1_632' title='bbox 946 1251 1028 1278; x_wconf 86' lang='lat' dir='ltr'><strong>maris</strong></span> <span class='ocrx_word' id='word_1_633' title='bbox 1051 1251 1141 1278; x_wconf 88' lang='lat' dir='ltr'><strong>situm.</strong></span> 
     </span>
    </p>
   </div>
   <div class='ocr_carea' id='block_1_86' title="bbox 983 1295 1738 1331">
    <p class='ocr_par' dir='ltr' id='par_1_86' title="bbox 983 1295 1738 1331">
     <span class='ocr_line' id='line_1_86' title="bbox 983 1295 1738 1331; baseline 0.003 -8"><span class='ocrx_word' id='word_1_634' title='bbox 983 1296 1078 1324; x_wconf 78' lang='lat' dir='ltr'><strong>Milites</strong></span> <span class='ocrx_word' id='word_1_635' title='bbox 1092 1301 1180 1323; x_wconf 87' lang='lat' dir='ltr'><strong>autem</strong></span> <span class='ocrx_word' id='word_1_636' title='bbox 1196 1295 1316 1323; x_wconf 74' lang='lat' dir='ltr'><strong>Praefecti</strong></span> <span class='ocrx_word' id='word_1_637' title='bbox 1338 1295 1483 1328; x_wconf 74' lang='lat' dir='ltr'><strong>Prtetorio,</strong></span> <span class='ocrx_word' id='word_1_638' title='bbox 1499 1296 1545 1331; x_wconf 87' lang='lat' dir='ltr'><strong>qui</strong></span> <span class='ocrx_word' id='word_1_639' title='bbox 1565 1296 1636 1323; x_wconf 94' lang='lat' dir='ltr'><strong>illum</strong></span> <span class='ocrx_word' id='word_1_640' title='bbox 1655 1296 1738 1325; x_wconf 83' lang='lat' dir='ltr'><strong>duce-</strong></span> 
     </span>
    </p>
   </div>
   <div class='ocr_carea' id='block_1_87' title="bbox 946 1341 1740 1377">
    <p class='ocr_par' dir='ltr' id='par_1_87' title="bbox 946 1341 1740 1377">
     <span class='ocr_line' id='line_1_87' title="bbox 946 1341 1740 1377; baseline 0.003 -8"><span class='ocrx_word' id='word_1_641' title='bbox 946 1341 1028 1374; x_wconf 76' lang='lat' dir='ltr'><strong>bant,</strong></span> <span class='ocrx_word' id='word_1_642' title='bbox 1040 1342 1066 1369; x_wconf 86' lang='lat' dir='ltr'><strong>in</strong></span> <span class='ocrx_word' id='word_1_643' title='bbox 1078 1342 1119 1369; x_wconf 85' lang='lat' dir='ltr'><strong>via</strong></span> <span class='ocrx_word' id='word_1_644' title='bbox 1135 1342 1220 1377; x_wconf 83' lang='lat' dir='ltr'><strong>ipsum</strong></span> <span class='ocrx_word' id='word_1_645' title='bbox 1234 1342 1350 1369; x_wconf 76' lang='lat' dir='ltr'><strong>maxime</strong></span> <span class='ocrx_word' id='word_1_646' title='bbox 1361 1345 1484 1376; x_wconf 80' lang='lat' dir='ltr'><strong>urgentes</strong></span> <span class='ocrx_word' id='word_1_647' title='bbox 1494 1362 1501 1373; x_wconf 90' lang='lat'><strong>,</strong></span> <span class='ocrx_word' id='word_1_648' title='bbox 1515 1342 1638 1370; x_wconf 85' lang='lat' dir='ltr'><strong>dicebant</strong></span> <span class='ocrx_word' id='word_1_649' title='bbox 1660 1342 1685 1370; x_wconf 89' lang='lat' dir='ltr'><strong>id</strong></span> <span class='ocrx_word' id='word_1_650' title='bbox 1710 1350 1740 1371; x_wconf 80' lang='lat' dir='ltr'><strong>se</strong></span> 
     </span>
    </p>
   </div>
   <div class='ocr_carea' id='block_1_88' title="bbox 949 1386 1743 1422">
    <p class='ocr_par' dir='ltr' id='par_1_88' title="bbox 949 1386 1743 1422">
     <span class='ocr_line' id='line_1_88' title="bbox 949 1386 1743 1422; baseline 0.003 -8"><span class='ocrx_word' id='word_1_651' title='bbox 949 1387 1048 1415; x_wconf 88' lang='lat' dir='ltr'><strong>habere</strong></span> <span class='ocrx_word' id='word_1_652' title='bbox 1059 1387 1085 1414; x_wconf 92' lang='lat' dir='ltr'><strong>in</strong></span> <span class='ocrx_word' id='word_1_653' title='bbox 1102 1386 1251 1419; x_wconf 87' lang='lat' dir='ltr'><strong>mandatis;</strong></span> <span class='ocrx_word' id='word_1_654' title='bbox 1266 1387 1300 1413; x_wconf 87' lang='lat' dir='ltr'><strong>ita</strong></span> <span class='ocrx_word' id='word_1_655' title='bbox 1315 1390 1345 1413; x_wconf 91' lang='lat' dir='ltr'><strong>ut</strong></span> <span class='ocrx_word' id='word_1_656' title='bbox 1356 1386 1558 1422; x_wconf 79' lang='lat' dir='ltr'><strong>intelligeretur,</strong></span> <span class='ocrx_word' id='word_1_657' title='bbox 1579 1387 1601 1414; x_wconf 84' lang='lat' dir='ltr'><strong>si</strong></span> <span class='ocrx_word' id='word_1_658' title='bbox 1617 1392 1668 1415; x_wconf 86' lang='lat' dir='ltr'><strong>tam</strong></span> <span class='ocrx_word' id='word_1_659' title='bbox 1683 1388 1743 1416; x_wconf 76' lang='lat' dir='ltr'><strong>diro</strong></span> 
     </span>
    </p>
   </div>
   <div class='ocr_carea' id='block_1_89' title="bbox 945 1432 1741 1468">
    <p class='ocr_par' dir='ltr' id='par_1_89' title="bbox 945 1432 1741 1468">
     <span class='ocr_line' id='line_1_89' title="bbox 945 1432 1741 1468; baseline 0 -7"><span class='ocrx_word' id='word_1_660' title='bbox 945 1438 1056 1462; x_wconf 77' lang='lat' dir='ltr'><strong>vexatus</strong></span> <span class='ocrx_word' id='word_1_661' title='bbox 1065 1434 1090 1461; x_wconf 92' lang='lat' dir='ltr'><strong>in</strong></span> <span class='ocrx_word' id='word_1_662' title='bbox 1102 1434 1142 1460; x_wconf 86' lang='lat' dir='ltr'><strong>via</strong></span> <span class='ocrx_word' id='word_1_663' title='bbox 1151 1437 1299 1460; x_wconf 88' lang='lat' dir='ltr'><strong>moreretur</strong></span> <span class='ocrx_word' id='word_1_664' title='bbox 1307 1432 1433 1464; x_wconf 86' lang='lat' dir='ltr'><strong>Joannes,</strong></span> <span class='ocrx_word' id='word_1_665' title='bbox 1443 1433 1503 1460; x_wconf 86' lang='lat' dir='ltr'><strong>illos</strong></span> <span class='ocrx_word' id='word_1_666' title='bbox 1513 1433 1545 1460; x_wconf 91' lang='lat' dir='ltr'><strong>ad</strong></span> <span class='ocrx_word' id='word_1_667' title='bbox 1555 1433 1670 1468; x_wconf 82' lang='lat' dir='ltr'><strong>majores</strong></span> <span class='ocrx_word' id='word_1_668' title='bbox 1678 1441 1741 1468; x_wconf 74' lang='lat' dir='ltr'><strong>gra-</strong></span> 
     </span>
    </p>
   </div>
   <div class='ocr_carea' id='block_1_90' title="bbox 946 1478 1737 1513">
    <p class='ocr_par' dir='ltr' id='par_1_90' title="bbox 946 1478 1737 1513">
     <span class='ocr_line' id='line_1_90' title="bbox 946 1478 1737 1513; baseline 0 -7"><span class='ocrx_word' id='word_1_669' title='bbox 946 1478 996 1506; x_wconf 89' lang='lat' dir='ltr'><strong>dus</strong></span> <span class='ocrx_word' id='word_1_670' title='bbox 1006 1479 1158 1507; x_wconf 85' lang='lat' dir='ltr'><strong>evehendos</strong></span> <span class='ocrx_word' id='word_1_671' title='bbox 1172 1485 1240 1506; x_wconf 88' lang='lat' dir='ltr'><strong>esse.</strong></span> <span class='ocrx_word' id='word_1_672' title='bbox 1258 1478 1332 1506; x_wconf 86' lang='lat' dir='ltr'><strong>Unus</strong></span> <span class='ocrx_word' id='word_1_673' title='bbox 1345 1483 1433 1505; x_wconf 88' lang='lat' dir='ltr'><strong>tamen</strong></span> <span class='ocrx_word' id='word_1_674' title='bbox 1446 1486 1479 1505; x_wconf 79' lang='lat' dir='ltr'><strong>ex</strong></span> <span class='ocrx_word' id='word_1_675' title='bbox 1493 1478 1554 1509; x_wconf 89' lang='lat' dir='ltr'><strong>illis,</strong></span> <span class='ocrx_word' id='word_1_676' title='bbox 1569 1478 1603 1506; x_wconf 88' lang='lat' dir='ltr'><strong>de</strong></span> <span class='ocrx_word' id='word_1_677' title='bbox 1613 1480 1737 1513; x_wconf 69' lang='lat' dir='ltr'><strong>prmsenti</strong></span> 
     </span>
    </p>
   </div>
   <div class='ocr_carea' id='block_1_91' title="bbox 946 1524 1739 1559">
    <p class='ocr_par' dir='ltr' id='par_1_91' title="bbox 946 1524 1739 1559">
     <span class='ocr_line' id='line_1_91' title="bbox 946 1524 1739 1559; baseline 0 -7"><span class='ocrx_word' id='word_1_678' title='bbox 946 1525 1039 1553; x_wconf 81' lang='lat' dir='ltr'><strong>militia</strong></span> <span class='ocrx_word' id='word_1_679' title='bbox 1058 1525 1146 1552; x_wconf 83' lang='lat' dir='ltr'><strong>minus</strong></span> <span class='ocrx_word' id='word_1_680' title='bbox 1168 1524 1314 1557; x_wconf 84' lang='lat' dir='ltr'><strong>sollicitus,</strong></span> <span class='ocrx_word' id='word_1_681' title='bbox 1332 1524 1448 1559; x_wconf 87' lang='lat' dir='ltr'><strong>aliquam</strong></span> <span class='ocrx_word' id='word_1_682' title='bbox 1463 1524 1500 1551; x_wconf 90' lang='lat' dir='ltr'><strong>illi</strong></span> <span class='ocrx_word' id='word_1_683' title='bbox 1515 1525 1607 1552; x_wconf 80' lang='lat' dir='ltr'><strong>furtim</strong></span> <span class='ocrx_word' id='word_1_684' title='bbox 1626 1525 1739 1553; x_wconf 71' lang='lat' dir='ltr'><strong>exhibe-</strong></span> 
     </span>
    </p>
   </div>
   <div class='ocr_carea' id='block_1_92' title="bbox 947 1569 1739 1604">
    <p class='ocr_par' dir='ltr' id='par_1_92' title="bbox 947 1569 1739 1604">
     <span class='ocr_line' id='line_1_92' title="bbox 947 1569 1739 1604; baseline 0 -6"><span class='ocrx_word' id='word_1_685' title='bbox 947 1570 991 1598; x_wconf 85' lang='lat' dir='ltr'><strong>bat</strong></span> <span class='ocrx_word' id='word_1_686' title='bbox 1014 1570 1215 1602; x_wconf 84' lang='lat' dir='ltr'><strong>humanitatem.</strong></span> <span class='ocrx_word' id='word_1_687' title='bbox 1230 1570 1302 1597; x_wconf 81' lang='lat' dir='ltr'><strong>Alter</strong></span> <span class='ocrx_word' id='word_1_688' title='bbox 1316 1574 1405 1597; x_wconf 88' lang='lat' dir='ltr'><strong>autem</strong></span> <span class='ocrx_word' id='word_1_689' title='bbox 1423 1577 1506 1604; x_wconf 78' lang='lat' dir='ltr'><strong>usque</strong></span> <span class='ocrx_word' id='word_1_690' title='bbox 1524 1569 1592 1597; x_wconf 79' lang='lat' dir='ltr'><strong>adeo</strong></span> <span class='ocrx_word' id='word_1_691' title='bbox 1611 1569 1686 1598; x_wconf 80' lang='lat' dir='ltr'><strong>ferox</strong></span> <span class='ocrx_word' id='word_1_692' title='bbox 1710 1576 1739 1598; x_wconf 82' lang='lat' dir='ltr'><strong>et</strong></span> 
     </span>
    </p>
   </div>
   <div class='ocr_carea' id='block_1_93' title="bbox 945 1616 1739 1651">
    <p class='ocr_par' dir='ltr' id='par_1_93' title="bbox 945 1616 1739 1651">
     <span class='ocr_line' id='line_1_93' title="bbox 945 1616 1739 1651; baseline 0.001 -8"><span class='ocrx_word' id='word_1_693' title='bbox 945 1623 1026 1651; x_wconf 89' lang='lat' dir='ltr'><strong>asper</strong></span> <span class='ocrx_word' id='word_1_694' title='bbox 1034 1620 1101 1649; x_wconf 85' lang='lat' dir='ltr'><strong>erat,</strong></span> <span class='ocrx_word' id='word_1_695' title='bbox 1114 1621 1141 1643; x_wconf 91' lang='lat' dir='ltr'><strong>ut</strong></span> <span class='ocrx_word' id='word_1_696' title='bbox 1152 1616 1302 1649; x_wconf 80' lang='lat' dir='ltr'><strong>blanditias,</strong></span> <span class='ocrx_word' id='word_1_697' title='bbox 1319 1616 1394 1651; x_wconf 83' lang='lat' dir='ltr'><strong>queis</strong></span> <span class='ocrx_word' id='word_1_698' title='bbox 1406 1623 1436 1643; x_wconf 88' lang='lat' dir='ltr'><strong>se</strong></span> <span class='ocrx_word' id='word_1_699' title='bbox 1448 1620 1617 1643; x_wconf 85' lang='lat' dir='ltr'><strong>occurrentes</strong></span> <span class='ocrx_word' id='word_1_700' title='bbox 1631 1616 1739 1651; x_wconf 85' lang='lat' dir='ltr'><strong>quidam</strong></span> 
     </span>
    </p>
   </div>
   <div class='ocr_carea' id='block_1_94' title="bbox 947 1661 1739 1698">
    <p class='ocr_par' dir='ltr' id='par_1_94' title="bbox 947 1661 1739 1698">
     <span class='ocr_line' id='line_1_94' title="bbox 947 1661 1739 1698; baseline 0.003 -10"><span class='ocrx_word' id='word_1_701' title='bbox 947 1661 1124 1696; x_wconf 88' lang='lat' dir='ltr'><strong>precabantur</strong></span> <span class='ocrx_word' id='word_1_702' title='bbox 1139 1666 1168 1688; x_wconf 92' lang='lat' dir='ltr'><strong>ut</strong></span> <span class='ocrx_word' id='word_1_703' title='bbox 1180 1666 1272 1689; x_wconf 88' lang='lat' dir='ltr'><strong>sancto</strong></span> <span class='ocrx_word' id='word_1_704' title='bbox 1288 1665 1427 1696; x_wconf 69' lang='lat' dir='ltr'><strong>parceret,</strong></span> <span class='ocrx_word' id='word_1_705' title='bbox 1441 1669 1489 1698; x_wconf 81' lang='lat' dir='ltr'><strong>pro</strong></span> <span class='ocrx_word' id='word_1_706' title='bbox 1505 1662 1608 1696; x_wconf 89' lang='lat' dir='ltr'><strong>injuriis</strong></span> <span class='ocrx_word' id='word_1_707' title='bbox 1627 1662 1739 1690; x_wconf 85' lang='lat' dir='ltr'><strong>haberet</strong></span> 
     </span>
    </p>
   </div>
   <div class='ocr_carea' id='block_1_95' title="bbox 946 1707 1738 1742">
    <p class='ocr_par' dir='ltr' id='par_1_95' title="bbox 946 1707 1738 1742">
     <span class='ocr_line' id='line_1_95' title="bbox 946 1707 1738 1742; baseline 0.004 -8"><span class='ocrx_word' id='word_1_708' title='bbox 946 1707 1010 1734; x_wconf 85' lang='lat' dir='ltr'><strong>illud</strong></span> <span class='ocrx_word' id='word_1_709' title='bbox 1024 1715 1105 1735; x_wconf 90' lang='lat' dir='ltr'><strong>unum</strong></span> <span class='ocrx_word' id='word_1_710' title='bbox 1116 1711 1238 1742; x_wconf 72' lang='lat' dir='ltr'><strong>satagens</strong></span> <span class='ocrx_word' id='word_1_711' title='bbox 1248 1713 1274 1734; x_wconf 91' lang='lat' dir='ltr'><strong>ut</strong></span> <span class='ocrx_word' id='word_1_712' title='bbox 1288 1708 1356 1735; x_wconf 87' lang='lat' dir='ltr'><strong>mala</strong></span> <span class='ocrx_word' id='word_1_713' title='bbox 1368 1713 1454 1735; x_wconf 80' lang='lat' dir='ltr'><strong>morte</strong></span> <span class='ocrx_word' id='word_1_714' title='bbox 1466 1708 1595 1736; x_wconf 85' lang='lat' dir='ltr'><strong>Joannem</strong></span> <span class='ocrx_word' id='word_1_715' title='bbox 1618 1715 1738 1738; x_wconf 86' lang='lat' dir='ltr'><strong>necaret.</strong></span> 
     </span>
    </p>
   </div>
   <div class='ocr_carea' id='block_1_96' title="bbox 947 1754 1740 1790">
    <p class='ocr_par' dir='ltr' id='par_1_96' title="bbox 947 1754 1740 1790">
     <span class='ocr_line' id='line_1_96' title="bbox 947 1754 1740 1790; baseline 0.003 -10"><span class='ocrx_word' id='word_1_716' title='bbox 947 1754 1013 1781; x_wconf 89' lang='lat' dir='ltr'><strong>Cum</strong></span> <span class='ocrx_word' id='word_1_717' title='bbox 1030 1755 1115 1789; x_wconf 87' lang='lat' dir='ltr'><strong>pluvia</strong></span> <span class='ocrx_word' id='word_1_718' title='bbox 1130 1754 1274 1781; x_wconf 85' lang='lat' dir='ltr'><strong>vehemens</strong></span> <span class='ocrx_word' id='word_1_719' title='bbox 1284 1754 1438 1787; x_wconf 81' lang='lat' dir='ltr'><strong>decideret,</strong></span> <span class='ocrx_word' id='word_1_720' title='bbox 1453 1755 1479 1781; x_wconf 90' lang='lat' dir='ltr'><strong>id</strong></span> <span class='ocrx_word' id='word_1_721' title='bbox 1491 1755 1556 1781; x_wconf 85' lang='lat' dir='ltr'><strong>nihil</strong></span> <span class='ocrx_word' id='word_1_722' title='bbox 1571 1762 1668 1782; x_wconf 82' lang='lat' dir='ltr'><strong>curans</strong></span> <span class='ocrx_word' id='word_1_723' title='bbox 1677 1762 1740 1790; x_wconf 54' lang='lat' dir='ltr'><strong>pro.</strong></span> 
     </span>
    </p>
   </div>
   <div class='ocr_carea' id='block_1_97' title="bbox 947 1799 1739 1836">
    <p class='ocr_par' dir='ltr' id='par_1_97' title="bbox 947 1799 1739 1836">
     <span class='ocr_line' id='line_1_97' title="bbox 947 1799 1739 1836; baseline 0.003 -10"><span class='ocrx_word' id='word_1_724' title='bbox 947 1799 1183 1831; x_wconf 79' lang='lat' dir='ltr'><strong>liciscebaturille;</strong></span> <span class='ocrx_word' id='word_1_725' title='bbox 1199 1799 1233 1826; x_wconf 88' lang='lat' dir='ltr'><strong>ita</strong></span> <span class='ocrx_word' id='word_1_726' title='bbox 1248 1804 1275 1826; x_wconf 89' lang='lat' dir='ltr'><strong>ut</strong></span> <span class='ocrx_word' id='word_1_727' title='bbox 1288 1799 1313 1826; x_wconf 88' lang='lat' dir='ltr'><strong>in</strong></span> <span class='ocrx_word' id='word_1_728' title='bbox 1325 1799 1405 1826; x_wconf 85' lang='lat' dir='ltr'><strong>dorso</strong></span> <span class='ocrx_word' id='word_1_729' title='bbox 1415 1799 1477 1827; x_wconf 90' lang='lat' dir='ltr'><strong>etin</strong></span> <span class='ocrx_word' id='word_1_730' title='bbox 1491 1804 1599 1834; x_wconf 87' lang='lat' dir='ltr'><strong>pectore</strong></span> <span class='ocrx_word' id='word_1_731' title='bbox 1612 1808 1739 1836; x_wconf 86' lang='lat' dir='ltr'><strong>aquarum</strong></span> 
     </span>
    </p>
   </div>
   <div class='ocr_carea' id='block_1_98' title="bbox 946 1845 1740 1881">
    <p class='ocr_par' dir='ltr' id='par_1_98' title="bbox 946 1845 1740 1881">
     <span class='ocr_line' id='line_1_98' title="bbox 946 1845 1740 1881; baseline 0.005 -10"><span class='ocrx_word' id='word_1_732' title='bbox 946 1845 993 1872; x_wconf 90' lang='lat' dir='ltr'><strong>rivi</strong></span> <span class='ocrx_word' id='word_1_733' title='bbox 1007 1845 1190 1872; x_wconf 86' lang='lat' dir='ltr'><strong>decurrerent.</strong></span> <span class='ocrx_word' id='word_1_734' title='bbox 1211 1845 1345 1880; x_wconf 72' lang='lat' dir='ltr'><strong>lugentem</strong></span> <span class='ocrx_word' id='word_1_735' title='bbox 1372 1854 1463 1873; x_wconf 86' lang='lat' dir='ltr'><strong>rursus</strong></span> <span class='ocrx_word' id='word_1_736' title='bbox 1485 1846 1550 1873; x_wconf 89' lang='lat' dir='ltr'><strong>solis</strong></span> <span class='ocrx_word' id='word_1_737' title='bbox 1571 1850 1663 1874; x_wconf 56' lang='lat' dir='ltr'><strong>aestum</strong></span> <span class='ocrx_word' id='word_1_738' title='bbox 1691 1855 1740 1881; x_wconf 89' lang='lat' dir='ltr'><strong>pro</strong></span> 
     </span>
    </p>
   </div>
   <div class='ocr_carea' id='block_1_99' title="bbox 945 1888 1737 1925">
    <p class='ocr_par' dir='ltr' id='par_1_99' title="bbox 945 1888 1737 1925">
     <span class='ocr_line' id='line_1_99' title="bbox 945 1888 1737 1925; baseline 0.004 -9"><span class='ocrx_word' id='word_1_739' title='bbox 945 1888 1048 1916; x_wconf 85' lang='lat' dir='ltr'><strong>deliciis</strong></span> <span class='ocrx_word' id='word_1_740' title='bbox 1059 1889 1187 1922; x_wconf 83' lang='lat' dir='ltr'><strong>habebat,</strong></span> <span class='ocrx_word' id='word_1_741' title='bbox 1201 1897 1261 1917; x_wconf 87' lang='lat' dir='ltr'><strong>cum</strong></span> <span class='ocrx_word' id='word_1_742' title='bbox 1273 1894 1363 1917; x_wconf 86' lang='lat' dir='ltr'><strong>nosset</strong></span> <span class='ocrx_word' id='word_1_743' title='bbox 1372 1890 1401 1916; x_wconf 84' lang='grc' dir='ltr'><strong>Β.</strong></span> <span class='ocrx_word' id='word_1_744' title='bbox 1417 1889 1526 1917; x_wconf 84' lang='lat' dir='ltr'><strong>Joannis</strong></span> <span class='ocrx_word' id='word_1_745' title='bbox 1538 1895 1617 1925; x_wconf 86' lang='lat' dir='ltr'><strong>caput</strong></span> <span class='ocrx_word' id='word_1_746' title='bbox 1626 1911 1635 1925; x_wconf 95' lang='lat'><strong>,</strong></span> <span class='ocrx_word' id='word_1_747' title='bbox 1647 1891 1737 1919; x_wconf 78' lang='lat' dir='ltr'><strong>Elistci</strong></span> 
     </span>
    </p>
   </div>
   <div class='ocr_carea' id='block_1_100' title="bbox 946 1934 1737 1969">
    <p class='ocr_par' dir='ltr' id='par_1_100' title="bbox 946 1934 1737 1969">
     <span class='ocr_line' id='line_1_100' title="bbox 946 1934 1737 1969; baseline 0.004 -7"><span class='ocrx_word' id='word_1_748' title='bbox 946 1935 1030 1962; x_wconf 87' lang='lat' dir='ltr'><strong>instar</strong></span> <span class='ocrx_word' id='word_1_749' title='bbox 1041 1935 1161 1968; x_wconf 87' lang='lat' dir='ltr'><strong>calvum,</strong></span> <span class='ocrx_word' id='word_1_750' title='bbox 1176 1940 1241 1962; x_wconf 74' lang='lat' dir='ltr'><strong>mstu</strong></span> <span class='ocrx_word' id='word_1_751' title='bbox 1254 1935 1354 1962; x_wconf 78' lang='lat' dir='ltr'><strong>vexari.</strong></span> <span class='ocrx_word' id='word_1_752' title='bbox 1380 1934 1408 1962; x_wconf 88' lang='lat' dir='ltr'><strong>ln</strong></span> <span class='ocrx_word' id='word_1_753' title='bbox 1435 1935 1500 1962; x_wconf 81' lang='lat' dir='ltr'><strong>urbe</strong></span> <span class='ocrx_word' id='word_1_754' title='bbox 1524 1939 1570 1963; x_wconf 91' lang='lat' dir='ltr'><strong>aut</strong></span> <span class='ocrx_word' id='word_1_755' title='bbox 1594 1936 1668 1969; x_wconf 64' lang='lat' dir='ltr'><strong>vico,</strong></span> <span class='ocrx_word' id='word_1_756' title='bbox 1691 1937 1737 1965; x_wconf 90' lang='lat' dir='ltr'><strong>ubi</strong></span> 
     </span>
    </p>
   </div>
   <div class='ocr_carea' id='block_1_101' title="bbox 946 1980 1738 2018">
    <p class='ocr_par' dir='ltr' id='par_1_101' title="bbox 946 1980 1738 2018">
     <span class='ocr_line' id='line_1_101' title="bbox 946 1980 1738 2018; baseline 0.004 -11"><span class='ocrx_word' id='word_1_757' title='bbox 946 1980 1101 2008; x_wconf 84' lang='lat' dir='ltr'><strong>balneorum</strong></span> <span class='ocrx_word' id='word_1_758' title='bbox 1115 1980 1238 2007; x_wconf 87' lang='lat' dir='ltr'><strong>solatium</strong></span> <span class='ocrx_word' id='word_1_759' title='bbox 1250 1984 1321 2008; x_wconf 82' lang='lat' dir='ltr'><strong>esset</strong></span> <span class='ocrx_word' id='word_1_760' title='bbox 1330 2001 1337 2012; x_wconf 83' lang='lat'><strong>.</strong></span> <span class='ocrx_word' id='word_1_761' title='bbox 1351 1988 1385 2008; x_wconf 89' lang='lat' dir='ltr'><strong>ne</strong></span> <span class='ocrx_word' id='word_1_762' title='bbox 1396 1985 1532 2009; x_wconf 88' lang='lat' dir='ltr'><strong>momento</strong></span> <span class='ocrx_word' id='word_1_763' title='bbox 1546 1981 1653 2016; x_wconf 86' lang='lat' dir='ltr'><strong>quidem</strong></span> <span class='ocrx_word' id='word_1_764' title='bbox 1675 1990 1738 2018; x_wconf 87' lang='lat' dir='ltr'><strong>per-</strong></span> 
     </span>
    </p>
   </div>
   <div class='ocr_carea' id='block_1_102' title="bbox 947 2025 1489 2053">
    <p class='ocr_par' dir='ltr' id='par_1_102' title="bbox 947 2025 1489 2053">
     <span class='ocr_line' id='line_1_102' title="bbox 947 2025 1489 2053; baseline 0 -1"><span class='ocrx_word' id='word_1_765' title='bbox 947 2025 1070 2053; x_wconf 83' lang='lat' dir='ltr'><strong>mittebat</strong></span> <span class='ocrx_word' id='word_1_766' title='bbox 1082 2026 1171 2053; x_wconf 80' lang='lat' dir='ltr'><strong>infelix</strong></span> <span class='ocrx_word' id='word_1_767' title='bbox 1183 2026 1226 2053; x_wconf 89' lang='lat' dir='ltr'><strong>ille</strong></span> <span class='ocrx_word' id='word_1_768' title='bbox 1236 2025 1367 2053; x_wconf 88' lang='lat' dir='ltr'><strong>Joannetn</strong></span> <span class='ocrx_word' id='word_1_769' title='bbox 1381 2025 1489 2053; x_wconf 87' lang='lat' dir='ltr'><strong>morari.</strong></span> 
     </span>
    </p>
   </div>
   <div class='ocr_carea' id='block_1_103' title="bbox 982 2071 1738 2106">
    <p class='ocr_par' dir='ltr' id='par_1_103' title="bbox 982 2071 1738 2106">
     <span class='ocr_line' id='line_1_103' title="bbox 982 2071 1738 2106; baseline 0.001 -8"><span class='ocrx_word' id='word_1_770' title='bbox 982 2072 1010 2099; x_wconf 87' lang='lat' dir='ltr'><strong>In</strong></span> <span class='ocrx_word' id='word_1_771' title='bbox 1026 2071 1068 2099; x_wconf 90' lang='lat' dir='ltr'><strong>his</strong></span> <span class='ocrx_word' id='word_1_772' title='bbox 1080 2072 1219 2104; x_wconf 83' lang='lat' dir='ltr'><strong>omnibus,</strong></span> <span class='ocrx_word' id='word_1_773' title='bbox 1237 2072 1321 2106; x_wconf 84' lang='lat' dir='ltr'><strong>inquit</strong></span> <span class='ocrx_word' id='word_1_774' title='bbox 1339 2071 1472 2098; x_wconf 85' lang='lat' dir='ltr'><strong>Palladius</strong></span> <span class='ocrx_word' id='word_1_775' title='bbox 1488 2071 1532 2106; x_wconf 89' lang='lat' dir='ltr'><strong>(id</strong></span> <span class='ocrx_word' id='word_1_776' title='bbox 1543 2077 1599 2104; x_wconf 89' lang='lat' dir='ltr'><strong>est,</strong></span> <span class='ocrx_word' id='word_1_777' title='bbox 1611 2072 1637 2099; x_wconf 91' lang='lat' dir='ltr'><strong>ni</strong></span> <span class='ocrx_word' id='word_1_778' title='bbox 1653 2071 1738 2104; x_wconf 83' lang='lat' dir='ltr'><strong>fallor,</strong></span> 
     </span>
    </p>
   </div>
   <div class='ocr_carea' id='block_1_104' title="bbox 946 2117 1738 2152">
    <p class='ocr_par' dir='ltr' id='par_1_104' title="bbox 946 2117 1738 2152">
     <span class='ocr_line' id='line_1_104' title="bbox 946 2117 1738 2152; baseline -0.001 -6"><span class='ocrx_word' id='word_1_779' title='bbox 946 2119 973 2146; x_wconf 91' lang='lat' dir='ltr'><strong>in</strong></span> <span class='ocrx_word' id='word_1_780' title='bbox 987 2118 1080 2145; x_wconf 85' lang='lat' dir='ltr'><strong>itinere</strong></span> <span class='ocrx_word' id='word_1_781' title='bbox 1092 2118 1246 2145; x_wconf 81' lang='lat' dir='ltr'><strong>Arabissum</strong></span> <span class='ocrx_word' id='word_1_782' title='bbox 1258 2138 1263 2148; x_wconf 88' lang='lat'><strong>.</strong></span> <span class='ocrx_word' id='word_1_783' title='bbox 1278 2117 1320 2144; x_wconf 88' lang='lat' dir='ltr'><strong>ubi</strong></span> <span class='ocrx_word' id='word_1_784' title='bbox 1334 2125 1381 2152; x_wconf 87' lang='lat' dir='ltr'><strong>per</strong></span> <span class='ocrx_word' id='word_1_785' title='bbox 1393 2117 1498 2152; x_wconf 87' lang='lat' dir='ltr'><strong>aliquod</strong></span> <span class='ocrx_word' id='word_1_786' title='bbox 1513 2122 1617 2152; x_wconf 87' lang='lat' dir='ltr'><strong>tempus</strong></span> <span class='ocrx_word' id='word_1_787' title='bbox 1631 2118 1738 2151; x_wconf 78' lang='lat' dir='ltr'><strong>mansit.</strong></span> 
     </span>
    </p>
   </div>
   <div class='ocr_carea' id='block_1_105' title="bbox 946 2163 1739 2198">
    <p class='ocr_par' dir='ltr' id='par_1_105' title="bbox 946 2163 1739 2198">
     <span class='ocr_line' id='line_1_105' title="bbox 946 2163 1739 2198; baseline 0 -7"><span class='ocrx_word' id='word_1_788' title='bbox 946 2170 973 2192; x_wconf 91' lang='lat' dir='ltr'><strong>et</strong></span> <span class='ocrx_word' id='word_1_789' title='bbox 987 2165 1013 2191; x_wconf 92' lang='lat' dir='ltr'><strong>in</strong></span> <span class='ocrx_word' id='word_1_790' title='bbox 1025 2164 1119 2191; x_wconf 86' lang='lat' dir='ltr'><strong>itinere</strong></span> <span class='ocrx_word' id='word_1_791' title='bbox 1131 2164 1258 2191; x_wconf 82' lang='lat' dir='ltr'><strong>Arabisso</strong></span> <span class='ocrx_word' id='word_1_792' title='bbox 1269 2163 1439 2198; x_wconf 85' lang='lat' dir='ltr'><strong>Pityuntem)</strong></span> <span class='ocrx_word' id='word_1_793' title='bbox 1455 2171 1501 2198; x_wconf 89' lang='lat' dir='ltr'><strong>per</strong></span> <span class='ocrx_word' id='word_1_794' title='bbox 1515 2168 1569 2191; x_wconf 87' lang='lat' dir='ltr'><strong>tres</strong></span> <span class='ocrx_word' id='word_1_795' title='bbox 1583 2172 1688 2192; x_wconf 86' lang='lat' dir='ltr'><strong>menses</strong></span> <span class='ocrx_word' id='word_1_796' title='bbox 1698 2164 1739 2191; x_wconf 91' lang='lat' dir='ltr'><strong>vir</strong></span> 
     </span>
    </p>
   </div>
   <div class='ocr_carea' id='block_1_106' title="bbox 947 2209 1740 2244">
    <p class='ocr_par' dir='ltr' id='par_1_106' title="bbox 947 2209 1740 2244">
     <span class='ocr_line' id='line_1_106' title="bbox 947 2209 1740 2244; baseline 0.003 -8"><span class='ocrx_word' id='word_1_797' title='bbox 947 2214 1069 2240; x_wconf 89' lang='lat' dir='ltr'><strong>sanctus,</strong></span> <span class='ocrx_word' id='word_1_798' title='bbox 1085 2209 1268 2236; x_wconf 80' lang='lat' dir='ltr'><strong>difﬁcillimum</strong></span> <span class='ocrx_word' id='word_1_799' title='bbox 1294 2209 1358 2236; x_wconf 91' lang='lat' dir='ltr'><strong>illud</strong></span> <span class='ocrx_word' id='word_1_800' title='bbox 1381 2209 1431 2236; x_wconf 78' lang='lat' dir='ltr'><strong>iter</strong></span> <span class='ocrx_word' id='word_1_801' title='bbox 1452 2217 1549 2244; x_wconf 78' lang='lat' dir='ltr'><strong>agens,</strong></span> <span class='ocrx_word' id='word_1_802' title='bbox 1562 2210 1643 2237; x_wconf 77' lang='lat' dir='ltr'><strong>veluti</strong></span> <span class='ocrx_word' id='word_1_803' title='bbox 1665 2210 1740 2238; x_wconf 87' lang='lat' dir='ltr'><strong>sidus</strong></span> 
     </span>
    </p>
   </div>
   <div class='ocr_carea' id='block_1_107' title="bbox 947 2254 1740 2289">
    <p class='ocr_par' dir='ltr' id='par_1_107' title="bbox 947 2254 1740 2289">
     <span class='ocr_line' id='line_1_107' title="bbox 947 2254 1740 2289; baseline 0.001 -8"><span class='ocrx_word' id='word_1_804' title='bbox 947 2261 1090 2282; x_wconf 87' lang='lat' dir='ltr'><strong>coruscans</strong></span> <span class='ocrx_word' id='word_1_805' title='bbox 1116 2254 1266 2288; x_wconf 79' lang='lat' dir='ltr'><strong>perstabat.</strong></span> <span class='ocrx_word' id='word_1_806' title='bbox 1283 2254 1368 2289; x_wconf 91' lang='lat' dir='ltr'><strong>inquit</strong></span> <span class='ocrx_word' id='word_1_807' title='bbox 1383 2254 1533 2283; x_wconf 85' lang='lat' dir='ltr'><strong>Palladius.</strong></span> <span class='ocrx_word' id='word_1_808' title='bbox 1557 2254 1658 2282; x_wconf 86' lang='lat' dir='ltr'><strong>habens</strong></span> <span class='ocrx_word' id='word_1_809' title='bbox 1679 2263 1740 2282; x_wconf 91' lang='lat' dir='ltr'><strong>cor-</strong></span> 
     </span>
    </p>
   </div>
   <div class='ocr_carea' id='block_1_108' title="bbox 948 2299 1738 2335">
    <p class='ocr_par' dir='ltr' id='par_1_108' title="bbox 948 2299 1738 2335">
     <span class='ocr_line' id='line_1_108' title="bbox 948 2299 1738 2335; baseline 0 -8"><span class='ocrx_word' id='word_1_810' title='bbox 948 2300 1086 2335; x_wconf 87' lang='lat' dir='ltr'><strong>pusculum</strong></span> <span class='ocrx_word' id='word_1_811' title='bbox 1100 2303 1127 2326; x_wconf 90' lang='lat' dir='ltr'><strong>ut</strong></span> <span class='ocrx_word' id='word_1_812' title='bbox 1139 2307 1244 2334; x_wconf 88' lang='lat' dir='ltr'><strong>pomum</strong></span> <span class='ocrx_word' id='word_1_813' title='bbox 1259 2299 1284 2326; x_wconf 91' lang='lat' dir='ltr'><strong>in</strong></span> <span class='ocrx_word' id='word_1_814' title='bbox 1295 2299 1426 2333; x_wconf 88' lang='lat' dir='ltr'><strong>supremis</strong></span> <span class='ocrx_word' id='word_1_815' title='bbox 1437 2299 1517 2326; x_wconf 87' lang='lat' dir='ltr'><strong>ramis</strong></span> <span class='ocrx_word' id='word_1_816' title='bbox 1531 2307 1546 2326; x_wconf 90' lang='lat' dir='ltr'><strong>a</strong></span> <span class='ocrx_word' id='word_1_817' title='bbox 1560 2299 1616 2327; x_wconf 87' lang='lat' dir='ltr'><strong>sole</strong></span> <span class='ocrx_word' id='word_1_818' title='bbox 1630 2300 1738 2328; x_wconf 80' lang='lat' dir='ltr'><strong>rubens.</strong></span> 
     </span>
    </p>
   </div>
   <div class='ocr_carea' id='block_1_109' title="bbox 948 2344 1738 2380">
    <p class='ocr_par' dir='ltr' id='par_1_109' title="bbox 948 2344 1738 2380">
     <span class='ocr_line' id='line_1_109' title="bbox 948 2344 1738 2380; baseline -0.001 -8"><span class='ocrx_word' id='word_1_819' title='bbox 948 2345 1012 2373; x_wconf 90' lang='lat' dir='ltr'><strong>Cum</strong></span> <span class='ocrx_word' id='word_1_820' title='bbox 1023 2349 1111 2372; x_wconf 86' lang='lat' dir='ltr'><strong>autem</strong></span> <span class='ocrx_word' id='word_1_821' title='bbox 1125 2344 1250 2371; x_wconf 78' lang='lat' dir='ltr'><strong>Comuuis</strong></span> <span class='ocrx_word' id='word_1_822' title='bbox 1264 2344 1539 2379; x_wconf 71' lang='lat' dir='ltr'><strong>appropinquassent,</strong></span> <span class='ocrx_word' id='word_1_823' title='bbox 1556 2344 1651 2378; x_wconf 89' lang='lat' dir='ltr'><strong>raptim</strong></span> <span class='ocrx_word' id='word_1_824' title='bbox 1667 2353 1738 2380; x_wconf 79' lang='lat' dir='ltr'><strong>pra:-</strong></span> 
     </span>
    </p>
   </div>
   <div class='ocr_carea' id='block_1_110' title="bbox 949 2389 1739 2425">
    <p class='ocr_par' dir='ltr' id='par_1_110' title="bbox 949 2389 1739 2425">
     <span class='ocr_line' id='line_1_110' title="bbox 949 2389 1739 2425; baseline -0.001 -7"><span class='ocrx_word' id='word_1_825' title='bbox 949 2391 1088 2425; x_wconf 79' lang='lat' dir='ltr'><strong>tergressi,</strong></span> <span class='ocrx_word' id='word_1_826' title='bbox 1102 2395 1177 2418; x_wconf 80' lang='lat' dir='ltr'><strong>extra</strong></span> <span class='ocrx_word' id='word_1_827' title='bbox 1191 2397 1281 2416; x_wconf 84' lang='lat' dir='ltr'><strong>muros</strong></span> <span class='ocrx_word' id='word_1_828' title='bbox 1295 2389 1320 2416; x_wconf 93' lang='lat' dir='ltr'><strong>in</strong></span> <span class='ocrx_word' id='word_1_829' title='bbox 1336 2389 1463 2424; x_wconf 87' lang='lat' dir='ltr'><strong>martyrio</strong></span> <span class='ocrx_word' id='word_1_830' title='bbox 1486 2389 1602 2424; x_wconf 88' lang='lat' dir='ltr'><strong>quinque</strong></span> <span class='ocrx_word' id='word_1_831' title='bbox 1625 2394 1671 2417; x_wconf 89' lang='lat' dir='ltr'><strong>aut</strong></span> <span class='ocrx_word' id='word_1_832' title='bbox 1692 2397 1739 2417; x_wconf 82' lang='lat' dir='ltr'><strong>sex</strong></span> 
     </span>
    </p>
   </div>
   <div class='ocr_carea' id='block_1_111' title="bbox 948 2435 1740 2471">
    <p class='ocr_par' dir='ltr' id='par_1_111' title="bbox 948 2435 1740 2471">
     <span class='ocr_line' id='line_1_111' title="bbox 948 2435 1740 2471; baseline -0.003 -7"><span class='ocrx_word' id='word_1_833' title='bbox 948 2437 1064 2464; x_wconf 88' lang='lat' dir='ltr'><strong>millibus</strong></span> <span class='ocrx_word' id='word_1_834' title='bbox 1073 2436 1186 2464; x_wconf 88' lang='lat' dir='ltr'><strong>distante</strong></span> <span class='ocrx_word' id='word_1_835' title='bbox 1200 2441 1365 2463; x_wconf 86' lang='lat' dir='ltr'><strong>manserunt.</strong></span> <span class='ocrx_word' id='word_1_836' title='bbox 1375 2435 1473 2462; x_wconf 87' lang='lat' dir='ltr'><strong>Eadem</strong></span> <span class='ocrx_word' id='word_1_837' title='bbox 1488 2435 1543 2470; x_wconf 84' lang='lat' dir='ltr'><strong>ipsa</strong></span> <span class='ocrx_word' id='word_1_838' title='bbox 1559 2440 1637 2463; x_wconf 84' lang='lat' dir='ltr'><strong>nocte</strong></span> <span class='ocrx_word' id='word_1_839' title='bbox 1656 2443 1740 2471; x_wconf 78' lang='lat' dir='ltr'><strong>appu-</strong></span> 
     </span>
    </p>
   </div>
   <div class='ocr_carea' id='block_1_112' title="bbox 948 2481 1738 2517">
    <p class='ocr_par' dir='ltr' id='par_1_112' title="bbox 948 2481 1738 2517">
     <span class='ocr_line' id='line_1_112' title="bbox 948 2481 1738 2517; baseline -0.001 -7"><span class='ocrx_word' id='word_1_840' title='bbox 948 2484 1001 2510; x_wconf 89' lang='lat' dir='ltr'><strong>ruit</strong></span> <span class='ocrx_word' id='word_1_841' title='bbox 1013 2482 1107 2510; x_wconf 88' lang='lat' dir='ltr'><strong>Joanni</strong></span> <span class='ocrx_word' id='word_1_842' title='bbox 1130 2482 1180 2509; x_wconf 88' lang='lat' dir='ltr'><strong>loci</strong></span> <span class='ocrx_word' id='word_1_843' title='bbox 1196 2482 1266 2509; x_wconf 90' lang='lat' dir='ltr'><strong>illius</strong></span> <span class='ocrx_word' id='word_1_844' title='bbox 1280 2486 1381 2516; x_wconf 83' lang='lat' dir='ltr'><strong>martyr</strong></span> <span class='ocrx_word' id='word_1_845' title='bbox 1397 2481 1503 2508; x_wconf 86' lang='lat' dir='ltr'><strong>nomine</strong></span> <span class='ocrx_word' id='word_1_846' title='bbox 1519 2481 1677 2514; x_wconf 81' lang='lat' dir='ltr'><strong>Basiliscus,</strong></span> <span class='ocrx_word' id='word_1_847' title='bbox 1694 2483 1738 2517; x_wconf 90' lang='lat' dir='ltr'><strong>qui</strong></span> 
     </span>
    </p>
   </div>
   <div class='ocr_carea' id='block_1_113' title="bbox 948 2526 1741 2562">
    <p class='ocr_par' dir='ltr' id='par_1_113' title="bbox 948 2526 1741 2562">
     <span class='ocr_line' id='line_1_113' title="bbox 948 2526 1741 2562; baseline 0.001 -8"><span class='ocrx_word' id='word_1_848' title='bbox 948 2528 1090 2562; x_wconf 75' lang='lat' dir='ltr'><strong>episcopus</strong></span> <span class='ocrx_word' id='word_1_849' title='bbox 1099 2526 1275 2554; x_wconf 84' lang='lat' dir='ltr'><strong>Cumanorum</strong></span> <span class='ocrx_word' id='word_1_850' title='bbox 1290 2534 1350 2554; x_wconf 89' lang='lat' dir='ltr'><strong>cum</strong></span> <span class='ocrx_word' id='word_1_851' title='bbox 1363 2531 1432 2553; x_wconf 88' lang='lat' dir='ltr'><strong>esset</strong></span> <span class='ocrx_word' id='word_1_852' title='bbox 1442 2545 1451 2558; x_wconf 87' lang='lat'><strong>,</strong></span> <span class='ocrx_word' id='word_1_853' title='bbox 1467 2526 1620 2561; x_wconf 85' lang='lat' dir='ltr'><strong>martyrium</strong></span> <span class='ocrx_word' id='word_1_854' title='bbox 1646 2534 1741 2562; x_wconf 78' lang='lat' dir='ltr'><strong>passus</strong></span> 
     </span>
    </p>
   </div>
   <div class='ocr_carea' id='block_1_114' title="bbox 949 2571 1738 2607">
    <p class='ocr_par' dir='ltr' id='par_1_114' title="bbox 949 2571 1738 2607">
     <span class='ocr_line' id='line_1_114' title="bbox 949 2571 1738 2607; baseline -0.003 -7"><span class='ocrx_word' id='word_1_855' title='bbox 949 2578 989 2600; x_wconf 90' lang='lat' dir='ltr'><strong>est</strong></span> <span class='ocrx_word' id='word_1_856' title='bbox 1003 2572 1163 2600; x_wconf 66' lang='lat' dir='ltr'><strong>Nicomedia:</strong></span> <span class='ocrx_word' id='word_1_857' title='bbox 1178 2572 1203 2599; x_wconf 92' lang='lat' dir='ltr'><strong>in</strong></span> <span class='ocrx_word' id='word_1_858' title='bbox 1217 2571 1340 2607; x_wconf 83' lang='lat' dir='ltr'><strong>Bithynia</strong></span> <span class='ocrx_word' id='word_1_859' title='bbox 1359 2571 1408 2598; x_wconf 86' lang='lat' dir='ltr'><strong>sub</strong></span> <span class='ocrx_word' id='word_1_860' title='bbox 1427 2571 1570 2598; x_wconf 79' lang='lat' dir='ltr'><strong>Maximino</strong></span> <span class='ocrx_word' id='word_1_861' title='bbox 1580 2592 1588 2603; x_wconf 93' lang='lat'><strong>,</strong></span> <span class='ocrx_word' id='word_1_862' title='bbox 1603 2580 1654 2600; x_wconf 81' lang='lat' dir='ltr'><strong>una</strong></span> <span class='ocrx_word' id='word_1_863' title='bbox 1677 2580 1738 2599; x_wconf 81' lang='lat' dir='ltr'><strong>cum</strong></span> 
     </span>
    </p>
   </div>
   <div class='ocr_carea' id='block_1_115' title="bbox 948 2616 1734 2653">
    <p class='ocr_par' dir='ltr' id='par_1_115' title="bbox 948 2616 1734 2653">
     <span class='ocr_line' id='line_1_115' title="bbox 948 2616 1734 2653; baseline -0.004 -7"><span class='ocrx_word' id='word_1_864' title='bbox 948 2619 1080 2650; x_wconf 83' lang='lat' dir='ltr'><strong>Lueiano.</strong></span> <span class='ocrx_word' id='word_1_865' title='bbox 1098 2618 1252 2653; x_wconf 80' lang='lat' dir='ltr'><strong>presbytero</strong></span> <span class='ocrx_word' id='word_1_866' title='bbox 1264 2616 1445 2650; x_wconf 84' lang='lat' dir='ltr'><strong>Antiocheno;</strong></span> <span class='ocrx_word' id='word_1_867' title='bbox 1460 2617 1580 2652; x_wconf 79' lang='lat' dir='ltr'><strong>dixitque</strong></span> <span class='ocrx_word' id='word_1_868' title='bbox 1604 2617 1655 2649; x_wconf 90' lang='lat' dir='ltr'><strong>illi,</strong></span> <span class='ocrx_word' id='word_1_869' title='bbox 1672 2616 1734 2643; x_wconf 83' lang='lat' dir='ltr'><strong>Con-</strong></span> 
     </span>
    </p>
   </div>
   <div class='ocr_carea' id='block_1_116' title="bbox 948 2662 1735 2700">
    <p class='ocr_par' dir='ltr' id='par_1_116' title="bbox 948 2662 1735 2700">
     <span class='ocr_line' id='line_1_116' title="bbox 948 2662 1735 2700; baseline -0.003 -8"><span class='ocrx_word' id='word_1_870' title='bbox 948 2665 1014 2700; x_wconf 76' lang='lat' dir='ltr'><strong>fide,</strong></span> <span class='ocrx_word' id='word_1_871' title='bbox 1030 2666 1109 2699; x_wconf 80' lang='lat' dir='ltr'><strong>frater</strong></span> <span class='ocrx_word' id='word_1_872' title='bbox 1120 2663 1252 2696; x_wconf 79' lang='lat' dir='ltr'><strong>Joannes;</strong></span> <span class='ocrx_word' id='word_1_873' title='bbox 1265 2663 1376 2690; x_wconf 85' lang='lat' dir='ltr'><strong>crastina</strong></span> <span class='ocrx_word' id='word_1_874' title='bbox 1389 2662 1456 2689; x_wconf 76' lang='lat' dir='ltr'><strong>enim</strong></span> <span class='ocrx_word' id='word_1_875' title='bbox 1479 2663 1521 2690; x_wconf 85' lang='lat' dir='ltr'><strong>die</strong></span> <span class='ocrx_word' id='word_1_876' title='bbox 1544 2662 1735 2691; x_wconf 82' lang='lat' dir='ltr'><strong>simulerimus.</strong></span> 
     </span>
    </p>
   </div>
   <div class='ocr_carea' id='block_1_117' title="bbox 947 2709 1734 2744">
    <p class='ocr_par' dir='ltr' id='par_1_117' title="bbox 947 2709 1734 2744">
     <span class='ocr_line' id='line_1_117' title="bbox 947 2709 1734 2744; baseline -0.004 -6"><span class='ocrx_word' id='word_1_877' title='bbox 947 2710 1095 2738; x_wconf 81' lang='lat' dir='ltr'><strong>Narrabaut</strong></span> <span class='ocrx_word' id='word_1_878' title='bbox 1105 2714 1211 2742; x_wconf 85' lang='lat' dir='ltr'><strong>autem,</strong></span> <span class='ocrx_word' id='word_1_879' title='bbox 1225 2709 1328 2737; x_wconf 79' lang='lat' dir='ltr'><strong>cuidam</strong></span> <span class='ocrx_word' id='word_1_880' title='bbox 1348 2709 1427 2736; x_wconf 88' lang='lat' dir='ltr'><strong>etiam</strong></span> <span class='ocrx_word' id='word_1_881' title='bbox 1454 2709 1609 2744; x_wconf 81' lang='lat' dir='ltr'><strong>presbytero</strong></span> <span class='ocrx_word' id='word_1_882' title='bbox 1636 2709 1734 2735; x_wconf 81' lang='lat' dir='ltr'><strong>ibidem</strong></span> 
     </span>
    </p>
   </div>
   <div class='ocr_carea' id='block_1_118' title="bbox 948 2753 1736 2790">
    <p class='ocr_par' dir='ltr' id='par_1_118' title="bbox 948 2753 1736 2790">
     <span class='ocr_line' id='line_1_118' title="bbox 948 2753 1736 2790; baseline -0.001 -7"><span class='ocrx_word' id='word_1_883' title='bbox 948 2755 1064 2783; x_wconf 87' lang='lat' dir='ltr'><strong>manenti</strong></span> <span class='ocrx_word' id='word_1_884' title='bbox 1079 2755 1248 2790; x_wconf 67' lang='lat' dir='ltr'><strong>praedixisse:</strong></span> <span class='ocrx_word' id='word_1_885' title='bbox 1262 2755 1327 2782; x_wconf 82' lang='lat' dir='ltr'><strong>Pura</strong></span> <span class='ocrx_word' id='word_1_886' title='bbox 1340 2755 1426 2782; x_wconf 89' lang='lat' dir='ltr'><strong>locum</strong></span> <span class='ocrx_word' id='word_1_887' title='bbox 1448 2754 1521 2781; x_wconf 80' lang='lat' dir='ltr'><strong>fratri</strong></span> <span class='ocrx_word' id='word_1_888' title='bbox 1539 2753 1648 2783; x_wconf 81' lang='lat' dir='ltr'><strong>Joanni;</strong></span> <span class='ocrx_word' id='word_1_889' title='bbox 1664 2754 1736 2782; x_wconf 84' lang='lat' dir='ltr'><strong>venit</strong></span> 
     </span>
    </p>
   </div>
   <div class='ocr_carea' id='block_1_119' title="bbox 947 2801 1029 2829">
    <p class='ocr_par' dir='ltr' id='par_1_119' title="bbox 947 2801 1029 2829">
     <span class='ocr_line' id='line_1_119' title="bbox 947 2801 1029 2829; baseline -0.012 0"><span class='ocrx_word' id='word_1_890' title='bbox 947 2801 1029 2829; x_wconf 86' lang='lat' dir='ltr'><strong>enim.</strong></span> 
     </span>
    </p>
   </div>
   <div class='ocr_carea' id='block_1_120' title="bbox 981 2841 1732 2882">
    <p class='ocr_par' dir='ltr' id='par_1_120' title="bbox 981 2841 1732 2882">
     <span class='ocr_line' id='line_1_120' title="bbox 981 2841 1732 2882; baseline -0.008 -8"><span class='ocrx_word' id='word_1_891' title='bbox 981 2845 1026 2874; x_wconf 76' lang='lat' dir='ltr'><strong>J0.</strong></span> <span class='ocrx_word' id='word_1_892' title='bbox 1039 2845 1228 2882; x_wconf 74' lang='lat' dir='ltr'><strong>Chrysostomus</strong></span> <span class='ocrx_word' id='word_1_893' title='bbox 1242 2846 1359 2874; x_wconf 74' lang='lat' dir='ltr'><strong>Cottianis</strong></span> <span class='ocrx_word' id='word_1_894' title='bbox 1374 2847 1399 2873; x_wconf 87' lang='lat' dir='ltr'><strong>in</strong></span> <span class='ocrx_word' id='word_1_895' title='bbox 1413 2846 1493 2873; x_wconf 82' lang='lat' dir='ltr'><strong>Ponto</strong></span> <span class='ocrx_word' id='word_1_896' title='bbox 1504 2846 1616 2872; x_wconf 84' lang='lat' dir='ltr'><strong>moritur.</strong></span> <span class='ocrx_word' id='word_1_897' title='bbox 1628 2841 1732 2869; x_wconf 79' lang='lat' dir='ltr'><strong>—-0rn—</strong></span> 
     </span>
    </p>
   </div>
  </div>
