2032 3110
258 136 308 162 I63

257 192 316 220 culo
330 189 414 217 lidens
421 187 548 220 Joannes,
561 186 680 221 sequenti
693 183 737 213 die
751 184 848 211 milites
861 187 981 218 precatus
994 186 1045 214 est,

258 242 287 264 ut
298 235 332 262 ad
350 234 443 263 Iuram
459 233 576 267 quintam
592 238 674 266 usque
689 231 723 257 ibi
735 227 1044 265 pernianerentwozom.

258 283 316 308 με.
339 287 362 307 c.
377 279 434 314 28).
449 277 488 304 Illi
516 284 578 304 \‘cro
604 276 668 303 nihil
683 279 806 302 curantes
833 272 942 308 profecti
968 275 1046 303 sunt,

258 332 337 361 atque
352 325 385 352 ad
407 325 513 359 triginta
526 323 634 350 circiter
649 321 732 348 stadia
747 325 902 355 pergentes,
919 317 951 345 ad
975 325 1047 344 mar<

260 372 358 407 tyrium
380 371 450 398 unde
474 370 651 397 discesserant
675 367 762 394 redire
780 366 863 394 coacti
879 370 957 395 sunt,
978 363 1048 398 quod

260 417 305 444 ille
323 419 478 451 aegrotaret:
495 413 587 448 capitis
607 414 678 441 enim
702 413 793 440 dolore
817 410 962 442 laborabat,
979 408 1049 444 quod

259 461 324 488 solis
343 461 432 488 radios
453 459 524 487 ferre
546 467 598 485 non
624 463 722 492 posset.
749 457 791 484 Sic
815 457 894 491 igitur
908 461 1048 487 reversus,

261 505 415 540 splendidas
431 508 537 538 vestes,
549 504 600 531 vita
614 511 659 530 sua
673 504 766 538 dignas
778 524 785 535 ,
802 503 927 537 requirit,
942 506 1049 528 exutus-

260 560 313 587 que
326 551 472 586 prioribus,
485 550 543 577 illas
564 549 659 582 induit,
677 549 800 575 onmihus
819 548 852 574 ad
872 548 1050 574 calceamenta

262 605 347 632 usque
358 597 481 629 mutatis,
496 600 575 630 atque
590 595 655 622 alias
671 594 845 629 praesentibus
860 593 1002 620 distribuit.
1018 593 1051 619 Et

264 642 380 676 sumptis
393 641 536 669 Dominicis
549 639 691 676 symbolis,
708 647 796 666 coram
809 638 973 665 adstantibus
988 638 1051 664 ulti-

263 695 334 714 mam
342 686 489 714 orationem
500 685 587 712 emisit
598 693 603 711 :
615 689 642 712 et
654 692 713 711 cum
730 692 776 719 pro
787 691 860 711 mere
873 690 920 710 suo
931 682 1050 714 dixiSSet,

264 732 352 759 Gloria
366 730 421 758 Deo
433 734 535 766 propter
549 730 633 756 omnia
644 750 651 762 ,
665 733 692 756 et
715 729 834 756 ultimum
845 748 853 761 ,
875 728 963 760 Amen,
978 727 1050 754 obsi-

264 781 390 811 gnasset,
405 775 541 811 appositus
552 780 593 803 est
604 775 636 802 ad
653 778 739 810 patres
748 781 810 801 suos
824 778 849 801 et
871 773 903 800 ad
917 773 1051 801 Christum

266 822 378 849 transiit.

301 866 370 893 Mira
381 866 407 893 in
418 867 472 902 ejus
486 865 608 901 exsequiis
630 865 810 892 monachorum
823 869 846 892 et
857 866 980 901 virginum
1002 865 1051 900 fre-

265 913 376 947 quentia.
395 927 431 933 ——
448 913 518 940 Obiit
531 917 619 940 autem
633 913 665 940 I4
679 912 858 947 Septembris,
873 912 989 939 Honorio
1012 919 1054 939 se-

268 958 379 992 ptimum
393 962 421 985 et
434 958 585 986 Theodosio
601 958 694 986 iterum
703 958 864 985 consulibus.
874 958 957 985 Tanta
967 963 1052 985 autem

267 1003 293 1030 in
306 1003 440 1037 sepultura
454 1003 511 1038 ejus
527 1002 668 1031 multitudo
683 1003 812 1038 virginum
824 1024 831 1037 ,
844 1003 1033 1030 monachorum
1044 1024 1051 1036 ,

266 1052 295 1074 et
318 1047 429 1075 aliorum
453 1049 592 1075 sanctitate
616 1048 771 1083 fulgentium
799 1049 882 1076 adfuit
910 1057 937 1076 e.
957 1049 1053 1084 Syria,

267 1091 358 1119 Cilicia
369 1113 378 1125 ,
389 1092 473 1119 Ponto
486 1097 565 1126 atque
578 1092 702 1120 Armenia
713 1114 720 1126 ,
737 1098 766 1121 ut
790 1093 908 1129 plerique
931 1099 1067 1129 putarent,

796 120 1019 151 COMPENDIUM
1038 118 1325 150 CHHONOLOGICUM

1833 118 1886 146 26L

1099 178 1172 213 quasi
1188 178 1250 206 dato
1265 178 1339 212 signo
1351 184 1396 204 eos
1406 176 1543 207 advenisse
1553 175 1638 211 (Socr.
1653 176 1671 203 ι.
1684 175 1711 204 ϐ.
1726 184 1749 203 c.
1759 175 1805 203 21.
1823 175 1885 203 Pal-

1101 225 1153 252 lnd.
1165 224 1292 259 Dlalog.).
1306 223 1370 251 Cum
1385 222 1537 250 celebritate
1545 226 1643 254 autem,
1659 225 1687 248 ut
1697 222 1780 249 victor
1799 221 1886 249 atlde-

1102 274 1142 303 ta,
1159 278 1210 297 una
1236 278 1295 297 cum
1320 269 1444 296 Basilisco
1459 269 1484 295 in
1507 268 1600 297 eodem
1613 268 1740 302 martyrio
1767 268 1896 306 sepultus.

1101 315 1312 343 est.Adversarii
1324 319 1410 341 autem
1426 314 1498 349 ejus,
1514 313 1557 348 qui
1568 313 1642 340 illum
1661 317 1712 339 tam
1728 312 1785 339 dire
1804 320 1888 339 vexa-

1104 365 1199 388 verant
1211 382 1218 393 ,
1230 361 1309 387 variis
1324 359 1409 386 modis
1425 359 1549 386 ultionem
1564 358 1678 385 divinam
1696 361 1758 385 sunt
1772 358 1885 392 experti,

1103 411 1131 434 ut
1148 406 1266 441 pluribus
1282 410 1370 432 narrat
1381 404 1514 432 Palladius
1527 404 1666 439 (Dialog.).
1682 403 1810 434 Arcadius
1827 411 1891 432 vero

1109 452 1232 488 princeps
1258 452 1400 486 iners,qui
1430 450 1506 478 facile
1532 450 1618 485 pravis
1642 449 1794 484 dolosisque
1824 457 1890 477 con-

1103 499 1169 530 siliis
1183 498 1369 526 circumveniri
1384 501 1506 532 poterat,
1522 501 1581 531 post
1594 496 1698 531 elapsos
1712 500 1813 530 septem
1829 502 1891 522 cum

1103 545 1214 575 dimidio
1225 552 1332 574 menses
1351 544 1385 571 ab
1405 537 1477 570 obitu
1492 542 1674 578 Chrysostomi
1691 546 1812 572 mortuus
1832 545 1891 573 cst;

1104 592 1209 626 quidam
1224 597 1287 618 vero
1311 589 1347 617 ob
1360 588 1445 616 illatas
1465 586 1655 622 Chrysostomo
1675 585 1836 619 calamitates
1860 592 1893 612 ex

1105 639 1151 665 Dei
1177 638 1292 665 vindicta
1317 633 1554 672 quadragenarium
1573 632 1704 659 sublatum
1719 631 1800 659 fuisse
1817 634 1893 665 puta~

1105 689 1175 712 runt.

1140 730 1236 765 Corpus
1251 731 1305 765 ejus
1319 728 1553 763 Constantinopolin
1576 725 1695 755 relatum.
1713 738 1750 745 ομ-
1769 722 1895 751 Memoria

1104 777 1132 805 S.
1148 777 1258 805 Joannis
1277 775 1458 812 Chrysostomi
1473 775 1551 810 paulo
1566 779 1624 809 post
1649 774 1751 802 obitum
1774 769 1830 808 ejus
1849 775 1896 804 per

1106 827 1191 851 totum
1213 822 1305 850 orbem
1331 822 1453 849 restituta
1478 819 1702 855 fuit(Thcodorct.
1720 819 1738 846 Ι.
1754 819 1780 847 5.
1797 827 1820 846 ε.
1837 815 1895 854 50).

1105 871 1209 904 Corpus
1222 873 1309 896 autem
1328 868 1384 902 ejus
1398 866 1644 900 Constantinopolin
1658 873 1717 893 cum
1739 865 1839 900 ingenti
1851 872 1893 893 ce-

1106 915 1228 944 lebritate
1250 915 1361 942 relatum
1393 913 1440 940 fuit
1462 920 1531 940 anno
1557 912 1620 939 A58.
1643 911 1808 939 Theodosius
1831 918 1896 938 vero

1104 961 1194 997 junior
1207 961 1363 995 Imperator,
1379 959 1464 995 inquit
1473 958 1657 986 Theodoretus
1666 979 1674 992 ,
1687 958 1779 985 oeulos
1788 962 1812 984 et
1825 956 1896 985 fron-

1107 1012 1160 1034 tem
1174 1006 1263 1034 loculo
1275 1005 1419 1033 admovens
1430 1025 1437 1038 ,
1449 1012 1498 1040 pro
1511 1004 1664 1039 parentibus
1686 1002 1741 1030 suis
1762 1002 1895 1036 supplica-

1108 1053 1164 1084 vit,
1180 1056 1272 1086 petens
1283 1051 1352 1078 tttiis
1362 1071 1369 1083 ,
1385 1050 1430 1085 qui
1444 1058 1492 1086 per
1504 1048 1708 1084 imprudentiam
1724 1051 1880 1083 peccassent
1891 1065 1898 1078 .

1109 1097 1212 1124 veniam
1223 1095 1392 1122 concederet.

1392 1138 1901 1167 Em

659 1189 860 1220 STILTINGI
880 1188 1139 1220 COMPENDIUM
1160 1188 1504 1220 CHRONOLOGlCUM

262 1256 590 1298 GESTORUM
613 1256 687 1297 ET
712 1255 1093 1297 SCRIPTORUM
1119 1255 1164 1297 S.
1190 1255 1430 1298 JOANNIS
1466 1256 1901 1302 CHRYSOSTOMI,

601 1333 793 1355 EXCERPTL‘M
815 1333 857 1355 EX
877 1333 967 1355 ACTIS
989 1332 1178 1355 SANCTORUM
1199 1333 1312 1356 MENSIS
1335 1334 1421 1356 SEPT.
1445 1335 1474 1356 T.
1499 1335 1542 1356 IV.

280 1385 462 1422 Compendium
473 1385 678 1422 chronologicam
691 1390 817 1421 gestarant
836 1390 860 1412 et
879 1385 1040 1421 scriptorum,

534 1426 593 1446 ante
606 1421 776 1448 diaconatum.

298 1456 375 1485 Circa
387 1463 485 1483 annuat
498 1455 551 1483 5H
567 1459 645 1484 natus
659 1461 701 1483 est
715 1456 744 1484 S.
760 1456 877 1484 Joannes
896 1457 1057 1492 Chrysosto-

264 1499 335 1520 mus.

299 1527 379 1554 Circa
403 1525 588 1562 annumﬂ569,
616 1526 745 1562 absolutis
770 1526 929 1562 eloquentia:
953 1526 1057 1559 studiis,

264 1569 355 1590 sacras
377 1561 470 1589 literas
493 1561 597 1588 discere
621 1561 721 1595 incipit,
742 1568 892 1595 exponente
915 1563 934 1589 S
956 1562 1060 1589 ltleletio

267 1597 404 1632 episcopo,
420 1596 464 1631 qui
478 1595 609 1624 Joannem
623 1597 740 1632 baptizat
753 1597 798 1624 illo
812 1602 942 1632 tempore.
953 1597 1002 1624 Hic
1015 1597 1061 1624 de-

269 1632 333 1660 mde
348 1631 432 1658 lcetor
447 1631 594 1658 ordinatus.

306 1666 383 1693 Circa
398 1666 500 1693 initium
515 1667 575 1692 anni
592 1666 653 1699 3.72,
670 1667 787 1701 relegam
806 1667 834 1695 S.
846 1666 961 1697 Meletio.
976 1667 1061 1702 Chry-

269 1705 405 1728 twstomus
420 1701 559 1736 magistros
572 1703 666 1736 accipit
685 1702 834 1729 Carterium
858 1708 884 1729 et.
906 1701 1060 1734 Diodorum,

268 1737 302 1762 ad
311 1743 432 1771 quorum
446 1735 612 1769 disciplinam
631 1735 733 1765 deinde
761 1737 891 1771 pertrahit
919 1737 1062 1764 Maximum

268 1777 295 1797 et
310 1769 491 1798 Theodorum.
761 1769 770 1771 “
803 1794 806 1798 ,

306 1806 382 1832 Circa
394 1813 492 1832 annum
508 1805 559 1833 575
570 1806 662 1833 scribit
677 1806 730 1833 duo
745 1807 828 1840 prima
843 1807 986 1841 opuscula,
1014 1814 1061 1834 seu

272 1841 412 1876 epistolam
427 1842 560 1876 geminam
573 1841 606 1868 ad
617 1842 786 1869 Theodorum
800 1842 910 1876 lapsum.
925 1843 956 1869 Τ.
970 1842 989 1868 I.

305 1875 384 1904 Circa
398 1883 497 1903 annum
516 1877 569 1903 574
592 1877 705 1904 Sanetus
723 1875 850 1912 quaeritur
870 1877 903 1904 ad
925 1877 1062 1912 episcopa-

272 1916 326 1939 tum
340 1919 347 1942 ;
362 1916 389 1938 at
403 1919 432 1938 se
442 1912 600 1938 occultando
615 1912 712 1939 evadit.

305 1947 362 1974 Sub
375 1947 454 1973 tinent
466 1947 528 1973 anni
544 1947 605 1979 574,
620 1953 664 1983 aut
678 1947 782 1983 initium
804 1947 866 1974 anni
879 1947 941 1980 575,
959 1947 1061 1983 ample-

269 1983 348 2010 etitur
367 1984 448 2009 vitam
461 1982 633 2008 monasticam
646 1982 672 2009 in
688 1982 838 2009 solitudine.

269 2052 291 2080 Τ
305 2016 381 2078 (‘iirca
396 2025 494 2044 annum
507 2017 559 2045 575
571 2017 660 2052 scripti
685 2025 731 2044 sex
753 2018 813 2045 libri
839 2018 872 2046 de
897 2017 1060 2046 Saeerdotio.

308 2088 385 2114 Anno
407 2087 460 2124 376
478 2087 634 2124 scriptitres
650 2087 710 2116 libri
723 2088 849 2116 adversus
863 2089 1064 2124 Oppugnatores

271 2124 333 2148 vita-
349 2123 512 2149 monasticm.
526 2123 558 2149 ’I‘.
576 2122 595 2149 Ι.

311 2156 458 2193 Ιῗοιειεγῖιοη
471 2158 515 2184 diu
529 2163 600 2192 post,
616 2165 647 2185 ac
660 2158 841 2186 vcrisimiliter
855 2159 880 2184 in
909 2158 1062 2193 solitudine,

273 2192 373 2227 scripta
387 2192 556 2228 Comparatio
571 2194 641 2226 regis
656 2198 683 2221 et
696 2194 830 2221 monachi.
846 2193 878 2220 Τ.
894 2193 918 2222 1.

313 2228 377 2255 Item
393 2227 419 2255 in
431 2227 575 2256 solitudine
588 2229 703 2263 scriptus
728 2229 795 2255 liber
807 2229 839 2255 de
854 2228 1064 2263 Compunetione

272 2262 309 2299 ad,
321 2263 483 2299 Demetrium
497 2272 504 2296 ;
518 2268 587 2299 ipost
608 2262 677 2299 hunc
701 2271 766 2291 vero
787 2263 855 2291 alter
877 2264 911 2292 de
924 2262 1064 2299 Compun-

276 2298 365 2325 etione
380 2297 414 2325 ad
427 2298 599 2326 Steleehium.
614 2299 645 2326 T.
661 2298 681 2325 l.

310 2335 389 2361 Anno
411 2333 476 2369 577,
502 2338 548 2360 aut
570 2334 633 2364 578.
652 2334 824 2368 probabiliter
846 2335 936 2369 scripti
960 2339 1013 2363 tres
1032 2335 1065 2363 ad

273 2368 464 2396 consolandum
476 2369 618 2404 Stagiritun
631 2377 849 2404 energumenum.
864 2368 928 2397 T.'l.

574 2404 606 2430 lu
619 2404 763 2430 diaconum.

311 2438 367 2465 Sub
379 2438 458 2466 finem
480 2439 541 2466 anni
562 2439 624 2472 580,
641 2444 687 2466 aut
709 2440 810 2466 initium
826 2440 888 2467 anni
908 2441 974 2474 58I,
998 2441 1065 2468 Sau-

273 2479 341 2509 cius,
354 2473 389 2500 ob
404 2475 524 2502 morbum
537 2482 570 2502 ex
583 2482 674 2502 eremo
687 2475 854 2502 Antiochiam
873 2473 1005 2509 reversus,
1020 2486 1065 2504 or-

276 2507 384 2534 dinatur
395 2508 532 2538 diaconus.

313 2543 460 2581 attonuit!“
475 2546 593 2581 scriptus
605 2545 673 2573 liber
686 2545 718 2572 ad
741 2546 851 2574 Viduam
872 2547 1017 2581 juniorem,
1033 2555 1065 2576 ac

296 2577 495 2618 robabilitcrad
510 2577 630 2618 eamdem
643 2588 700 2618 non
711 2581 756 2618 diu
769 2586 830 2618 post
842 2577 955 2618 scriptus
966 2577 1015 2610 est,
1031 2584 1062 2610 li-

293 2620 322 2650 er
336 2612 436 2650 deum)
452 2614 573 2642 iterando
583 2615 722 2650 Coujugio.
737 2612 804 2644 Τ.Ἰ.

290 2682 295 2688 .
308 2646 492 2712 Ιςέῧῗίοεῶξηιίιιι
505 2646 682 2686 probabiliter"
689 2658 811 2680 exoratus
822 2657 864 2680 est
884 2653 950 2682 liber
963 2654 997 2681 de
1012 2653 1066 2681 Vir-

290 2691 324 2710 un
366 2691 391 2711 e.
432 2704 438 2711 .
466 2704 473 2711 .

272 2690 391 2717 sinuato.
406 2690 438 2711 ‘t‘.
453 2690 473 2712 ι.

308 2718 496 2761 C_irea_at_mum
512 2721 564 2748 582
579 2723 819 2761 (τοιηρυδίψεξξὺει-
839 2724 863 2751 in
879 2725 907 2752 S.
924 2724 1064 2761 Babylam,

272 2759 364 2791 contra
381 2754 515 2784 Juliauum
531 2761 558 2784 et
569 2754 689 2791 gentiles.
701 2758 733 2786 Τ.
750 2758 781 2786 ΙΙ.

287 2788 320 2829 .lu
340 2788 682 2831 diaconattrverisimililer
695 2795 795 2829 scripta
817 2795 946 2831 Synopsis
967 2796 992 2822 iu
1018 2804 1064 2822 va‘

274 2827 325 2870 rli'os'
340 2831 423 2870 sacra:
436 2827 579 2862 Scriptura:
597 2829 698 2870 libros;
725 2827 772 2857 sed
796 2827 860 2870 tota:
885 2827 964 2870 quam
983 2831 1066 2861 edidit

275 2859 556 2899 .\Iontfaueouus,'uou
570 2869 610 2892 est
625 2859 817 2900 (ῼΙιηίδίῑδίοιιιὶ.
837 2859 865 2893 Τλ
885 2859 926 2894 ῨΙ.

1290 1397 1323 1425 In
1337 1397 1522 1433 presbyteratus
1543 1407 1609 1426 anno
1620 1399 1712 1433 primo.

1149 1453 1225 1481 Circa
1249 1454 1352 1482 initium
1375 1455 1437 1482 anui
1464 1455 1516 1483 586
1540 1455 1745 1490 Chrysostomus
1765 1454 1904 1482 ordinatur

1113 1490 1263 1551 Eresbyler,
1278 1498 1425 1522 inimusque
1447 1491 1620 1518 concienandi
1644 1490 1762 1522 ordiens,
1789 1491 1902 1524 primam

1133 1525 1193 1551 abet
1207 1525 1356 1551 Homiliam.
1369 1525 1400 1551 Τ.
1417 1525 1437 1551 Ι.

1133 1525 1193 1551 abet
1207 1525 1356 1552 Homiliam.
1369 1525 1400 1553 T.
1417 1525 1437 1552 Ι.

1150 1560 1213 1586 Post
1227 1560 1304 1592 hanc,
1320 1568 1413 1588 mense
1422 1561 1549 1589 Januario
1561 1567 1607 1589 aut
1628 1561 1774 1588 Februario
1789 1582 1795 1592 ,
1824 1559 1906 1586 habet

1114 1594 1255 1622 Homiliam
1269 1595 1302 1622 de
1317 1595 1391 1628 Ozia,
1406 1604 1464 1623 eam
1481 1597 1616 1627 nimirum,
1642 1604 1701 1629 qua:
1716 1596 1748 1621 de
1771 1603 1804 1623 eo
1826 1603 1906 1629 argu-

1114 1635 1205 1657 mento
1229 1631 1344 1658 secunda
1369 1637 1410 1659 est
1436 1632 1573 1665 impressa.
1590 1632 1622 1659 T.
1640 1630 1682 1657 Vl.
1710 1630 1814 1658 Secuta:
1841 1635 1906 1657 sunt

1114 1670 1176 1701 ante
1195 1666 1430 1701 Quadrugesimam
1447 1672 1500 1693 tres
1512 1667 1569 1693 alixe
1582 1667 1615 1694 de
1628 1666 1689 1693 Ozia
1713 1671 1758 1693 aut
1778 1667 1812 1693 de
1826 1666 1906 1694 Sera-

1115 1700 1213 1736 phinis,
1226 1701 1348 1728 videlicet
1363 1703 1450 1734 tertia,
1466 1703 1556 1736 quinta
1569 1706 1596 1729 et
1609 1707 1693 1728 sexta.

1152 1735 1180 1762 In
1198 1736 1327 1770 principio
1340 1735 1553 1772 Quadi-agminia:
1567 1737 1683 1764 inchoati
1693 1741 1756 1764 sunt
1768 1741 1830 1764 octo
1843 1739 1907 1767 Ser.

1115 1778 1208 1798 mones
1224 1772 1249 1798 in
1265 1771 1400 1799 Genesim.
1415 1771 1503 1799 T.'lV.

1151 1805 1183 1842 1ηΔ
1195 1806 1286 1833 eadem
1301 1807 1516 1842 Quadragesima,
1529 1812 1722 1842 consequenter
1732 1814 1823 1834 mense
1836 1809 1906 1836 Mar-

1117 1840 1161 1879 tio,
1177 1840 1273 1879 habita:
1294 1840 1417 1879 ridentur
1429 1843 1489 1879 alia:
1502 1840 1760 1879 quinque'_Homili-.e
1772 1863 1781 1879 ,
1810 1852 1907 1879 nempe

1117 1876 1175 1902 dine
1191 1877 1224 1903 de
1239 1877 1430 1910 Prophetarum
1444 1878 1615 1905 obscuritate.
1632 1877 1664 1905 Τ.
1688 1877 1707 1904 1.
1724 1878 1798 1905 tertia
1813 1876 1908 1907 cunt-ta

1117 1911 1275 1947 ltlauichzeos
1285 1912 1416 1945 dicentes,
1435 1913 1573 1941 Da‘mones
1593 1913 1743 1947 gubernare
1765 1914 1907 1942 mundttm.

1116 1945 1147 1983 T.
1162 1946 1191 1972 ll.
1205 1953 1295 1980 quarta
1311 1954 1402 1974 contra
1414 1948 1554 1983 ignaviam.
1569 1945 1637 1974 Ibid.
1652 1952 1678 1975 et
1693 1948 1783 1983 quinta
1794 1949 1828 1976 de
1842 1950 1907 1977 Dia-

1116 1981 1327 2009 holotentatore.
1342 1983 1408 2009 Ibid.

1153 2017 1252 2044 Eodem
1266 2025 1346 2049 anno,
1360 2018 1539 2046 verisimiliter
1551 2025 1643 2046 mense
1653 2017 1731 2052 Majo,
1749 2018 1838 2047 habita
1853 2020 1909 2048 Ho-

1117 2052 1187 2078 milia
1201 2053 1227 2079 in
1240 2052 1267 2080 S.
1282 2053 1427 2080 Meletium.
1444 2054 1474 2080 T.
1494 2053 1525 2080 ll.

1155 2087 1253 2114 Eodem
1267 2089 1445 2116 verisimiliter
1458 2097 1529 2116 anno
1539 2089 1676 2124 mgrotavit
1686 2088 1906 2123 Chrysostnmus.

1117 2122 1409 2157 habuitquellomiliam
1430 2125 1456 2151 in
1484 2124 1547 2152 illud
1565 2122 1691 2159 'Apostoli
1709 2134 1714 2151 :
1743 2122 1800 2151 Hoc
1823 2131 1909 2153 autem

1116 2159 1217 2190 scitote,
1233 2164 1285 2185 etc.
1301 2159 1333 2186 Τ.
1347 2159 1390 2186 VI.

1153 2194 1242 2221 Mense
1257 2195 1375 2227 Augusto
1396 2195 1484 2222 habita
1507 2199 1548 2222 est
1570 2194 1683 2222 Homilia
1705 2196 1789 2228 prima
1813 2201 1910 2223 contra

1118 2229 1272 2266 Anulum-os.
1293 2230 1331 2266 _T.
1362 2230 1381 2257 I.
1401 2231 1484 2266 VPost
1516 2231 1583 2257 hanc
1608 2230 1658 2266 sub
1688 2230 1769 2257 finem
1796 2231 1911 2266 Augusti

1117 2270 1162 2300 aut
1174 2264 1275 2292 initium
1290 2264 1465 2298 Septembris,
1479 2265 1591 2292 Sanctus
1604 2265 1693 2292 dicere
1721 2265 1802 2300 cmpit
1814 2264 1911 2294 contra

1118 2299 1235 2331 Judaeos,
1252 2300 1396 2334 habuitque
1409 2306 1604 2335 consequenter
1612 2300 1678 2327 duas
1692 2301 1795 2334 priores
1806 2302 1911 2328 oratio-

1118 2343 1165 2362 nes
1178 2341 1270 2362 contra
1280 2335 1396 2362 Judtcos.
1411 2336 1441 2362 Τ.
1459 2336 1478 2363 l.
1491 2341 1517 2363 et
1532 2336 1598 2362 forte
1608 2335 1675 2362 alias
1688 2335 1766 2363 hodie
1778 2336 1911 2369 perditas.

1152 2371 1243 2398 Mense
1263 2370 1404 2398 Novembri
1425 2371 1538 2399 Sanctus
1553 2371 1664 2398 resumit
1687 2371 1833 2399 certamina
1861 2373 1914 2398 ad-

1118 2413 1212 2432 versus
1227 2407 1377 2437 Autumnus.
1391 2407 1488 2440 illoque
1504 2412 1530 2433 ct
1553 2407 1674 2440 sequenti
1699 2413 1791 2433 mense
1814 2412 1914 2434 contra

1119 2442 1178 2468 illos
1192 2441 1273 2467 habet
1288 2441 1414 2468 llmnilias
1429 2441 1583 2474 secundam,
1599 2442 1716 2474 tertiam,
1741 2447 1864 2477 quartam
1884 2447 1915 2470 ct

1118 2477 1236 2512 quintam
1252 2476 1286 2503 de
1298 2477 1570 2510 lncomprehcnsibili.

1153 2512 1216 2539 Post
1239 2511 1342 2539 tertiam
1367 2512 1436 2539 dicta
1466 2512 1575 2540 videtur
1591 2511 1703 2538 Homilia
1729 2510 1764 2538 de
1788 2511 1914 2540 Anathe-

1118 2552 1198 2574 male.
1215 2547 1245 2575 T.
1258 2547 1277 2574 I.

1156 2583 1217 2610 Post
1231 2583 1349 2617 quintam
1364 2590 1427 2609 vero
1442 2587 1539 2610 secutm
1552 2582 1676 2610 videntur
1688 2581 1748 2608 diue
1770 2581 1839 2617 alim,
1870 2583 1916 2610 ni—

1118 2618 1213 2645 mirum
1225 2616 1258 2646 de
1274 2618 1328 2645 Non
1344 2618 1480 2653 vulgandis
1492 2618 1603 2645 fratrum
1627 2618 1752 2652 peccatis.
1767 2616 1799 2644 Τ.
1812 2617 1856 2644 lll.
1883 2623 1914 2645 et

1118 2654 1152 2681 de
1165 2653 1220 2680 Non
1232 2654 1409 2688 desperando.
1425 2653 1465 2680 Ib.

1154 2689 1201 2716 Dic
1213 2688 1263 2716 XX
1277 2689 1429 2717 Decembris
1441 2689 1555 2716 Humilia
1568 2688 1595 2715 in
1608 2688 1636 2715 S.
1653 2688 1840 2723 Philogoninm
1856 2688 1913 2715 Ita-

1117 2724 1182 2751 bila.
1192 2724 1224 2752 T.
1243 2725 1261 2750 Ι.

1154 2760 1201 2788 Die
1215 2759 1287 2787 XXV
1312 2759 1465 2787 Decembris
1487 2759 1577 2786 habita
1601 2758 1713 2786 Homilia
1739 2759 1764 2785 iu
1785 2758 1914 2786 Natalem

1119 2795 1232 2822 Domini.
1245 2795 1277 2822 Τ.
1293 2795 1324 2822 ΙΙ.

1154 2831 1222 2858 Ante
1236 2831 1315 2860 tinem
1327 2831 1388 2857 anni
1401 2830 1502 2864 figenda
1517 2829 1629 2857 Homilia
1644 2829 1670 2856 in
1692 2828 1834 2865 abutentes
1863 2830 1917 2865 illq

1119 2866 1238 2900 Apostoli
1250 2865 1331 2900 dicto,
1345 2865 1404 2893 Sire
1417 2863 1461 2902 per
1474 2865 1638 2898 occasionem,
1651 2870 1702 2892 cie.
1720 2864 1750 2891 'I'.
1772 2863 1815 2890 111.
