2032 3110
321 119 370 147 ἓ71

305 184 430 209 nensem;
452 177 503 205 I50
517 177 549 204 ad
569 175 711 203 Maximum
727 175 899 209 episcopum;
915 173 962 202 151
977 172 1009 200 ad
1023 172 1099 200 Asel-

307 213 360 248 lum
375 213 544 248 episcopum;
561 211 626 248 152.
644 211 704 248 153.
724 209 878 248 l5l_et__l§l
893 209 925 236 ad
938 209 1077 248 episcopos
1089 227 1096 239 ,

306 247 358 274 148
371 243 403 274 ad
417 243 566 282 Cyriacum,
585 246 745 282 Demetrium
752 243 926 282 LPalladium,
941 243 1077 282 Eulysittm
1087 261 1096 274 ,

306 278 447 317 episcopos
459 281 626 312 Orientales;
644 281 694 307 168
708 281 739 306 ait
750 279 869 307 'Probam
882 283 1030 306 matronam
1046 278 1098 305 Ro-

306 325 428 341 manam:
444 316 495 341 169
514 317 547 341 ad
567 316 708 341 lulianum.
726 315 818 341 Proba:
841 321 946 341 nurum.
961 313 1052 341 61170
1065 312 1098 340 ad

305 315 428 349 tnanam;
444 316 495 344 169
514 317 547 343 ad
567 316 708 347 lulianum,
726 315 818 342 Proba:
841 321 946 346 nurum,
961 318 988 342 et

308 351 423 379 Italicam
437 354 517 379 etiam
530 351 645 378 nobilem
662 356 820 377 matronam.

531 397 633 431 Aliquot
646 396 734 422 incerti
744 395 872 431 temporis.

341 452 468 486 Epistolas
479 452 608 487 temporis
620 451 713 478 incerti
725 455 798 485 sunt,
808 451 842 478 48
853 450 886 478 ad
900 451 1036 487 Arabium.
1049 450 1100 487 192

304 487 339 514 ad
354 486 557 518 Onesicratiani,
572 488 607 514 46
626 487 658 512 ad
683 487 818 520 Ruﬁnum,
831 487 866 514 65
885 486 917 513 ad
939 486 1099 519 Tranquilli-

306 530 369 550 num
381 542 390 555 ,
415 523 465 550 1⁵17
488 523 520 549 ad
542 522 750 551 Artemidorum.
768 522 796 548 71
815 522 847 548 ad
861 521 1002 552 Malchum,
1017 521 1052 548 92
1066 520 1099 547 ad

307 557 425 593 Moysem
442 557 637 593 presbyterum.
654 557 698 584 101
713 557 746 583 ad
759 556 886 584 Severum
903 557 1098 593 presbyterum,

305 591 359 620 159
373 593 405 619 ad
421 591 595 626 Theodorum
612 591 696 626 Syrim
709 593 874 618 consularem
888 612 895 621 .
911 591 958 618 171
975 591 1008 618 ad
1024 591 1098 618 Mon-

306 629 386 659 tium,
398 627 451 655 208
471 627 505 654 ad
523 624 648 654 Acacium
665 627 859 662 presbyterum,
874 627 926 654 209
941 627 973 654 ad
994 626 1100 653 Salvio-

308 670 368 688 ncm
391 667 436 688 aut
458 662 624 692 Galbionem,
637 662 689 689 ι211
708 662 740 688 ad
762 662 945 689 Sebastianum
959 662 1099 697 presbyte-

306 704 366 724 rum
379 717 387 729 ,
400 697 453 724 2l5
468 697 499 723 ad
516 698 648 730 Pelagium
665 698 864 732 presbyterum,
880 697 933 724 216
951 697 984 724 ad
1001 697 1098 724 Musei-

307 739 383 765 num,
401 732 449 759 117
463 732 495 759 ad
510 732 689 759 Theodoram.

1030 105 1200 144 MONITUM.

1894 112 1948 140 272

1197 169 1267 197 Mors
1279 169 1368 197 8ηηαὶ
1379 168 1485 204 aliaque
1497 166 1617 201 usquead
1632 175 1724 203 corpus
1737 168 1898 196 translatum.

1187 206 1264 232 Auno
1284 205 1335 232 407
1359 204 1472 232 Sanctus
1489 205 1593 239 cogitur
1614 204 1700 231 locum
1721 204 1814 239 exsilii
1829 210 1945 236 mutare.

1152 241 1311 274 duciturque
1330 236 1543 275 Pityuntaase‘d
1566 239 1666 266 fractus
1686 236 1947 275 itinerisﬁlabttribus

1152 276 1178 302 in
1195 276 1252 310 ipso
1267 276 1360 302 itinere
1374 274 1456 309 prope
1475 274 1590 302 Contana
1606 275 1632 301 in
1648 275 1732 301 Ponto
1749 274 1805 301 XIV
1820 275 1946 308 Septem.

1152 311 1208 337 bris
1233 311 1361 343 moritur,
1378 311 1466 344 ibique
1488 310 1515 336 in
1538 309 1649 337 ecclesia
1671 309 1699 336 S.
1715 309 1805 337 Basilii
1820 310 1947 345 martyri:

1152 346 1288 374 sepelitur.

1191 354 1199 370 1
1229 355 1233 370 1
1249 355 1263 371 11
1283 365 1288 371 .

1184 354 1377 407 ifii-i-arannum
1393 381 1445 407 ut
1458 387 1556 408 nomen
1569 380 1763 416 Chrysostomi,
1778 384 1890 413 urgente
1903 381 1948 407 ln-

1152 416 1276 443 nocentio
1290 423 1366 450 papa,
1387 415 1469 442 sacris
1489 415 1764 451 diptychis'inseritur
1779 416 1892 451 primum
1907 415 1944 441 ab

1153 451 1304 477 Alexandro
1320 451 1486 478 Antiochcno
1498 470 1505 482 ,
1522 450 1619 477 deinde
1633 452 1712 477 etiam
1727 450 1761 476 ab
1773 450 1859 476 Attico
1873 450 1949 477 Cou-

1153 486 1407 520 stantiuopulitano,
1432 490 1460 512 ct
1483 485 1582 520 Cyrillo
1608 486 1808 518 Alexandrino,
1833 485 1951 519 aliisque

1153 521 1278 548 omnibus
1291 521 1393 555 intperii
1407 521 1550 548 Orientalis
1561 521 1703 555 episcopis.

1190 557 1258 583 Aule
1270 554 1367 582 annum
1381 556 1434 583 458
1449 554 1678 583 1εειὶι-1ιιιέ8ιιιιριί
1692 563 1708 583 a
1721 554 1951 589 Constantinopo.

1153 591 1242 618 litanis
1256 591 1385 618 celebrari
1400 595 1497 626 ccepta.

1189 627 1265 653 Anno
1278 626 1330 653 458
1344 625 1449 653 sacrum
1463 633 1561 660 corpus
1579 625 1836 661 Constantinopolim
1850 632 1951 660 magno

1154 669 1214 689 cum
1232 663 1331 688 honore
1346 661 1512 688 translatum.

1190 696 1251 723 llmc
1268 696 1400 723 sufﬁciant
1422 703 1470 730 pro
1495 696 1567 723 brevi
1589 695 1755 729 ebronotaxi,
1777 703 1837 724 eutn
1856 695 1950 723 omnia

1155 732 1238 759 fusius
1252 732 1278 759 in
1293 731 1491 759 Commentario
1504 732 1558 758 sint
1570 733 1689 766 probata.

317 793 1949 820 ΨΜ

1042 853 1082 884 IN
1102 852 1206 884 DUAS

384 921 625 964 JOANNIS
647 921 1055 964 CHRYSOSTOMI
1084 923 1163 963 AD
1187 922 1578 964 THEODORUM
1605 922 1839 964 LAPSUM

823 999 1064 1030 PAIUENESES
1085 999 1158 1030 SEU
1179 998 1397 1030 EPISTOLAS

881 1066 1373 1197 MQllEM.
1399 1174 1402 1177 _

341 1232 369 1261 In
384 1233 501 1261 editione
514 1232 646 1260 Saviliana
667 1231 709 1259 ha:
728 1231 787 1260 dum
807 1231 961 1258 Parmneses
982 1231 1055 1264 sive,
1069 1234 1100 1258 ut

305 1278 421 1306 Savilius
442 1282 536 1309 vocat,
558 1277 698 1304 Orationes
723 1277 890 1310 transpositae
912 1281 993 1309 sunt;
1014 1276 1049 1303 ita
1073 1279 1101 1302 ut

305 1331 366 1359 qua:
378 1324 449 1358 prior
467 1331 525 1351 esse
543 1323 689 1357 debuerat,
702 1322 736 1350 sit
755 1322 898 1357 posterior.
914 1321 998 1356 Ipsam
1022 1328 1100 1356 porro

305 1369 397 1396 Savilii
413 1374 502 1396 notam
515 1389 523 1402 ,
539 1368 681 1396 observalu
701 1373 775 1396 certe
789 1368 895 1403 dignam
907 1389 914 1400 ,
933 1368 983 1394 huc
1005 1367 1099 1402 partim

306 1413 402 1442 alferre
416 1422 504 1448 opera:
519 1414 632 1448 pretium
647 1414 732 1441 fuerit.
751 1423 760 1439 ι
773 1413 799 1440 lu
816 1413 865 1440 hac
879 1412 995 1440 editione
1009 1420 1100 1440 errore

305 1459 397 1487 nescio
411 1466 466 1494 quo
484 1459 652 1494 transpositac
664 1463 726 1486 sunt
741 1459 800 1486 ista:
813 1458 871 1486 dum
884 1458 918 1486 ad
928 1457 1100 1486 Theodorum

305 1504 410 1540 lapsum
425 1505 559 1532 orationes
569 1524 576 1536 ,
591 1508 619 1532 et
639 1512 697 1539 quin
713 1504 786 1539 prior
805 1511 866 1531 esse
887 1503 995 1536 debuit,
1009 1509 1100 1538 poste-

305 1550 376 1577 riore
388 1549 446 1577 loco
458 1550 614 1582 collocatur,
631 1554 659 1577 et
670 1557 728 1584 quac
743 1549 876 1584 posterior
889 1569 896 1581 ,
911 1549 1002 1584 priore
1018 1558 1024 1575 :
1041 1556 1101 1576 cor-

305 1601 409 1623 rectore
434 1600 526 1622 nostro
555 1596 741 1622 auctoritatem
752 1616 758 1627 ,
771 1600 798 1622 ιιι
821 1599 902 1629 puto,
913 1599 1025 1629 sequuto
1042 1594 1096 1622 cdi-

306 1641 386 1668 tionis
420 1640 580 1676 Mogontinze
606 1640 821 1676 Florilegiorum,
839 1641 884 1668 ubi
911 1641 950 1668 sic
973 1642 1099 1668 citantur.

308 1686 391 1713 l‘orro
404 1685 483 1720 hujus
497 1687 626 1713 orationis
637 1706 645 1719 ,
660 1694 720 1721 qua:
733 1687 760 1713 in
773 1691 864 1713 nostra
876 1685 992 1713 editione
1007 1690 1100 1713 octava

307 1736 368 1762 est.
381 1731 501 1759 meminit
520 1732 667 1766 magniﬁcis
691 1739 750 1759 cum
771 1731 911 1766 prmconiis
936 1731 1102 1760 Sozomenus

307 1777 352 1804 lib.
367 1777 384 1805 8
395 1798 401 1809 ,
417 1785 476 1812 cap.
492 1778 509 1804 2
522 1798 529 1810 ,
543 1778 619 1812 cujus
631 1777 711 1805 verba
726 1785 741 1804 a
757 1785 800 1804 me
812 1784 863 1812 qtta
884 1784 900 1804 a
914 1776 999 1804 Codd.
1014 1776 1078 1804 Mss.
1091 1797 1100 1809 .

308 1831 360 1858 qua
388 1831 403 1851 a
433 1823 595 1858 conjecturis
627 1823 808 1850 emendatiora
840 1822 909 1850 facta
943 1822 1029 1849 visum
1060 1825 1102 1850 est

306 1869 470 1896 adscribere.
495 1871 531 1896 οὗ
548 1874 615 1903 μόνος
635 1867 919 1904 8t(Chrysostomus)
933 1870 998 1903 παρὰ
1007 1869 1101 1898 τούτοις

305 1917 313 1948 (
332 1914 452 1942 Carterio
475 1918 503 1942 ct
530 1914 670 1949 Diodoro)
691 1917 781 1950 ἐφοίταο
797 1918 872 1940 timo:
902 1915 926 1940 δὲ
957 1920 998 1943 τῆς
1028 1914 1102 1940 αὐτοῦ

305 1961 313 1992 (
327 1960 362 1987 al.
377 1960 471 1994 αὐτῆς)
485 1964 575 1993 γνώμης
588 1963 647 1986 dum
658 1964 763 1994 ὶταίρονς
777 1961 850 1986 αὐτοῦ
867 1963 997 1992 γινομένους
1013 1960 1038 1984 Ix
1059 1966 1100 1988 τῆς

306 2010 419 2033 meum
438 2007 559 2040 διατριϐῆς
573 2025 580 2037 ,
592 2006 708 2040 Θεόδωρόν
727 2015 781 2031 τινα
796 2009 837 2031 χαι
857 2006 980 2037 Μάξιμον
992 2001 1027 2030 ὧν
1038 2005 1051 2029 ό
1060 2007 1102 2036 μὲν

307 2048 459 2085 (Maximus)
468 2052 559 2085 ὖθτιροῠ
566 2053 688 2080 ἐπίσκοπος
696 2052 784 2082 ἕγᾶνιτο
794 2053 925 2080 Stimula;
934 2054 978 2080 τῆξ
988 2044 1099 2082 Ῑσαῦρων,

306 2099 391 2130 Μόψου
406 2099 429 2123 δι
441 2098 521 2127 ἱστίοις
535 2104 577 2127 τῆς
596 2100 707 2126 Κιλικίοις
721 2094 871 2131 Θιόδωρος,[
885 2098 941 2130 «pa;
958 2098 983 2121 ὃν
1002 2099 1102 2121 παθόντα

304 2143 387 2178 γράφη
397 2144 409 2168 ὁ
420 2147 476 2173 6ιῖος
483 2146 649 2178 Χρυσὸστομος
661 2144 785 2172 ἐπιστολὴν
796 2144 902 2175 δευτέραν
910 2139 933 2176 ],
943 2145 995 2168 etc.
1014 2149 1024 2166 ι
1039 2140 1102 2168 ΠΤο

307 2191 442 2221 postrema
462 2189 542 2214 vcrha
563 2187 666 2214 uncinis
683 2187 782 2214 inclusa
805 2186 830 2212 in
856 2185 972 2212 editione
992 2185 1102 2213 Roberti

308 2232 436 2267 Stephani
454 2238 482 2260 et
501 2233 736 2267 Christophorsmﬁ
759 2232 891 2260 habentur
906 2239 912 2258 :
929 2231 1025 2259 horum
1038 2239 1103 2260 vero

306 2285 401 2306 sensus
411 2283 466 2305 est:
477 2278 570 2305 Divum
580 2278 796 2313 Chrysostomum
808 2276 951 2304 secundam
962 2277 1101 2312 epistolam

306 2325 446 2360 scripsisse
457 2324 490 2351 ad
501 2323 671 2351 Theodorum
680 2324 783 2358 lapsum
797 2332 803 2350 :
813 2330 872 2357 qua:
880 2320 1000 2350 clausula
1008 2322 1031 2350 si
1040 2330 1102 2350 vere

308 2370 449 2398 Sozumeni
463 2375 532 2397 esset
546 2388 554 2402 ,
566 2369 676 2404 alicujus
691 2369 717 2396 in
738 2376 768 2396 re
780 2376 859 2404 quam
879 2373 1025 2397 tractamus
1041 2377 1100 2396 mo-

309 2415 391 2442 menti
405 2415 488 2447 l'orct;
501 2422 592 2442 verum
606 2422 664 2442 eam
676 2422 690 2441 a
703 2414 810 2442 librario
825 2414 950 2448 quopiam
966 2415 1101 2442 inductam

307 2460 387 2486 [uisse
404 2463 477 2494 putat
490 2459 619 2486 Henricus
634 2459 764 2491 Valesius.
775 2459 823 2486 hac
837 2463 973 2494 permotus
986 2461 1100 2493 ratione,

307 2512 387 2538 quam
400 2509 429 2532 et
443 2513 492 2532 nos
506 2504 648 2539 probamus
664 2514 671 2532 :
688 2505 810 2533 videlicet
831 2505 962 2533 Joannem
981 2510 1101 2533 nostrum

308 2549 450 2576 Soznmeni
463 2556 521 2576 :evo
535 2549 651 2576 nondum
666 2549 848 2586 Chrysostnmi
864 2558 960 2578 nomen
974 2550 1100 2585 adeptum

307 2595 388 2622 fuisse
402 2603 409 2622 :
423 2603 483 2622 cum
505 2598 593 2621 autem
615 2596 642 2623 in
663 2596 755 2624 codice
774 2595 922 2624 Fukctiano
947 2597 1005 2624 haec
1029 2597 1101 2624 clau-

306 2641 362 2668 sula
380 2648 433 2668 non
453 2645 587 2673 exstaret,
604 2641 676 2669 illam
701 2644 828 2678 expttnxit
841 2643 970 2671 Valesius.
987 2643 1101 2671 Savilius

305 2687 385 2714 etiam
400 2686 444 2721 qui
468 2686 542 2713 illam
557 2687 661 2714 uncinis
678 2688 795 2721 inclusit,
810 2695 959 2724 suspectam
976 2689 1101 2716 habuisse

307 2731 420 2759 videtur.
433 2731 579 2759 Sozomeni
599 2740 664 2768 ergo
685 2738 848 2762 memoratus
869 2736 942 2763 locus
957 2735 996 2762 sic
1010 2735 1099 2766 habet;

306 2776 398 2803 Grmca
419 2774 560 2803 brevitatis
578 2784 656 2805 causa
681 2779 868 2813 pra-terimus:
886 2789 894 2805 ι
913 2780 1004 2815 Neque
1028 2779 1100 2806 solus

305 2818 441 2853 (Joannes)
452 2819 660 2853 Itostnagislrus
689 2823 777 2850 adibat
797 2824 954 2856 (Cartet‘ium
967 2829 994 2853 et
1010 2824 1111 2852 Diodo~

1156 1232 1246 1268 rum),
1260 1231 1308 1260 sed
1322 1232 1403 1260 etiam
1423 1239 1486 1260 suos
1507 1241 1541 1261 ex
1560 1232 1663 1261 Libanii
1678 1233 1768 1261 schola
1790 1234 1897 1263 sodales
1918 1236 1954 1263 ad

1153 1277 1266 1312 idipsum
1278 1278 1408 1313 agendum
1420 1278 1531 1310 induxit,
1544 1278 1713 1306 Theodorum
1724 1287 1819 1314 nempe
1829 1286 1857 1307 et
1867 1279 1953 1308 Maxi-

1153 1330 1225 1350 mum
1251 1331 1259 1351 z
1284 1331 1397 1358 quorum
1425 1323 1468 1351 hie
1493 1324 1601 1359 quidem
1632 1324 1760 1352 Seleucia:
1790 1325 1816 1352 in
1847 1325 1953 1354 Isauria

1153 1369 1294 1403 episcopus
1309 1369 1435 1404 deinceps
1456 1368 1524 1401 fuit,
1549 1368 1707 1397 Theodorus
1728 1369 1872 1404 episcopus
1892 1371 1952 1398 Mo-

1153 1414 1279 1448 psuestim
1292 1414 1318 1441 in
1333 1413 1436 1446 Cilicia,
1452 1414 1491 1441 vir
1506 1414 1531 1441 in
1543 1415 1626 1442 sacris
1644 1414 1788 1449 Scripturis
1802 1420 1829 1443 et
1842 1416 1868 1442 in
1883 1416 1951 1444 reli-

1153 1460 1212 1494 quis
1226 1460 1372 1495 disciplinis
1393 1460 1531 1488 rhetorum
1547 1465 1574 1487 et
1587 1460 1806 1495 philosophorum
1826 1462 1953 1496 apprime

1153 1505 1284 1532 eruditus.
1311 1506 1399 1540 Atque
1428 1505 1470 1533 hic
1497 1505 1604 1540 quidem
1630 1513 1691 1533 cum
1719 1506 1815 1533 divinis
1842 1506 1953 1542 legibus

1154 1550 1229 1577 initio
1242 1550 1317 1578 daret
1327 1558 1436 1585 operam
1448 1571 1455 1583 ,
1472 1555 1499 1578 et
1512 1558 1570 1578 eum
1585 1551 1682 1578 sanctis
1695 1550 1760 1578 viris
1774 1556 1930 1579 versaretur
1941 1573 1952 1584 .

1155 1596 1205 1624 hoc
1225 1596 1328 1623 vivendi
1351 1596 1500 1624 institutum
1523 1596 1671 1631 probabat,
1685 1596 1844 1632 civilemque
1867 1597 1954 1625 vitam

1153 1641 1304 1668 damnabat.
1328 1641 1424 1669 Verum
1447 1642 1472 1668 in
1507 1641 1642 1676 proposito
1673 1648 1725 1669 non
1749 1642 1952 1676 perseveravit.

1153 1691 1307 1721 mutataque
1319 1687 1461 1720 sententia,
1475 1686 1507 1714 ad
1520 1687 1657 1722 pristinam
1669 1687 1748 1714 vitam
1758 1688 1886 1722 abreptus
1896 1693 1951 1715 est.

1153 1731 1273 1767 Cttmque
1284 1753 1292 1766 ,
1309 1737 1337 1759 ut
1351 1734 1377 1760 in
1392 1741 1466 1760 more
1480 1738 1520 1760 est
1530 1753 1537 1765 ,
1555 1733 1718 1768 propositum
1731 1740 1808 1760 suum
1826 1741 1858 1760 cx
1873 1738 1952 1761 vete-

1154 1785 1212 1804 rntn
1232 1778 1361 1812 exemplis
1381 1778 1537 1805 defenderet
1550 1799 1557 1809 .
1571 1778 1722 1805 eruditione
1742 1786 1856 1813 namque
1878 1787 1951 1814 prmo

1153 1824 1225 1852 ditus
1247 1828 1314 1857 erat,
1332 1824 1358 1851 iu
1380 1824 1472 1852 urbem
1494 1823 1590 1855 rediit,
1603 1823 1653 1851 hoc
1672 1824 1812 1851 consilium
1836 1825 1953 1859 pristino

1154 1875 1328 1904 anteponens.
1353 1868 1472 1904 Cumque
1493 1870 1666 1904 comperisset
1691 1868 1809 1896 Joannes
1836 1877 1899 1897 eutn
1922 1871 1950 1898 in

1155 1915 1325 1943 szccularibus
1345 1915 1457 1950 negotiis
1475 1914 1594 1946 versari,
1615 1919 1643 1941 et
1668 1914 1701 1941 de
1725 1921 1808 1941 uxore
1828 1914 1952 1943 ducenda

1155 1962 1289 1996 cogitare,
1315 1961 1431 1989 divinam
1454 1966 1481 1988 et
1505 1965 1559 1988 tum
1587 1961 1694 1992 verbis,
1724 1965 1779 1987 tum
1807 1963 1952 1989 sententiis

1155 2006 1298 2033 humanam
1311 2007 1460 2034 facultatem
1476 2005 1649 2034 excedentem
1664 2005 1803 2040 epistolam
1816 2005 1850 2033 ad
1865 2006 1952 2040 ipsum

1156 2042 1236 2068 misit.
1262 2042 1318 2074 Qua
1340 2042 1456 2076 perlecta
1477 2042 1539 2074 ille,
1563 2041 1717 2075 pmnitcntia
1740 2040 1836 2067 ductus
1855 2049 1953 2068 rursus

1155 2086 1325 2116 facultatibus
1344 2093 1371 2116 et
1391 2088 1491 2122 nuptiis
1505 2087 1667 2114 renuntiavit
1682 2095 1688 2113 :
1704 2086 1869 2122 Joannisque
1882 2094 1951 2114 eon-

1155 2134 1216 2160 silio
1242 2138 1381 2166 servatus,
1406 2133 1439 2160 ad
1466 2132 1676 2168 philosophicam
1703 2132 1784 2158 vitam
1810 2140 1953 2167 regressus

1155 2184 1206 2206 est.
1227 2188 1236 2204 ι
1255 2175 1364 2206 Videtur
1381 2186 1445 2206 sane
1465 2179 1629 2206 Sozomenus
1649 2177 1683 2204 de
1701 2177 1816 2204 secunda
1837 2178 1954 2212 epistula

1154 2225 1212 2252 sive
1225 2225 1353 2259 parmnesi
1367 2225 1444 2252 verba
1460 2223 1547 2251 facere
1558 2244 1566 2256 ,
1583 2223 1626 2250 ubi
1639 2223 1847 2258 Cltrysostomus
1859 2223 1951 2252 Theo-

1156 2270 1251 2298 dorum
1273 2277 1288 2297 a
1303 2269 1437 2297 connubio
1455 2274 1575 2296 avertere
1588 2274 1710 2296 conatur.
1726 2268 1762 2295 Ita
1777 2274 1890 2296 censent
1901 2268 1953 2297 Sa-

1155 2316 1251 2347 vilius,
1273 2315 1393 2342 Valesius
1411 2319 1438 2342 et
1454 2314 1657 2345 Tillemontius;
1676 2315 1718 2341 cui
1741 2315 1883 2342 sententize
1902 2323 1953 2349 ego

1156 2370 1209 2390 non
1224 2369 1343 2397 repugno
1353 2382 1360 2393 ,
1377 2361 1438 2388 licet
1458 2361 1514 2388 lm-c
1529 2361 1672 2388 oSeitantvr
1687 2367 1703 2387 a
1718 2359 1870 2387 Sozomeno
1888 2369 1952 2388 nar-

1156 2408 1209 2435 rari
1231 2412 1396 2442 compertum
1422 2406 1543 2433 habeam.
1568 2405 1632 2432 .lttre
1655 2410 1743 2432 autem
1766 2405 1800 2431 ab
1827 2405 1953 2432 omnibus

1156 2454 1307 2488 exploditur
1324 2453 1452 2484 Valesius,
1463 2453 1508 2487 qui
1521 2459 1600 2479 unam
1614 2456 1710 2486 putans
1726 2451 1818 2478 ltabcri
1832 2451 1949 2488 Chryso-

1155 2502 1235 2528 stomi
1244 2500 1276 2526 ad
1286 2499 1453 2526 Theodorum
1466 2498 1624 2533 parmuesin,
1636 2505 1731 2532 nempe
1739 2497 1896 2527 secundum,
1908 2506 1950 2524 au-

1155 2555 1201 2574 sus
1222 2550 1263 2574 est
1273 2545 1342 2572 circa
1355 2545 1449 2580 prioris
1466 2543 1631 2571 authentiam
1642 2543 1857 2570 dubitare.Ccrte
1866 2542 1951 2579 Chry-

1156 2597 1303 2620 sostomum
1322 2598 1356 2618 ne
1372 2591 1414 2618 Vel
1430 2590 1590 2625 primoribus
1612 2589 1718 2624 quidem
1740 2587 1822 2615 labris
1835 2589 1952 2622 attigi-rit

1155 2643 1271 2674 oportet,
1283 2638 1327 2672 qui
1341 2637 1451 2671 primam
1465 2635 1614 2671 partenesin
1630 2641 1682 2661 non
1698 2634 1767 2661 inter
1780 2633 1951 2668 elegantissi-

1156 2692 1214 2712 mos
1226 2684 1283 2718 ejus
1295 2683 1363 2710 fetus
1375 2685 1521 2709 recenseat.

1193 2729 1276 2756 Unam
1298 2728 1378 2762 igitur
1392 2726 1530 2760 epistolam
1549 2725 1581 2752 ad
1599 2724 1768 2752 Theodorum
1785 2724 1950 2758 lliupsucste-

1157 2784 1218 2803 num
1233 2775 1276 2802 hic
1287 2778 1417 2802 memorat
1432 2773 1596 2800 Sozomenus
1606 2792 1612 2802 ,
1625 2776 1650 2797 et
1663 2771 1780 2804 quidem.
1793 2776 1822 2797 ut
1835 2771 1950 2802 videtur.

1159 2821 1303 2850 secundum
1327 2829 1333 2847 :
1358 2826 1438 2846 unam
1459 2819 1522 2845 item
1548 2817 1581 2844 ad
1608 2817 1734 2845 eumdem
1748 2812 1909 2849 llesychhi
1926 2812 1957 2841 in
