2032 3110
100 121 148 149 273

99 180 202 216 Synodo
228 179 436 216 Constantinop.
461 179 557 208 Collat.
581 179 612 207 V.
644 186 670 214 p.
699 177 752 205 470
777 186 784 204 :
810 184 889 203 unam

99 227 192 262 pariter
206 225 370 254 Theodorus
382 226 513 254 Caesareae
529 225 593 253 ibid.
612 232 638 260 p.
650 224 714 260 490,
734 224 780 252 sed
796 223 893 250 multo-

98 280 151 299 rum
165 279 303 304 \erouum,
321 275 479 306 πολύστιχον,
496 272 522 298 id
537 275 592 305 est,
606 271 750 298 admodum
764 270 867 304 longam
884 278 890 296 :

99 317 162 352 quod
176 325 242 345 sane
254 317 384 345 videatur
406 318 438 345 ad
461 318 572 352 primam
589 316 676 351 potius
693 323 771 350 quam
791 315 824 342 ad
846 322 891 342 se-

97 363 204 390 cundam
224 363 323 391 referri
342 373 350 391 :
372 371 434 391 nam
455 363 571 391 Secunda
594 361 750 397 longissima
764 361 815 388 dici
839 368 892 389 non

98 416 170 443 posse
184 409 305 442 videtur;
321 410 443 437 maxime
455 417 519 436 vero
535 409 557 436 si
570 413 740 443 comparetur
753 415 813 434 eum
833 407 892 434 aliis

97 455 274 491 Cltrysostomi
303 456 445 490 operibus.
466 455 592 482 Leontius
618 458 705 481 tamen
731 453 892 489 Byzantinus

97 499 157 528 duas
177 500 210 528 ad
235 500 415 528 Theodorum
443 500 656 535 Mopsucstenum
684 499 812 534 epistolas
836 499 892 526 sive

98 554 242 582 pamneses
259 551 477 579 commemorat;
493 547 644 582 pariterque
664 545 781 573 Isidorus
795 545 890 580 llispa-

97 594 171 620 lensis
191 593 217 621 in
239 593 393 621 Chronico.
416 593 462 620 llis
476 593 622 628 perspectis
634 612 641 624 ,
657 591 843 619 Tillemontius
864 590 891 617 in

98 646 150 666 eam
170 639 282 666 omnino
307 638 462 674 propendet
476 638 632 665 sententiam
650 657 656 669 ,
674 641 700 664 ut
715 641 790 671 putet
811 643 891 663 unam

97 689 191 712 tantum
213 685 247 712 ad
265 685 447 712 Theodorum
460 683 674 718 Mopsuestenum
697 682 787 708 haberi
806 688 890 715 para:-

96 731 176 764 nesin,
192 738 291 766 nempe
305 730 456 758 secundam
471 738 478 756 :
492 729 603 763 primam
617 735 680 755 vero
700 727 734 754 ad
753 727 833 754 alium
847 733 892 753 co-

95 777 241 810 gnominem
264 784 280 803 a
296 776 495 811 Chrysostomo
516 774 625 800 missam
648 772 801 800 arbitretur.
819 771 892 798 Prae-

95 827 132 850 ter
143 823 334 850 auctoritatem
349 828 416 849 vero
429 827 508 855 quam
523 820 623 855 profert
636 817 776 845 Sozomeni
788 836 797 850 ,
812 817 892 852 llesy-

95 868 142 894 chii
155 873 181 896 et
191 867 332 895 Theodori
348 865 534 895 Ctesariensis.
547 864 591 899 qui
607 871 684 891 unam
698 883 705 895 .
718 867 745 890 ut
757 862 869 889 vidimus
881 882 888 894 ,

94 914 124 941 ad
147 913 322 941 Theodorum
353 912 570 947 Mopsuestenum
595 913 805 937 commemorant
832 907 890 942 t‘pi-

95 960 184 988 stolam
197 980 204 993 ,
230 960 274 987 his
294 958 450 987 rationibus
472 962 498 985 et
520 956 685 992 argumentis
700 955 793 982 nititur
812 954 891 981 Tille-

96 1006 221 1032 manlius:
237 1015 246 1031 t
259 1005 313 1040 Qui
326 1005 388 1032 ﬁeri
400 1004 483 1039 possit
494 1007 522 1030 ut
535 1003 560 1030 in
574 1007 666 1029 neutra
681 1001 808 1036 parmnesi
819 1001 891 1028 nulla

95 1051 198 1080 alterius
212 1059 391 1088 paraeneseos
404 1050 504 1078 mentio
516 1053 647 1081 occurrat,
656 1048 735 1075 etiam
747 1047 790 1074 ubi
804 1047 890 1082 Chry-

93 1103 222 1125 sostomus
244 1098 346 1125 iisdem
367 1096 517 1124 rationibus
539 1095 620 1122 utitur
638 1099 665 1121 et
679 1092 826 1127 exemplis?
839 1092 891 1119 Cur

94 1145 117 1170 in
131 1143 223 1178 prima:
238 1144 360 1171 decursu
380 1148 509 1176 nusquam
524 1140 698 1174 compellatur
712 1138 869 1166 Theodorus
881 1158 888 1171 ,

93 1189 164 1225 cujus
183 1197 283 1216 nomen
304 1189 334 1215 in
352 1187 431 1215 titulo
451 1187 535 1215 solum
555 1189 712 1220 comparet;
728 1184 754 1211 in
774 1183 890 1210 secunda

92 1243 153 1263 vero
177 1243 232 1263 non
256 1235 444 1269 infrequenter
462 1232 594 1260 Theodori
615 1238 711 1258 nomen
736 1229 891 1264 profertur?

94 1282 165 1314 Quod
187 1287 278 1308 autem
300 1281 414 1315 gravius
433 1277 636 1306 existimandum
657 1281 718 1308 est,
734 1275 891 1303 Theodorus

93 1327 118 1353 in
140 1327 255 1354 secunda
280 1329 468 1358 memoratus,
483 1323 601 1351 nondum
626 1322 803 1357 vigesimum,
822 1325 891 1349 teste

94 1372 285 1408 Chrysostomo
302 1392 310 1403 ,
325 1372 451 1406 attigerat
464 1377 561 1397 annum
574 1378 580 1401 ;
595 1373 688 1395 contra
700 1375 780 1399 vero,
796 1366 890 1394 eodem

95 1423 199 1445 auctare
217 1418 440 1454 Chrysustomo,
454 1416 477 1443 is
496 1414 530 1442 ad
550 1422 628 1449 quem
650 1413 722 1448 prior
747 1413 891 1448 paraencsis

95 1465 218 1498 mittitur,
235 1472 329 1492 annos
347 1465 411 1490 vitat
428 1463 543 1498 reliquos
564 1469 616 1488 non
631 1462 688 1496 plus
702 1460 890 1495 quinquaginta

95 1517 198 1544 sperare
217 1514 330 1545 poterat
340 1530 347 1541 ,
363 1509 445 1536 etiam
460 1508 482 1535 si
495 1507 527 1534 ad
542 1511 687 1534 extremam
702 1505 891 1540 proveheretur

94 1561 254 1584 senectutem
265 1576 273 1588 ,
291 1555 367 1590 quod
382 1554 417 1581 de
431 1554 488 1581 viro
501 1557 601 1580 tantum
616 1553 669 1580 fere
681 1551 891 1587 quadragenario

94 1600 141 1628 dici
155 1602 249 1635 possit.
266 1601 311 1628 Ad
325 1600 387 1627 tneo
400 1606 464 1626 vero
475 1599 498 1625 is
509 1619 516 1631 ,
530 1605 608 1633 quem
624 1597 747 1632 inpriore
760 1596 888 1631 p:ti-:cnesi

96 1647 233 1682 allaquitur
250 1647 470 1682 Chrysostomus
481 1665 488 1678 ,
503 1645 530 1672 in
543 1649 633 1679 aperta
653 1644 714 1670 vitia
732 1647 759 1670 ct
778 1643 889 1670 crimina

97 1697 249 1729 proruperat
261 1714 269 1725 ,
284 1698 318 1720 ut
332 1700 367 1720 ex
390 1692 469 1718 variis
485 1690 612 1718 orationis
624 1690 688 1717 locis
700 1689 842 1723 colligitur.
855 1690 890 1716 At

96 1746 145 1766 non
157 1747 280 1774 eousque
295 1738 428 1774 perniciei
441 1737 582 1764 devenerat
597 1736 752 1764 Theodorus
769 1735 891 1770 Mopsuc-

95 1788 190 1816 stenns,
200 1786 244 1820 qui
254 1785 277 1812 si
289 1784 347 1819 jam
359 1783 506 1817 baptizatus
515 1783 540 1809 in
549 1789 579 1809 ea
589 1782 698 1809 crimina
709 1782 798 1816 lapsus
807 1785 888 1814 esset,

96 1837 257 1865 nequaquam
271 1829 410 1864 potuisset
417 1828 560 1855 secundum
573 1834 689 1855 canones
699 1828 725 1854 in
735 1826 897 1864 episcopum,

96 1881 181 1910 postea
192 1876 332 1910 cooptari.
348 1885 358 1901 ι

127 1922 188 1949 Περ
211 1921 411 1949 Tillemontins
422 1941 429 1952 ,
444 1921 486 1955 qui
501 1928 565 1947 sane
584 1928 636 1947 non
660 1920 846 1948 animadvertit
861 1927 890 1948 se

94 1975 150 1994 cum
171 1967 378 2003 Chrysostomo
399 1966 456 2000 ipso
480 1973 605 2001 pugnare.
627 1967 764 2001 Siquidem
789 1967 814 1993 in
838 1966 890 1994 line

94 2013 215 2040 secunda:
229 2013 359 2047 epistolae
372 2032 380 2044 ,
395 2019 474 2046 quam
488 2012 520 2038 ad
539 2012 707 2039 Theodorum
728 2012 890 2047 blopsueste-

95 2067 153 2085 num
168 2060 285 2086 missum
302 2058 493 2085 Tillemontius
507 2058 562 2092 ipse
578 2057 683 2092 fatetur,
693 2065 722 2085 se
732 2066 784 2085 non
799 2066 888 2092 unam,

96 2103 139 2131 sed
154 2105 255 2131 multas
266 2104 354 2131 etiam
369 2102 496 2137 epistolas
507 2104 539 2130 ad
552 2103 673 2130 eumdem
689 2104 792 2131 misisse
802 2104 829 2131 S.
843 2104 890 2131 do-

96 2154 148 2176 ctor
167 2149 336 2177 testiﬁcatur
359 2147 403 2174 Itis
421 2148 529 2175 verbis:
546 2148 605 2175 Scio
625 2157 664 2176 me
679 2149 762 2184 justas
781 2149 891 2183 epistola:

97 2195 182 2223 limites
207 2195 353 2222 excessisse
370 2201 379 2219 :
393 2201 476 2220 verum
501 2195 617 2229 ignosce;
639 2203 689 2221 non
714 2195 779 2222 enim
805 2195 890 2222 lubens

98 2240 140 2267 hoc
152 2241 202 2276 egi,
216 2240 263 2268 sed
278 2239 381 2266 amoris
394 2239 532 2273 dolorisque
540 2240 564 2266 vi
576 2235 718 2275 compulsus
730 2248 739 2266 :
748 2248 796 2275 quo
811 2245 890 2267 motus

97 2284 186 2318 aﬂ'ectu
204 2285 270 2312 mihi
286 2285 341 2311 vim
357 2284 434 2310 intuli
447 2289 472 2310 ut
486 2285 559 2311 etiam
573 2285 636 2312 hanc
650 2286 782 2312 scriberent
797 2287 890 2321 episto-

99 2331 144 2356 lam
154 2350 162 2365 ,
177 2331 325 2358 vetantibus
349 2330 409 2356 licet
430 2329 510 2356 multis
526 2339 555 2356 ac
573 2331 708 2358 dicentibus
722 2338 731 2357 :
745 2330 832 2358 Finem
850 2333 891 2367 fac

97 2383 157 2403 anno
172 2375 314 2402 laborandi
335 2382 369 2400 ac
384 2375 410 2400 in
426 2375 499 2408 petris
512 2376 617 2402 serendi.
635 2376 688 2412 Ego
702 2381 784 2404 autent
800 2378 891 2404 nemini

98 2428 180 2447 aurem
203 2420 306 2455 ιπωὸκὶ
320 2427 331 2446 .'
345 2427 405 2452 epes
423 2419 486 2446 enim
499 2424 533 2446 est
543 2440 551 2453 ,
566 2421 676 2448 dicebam
690 2422 759 2456 apud
774 2430 829 2455 me,
845 2422 892 2449 Dei

97 2466 190 2492 auxilio
213 2465 307 2492 literas
328 2464 430 2497 aliquia
453 2465 592 2498 profuturas
610 2475 670 2493 me.
686 2467 724 2494 Ex
746 2468 842 2502 quibus
862 2469 893 2495 li-

97 2516 158 2545 quet
179 2511 285 2538 multas
299 2518 315 2536 a
337 2509 526 2544 Chrysostomo
546 2511 578 2538 ad
598 2512 766 2540 Theodorum
789 2514 891 2549 lapsum

97 2557 192 2584 missas
210 2556 350 2591 epistolas
366 2555 449 2582 fuisse
463 2565 469 2581 :
485 2557 551 2591 quod
571 2559 698 2586 indicatur
719 2561 759 2587 his
780 2562 868 2588 verbis
883 2570 889 2588 :

97 2603 145 2629 vim
169 2603 233 2629 mihi
257 2601 340 2628 intuli
365 2604 394 2626 ut
413 2601 484 2627 etiam
506 2602 567 2629 hanc
592 2604 720 2632 scriberem
743 2607 890 2641 epistolam:

95 2647 166 2682 quod
191 2648 345 2674 declarant.
368 2645 449 2672 etiam
471 2646 524 2673 hrcc
546 2649 688 2678 amicorum
711 2651 891 2687 Chrysostomi

97 2694 164 2722 diem
183 2703 190 2722 :
208 2693 308 2720 Finem
323 2693 369 2726 {ac
384 2698 445 2716 vane
459 2692 581 2720 laborandi
597 2700 669 2730 atque
680 2697 706 2723 in
720 2697 795 2731 petris
809 2706 892 2725 seren-

99 2740 133 2767 di.
149 2740 257 2773 Quibus
270 2741 356 2765 certe
377 2736 491 2764 innititur
509 2746 558 2766 non
576 2748 652 2768 unam
666 2741 810 2771 alteramve
825 2764 831 2775 ,
846 2744 892 2771 sed

99 2788 195 2812 multas
205 2783 348 2818 epistolas
361 2788 377 2807 a
388 2780 567 2815 Chrysnstomo
577 2786 607 2812 ad
619 2786 783 2815 Theodorutn
793 2788 893 2823 lapSum

93 2832 193 2858 Missas
209 2830 300 2857 Ῐυιεεο
316 2836 325 2855 ε
344 2833 457 2861 (ﬁmum
471 2829 626 2867 Nilumque:
637 2838 678 2861 est
691 2835 833 2868 paraenesis
847 2834 891 2863 illa

846 118 1001 148 MONITUM
1006 140 1013 147 .

1687 129 1740 156 276

949 178 1070 214 longior,
1086 185 1112 208 et
1127 185 1260 216 postrema
1274 187 1428 218 supersunt.
1444 183 1506 211 Ruit
1521 184 1610 219 itaque
1628 184 1692 212 illud
1707 193 1739 213 ex

947 224 1101 260 Sozomeni,
1111 226 1236 263 Hesychii
1249 233 1276 256 et
1285 228 1420 257 Theodori
1433 229 1606 258 Caesariensis
1619 231 1739 258 testium-

947 270 991 297 nio
1014 269 1184 306 desumptum
1197 279 1393 308 argumentum,
1409 276 1453 310 qui
1477 283 1557 302 unam
1580 279 1682 304 tantum
1706 277 1739 304 ad

946 315 1117 345 Theodorum
1130 318 1344 353 lllopsucstenum
1359 321 1461 356 lapsum
1478 326 1628 350 memorant
1641 323 1741 357 cpisto-

947 360 1010 394 lam,
1024 370 1137 397 quorum
1151 365 1230 391 etiam
1249 369 1398 399 postremus
1411 367 1499 401 potius
1513 368 1625 402 primam
1637 388 1645 400 ,
1659 376 1738 403 quam

946 407 1090 435 secundam
1106 410 1253 443 paraenesin
1274 411 1391 439 indicare
1409 412 1530 444 videtur.
1543 413 1580 440 uti
1595 413 1650 447 jam
1671 414 1740 442 dixi-

947 462 1016 482 mus.
1037 456 1099 483 Ruit
1113 457 1192 485 etiam
1215 458 1278 486 illud
1292 460 1362 494 quod
1383 460 1474 494 adjicit
1488 461 1674 489 Tillcmontius
1688 481 1695 494 ,
1712 462 1739 489 in

946 506 1039 528 neutra
1059 503 1171 530 alteram
1188 505 1243 538 jam
1257 505 1345 532 datam
1362 506 1471 534 indicari
1486 506 1568 543 (unde
1583 511 1671 536 tamen
1686 516 1738 536 non

946 547 1024 575 video
1041 549 1104 583 quid
1126 549 1217 577 inferri
1231 551 1325 587 possit)
1340 560 1347 584 ;
1365 552 1391 579 in
1410 553 1526 581 secunda
1550 561 1664 589 namque
1678 554 1738 582 alia

945 598 1022 622 antea
1036 595 1104 623 datae
1117 601 1312 631 memorantur,
1323 602 1349 625 et
1362 599 1387 625 in
1401 599 1432 626 iis
1443 598 1511 626 haud
1521 599 1601 627 dubie
1613 588 1667 632 illa.
1678 609 1738 636 quo:

945 638 1030 672 prima
1046 641 1152 674 prodiit.

980 685 1054 713 Circa
1078 687 1152 714 illum
1171 693 1259 715 autem
1281 690 1404 725 supei’tus
1424 690 1533 718 allatum
1552 691 1737 728 Chrysostorni

944 729 1030 757 locum
1055 733 1176 766 quzcdam
1200 734 1367 762 observanda
1387 740 1459 762 sunt.
1473 735 1605 763 Nimirum
1629 744 1689 765 cum
1711 738 1738 765 in

945 777 1033 810 priore
1047 778 1091 804 illa
1113 779 1242 812 paraenesi
1261 779 1381 814 longiore
1404 780 1612 817 Chrysostomns
1635 783 1736 815 omnia.

944 828 1002 856 qum
1017 822 1050 849 ad
1064 822 1232 851 Theodorum
1256 825 1289 852 ad
1309 825 1469 859 stationem,
1483 831 1511 854 ut
1524 827 1561 854 ait
1582 828 1643 861 ille,
1658 829 1738 856 redu-

944 867 1056 894 cendum
1076 873 1223 903 opportuna
1241 875 1335 903 erant,
1350 871 1517 899 exhausisset
1533 881 1539 899 :
1556 873 1582 900 in
1599 875 1738 909 sequenti-

944 913 994 940 bus
1018 915 1139 948 epistolis
1167 915 1199 942 ad
1230 916 1299 943 idem
1325 918 1490 952 propositum
1519 919 1737 952 pertinentibus.

943 958 1075 987 dictorum
1095 961 1252 988 memoriam
1275 961 1391 990 breviter
1414 963 1556 991 rcfricabat
1571 985 1578 996 ,
1594 966 1738 1000 paucisque

943 1005 1033 1032 verbis
1062 1005 1189 1040 epistolas
1223 1007 1328 1034 texebat
1356 1015 1363 1033 :
1394 1007 1508 1042 indeque
1535 1013 1578 1036 est
1606 1009 1678 1044 quod
1711 1010 1737 1037 in

944 1057 1078 1086 postrema
1091 1052 1261 1080 Theodorum
1274 1058 1369 1088 rogat,
1386 1053 1505 1088 ignoscat
1523 1054 1572 1081 sibi
1594 1055 1616 1082 si
1637 1055 1738 1090 episto-

943 1098 976 1126 la:
991 1099 1090 1126 limites
1109 1099 1270 1131 excesserit;
1290 1107 1342 1126 non
1366 1099 1437 1127 enim
1459 1099 1516 1126 haec
1538 1099 1571 1127 de
1591 1101 1738 1135 posteriore

944 1144 1073 1178 paramesi
1087 1164 1094 1177 ,
1111 1145 1133 1171 si
1156 1144 1237 1179 priori
1257 1149 1443 1178 comparetur,
1457 1144 1509 1172 dici
1530 1149 1659 1179 possunt;
1676 1152 1737 1171 nam

943 1189 1002 1217 hate
1015 1190 1147 1224 posterior
1157 1210 1164 1222 ,
1181 1189 1242 1216 licet
1252 1189 1373 1224 epistolis
1386 1189 1613 1224 prmcedentibus,
1627 1195 1656 1217 ut
1670 1191 1739 1218 veri-

943 1235 1029 1262 simile
1042 1239 1090 1266 est,
1105 1234 1219 1269 longior,
1233 1234 1337 1261 nonnisi
1352 1234 1538 1269 compendium
1555 1234 1650 1270 prioris
1664 1235 1737 1262 vide~

945 1285 986 1307 IUI‘
995 1288 1066 1307 CSSC.

980 1327 1067 1361 Pergit
1086 1326 1270 1354 Tillcmontius
1281 1347 1288 1359 ,
1300 1334 1349 1354 cur
1362 1325 1388 1353 in
1403 1326 1500 1361 prioris
1521 1326 1638 1354 decursu
1648 1327 1738 1355 Theo-

943 1372 1038 1400 dorum
1049 1380 1192 1408 numquam
1201 1373 1343 1407 compellat
1351 1373 1557 1407 Chrysostomus
1569 1382 1576 1400 :
1588 1373 1614 1400 in
1625 1380 1738 1408 sequen-

944 1418 978 1445 tis
989 1425 1053 1445 vcro
1071 1417 1184 1445 decursu
1202 1418 1324 1444 eumdem
1347 1423 1418 1452 stt-pe
1433 1425 1481 1444 suo
1496 1417 1604 1444 nomine
1621 1419 1738 1452 compel-

943 1464 999 1491 lat?
1012 1463 1058 1490 Cui
1078 1470 1127 1498 ego
1140 1463 1213 1490 nullo
1232 1462 1338 1497 negotio
1350 1469 1476 1497 reponam
1492 1470 1498 1487 :
1512 1462 1565 1489 Cur
1575 1464 1600 1489 in
1613 1463 1737 1497 epistola-

943 1517 1001 1537 rum
1014 1509 1047 1536 ad
1062 1508 1244 1544 Olympiadem
1256 1516 1306 1535 una
1318 1508 1359 1535 rel
1369 1508 1452 1534 altera
1464 1507 1547 1542 ipsam
1563 1514 1612 1534 suo
1629 1508 1736 1535 nomine

941 1555 1095 1590 compellat,
1106 1553 1321 1590 Clirysostomus,
1333 1554 1359 1579 in
1372 1553 1431 1580 aliis
1442 1560 1505 1579 vero
1516 1556 1542 1580 et
1553 1553 1698 1587 pratsertim
1711 1552 1737 1579 in

942 1601 1027 1635 aliqua
1037 1607 1139 1631 earum,
1152 1608 1211 1634 qua:
1222 1599 1327 1627 caeteris
1341 1599 1445 1634 longior
1457 1603 1509 1631 est,
1523 1598 1644 1625 eamdem
1658 1606 1735 1625 num-

942 1655 1020 1682 quam
1036 1646 1176 1681 eompcllat
1187 1646 1199 1672 ?
1211 1644 1263 1672 Sed
1279 1651 1406 1680 quorsum
1426 1643 1533 1671 aliunde
1551 1644 1672 1678 exempla
1690 1651 1735 1670 re-

942 1692 1079 1728 petamus?
1091 1691 1338 1719 LicctTilicmontio
1346 1689 1555 1717 concederemus
1565 1689 1736 1716 Theodorum

943 1739 1029 1771 illum,
1045 1737 1078 1765 ad
1094 1745 1172 1772 quem
1186 1737 1259 1772 prior
1271 1736 1385 1763 mittitur
1397 1735 1542 1770 parmnesis
1553 1756 1561 1769 ,
1577 1735 1659 1762 alium
1675 1742 1737 1762 esse

942 1792 956 1811 a
972 1784 1169 1819 Mopsuesteno,
1183 1783 1225 1810 cui
1241 1782 1358 1810 secunda
1372 1782 1494 1816 dirigitur
1510 1790 1517 1808 :
1533 1788 1622 1808 annon
1641 1781 1734 1809 eadem

941 1837 1048 1865 semper
1060 1829 1173 1864 quaestio
1186 1828 1287 1855 moveri
1305 1831 1412 1862 posset,
1428 1822 1475 1854 cur
1488 1826 1590 1854 scilicet
1607 1826 1633 1853 in
1649 1832 1737 1861 poste-

942 1877 1013 1904 riorc
1023 1883 1093 1910 sa'pe
1102 1875 1272 1902 Theodorum
1282 1873 1434 1908 compellet,
1445 1873 1470 1899 in
1482 1872 1569 1907 priore
1583 1872 1737 1906 numquam?

942 1923 991 1951 llic
1003 1921 1181 1957 compellandi
1195 1920 1290 1947 modus
1303 1927 1336 1946 ex
1348 1925 1402 1946 uno
1412 1918 1511 1954 pendet
1526 1917 1637 1945 arbitrio
1650 1926 1656 1944 :
1669 1926 1737 1944 unus

942 1969 1148 2004 Chrysostomus
1158 1966 1247 1994 dicere
1259 1969 1349 2000 posset
1363 1985 1369 1992 .
1382 1971 1430 1991 cur
1440 1963 1518 1991 modo
1529 1963 1735 1997 compellaverit,

943 2013 1023 2041 modo
1044 2021 1059 2040 a
1080 2011 1266 2047 compellando
1279 2009 1438 2037 abstinuerit
1454 2017 1460 2035 :
1475 2009 1498 2035 si
1513 2013 1600 2035 tamen
1623 2008 1737 2035 consilio

943 2060 1007 2088 illud
1018 2060 1111 2094 egerit,
1125 2066 1176 2086 non
1190 2065 1253 2084 vero
1268 2064 1342 2089 casu,
1360 2059 1439 2091 prout
1453 2055 1476 2082 is
1487 2055 1528 2082 vel
1544 2055 1612 2082 alius
1630 2054 1736 2082 dicendi

943 2105 1038 2132 modus
1051 2111 1109 2131 sesc
1123 2103 1205 2130 menti
1220 2102 1358 2129 olferebat.

979 2150 1036 2177 Jam
1059 2149 1092 2176 ad
1108 2148 1310 2180 validissimum,
1334 2151 1361 2174 ut
1376 2150 1451 2181 putat
1472 2145 1667 2177 Tillcmontius,
1688 2145 1735 2173 de-

944 2196 1094 2232 pellendum
1107 2195 1190 2223 telum
1205 2200 1389 2229 properemus.
1406 2192 1565 2220 Theodorus
1578 2191 1605 2219 in
1620 2193 1736 2219 secunda

943 2241 1053 2277 cpistola
1068 2245 1230 2268 memoratus
1244 2238 1361 2266 nondum
1374 2238 1532 2272 vigesimum
1547 2237 1672 2272 attigerat
1686 2244 1730 2263 an-

944 2295 1024 2320 num;
1039 2291 1131 2314 contra
1145 2293 1219 2319 vero,
1236 2286 1293 2320 ipso
1312 2288 1420 2312 auctore
1437 2283 1641 2317 Chrysostomo,
1665 2283 1688 2309 is
1704 2283 1737 2309 ad

944 2342 1022 2369 quem
1039 2334 1111 2368 prior
1124 2332 1268 2366 parmncsis
1289 2331 1411 2362 mittitur,
1433 2335 1518 2355 annos
1539 2328 1600 2354 vitae
1618 2327 1738 2362 reliquos

944 2386 997 2406 non
1018 2379 1077 2414 plus
1091 2377 1281 2412 quinquaginta
1303 2381 1412 2409 sperare
1434 2376 1550 2408 poterat,
1567 2371 1646 2399 etiam
1665 2372 1688 2398 si
1704 2373 1736 2399 ad

944 2429 1093 2452 extremam
1115 2422 1307 2457 provelieretur
1331 2422 1508 2449 senectutem,
1531 2416 1601 2451 quod
1625 2415 1661 2444 de
1680 2417 1739 2444 viro

944 2475 1046 2499 tantum
1062 2469 1117 2496 fere
1131 2467 1344 2503 quadragenario
1365 2465 1417 2493 dici
1439 2463 1533 2498 possit.
1549 2462 1619 2490 Vere
1630 2462 1738 2497 quidem

945 2517 979 2544 ait
1005 2516 1212 2550 Chrysostomus
1238 2515 1264 2540 in
1292 2511 1406 2540 secunda
1428 2509 1540 2544 epistula
1567 2508 1739 2536 Theodorum

945 2561 1063 2588 nondum
1083 2559 1239 2593 vigesimum
1261 2558 1379 2592 attigisse
1394 2562 1492 2582 annum
1507 2563 1514 2581 :
1529 2554 1556 2580 in
1571 2553 1655 2587 prima
1676 2560 1740 2580 vero

937 2608 1019 2635 locus
1038 2605 1118 2641 paulo
1132 2611 1212 2631 secus
1225 2604 1304 2630 habet
1313 2610 1391 2637 quam
1405 2599 1589 2628 'fillcmontins
1603 2598 1740 2625 extulerit.

946 2652 990 2680 Sic
1002 2652 1110 2685 legitur.
1122 2657 1147 2674 n-
1161 2648 1206 2682 10,
1223 2649 1292 2676 circa
1306 2647 1388 2674 linem
1398 2656 1404 2673 :
1414 2646 1513 2678 Quanto
1526 2649 1636 2677 tempore
1647 2642 1683 2669 vi:
1698 2642 1740 2668 tibi

947 2696 1077 2733 presenti;
1090 2694 1147 2720 vitae
1158 2701 1276 2727 usuram,
1290 2694 1355 2724 sive,
1369 2696 1397 2719 ut
1410 2692 1444 2718 ita
1461 2692 1563 2724 loquar,
1578 2687 1740 2717 fruitionem,

947 2731 1068 2770 extendi?
1081 2738 1210 2773 Equidem
1226 2749 1276 2767 non
1291 2743 1349 2775 puto
1365 2737 1407 2764 tibi
1429 2737 1487 2771 plus
1499 2731 1741 2780 quinquaginmfn'

947 2789 985 2815 ηἱι
999 2788 1055 2814 vita:
1070 2792 1215 2818 superesse,
1234 2791 1260 2813 nl
1277 2786 1309 2812 nd
1329 2789 1462 2810 extremam
1476 2780 1627 2807 senectutcm
1641 2781 1740 2801 vomas.

948 2835 975 2863 ld
997 2839 1047 2865 est,
1071 2831 1095 2858 si
1118 2837 1203 2858 annos
1233 2833 1318 2860 adhuc
1331 2827 1516 2865 quinquaginta
1533 2820 1645 2854 νίκετίεν
1659 2825 1742 2847 “mut
