2032 3110
301 126 354 154 275

299 183 444 212 senectutis
456 182 520 216 eris,
536 186 564 209 ut
578 181 639 208 vita:
651 173 765 207 fructum
777 181 805 205 ct
818 176 981 212 voluptatem
996 182 1092 209 capere

300 237 352 256 non
368 228 463 264 possis.
478 227 543 261 Quis
557 231 635 262 neget
648 225 705 253 haec
719 222 854 251 vicenario
865 222 956 257 juveni
970 221 1094 256 apposite

301 276 351 302 dici
369 277 462 309 posse?
475 274 545 301 Sane
557 274 600 300 vix
617 280 713 306 capere
737 271 836 306 possim
849 268 984 305 quomodo
999 275 1031 296 ex
1049 267 1093 294 tali

301 321 371 348 dicto
386 320 502 355 potuerit
521 318 709 347 Tillemontius
732 322 850 344 statuere
865 315 962 347 virum,
980 314 1022 341 cui
1037 314 1094 341 haec

301 368 431 399 dicantur,
455 374 521 402 pene
540 364 778 401 quadragenarium
802 370 881 389 esse:
897 362 918 388 si
945 369 978 388 ex
1001 360 1094 395 hujus-

300 414 371 441 modi
392 413 479 441 verbis
503 412 702 446 chronologiam
730 415 888 441 statuamus,
918 415 1040 442 magnam
1068 407 1093 433 in

298 463 448 494 temporum
472 458 574 485 ratione
600 456 827 491 perturbationem
851 454 1003 482 alfcremus.
1025 452 1093 486 Quid

297 505 414 539 exempli
429 512 509 531 causa
525 503 560 531 de
570 508 648 530 astate
662 502 789 529 Authusze
802 499 986 536 Cbrysostomi
1001 499 1094 526 matris

298 549 430 584 quispiam
446 549 552 580 dixerit,
569 549 591 575 si
606 548 677 575 illam
697 548 722 574 in
743 547 818 574 libris
832 546 866 573 de
884 545 1040 573 Saccrdotio
1055 545 1094 571 sic

300 596 452 631 loquentem
475 594 585 621 audiat:
601 593 657 621 Nos
676 602 734 621 vero
752 601 823 621 senes
841 593 906 619 nihil
928 592 998 619 aliud
1017 599 1093 626 quam

300 647 406 670 mortem
416 647 597 676 exspectamus.
607 642 702 668 Annon
713 640 783 667 illam
796 640 850 667 lere
863 638 1092 674 septuagcnariam

299 686 528 722 pronuntiaverit?
543 686 622 721 Atqui
646 686 701 717 illa,
718 690 748 712 ut
762 690 864 712 certum
878 688 933 716 est,
949 690 976 711 et
997 683 1092 710 fatetur

299 734 357 768 ipse
369 732 566 764 Tillemontius,
582 731 698 758 nondum
708 730 940 765 quadragesimum
949 729 1091 763 septimum

298 779 488 805 :ctatisanuum
496 783 604 804 emensa
612 780 737 803 eratcum
747 774 803 802 ba'c
811 775 913 802 diceret
922 783 928 801 :
937 781 1019 808 usque
1026 773 1092 800 adeo

299 830 392 851 verum
409 829 448 850 est
464 830 517 849 non
533 829 610 856 posse
624 829 657 848 ex
672 821 803 856 ejusmodi
817 820 894 847 (lictis
909 824 1092 849 certamJem-

299 869 372 904 poris
384 873 473 896 notam
483 867 588 895 deduci.
598 867 689 902 Neque
703 874 751 894 nos
760 871 864 894 moveat
877 873 938 898 νος,
949 870 1004 900 πρὸς
1020 868 1092 899 ἔσχα-

298 925 339 941 τον
346 922 429 949 γῆρας,
440 914 475 941 ad
485 919 621 941 extremam
634 917 784 940 senectutem
798 921 807 939 :
818 912 888 939 illam
902 912 999 946 quippe
1015 918 1092 938 usuro

299 968 364 995 pare
386 961 456 988 solet
478 959 694 996 Chrysostomus,
715 967 767 986 non
791 966 839 993 pro
859 957 992 992 decrepita
1014 965 1092 985 sene-

296 1011 380 1040 ctute,
394 1014 454 1035 cum
472 1007 531 1041 quis
544 1005 618 1033 verbi
633 1005 715 1040 gratia
730 1005 766 1032 ita
779 1012 909 1031 annorum
923 1003 993 1031 mole
1007 1003 1090 1031 obru-

297 1058 341 1080 tus
353 1057 405 1084 est.
421 1057 450 1080 ut
462 1052 516 1087 jam
531 1059 656 1079 sensuum
672 1058 722 1078 usu
735 1058 803 1086 pene
816 1051 969 1083 destitutus,
985 1057 1047 1077 mox
1063 1049 1090 1077 in

295 1098 446 1133 sepulcrum
469 1098 504 1125 sit
525 1097 690 1129 inferendus,
711 1101 740 1124 ut
761 1101 823 1124 sunt
844 1096 1015 1131 octogenario
1035 1103 1092 1122 ma-

296 1144 368 1178 jores
381 1148 409 1171 et
422 1143 610 1179 nonagenarii;
626 1142 672 1169 sed
686 1150 734 1177 pro
746 1143 811 1169 viris
823 1142 867 1177 qui
882 1142 969 1169 adhuc
984 1141 1090 1176 negotia

297 1189 495 1219 administrare,
520 1192 547 1215 et
572 1195 665 1222 magna
690 1191 801 1222 possunt
821 1187 909 1214 officia
938 1194 1088 1222 capessere.

297 1235 342 1262 Sic
357 1234 391 1261 de
410 1234 567 1261 Sacerdotio
581 1233 626 1261 lib.
650 1233 677 1265 5,
692 1240 717 1268 p.
739 1233 802 1265 595,
823 1233 869 1260 ubi
891 1233 956 1260 dicit
974 1240 1031 1265 cas,
1045 1233 1090 1267 qui

297 1287 357 1307 cum
374 1279 452 1306 laude
470 1279 496 1306 in
518 1279 672 1305 ministeriis
692 1278 840 1305 minoribus
861 1278 942 1305 vitam
965 1282 1088 1313 egerunt,

297 1324 343 1352 ubi
361 1324 394 1351 ad
413 1328 578 1352 senectutem
594 1324 736 1357 devenere,
753 1331 806 1351 non
828 1331 889 1351 esse
913 1331 1020 1358 semper
1035 1332 1090 1358 pra:

297 1369 512 1405 aliisjunioribus
523 1369 548 1396 in
558 1369 739 1404 episcopatum
751 1369 914 1402 evehendos,
925 1369 974 1396 nisi
983 1369 1090 1397 aliunde

297 1415 386 1443 idonei
402 1415 514 1447 fuerint;
530 1414 565 1441 ibi
581 1414 663 1442 utitur
675 1414 768 1442 eadem
786 1421 851 1441 voce
864 1415 890 1440 in
903 1418 1039 1441 extremam
1051 1422 1091 1441 se-

297 1465 419 1489 nectutem
442 1461 568 1496 pert-enit;
591 1463 619 1487 et
640 1459 708 1487 infra
725 1460 758 1487 de
780 1459 875 1487 iisdem
898 1460 925 1487 in
948 1465 1091 1495 provectam

296 1510 455 1533 senectutem.
470 1505 571 1539 Quibus
593 1513 658 1533 sane
678 1509 706 1532 et
724 1506 955 1540 septuagenarios,
972 1509 999 1533 ct
1022 1505 1091 1533 forte

296 1550 509 1586 septuagenariis
524 1551 642 1577 minores
664 1551 681 1577 ii
694 1550 798 1585 telligit,
822 1554 851 1577 ut
871 1558 950 1577 nemo
965 1551 1090 1578 cordatus

297 1604 352 1624 non
365 1596 472 1629 videat;
485 1604 545 1623 nam
563 1596 607 1631 qui
623 1596 733 1623 omnino
747 1596 875 1631 decrepiti
895 1601 967 1629 sunt,
985 1604 1018 1624 eo
1033 1597 1091 1631 ipso

298 1650 351 1670 non
372 1647 433 1669 sunt
448 1642 546 1669 idonei.
561 1641 692 1669 Similiter
706 1642 784 1669 Hom.
801 1643 818 1669 5
834 1642 867 1670 de
888 1643 988 1670 Statuis
1003 1643 1089 1677 initio,

297 1695 358 1714 cum
379 1687 521 1714 Flavianus
540 1687 681 1722 episcopus
701 1687 880 1715 Theodosium
902 1687 1090 1722 Imperatorem

298 1733 432 1768 placatum
446 1733 521 1765 adiit,
536 1733 570 1760 de
588 1733 633 1760 illo
644 1733 680 1760 ait
693 1733 911 1769 Chrysostomus,
932 1739 993 1761 wtas
1006 1735 1040 1761 ad
1051 1735 1091 1762 ul-

299 1779 386 1805 timam
401 1783 515 1813 provecta
538 1783 697 1805 senectutem.
713 1778 790 1813 Atqui
805 1779 950 1806 secundum
971 1780 1091 1815 Chryso-

301 1830 417 1852 stomnm
434 1825 520 1859 ipsum
536 1824 628 1859 elapso
642 1825 722 1852 etiam
736 1825 850 1860 quodam
864 1826 898 1853 ab
914 1827 957 1853 illa
973 1827 1091 1855 Flaviani

298 1869 430 1905 legatione
449 1869 482 1897 ad
505 1869 683 1897 Theodosium
705 1875 835 1905 tempore,
859 1871 1002 1899 Flavianus
1023 1881 1091 1900 non-

297 1915 362 1942 dum
377 1920 534 1950 pervenerat
549 1915 582 1942 ad
598 1920 704 1942 aetatem
720 1916 749 1942 S.
767 1915 840 1943 Petri
856 1917 986 1951 Apostoli.
1001 1918 1092 1953 Siqui-

299 1961 361 1989 dem
380 1962 406 1988 in
426 1961 524 1988 llomil.
538 1962 556 1988 5
572 1961 597 1988 in
611 1961 774 1996 Principium
796 1962 922 1989 Actorum
942 1963 1091 1990 orationem

298 2006 426 2034 claudens
435 2005 641 2042 Chrysostomus
658 2006 784 2035 Flaviano
799 2015 882 2036 annos
895 2009 981 2036 aetatis
998 2009 1026 2036 S.
1043 2009 1093 2037 Pe-

299 2053 333 2080 tri
348 2051 469 2087 Apostoli
484 2056 651 2086 apprecatur,
673 2058 812 2088 postquam
833 2054 908 2082 illum
929 2059 992 2082 ante
1010 2062 1091 2082 unum

299 2098 395 2126 saltem
409 2105 507 2124 annum
519 2097 573 2132 jam
586 2097 619 2124 ad
639 2103 785 2125 extremam
806 2103 982 2131 senectutem.
997 2107 1092 2134 perve-

300 2150 373 2170 nisse
393 2142 497 2170 dixerat
518 2143 584 2178 :qui
606 2142 748 2171 Flavianus
774 2146 852 2171 etiam
877 2148 938 2179 post
964 2144 1034 2172 illam
1058 2145 1092 2172 ad

300 2187 480 2216 Theodosium
502 2187 661 2223 legationem
686 2190 762 2216 annis
784 2189 974 2224 septemdecim
997 2191 1093 2218 Antio-

299 2233 394 2260 cliente.
407 2231 511 2268 praeluit
527 2232 656 2261 Ecclesiae
669 2241 675 2259 :
689 2237 728 2261 tot
748 2234 820 2261 enim
843 2239 1018 2263 numerantur
1030 2236 1092 2264 anni

300 2280 336 2307 ab
355 2286 425 2306 anno
453 2279 517 2313 587,
540 2286 594 2315 quo
617 2279 662 2307 ille
687 2279 867 2308 Theodosium
888 2281 963 2315 adiit,
989 2281 1022 2309 ad
1045 2290 1093 2309 an-

300 2334 364 2354 num
378 2325 442 2358 4M,
455 2333 509 2361 quo
525 2330 646 2353 mortuus
659 2329 798 2353 vacantem
812 2326 903 2354 sedem
920 2327 1036 2362 reliquit.
1056 2329 1093 2355 De

301 2376 379 2400 :etate
392 2379 472 2406 porro
485 2371 544 2406 ejus
565 2378 625 2398 cum
639 2370 709 2398 diem
731 2371 826 2399 clausit
845 2376 993 2399 extremum
1009 2374 1090 2408 pluri-

301 2418 352 2445 bus
365 2422 458 2453 ageurr
471 2418 496 2444 in
513 2416 570 2444 Vita
585 2416 778 2453 Chrysostomi.
792 2417 825 2444 Et
840 2417 937 2445 Humil.
954 2418 1015 2446 ﬁde
1031 2419 1094 2446 Pue-

301 2462 411 2489 nitentia
432 2470 459 2489 n.
480 2462 509 2495 2,
533 2462 567 2489 de
582 2462 681 2489 Davide
701 2462 813 2497 loquens
832 2462 1037 2498 Cbrysostomus
1056 2465 1093 2492 ait

302 2506 389 2538 illum,
404 2507 509 2541 quando
524 2507 550 2534 in
570 2507 730 2534 adulterium
746 2507 836 2542 lapsus
857 2513 908 2540 est,
926 2509 951 2536 in
973 2515 1092 2538 extrema

301 2551 399 2579 canitie
411 2551 510 2582 fuisse;
522 2552 586 2580 illud
600 2560 663 2580 vero
671 2553 704 2580 de
724 2553 822 2581 Davide
836 2554 917 2581 nolim
929 2563 978 2589 pro
990 2561 1094 2583 asserto

302 2597 404 2632 accipi;
419 2596 466 2624 scd
480 2602 507 2624 ut
522 2605 601 2625 nemo
615 2605 694 2633 Spero
709 2600 823 2634 negabit,
836 2600 862 2627 id
883 2601 1022 2635 probatum
1035 2609 1094 2630 cer-

303 2648 412 2679 tumque
430 2650 489 2671 esse
511 2644 635 2676 arbitror,
656 2644 874 2680 Chrysostontum
899 2647 933 2674 ad
958 2654 1095 2676 extremam

301 2693 453 2717 senectutem
482 2689 579 2723 passim
606 2690 753 2725 intelligere
775 2691 808 2718 de
835 2694 1044 2728 septuagenariis
1067 2700 1095 2722 et

302 2734 371 2761 («nete
385 2741 583 2769 nonnumquam
596 2735 631 2763 de
642 2737 844 2771 septuagenario
856 2738 1012 2767 minoribus.

337 2779 421 2807 Instat
439 2779 625 2809 Tillemontius
638 2790 644 2808 :
658 2780 682 2808 ls
703 2789 782 2816 quem
804 2782 830 2810 in
855 2784 943 2819 priore
965 2787 1094 2820 ραι-τιθηεεί

302 2823 448 2859 alloquitur
459 2824 677 2861 Chrysostomus,
703 2826 729 2854 in
752 2833 842 2863 aperta
861 2830 922 2858 ritis
937 2836 965 2859 et
978 2832 1092 2868 crimina

1030 113 1195 143 MONlTUM.

1895 118 1945 147 276

1151 179 1318 211 proruperat,
1343 180 1371 203 ut
1385 184 1416 204 ex
1433 176 1512 204 variis
1526 177 1653 204 orationis
1668 177 1734 205 locis
1746 178 1881 214 colligitur
1895 189 1901 207 :
1918 185 1950 209 at-

1149 230 1202 250 non
1221 229 1340 257 eousque
1359 222 1484 258 perniciei
1500 223 1640 251 devenisse
1663 223 1769 251 videtur
1787 223 1945 253 Theodorus

1148 267 1361 303 Mopsuestcnus,
1386 268 1419 295 ad
1439 276 1517 303 quem
1537 268 1653 295 secunda
1674 269 1790 296 mittitur
1808 270 1941 305 epistola:

1148 314 1193 349 qui
1207 314 1228 341 si
1240 314 1294 348 jam
1310 313 1459 349 baptizatus
1480 314 1506 341 in
1522 321 1552 341 ea
1567 314 1679 342 crimina
1692 315 1783 350 lapsus
1795 321 1878 350 esset,
1895 324 1944 345 ne-

1147 367 1279 394 quaquam
1299 360 1429 394 potnisset
1447 359 1592 387 secundum
1609 368 1727 388 canones
1746 361 1771 388 in
1788 363 1945 397 episcopum

1148 410 1238 440 postea
1269 406 1398 441 c0uptari.
1435 406 1498 434 lla-c
1526 406 1599 434 nullo
1629 408 1737 442 negotio
1762 408 1942 443 depelluntur.

1148 450 1317 484 Theodorus,
1332 452 1377 486 qui
1399 459 1504 479 sacrum
1528 457 1627 480 ccetum
1647 453 1813 486 deseruerat,
1834 456 1942 490 negotia

1146 497 1285 524 smeularia
1304 497 1443 530 tractabat,
1465 498 1645 533 voluptatibus
1658 499 1764 527 deditus
1784 506 1853 534 erat,
1876 501 1942 529 Iler-

1147 542 1250 569 miones
1263 542 1359 577 puella:
1377 542 1516 577 cujusdam
1531 551 1623 571 amore
1643 544 1779 579 ﬂagrabat.
1796 545 1853 573 Non
1869 546 1942 574 aliud

1146 587 1180 614 de
1194 588 1337 615 Theodoro
1351 589 1452 616 crimen
1471 588 1553 617 refert
1572 590 1780 626 Chrysastomus
1795 600 1801 617 :
1814 592 1838 619 id
1853 597 1942 621 tanton

1146 634 1192 661 ille
1216 635 1303 669 magni
1324 635 1444 662 criminis
1468 636 1527 662 loco
1551 635 1650 663 habere
1675 637 1780 664 videtur
1803 638 1828 665 in
1853 639 1943 672 priore

1145 680 1285 715 parzcnesi,
1300 680 1343 707 ubi
1359 681 1416 708 lucc
1437 687 1621 709 recensentur.
1640 682 1793 713 Secundum
1817 684 1874 711 bazc
1893 692 1944 711 au-

1145 730 1210 758 tem,
1227 734 1287 753 cum
1302 726 1345 754 vel
1358 727 1416 754 aliis
1430 727 1616 761 referentibus,
1629 728 1670 755 Vri
1686 736 1732 763 per
1752 729 1835 763 ipsius
1853 729 1944 757 'l‘beos

1145 771 1202 799 dori
1225 771 1315 798 literas
1334 773 1491 807 accepissvt,
1511 772 1681 800 Theodorum
1705 773 1765 801 ideo
1784 775 1811 802 in
1834 775 1943 810 negotia

1144 818 1280 845 Stecularia
1302 825 1331 845 se
1344 819 1495 850 immisisse,
1511 823 1539 845 ut
1553 823 1724 854 paternarum
1740 828 1829 847 rerum
1842 820 1944 848 sollici-

1145 863 1264 891 tudinem
1282 868 1397 898 gereret,
1413 864 1583 892 llermionem
1598 873 1699 898 amare,
1713 870 1741 893 ut
1753 874 1812 894 eam
1829 866 1942 895 duceret

1143 916 1271 941 uxorem;
1285 917 1337 936 non
1361 910 1441 937 tantis
1453 910 1571 945 quidem,
1587 912 1692 946 quantis
1713 916 1800 943 antea.
1818 912 1940 947 implica-

1144 957 1200 981 tum
1216 955 1292 982 malis
1305 954 1476 982 Theodorum
1491 963 1550 983 esse
1565 957 1684 991 putavit;
1702 957 1749 985 sed
1765 965 1820 985 non
1833 966 1848 985 a
1861 958 1942 993 culpa

1144 998 1257 1026 liberum
1272 999 1357 1033 duxit,
1371 1005 1400 1027 ut
1414 1008 1462 1035 per
1475 1005 1558 1028 totam
1577 1002 1721 1029 secundam
1739 1003 1878 1037 epistolam
1895 1004 1939 1031 in-

1144 1044 1226 1078 dicat,
1241 1046 1316 1080 cujus
1335 1047 1479 1074 exordium
1494 1052 1535 1074 est
1555 1047 1706 1082 hujusmodi
1721 1057 1727 1076 :
1744 1049 1774 1076 Si
1788 1050 1862 1083 fletus
1876 1058 1941 1084 pos-

1143 1096 1198 1118 sent
1212 1095 1235 1118 et
1249 1092 1355 1126 gemitus
1365 1100 1410 1127 per
1422 1093 1508 1119 literas
1523 1093 1644 1126 exhiberi,
1657 1094 1697 1120 his
1707 1094 1828 1129 repletam
1842 1095 1941 1129 episto—

1143 1139 1194 1166 lam
1214 1139 1249 1166 ad
1261 1144 1285 1166 te
1304 1140 1435 1167 misissem.
1450 1139 1575 1176 Equidem
1590 1142 1649 1175 ﬂeo.
1670 1149 1720 1168 non
1734 1142 1802 1174 quod
1815 1148 1937 1176 paterna-

1141 1193 1197 1212 rum
1210 1194 1294 1212 rerum
1306 1186 1501 1213 sollicitudine»):
1512 1195 1596 1222 geras,
1610 1187 1654 1214 secl
1663 1187 1731 1222 quod
1745 1196 1777 1214 ea:
1789 1188 1897 1222 fratrum
1915 1193 1942 1215 te

1142 1232 1258 1266 catalogo
1272 1231 1400 1264 deleveris,
1413 1232 1480 1266 quod
1495 1238 1569 1267 pacta
1587 1241 1643 1259 cum
1657 1233 1757 1260 Christo
1771 1234 1834 1260 inita
1852 1234 1939 1260 calca-

1142 1277 1216 1303 veris.
1230 1277 1268 1304 De
1283 1277 1418 1304 connubio
1427 1283 1516 1304 autem
1534 1277 1591 1305 hare
1605 1278 1685 1306 habet
1700 1286 1725 1312 p.
1742 1279 1777 1306 58
1791 1288 1799 1306 ε
1815 1278 1942 1314 Legitimn

1141 1330 1182 1349 res
1194 1327 1230 1349 est
1251 1323 1406 1358 confugium,
1422 1323 1449 1349 id
1465 1331 1511 1358 ego
1523 1325 1637 1359 fateor...
1653 1326 1697 1350 sed
1711 1324 1755 1350 tibi
1763 1324 1821 1359 jam
1837 1333 1888 1351 non
1900 1330 1942 1351 est

1141 1368 1267 1403 integrum
1283 1361 1346 1404 jura
1363 1370 1481 1395 connubii
1498 1378 1605 1396 servare.
1623 1369 1688 1396 Eum
1708 1371 1783 1400 enim,
1798 1370 1841 1403 qui
1861 1371 1941 1397 semel

1142 1414 1237 1440 calesti
1246 1422 1339 1448 sponso
1348 1415 1454 1450 junctus
1463 1419 1510 1446 est,
1520 1415 1541 1441 si
1554 1415 1585 1441 ab
1596 1415 1640 1442 illo
1650 1415 1785 1442 divellatur
1797 1420 1819 1442 et
1835 1424 1941 1443 uxorem

1142 1459 1228 1491 ducat,
1243 1459 1397 1486 adulterium
1418 1459 1550 1486 admittere
1569 1465 1664 1486 certum
1687 1465 1734 1487 est.
1758 1460 1827 1487 Puto
1847 1466 1941 1488 autent

1142 1504 1312 1531 Theodorum
1326 1505 1442 1539 acceptis
1457 1504 1589 1539 prioribus
1603 1504 1786 1541 Chrysostomi
1804 1505 1938 1540 epistolis,

1142 1550 1238 1584 quibus
1252 1549 1286 1577 de
1298 1542 1471 1577 saecularibus
1489 1550 1621 1585 susceptis
1635 1552 1759 1586 negotiis,
1779 1551 1853 1578 etde
1873 1551 1944 1579 Iler-

1143 1596 1247 1623 mioncs
1268 1603 1360 1624 amore
1380 1596 1597 1631 redarguebatur,
1621 1597 1654 1624 ad
1676 1598 1716 1624 sui
1738 1597 1941 1625 excusationem

1143 1649 1191 1676 per
1202 1642 1328 1676 epistolas
1341 1646 1368 1669 et
1386 1647 1555 1676 paternarum
1569 1650 1658 1671 rerum
1678 1651 1781 1677 curam,
1801 1648 1828 1671 et
1846 1645 1941 1679 conju.

1148 1688 1219 1722 gium
1233 1695 1292 1714 cum
1307 1687 1451 1715 l-lermione
1464 1688 1608 1716 ineundum
1629 1689 1655 1716 in
1669 1689 1786 1717 medium
1807 1690 1943 1719 attulisse.

1143 1731 1222 1760 Certe
1241 1733 1267 1759 in
1287 1733 1406 1767 epistola:
1422 1738 1564 1768 postrema:
1585 1735 1659 1761 calce
1678 1740 1754 1770 rogat
1767 1735 1941 1764 Theodorum

1143 1771 1361 1813 Chrysostomus,
1377 1782 1406 1805 ut
1427 1779 1476 1805 sibi
1492 1779 1641 1807 rescribere
1653 1779 1792 1815 dignetur;
1813 1781 1835 1807 si
1853 1786 1891 1808 tot
1907 1782 1942 1809 li-

1143 1823 1209 1851 teris
1229 1828 1307 1851 antea
1327 1824 1426 1857 missis,
1450 1825 1516 1851 nihil
1539 1825 1730 1860 respondisset,
1751 1826 1942 1861 objurgaturus

1144 1876 1204 1896 eum
1219 1869 1287 1896 haud
1300 1869 1379 1896 dubie
1393 1873 1450 1897 erat
1465 1869 1673 1905 Cbrysostomus
1685 1870 1719 1898 de
1733 1876 1807 1899 tanto
1820 1871 1939 1899 silentio.

1179 1914 1227 1941 llis
1239 1922 1289 1949 ego
1301 1914 1335 1941 de
1352 1915 1441 1942 causis
1454 1914 1545 1942 Savilii
1559 1920 1588 1942 et
1610 1915 1752 1943 Frontonis
1766 1917 1885 1951 vestigiis
1900 1918 1943 1944 in-

1144 1961 1242 1988 sistens
1254 1969 1335 1988 unum
1350 1960 1431 1988 fuisse
1447 1961 1617 1989 Theodorum
1632 1967 1705 1996 puto,
1727 1962 1761 1990 ad
1773 1971 1852 1997 quem
1866 1968 1943 1991 utra-

1144 2015 1197 2043 que
1217 2007 1360 2042 paraenesis
1375 2008 1456 2035 missa
1470 2008 1528 2035 fuit.
1546 2007 1664 2044 Utraque
1677 2013 1751 2036 certe
1766 2009 1799 2036 ad
1813 2009 1940 2037 eumdem

1146 2053 1316 2081 Theodorum
1344 2053 1500 2081 inscribitur
1523 2053 1550 2081 in
1578 2054 1702 2081 omnibus
1731 2054 1942 2090 manuscriptis.

1147 2106 1260 2134 quorum
1285 2098 1395 2133 quidam
1422 2098 1610 2126 remotissima:
1635 2099 1774 2127 vetustatis
1799 2104 1883 2127 sunt:
1901 2099 1944 2126 Ad

1147 2144 1261 2172 eumdem
1289 2143 1469 2177 Theodorum,
1498 2143 1598 2172 habent
1617 2151 1712 2172 omnes
1730 2153 1736 2171 :
1756 2144 1824 2172 duos
1849 2149 1942 2172 autem

1147 2190 1304 2218 Theodorus
1316 2189 1611 2224 comminisci,quorum
1625 2196 1736 2225 uterque
1747 2197 1807 2217 cum
1822 2189 1944 2226 Chryso-

1147 2241 1234 2264 stomo
1253 2236 1380 2264 societate
1395 2236 1503 2271 junctus
1521 2242 1598 2263 sacro
1619 2236 1723 2264 cuidam
1742 2236 1822 2263 coetui
1844 2244 1874 2264 se
1892 2236 1944 2264 ad-

1146 2282 1253 2315 dixerit,
1268 2287 1381 2318 uterque
1395 2281 1531 2313 resilierit,
1548 2287 1659 2316 uterque
1679 2286 1820 2309 revocatus
1831 2281 1911 2309 fuerit
1925 2289 1945 2309 ε

1146 2329 1349 2365 Chrysostomo,
1361 2328 1439 2363 idque
1454 2328 1528 2355 nullo
1542 2332 1652 2355 auclore
1664 2336 1750 2363 exque
1764 2328 1868 2356 levibus
1878 2333 1947 2356 coo—

1144 2374 1274 2409 jccturis,
1300 2373 1326 2401 id
1352 2374 1449 2401 mirum
1477 2377 1606 2409 quantum
1633 2374 1777 2402 abhorreat
1802 2374 1837 2401 ab
1863 2374 1946 2402 insti-

1148 2424 1204 2447 111ιο
1217 2426 1287 2446 meo.

1183 2466 1258 2493 Circa
1278 2473 1388 2498 annum,
1402 2473 1455 2501 quo
1473 2466 1515 2494 bte
1532 2466 1591 2493 duae
1613 2466 1720 2501 scripta:
1740 2472 1801 2494 sunt
1823 2467 1948 2495 homilizc

1147 2518 1200 2539 non
1223 2511 1326 2539 modica
1346 2516 1387 2539 est
1406 2511 1558 2540 dil‘ticultas.
1581 2512 1624 2540 Ait
1650 2512 1782 2540 Baronins
1801 2518 1950 2548 utramque

1148 2558 1296 2593 par-:enesin
1309 2567 1323 2585 a
1338 2556 1541 2594 Cbrysostomo,
1554 2559 1617 2586 dum
1637 2559 1664 2587 in
1681 2559 1817 2587 montibus
1831 2560 1949 2595 degeret

1147 2603 1295 2636 solitarius,
1311 2603 1344 2630 ad
1368 2603 1537 2631 Theodorum
1560 2603 1669 2631 missam
1685 2604 1776 2632 fuisse.
1793 2604 1950 2632 Tillemon—

1149 2650 1201 2677 tius
1215 2657 1279 2676 vero
1290 2657 1321 2676 ex
1342 2649 1512 2684 pncjudicata
1530 2650 1656 2684 opinione
1669 2649 1792 2685 loquens,
1807 2649 1840 2677 de
1855 2650 1950 2685 prima

1148 2696 1181 2724 ad
1196 2696 1286 2727 alium,
1304 2700 1332 2722 ut
1346 2700 1421 2731 putat
1433 2695 1488 2727 ille,
1504 2703 1583 2731 quam
1594 2695 1810 2730 Mopsuestenum
1824 2703 1904 2723 missa
1916 2696 1951 2723 id

1147 2742 1257 2770 concedi
1278 2749 1357 2777 posse
1379 2746 1472 2776 putat;
1497 2746 1530 2770 de
1552 2742 1668 2769 secunda
1693 2742 1812 2769 minime.
1837 2741 1888 2775 Qui
1921 2743 1952 2770 si

1149 2787 1381 2819 animadvertisset
1402 2786 1467 2814 illud
1493 2789 1564 2823 quod
1589 2787 1614 2815 in
1639 2787 1691 2815 line
1719 2787 1813 2823 prima;
1833 2786 1953 2820 dicitur,

1149 2834 1259 2870 perinde
1274 2834 1306 2861 de
1319 2834 1404 2869 prima
1426 2838 1505 2869 atque
1524 2836 1558 2862 de
1572 2834 1689 2863 secunda
1712 2842 1764 2863 non
1779 2840 1857 2870 posse
1877 2840 1953 2860 con-
