2032 3110
187 150 264 180 275⁸

188 208 247 238 cedi
258 207 382 235 dicturus
393 209 461 234 erat.
474 205 519 234 Sic
528 205 600 233 enim
611 205 725 241 primam
738 205 889 242 paraenesin
898 207 976 234 clau-

186 251 246 281 dit:
263 252 375 279 Tantam
394 259 426 278 ne
444 250 577 286 desperes,
594 259 674 286 neque
684 250 820 278 concidas.
837 252 894 278 Hoc
908 251 977 278 enim

188 301 236 328 tibi
243 300 271 327 in
282 299 370 327 omnis
379 299 509 326 sermonis
517 306 672 334 congressu,
681 297 837 334 ubicumque
848 303 872 326 te
881 297 970 325 uidero

187 352 214 376 et
228 347 343 374 aliorum
355 347 436 374 etiam
444 353 488 373 ore
497 350 609 380 repetere
622 353 674 372 non
682 345 807 372 cessabo:
819 345 888 380 quod
899 345 923 372 si
933 353 979 372 au-

188 394 282 425 dieris,
294 392 357 420 aliis
366 391 480 427 amplius
489 391 612 419 remediis
621 397 673 418 non
683 391 779 426 egebit.
787 391 819 418 tn
826 391 887 418 loco
895 391 979 426 igitur

189 443 249 468 erat
261 438 477 474 Cbrysostomus
487 456 495 469 ,
515 436 563 464 ubi
583 444 646 463 cum
660 435 805 464 Theodoro
820 436 937 471 negotiis
951 440 979 463 et

188 484 376 519 voluptatibus
389 483 520 510 immersa
532 482 672 517 congredi,
691 481 837 517 ipsumque
853 489 920 509 casu
932 480 977 509 of-

190 531 301 559 fendere
310 534 338 558 et
349 529 443 557 videre
456 532 574 564 poterat,
588 532 669 563 atque
679 527 747 555 adeo
757 526 920 554 Antiochia.
933 526 979 554 ld-

190 585 244 612 que
256 576 290 604 de
303 576 424 604 secunda
436 575 537 611 pariter
549 574 674 602 oratione
686 573 833 602 dicendum
847 582 856 601 -.
869 578 949 608 quam
962 579 978 600 a

189 623 386 659 Cbrysostomo
394 621 496 650 editam
510 625 537 649 et
546 621 658 649 missam
675 620 760 648 fuisse
776 619 905 654 opinatur
919 617 977 646 Til-

190 669 338 697 lemontius
352 675 425 695 anno
438 666 548 695 circiter
560 665 623 693 569.
640 665 718 693 Hunc
729 672 796 692 vero
811 671 913 691 annum
928 669 978 698 pro

188 719 307 761 utraque
317 712 452 749 paraenesi
460 712 577 740 libenter
587 715 615 739 et
623 718 674 747 ego
684 711 827 739 statuerim
838 719 846 744 ;
860 709 979 737 maxime

190 755 256 796 auia
270 767 326 788 non
338 759 447 787 videtur
459 758 532 786 alius
551 757 721 785 commodior
735 764 824 784 annus
834 755 950 783 indicari
968 763 976 782 :

191 806 244 835 etsi
259 813 315 834 non
329 805 435 833 modica
448 803 593 832 diﬂicultas
608 806 739 838 exsurgat
752 802 826 829 circa
841 801 917 829 illum
934 807 979 829 sa-

191 860 270 880 crum
281 856 394 885 emtum,
406 850 450 878 cui
464 857 564 877 nomen
579 849 709 877 dederant
720 847 840 876 Joannes
855 848 978 882 Chryso-

193 902 300 926 stomus
310 901 337 925 et
350 895 513 924 Theodorus
528 905 534 922 :
548 895 595 922 sed
609 894 678 922 illud
690 892 829 928 accurate,
845 897 978 929 quantum

193 944 235 972 fas
250 944 314 977 erit,
332 943 487 971 excutietur
501 942 529 969 in
546 940 608 968 Vita
619 939 810 976 Cbrysostomi
825 938 859 967 ad
874 939 978 967 calcem

192 990 275 1025 hujus
290 988 420 1017 editionis
432 987 607 1016 adornanda.

228 1034 362 1062 Monitum
376 1034 504 1062 lectorem
515 1031 606 1065 velim,
620 1031 702 1067 paulo
716 1034 779 1059 ante
790 1030 871 1058 tinem
884 1028 978 1064 prima

367 2824 506 2860 Ρλτιιοι.
527 2830 582 2864 Gs.
601 2830 727 2864 XLVII.

917 145 1083 176 HONITUM.

1744 147 1798 174 2‘76
1805 151 1820 169 ι

1032 205 1192 241 νπωηεεῑε,
1217 206 1320 234 scilicet
1344 206 1389 232 ubi
1410 205 1500 241 agitur
1523 205 1557 232 de
1582 204 1697 239 quodam
1718 206 1820 240 juvene

1031 251 1162 280 Pbtenice
1173 251 1275 280 Urbani
1286 251 1342 280 ﬁlio
1353 251 1448 284 divite,
1459 250 1506 287 qui
1515 254 1659 287 postquam
1671 251 1704 280 ad
1711 256 1820 280 montes

1031 305 1094 326 cum
1106 297 1251 326 monachis
1263 297 1435 330 secessisset,
1448 297 1553 326 relictis
1561 300 1656 332 postea
1665 298 1818 329 monachis.

1031 346 1163 382 voluptati
1174 349 1202 374 et
1213 345 1320 374 libidini
1330 346 1359 373 in
1370 345 1439 373 urbe
1446 345 1555 373 deditus
1565 349 1635 378 erat;
1646 345 1674 372 id
1683 345 1757 381 quod
1771 345 1820 372 ad-

1029 393 1125 428 jicitur
1136 392 1170 420 de
1182 392 1286 420 sanctis
1297 391 1365 419 viris
1376 391 1423 427 qui
1439 391 1514 418 illum
1526 391 1559 418 ad
1573 390 1718 426 pristinam
1734 392 1819 419 vitam

1031 439 1162 467 reducere
1175 438 1325 470 tentabant,
1337 441 1365 466 et
1376 442 1406 465 ut
1417 435 1512 464 Graeca
1522 437 1633 469 habent,
1641 437 1667 464 εῐ
1674 445 1740 464 ποτε
1750 435 1820 465 εἶδον

1032 484 1148 520 φανέντα
1159 484 1205 511 ἐπὶ
1212 484 1262 520 τῆς
1271 483 1384 518 ἀγορᾶς,
1393 483 1441 510 καὶ
1449 482 1602 518 προσῄεσαν
1610 482 1657 510 καὶ
1665 483 1820 518 ἠσπάζοντο

1032 530 1116 566 (quod
1125 537 1175 558 nos
1183 529 1326 561 vertimus,
1337 529 1360 556 si
1372 529 1478 564 quando
1491 528 1607 556 viderent
1620 529 1648 555 in
1661 529 1731 564 foro,
1745 537 1820 556 acce-

1032 576 1127 604 debant
1136 582 1161 604 et
1173 575 1397 611 amplectebantur
1408 574 1478 610 eum)
1486 574 1687 611 illud,inquam,
1695 582 1818 603 commo-

1032 623 1093 651 dius
1104 621 1174 650 verti
1185 629 1278 658 posse,
1291 620 1449 648 accedebant
1459 625 1484 648 ει
1495 621 1649 648 salutabant
1658 629 1727 650 eum.
1736 620 1816 648 Prior

1032 669 1219 705 interpretatio
1230 669 1331 704 optime
1342 667 1498 703 quadraret,
1515 667 1569 696 nisi
1583 675 1616 695 ea
1629 675 1689 704 quae
1700 675 1762 695 mox
1774 676 1818 695 se-

1032 720 1153 753 quuntur
1164 715 1310 752 posteriori
1322 715 1408 751 magis
1424 714 1546 742 faverent
1560 722 1568 741 :
1581 718 1606 741 et
1619 713 1749 748 principio
1760 714 1820 749 qui-

1031 762 1090 789 dem
1101 761 1144 789 ille
1157 769 1223 797 equo
1233 765 1318 788 vectus
1333 760 1496 795 insequentes
1505 758 1566 785 illos
1580 757 1683 794 oblique
1699 757 1818 793 alloque-

1032 809 1121 834 batur.
1133 805 1211 842 Equo
1222 809 1329 834 vectum
1340 804 1462 832 salutare
1476 803 1585 831 facilius
1599 807 1651 836 est,
1664 811 1746 839 quam
1760 810 1818 831 am-

1031 853 1112 889 plecti
1124 863 1132 881 :
1145 853 1304 888 ἀσπάζομαι
1319 856 1409 879 autem
1420 854 1567 886 utrumque
1581 850 1726 886 signiﬁcat.

1066 899 1319 934 lnterpretationcm
1332 897 1475 933 utriusque
1487 896 1606 924 homiliaa
1613 896 1648 924 ab
1658 896 1761 924 incerto
1775 895 1817 922 in-

1031 950 1149 982 terprete
1167 946 1265 973 factam
1275 965 1283 977 ,
1304 949 1398 980 utpote
1417 952 1471 972 non
1486 947 1642 972 accuratam
1658 942 1815 978 rcjecimus,

1033 999 1184 1027 novamque
1199 991 1366 1027 paravimus.

1629 2821 1671 2856 15
