2061 3114
162 147 216 175 277

167 252 1231 270 τῖ’-ππ

727 141 771 168 AD
794 141 1008 169 TllEODOllUM
1030 139 1178 168 LAPSUM.
1199 139 1220 167 I.

622 400 829 446 SANCTI
870 399 1080 443 PATRIS
1118 396 1337 442 NOSTRI

170 586 735 698 JOANNIS
787 577 1790 705 CHRYSOSTOMI,

577 821 879 854 ARCHIEPISCOPI
902 818 1389 854 CONSTANTINOPOLITANI,

633 983 948 1067 OPEBA

997 930 1328 1061 OMNIA.

222 1359 525 1407 PAR/ENESIS'
560 1363 678 1404 SIVE
716 1361 1051 1402 ADlIURTATIO
1091 1363 1155 1400 AD
1192 1360 1519 1401 THEODURUM
1561 1362 1779 1400 LAl’SUM.

828 1743 1150 1760 ψ

199 1856 294 1888 LQuis
301 1856 373 1882 dabit
381 1854 457 1888 capiti
478 1860 533 1879 meo
548 1859 649 1886 aquam,
662 1856 685 1878 et
697 1850 776 1877 oculis
788 1849 848 1875 meis
862 1850 956 1885 fontem

169 1903 338 1936 lacrgmarum
350 1898 416 1933 (Jer.
433 1898 460 1925 9.
479 1897 525 1931 l)?
541 1897 567 1924 id
591 1896 668 1931 longe
689 1895 864 1929 opportunius
887 1901 956 1921 nunc

169 1949 266 1980 dicam,
280 1954 358 1982 quam
375 1945 417 1972 ille
427 1943 558 1979 quondam
576 1942 713 1977 propheta.
726 1941 796 1968 Licet
818 1941 888 1968 enim
901 1947 955 1967 non

170 1994 249 2020 urbes
282 1992 412 2027 plurimae,
447 1997 500 2016 non
533 1992 624 2023 gentes
647 1987 755 2021 integra:
786 1985 956 2020 deplorandae

170 2038 235 2066 mihi
257 2039 325 2068 sint,
350 2040 378 2062 at
397 2035 512 2062 animam
530 2033 617 2061 deﬂeo
637 2031 786 2066 huiusmodi
805 2031 957 2058 nationibus

171 2083 296 2117 dignitate
306 2088 406 2116 parem,
420 2080 474 2107 imo
487 2079 566 2106 etiam
583 2078 778 2113 pretiosiorem.
792 2076 858 2103 Nam
877 2076 900 2103 si
915 2076 957 2103 vel

171 2136 240 2156 unus
253 2128 296 2162 qui
307 2128 467 2154 voluntatem
481 2125 526 2152 Dei
538 2123 854 2157 faciatsexeenlisimpiis
864 2122 957 2150 melior

172 2179 223 2207 est.
236 2181 300 2201 sane
314 2178 342 2199 tu
356 2172 450 2199 melior
459 2175 533 2198 antea
549 2178 609 2198 eras
626 2170 770 2197 innumeris
791 2169 844 2196 illis
853 2168 959 2195 Juda-o—

173 2227 231 2246 rum
253 2218 380 2245 millibus.
395 2217 573 2250 Quamobrem
589 2222 667 2241 nemo
688 2214 752 2241 mihi
772 2213 836 2240 vitio
855 2216 958 2246 vertat,

175 2265 242 2300 quod
262 2263 351 2291 ﬂetum
379 2269 511 2289 assumam
535 2260 613 2295 longe
635 2259 762 2293 majorem
776 2279 784 2291 ,
807 2259 960 2293 luctumque

175 2310 347 2341 acerbiorem,
369 2316 447 2344 quam
469 2307 512 2334 ille
534 2305 662 2341 propheta
675 2305 759 2332 literis
771 2305 885 2332 dederit.
901 2304 959 2332 Non

175 2356 244 2383 enim
266 2356 357 2382 urbem
371 2360 490 2380 eversam
506 2353 593 2387 lugeo,
610 2359 662 2378 non
677 2351 856 2385 improborum
872 2350 959 2378 homiv

177 2409 247 2429 mum
262 2401 451 2435 captivitatem.
471 2399 517 2426 sed
528 2399 622 2425 anima!
643 2405 727 2425 sacras
749 2398 914 2429 vastitatem,
930 2403 961 2424 ac

176 2447 324 2474 Christil’eri
347 2445 438 2480 templi
461 2444 592 2473 excidium
615 2449 693 2479 atque
717 2444 830 2471 ruinam.
852 2443 879 2471 Si
901 2443 961 2478 quis

177 2493 248 2520 enim
259 2496 380 2519 ornatum
397 2492 492 2519 mentis
508 2496 568 2522 ture,
583 2498 662 2525 quem
675 2497 746 2518 nunc
757 2489 858 2517 exussit
868 2489 962 2516 diabo-

177 2539 233 2571 lus,
245 2545 304 2565 cum
318 2537 461 2572 splendore
471 2536 581 2571 fulgeret
592 2536 675 2570 probe
689 2529 801 2568 noverit,
815 2542 904 2562 annon
923 2535 964 2561 inv

177 2583 306 2617 gemisca't
319 2587 347 2610 et
358 2581 495 2618 propheta
516 2582 602 2609 luctus
625 2585 749 2616 usurpet;
765 2581 787 2608 si
801 2587 898 2615 nempe
916 2587 964 2608 au-

210 2653 218 2666 ⁸
232 2652 258 2685 19
267 2651 312 2685 hac
325 2651 480 2676 emendenda
488 2652 754 2685 paraenesiusisumgs
765 2649 972 2685 quatuor_eodici-

177 2682 225 2713 bus
237 2682 322 2713 Regiis
333 2686 357 2705 el
370 2686 475 2713 quatuor
485 2681 641 2707 Colberlinis.
651 2682 717 2706 Unus
724 2681 816 2713 Regius
827 2684 851 2704 et
861 2681 910 2713 duo
918 2682 972 2713 Col-

178 2690 225 2706 nus
238 2690 272 2705 ne
292 2690 322 2706 us
333 2690 357 2705 el
370 2690 475 2713 quatitur
485 2690 641 2707 Lomerums.
652 2690 717 2706 unus
724 2690 816 2712 negius
827 2690 851 2704 ei
861 2690 910 2705 uuu
918 2690 972 2705 Lut-

178 2690 392 2737 berliuibhabent:
416 2713 491 2742 Λόγος
507 2712 670 2742 παραινιτικὸς
683 2713 706 2736 ἐν
717 2712 773 2736 εἱδει
793 2711 917 2740 ἐπιστολῆς
940 2712 972 2738 εἰ.

180 2720 269 2737 Derttul
282 2720 392 2736 tlanent:
416 2720 491 2742 Λογος
507 2721 540 2736 πα
555 2720 670 2740 αινιτικος
683 2720 706 2736 εν
717 2720 773 2736 emet
793 2720 917 2740 επιστολης
940 2720 970 2738 ει.

180 2743 313 2774 θεὸδωρθν,
322 2747 362 2767 ele
377 2743 447 2767 Alius
458 2720 583 2771 (ἴση)νᾶρἶ
594 2743 716 2774 Θεόδωρον
724 2743 830 2774 ἀσκητήν
841 2742 970 2774 ἐκπεσόντα

181 2774 238 2805 πρὸς
253 2772 384 2805 μξετάνοιᾳν.
405 2774 453 2798 Alii
475 2777 500 2798 ut
513 2774 537 2797 in
550 2777 628 2797 texlu.
645 2772 762 2805 Ravilius.
774 2772 832 2804 πρὸς
847 2773 972 2805 Θεόδωρον

182 2803 313 2839 time-avra
325 2804 368 2828 τοῦ
380 2805 488 2839 ἐναρέτου
502 2805 552 2839 βίᾳυ
562 2805 629 2839 λάχῃς
642 2804 756 2839 β’ᾺΟιιρςΙ
769 2803 850 2827 autem
867 2803 918 2827 hzec
930 2808 971 2839 pa-

183 2837 284 2866 rwnrsis
296 2836 402 2866 Secunda
415 2835 518 2866 ponatur
528 2837 552 2858 in
564 2835 671 2858 editione
678 2835 732 2866 Savi
744 2835 899 2866 tanagri-ore
908 2835 972 2857 arei—

178 2865 245 2890 disse
251 2869 366 2892 monetur
379 2865 403 2893 in
415 2863 481 2890 uotis
493 2866 600 2896 ejusdem
613 2865 672 2889 edit.
681 2864 742 2889 Vide
754 2866 778 2889 In
786 2863 876 2889 ιιοηὶιο
886 2871 969 2895 supra.

1009 1849 1089 1877 dierit
1112 1849 1239 1877 barbaras
1261 1858 1354 1878 manus
1376 1856 1466 1879 sancta
1489 1857 1641 1881 sanctorum
1665 1856 1800 1889 polluisse.

1009 1901 1036 1922 et
1052 1895 1178 1930 subjectis
1195 1896 1300 1930 ignibus
1312 1897 1400 1924 omnia
1412 1898 1600 1933 eombussisse,
1620 1900 1764 1930 Cherubim
1777 1903 1797 1935 ⁸,

1010 1948 1110 1975 aream,
1136 1941 1358 1976 propitiatorium.
1379 1943 1495 1978 lapideas
1509 1945 1620 1978 tabulas,
1636 1954 1727 1974 urnam
1751 1955 1798 1975 au-

1010 1986 1103 2013 ream?
1119 1986 1181 2014 Hzec
1192 1987 1333 2022 siquidem,
1345 1988 1403 2016 hate
1415 1989 1550 2017 calamitas
1562 1995 1636 2018 tanto
1656 1992 1701 2019 illa
1723 2000 1799 2020 accr-

1011 2030 1070 2058 bior
1082 2035 1132 2065 est,
1139 2037 1238 2067 quanto
1251 2033 1408 2068 pretiosiora
1421 2035 1472 2062 illis
1485 2035 1604 2071 symbola
1616 2037 1642 2064 iu
1657 2037 1744 2064 anima
1758 2043 1799 2065 tua

1012 2077 1172 2105 residebant.
1188 2078 1245 2107 Hoc
1266 2080 1393 2115 templum
1413 2081 1459 2108 illo
1479 2082 1597 2110 sanctius
1621 2088 1700 2111 erat:
1716 2093 1801 2120 neque

1012 2123 1082 2150 enim
1104 2130 1170 2150 auro
1191 2124 1234 2151 vel
1258 2130 1379 2160 argento,
1403 2126 1450 2153 sed
1471 2126 1584 2161 Spiritus
1607 2130 1690 2163 gratia
1715 2129 1801 2165 fulge-

1014 2169 1067 2201 bat,
1081 2177 1113 2197 ac
1127 2177 1176 2204 pro
1190 2178 1250 2198 arca
1265 2175 1294 2198 et
1305 2171 1448 2199 Cherubim
1469 2172 1603 2201 Christum
1626 2175 1735 2211 ejusque
1755 2176 1801 2204 Pa-

1015 2218 1080 2242 trem
1092 2220 1171 2250 atque
1183 2215 1349 2244 Paracletum
1365 2217 1456 2245 habuit
1469 2218 1673 2248 inhabitantem.

1048 2260 1147 2288 Ammw
1161 2261 1240 2296 lapsa:
1251 2266 1340 2290 status.
1354 2277 1390 2283 —-
1402 2263 1437 2290 At
1450 2271 1520 2291 nunc
1532 2272 1586 2292 non
1604 2265 1641 2292 ita
1661 2273 1691 2293 se
1708 2266 1804 2299 habet;

1013 2306 1059 2334 sed
1067 2306 1201 2334 desertqu
1207 2308 1314 2342 quidem
1323 2313 1363 2336 est
1373 2309 1551 2344 nudatumque
1558 2311 1752 2345 pulchritudine
1763 2313 1806 2340 illa

1014 2356 1092 2387 atque
1099 2352 1206 2386 decore,
1213 2353 1301 2381 divino
1312 2354 1488 2390 inell'abilique
1496 2361 1590 2383 ornatu
1601 2356 1752 2390 spoliatum:
1763 2365 1792 2384 va
1799 2374 1807 2377 -

1015 2405 1091 2426 cuum
1112 2403 1200 2426 autem
1222 2400 1294 2427 omni
1314 2401 1457 2428 securitate
1479 2406 1559 2436 atque
1581 2403 1710 2436 custodia,
1729 2404 1763 2432 ita
1778 2408 1806 2432 ut

1016 2451 1102 2479 neque
1110 2444 1189 2479 janua
1210 2452 1295 2479 neque
1313 2446 1395 2473 vectis
1416 2446 1496 2480 adsit,
1507 2447 1554 2474 sed
1573 2452 1661 2483 pateat
1680 2450 1805 2478 omnibus

1017 2491 1110 2519 animm
1118 2491 1237 2519 exitiosis
1245 2491 1375 2526 {mdisque
1384 2492 1597 2527 cogitationibus.
1607 2493 1668 2522 Sive
1678 2502 1790 2530 arrogau
1798 2511 1808 2517 -

1018 2537 1076 2569 tite,
1090 2537 1147 2564 sive
1157 2536 1349 2570 fornicationis,
1359 2538 1415 2565 sive
1425 2539 1542 2566 avaritia:
1553 2540 1661 2574 spiritus
1669 2560 1678 2573 .
1688 2541 1744 2569 sive
1755 2542 1806 2570 illi:

1017 2583 1164 2612 deteriores
1186 2584 1285 2611 intrare
1304 2583 1446 2616 voluerint.
1459 2592 1538 2612 nemo
1552 2585 1712 2620 prohibebit.
1728 2587 1804 2615 Prius

1018 2636 1092 2662 vero,
1100 2629 1322 2664 quemadmodum
1333 2629 1437 2657 cmlum-
1445 2629 1487 2657 his
1504 2631 1628 2659 omnibus
1642 2632 1807 2661 inaccessum

1019 2679 1069 2708 est,
1084 2676 1119 2702 ita
1133 2680 1160 2703 et
1171 2675 1271 2710 puritas
1288 2676 1384 2703 mentis
1403 2680 1464 2702 tum.
1479 2675 1512 2703 Et
1529 2675 1642 2704 fortasse
1664 2677 1807 2706 incredibi-

1053 2744 1060 2759 ι
1077 2747 1142 2768 unus
1153 2747 1215 2774 3155.,
1232 2742 1358 2768 cherubim
1369 2742 1432 2768 dico.
1451 2746 1502 2774 Mox
1514 2750 1577 2768 unus
1595 2750 1648 2768 cum
1664 2743 1745 2774 sarit,
1764 2750 1808 2769 au-

1020 2780 1095 2804 ream,
1110 2781 1206 2800 sacrum
1221 2774 1375 2805 continentem
1386 2773 1517 2799 sacerdotis
1529 2774 1590 2798 llius.
1604 2774 1666 2799 Alius
1682 2779 1744 2805 post,
1763 2781 1808 2799 au-

1021 2811 1096 2834 ream,
1114 2805 1187 2837 addit.
1206 2810 1252 2829 non
1273 2804 1356 2837 emittit
1373 2805 1507 2837 lacrumam
1519 2804 1808 2837 sympat/iicani?ue1ert

1020 2836 1174 2888 gzrgeguiunt
1184 2841 1239 2860 cum
1251 2834 1358 2861 editione
1371 2834 1507 2860 storelliana
1517 2834 1585 2866 cum,
1604 2839 1733 2861 teououeni
1746 2839 1805 2861 reu-

1080 2872 1093 2888 u
1111 2882 1115 2888 .
