2032 3110
289 136 324 164 79
643 134 670 160 S.
690 132 828 161 JOANNIS
839 133 1073 163 CllRYSOSTOMI
1095 134 1252 163 AliClllEP.
1272 136 1536 165 CONSTANTINOP.

270 194 305 220 lia
321 192 420 220 dixisse
440 191 551 220 videbor
574 191 614 224 iis,
636 193 681 227 qui
706 199 776 220 nunc
799 192 890 219 vident
911 193 1059 218 vastitatem

270 239 526 274 subversionemque
540 243 611 266 tuam
628 247 634 265 :
652 244 815 274 quapropter
837 246 908 266 nunc
924 237 1002 266 doleo
1022 239 1059 265 lu.

268 292 381 320 gcoque,
402 291 489 320 neque
509 283 588 311 ﬁnem
610 284 717 320 lugendi
742 284 838 312 faciam
861 284 948 312 donec
965 284 990 311 iu
1006 284 1059 318 pri-

268 330 338 357 stino
355 334 381 357 te
400 329 542 364 splendore
565 329 668 357 videro.
688 329 763 358 Licet
781 330 852 357 enim
878 329 903 356 id
924 329 1058 356 hominun7

268 376 421 414 lacullatem
447 384 575 412 superare
596 376 739 410 videatur,
765 377 820 404 Deo
851 381 938 403 tamen
971 379 1059 402 omnia

267 421 352 449 facilia
365 426 437 449 sunt.
447 421 506 457 Ipse
517 422 588 450 enim
600 427 641 450 est
652 421 703 455 Qui
713 422 816 449 suscitat
829 422 860 448 de
870 426 936 448 terra
947 421 1058 456 inopem,

265 473 287 494 et
299 468 329 494 tlc
339 472 448 495 stercore
461 468 534 503 erigit
545 476 696 504 pauperem,
706 472 733 494 ut
746 475 803 494 eum
813 467 900 494 sedere
913 466 992 501 faciat
1003 475 1059 492 rum

265 513 430 548 principibus,
455 521 514 540 cum
532 512 688 548 principibus
708 511 796 548 populi
815 514 863 539 sui.
885 512 944 547 Ipse
962 517 1003 540 cst
1017 511 1059 546 qui

264 559 377 585 habitare
390 558 451 594 facit
465 558 576 585 sterilem
591 559 616 585 in
627 558 712 590 domo,
728 562 833 584 matrem
846 557 877 584 de
890 557 951 590 ﬁliis
970 557 1059 583 [tetan-

264 609 311 631 tem
323 603 409 639 (Psal.
426 603 487 631 H2.
502 603 571 639 7-9).
586 603 677 639 itaque
692 611 725 631 ne
736 604 862 638 desperes
876 607 901 630 te
913 602 945 629 ad
958 602 1057 637 optima

264 648 456 676 immutandum
469 656 538 676 esse.
556 649 584 676 Si
604 648 675 676 enim
689 648 811 676 diabolus
835 652 934 675 tantum
960 646 1055 682 potuit,

263 699 291 721 ut
306 695 469 722 teavcrtice
491 694 536 721 illo
548 699 574 722 et
598 693 703 729 fastigio
727 694 833 721 virtutis
859 694 885 720 in
908 697 1055 720 extremum

264 740 371 767 malitia:
390 739 554 772 detruderet,
577 740 661 767 multo
684 739 768 774 magis
782 743 807 766 te
824 739 893 766 Deus
914 738 1010 773 poterit
1030 738 1055 764 in

263 786 400 820 pristinam
411 786 539 814 reducere
552 785 702 813 libertatem
716 793 722 812 :
739 791 786 812 nec
800 784 880 811 talem
901 783 991 815 modo,
1008 782 1054 810 sed

262 832 344 859 multo
359 831 504 859 feliciorem
521 836 547 858 te
561 830 673 858 reddere
685 837 763 864 quam
780 829 854 864 prius
868 828 965 856 fueras.

298 878 429 905 Peecatori
442 885 499 913 spes
520 885 657 911 numquam
677 875 824 903 amittenda.
841 890 875 895 ——
887 875 1000 901 Tantum
1022 881 1055 901 ne

260 923 396 955 concidas,
408 931 457 950 nec
474 930 548 957 spem
561 922 657 950 bonam
668 920 838 957 praescindas,
850 929 901 948 neu
913 921 1053 955 impiorum

260 973 356 996 statum
371 970 477 996 subeas.
492 968 583 1003 Neque
597 968 668 995 enim
684 971 854 1006 peccatorum
869 966 1011 993 multitudo
1027 966 1053 992 in

259 1016 471 1051 desperationem
483 1015 616 1050 conjicere
627 1014 704 1046 solet,
719 1013 766 1041 sed
778 1014 867 1040 anima
878 1021 910 1039 ex
923 1020 951 1040 se
962 1012 1051 1046 impia.

258 1061 425 1096 Quapropter
439 1060 564 1088 Salomon
577 1067 630 1087 non
647 1059 714 1087 dixit
727 1059 883 1094 simpliciter
898 1066 905 1085 :
922 1058 1049 1093 Quisquis

257 1107 323 1134 vertit
341 1107 366 1134 in
380 1106 536 1142 profundum
558 1106 696 1138 malorum,
719 1105 872 1138 contemnit;
885 1104 933 1132 sed
953 1103 1053 1139 Impius

259 1158 360 1181 tantum
376 1152 466 1188 (Prov.
481 1152 524 1180 i8.
537 1151 578 1187 ὅ).
601 1151 744 1186 lmpiorum
759 1153 831 1178 enim
853 1150 991 1178 dumtaxat
1012 1154 1053 1177 est

258 1199 301 1227 ille
315 1199 434 1231 morbus,
445 1198 551 1234 quando
562 1198 588 1225 in
602 1197 762 1233 profundum
774 1197 905 1224 malorum
917 1196 1049 1223 venerint.

259 1246 290 1272 lit
305 1245 355 1271 hoc
368 1245 432 1279 ipsis
447 1251 481 1271 ne
493 1242 654 1278 respiciendi
665 1241 772 1277 quidem
791 1241 942 1269 facultatem
966 1241 1050 1269 relin-

257 1291 323 1326 quit,
348 1297 434 1325 neque
459 1297 492 1317 eo
515 1289 680 1322 revertendi,
701 1288 772 1316 unde
796 1288 960 1316 exciderant.
982 1287 1048 1315 Nam

256 1337 388 1371 ﬂagitiosa
412 1336 457 1364 illa
488 1335 613 1371 cogitatio
636 1339 769 1370 tamquam
795 1334 887 1370 jugum
917 1333 1049 1369 quoddam

257 1382 372 1419 ligneum
385 1383 480 1410 anima:
492 1382 589 1410 cervici
603 1381 756 1416 impositum
772 1385 799 1408 et
809 1380 971 1415 compellens
982 1387 1049 1408 ocu-

256 1429 296 1456 los
309 1429 334 1455 in
349 1433 445 1456 terram
469 1427 618 1461 demittere,
642 1426 768 1461 prohibet
790 1433 825 1454 ne
849 1425 882 1453 ad
907 1425 1048 1453 Dominum

254 1482 332 1502 suum
343 1475 476 1508 respiciat.
491 1474 524 1501 At
540 1474 588 1500 viri
599 1477 639 1501 est
648 1473 770 1508 generosi
784 1476 811 1500 et
820 1471 979 1505 admirandi,
997 1472 1048 1500 hu-

254 1520 367 1555 iusmodi
380 1521 477 1555 lignum
490 1524 639 1551 conterere,
649 1523 676 1546 et
685 1518 805 1546 lictorem
815 1518 861 1554 qui
874 1518 900 1545 id
911 1517 1047 1553 imposue-

254 1572 293 1594 rat
323 1571 466 1598 excutere,
491 1573 522 1592 ac
545 1566 681 1600 prophetae
702 1564 782 1592 verba
810 1564 948 1599 proferre:
980 1564 1047 1592 Nam

256 1614 327 1641 Sicut
349 1613 417 1640 oculi
437 1612 537 1639 ancilla?
558 1612 583 1638 iu
603 1612 717 1639 manibus
734 1611 842 1638 domina
853 1619 916 1644 sure,
931 1611 967 1638 ita
980 1611 1047 1638 oculi

253 1661 331 1688 nostri
353 1660 387 1686 ad
416 1659 555 1686 Dominum
587 1657 669 1684 Deum
699 1663 832 1691 nostrum,
860 1658 938 1684 donec
972 1657 1046 1684 miu-

253 1712 337 1735 rentur
347 1706 435 1734 nostri.
457 1706 576 1733 Miserere
588 1706 676 1739 nostri,
691 1705 808 1739 Domine,
823 1705 937 1732 miserere
955 1706 1044 1740 nostri,

254 1751 312 1787 quia
318 1751 425 1778 multum
434 1751 521 1785 repleti
533 1759 620 1777 sumus
633 1750 791 1786 despectione
802 1750 888 1785 (Psal.
900 1750 959 1777 122.
969 1751 997 1779 2.
1005 1752 1044 1786 5).

257 1797 303 1824 lla:
315 1804 378 1824 vere
393 1796 488 1823 divinae
499 1801 559 1823 sunt
573 1796 732 1830 disciplinae,
744 1800 771 1823 et
784 1803 915 1831 supremae
926 1796 1045 1831 philoso-

255 1843 324 1877 phiae
337 1843 470 1879 dogmata.
485 1842 589 1877 Repleti
601 1850 703 1874 sumus,
713 1842 808 1877 inquit,
822 1843 1004 1877 despectione,
1019 1847 1046 1871 et

253 1889 361 1917 inﬁnitis
379 1888 504 1916 arrumnis
515 1888 603 1916 al'ﬁicti
615 1893 746 1916 :attamcn
757 1888 806 1915 ‘ad
816 1888 898 1915 Deum
908 1889 1042 1923 respicere

253 1944 305 1963 non
317 1935 492 1969 cessabimus,
508 1942 557 1962 nec
571 1935 649 1961 ﬁnem
665 1933 791 1968 precandi
804 1933 941 1966 faciemus,
958 1933 1045 1962 donec

252 1982 381 2015 postulata
394 1980 463 2008 nacti
485 1979 622 2007 fuerimus.
637 1979 693 2006 lloc
704 1983 744 2006 est
766 1979 837 2006 enim
862 1979 941 2005 animi
963 1987 1045 2014 gene-

253 2026 307 2053 rosi
330 2033 382 2052 non
404 2024 585 2057 consternari,
611 2030 660 2051 nec
677 2030 692 2049 a
705 2030 753 2058 spe
774 2022 910 2050 deturbari
934 2027 1045 2059 propter

251 2073 304 2099 vim
318 2071 515 2102 calamitatum,
530 2076 616 2104 neque
626 2068 773 2102 discedere,
795 2067 900 2096 etiamsi
923 2067 1044 2102 repetitis

256 2111 366 2139 subinde
378 2109 502 2145 precibus
515 2109 580 2136 nlllll
595 2107 754 2140 impetrarit,
767 2107 813 2134 sed
825 2108 947 2135 insistere
956 2109 1042 2136 donec

255 2159 413 2186 misereatur
426 2156 518 2188 nostri,
533 2154 754 2190 quemadmodum
768 2154 806 2181 ait
817 2154 910 2181 beatus
925 2153 1017 2181 David.

289 2214 316 2240 2.
331 2213 471 2247 Propterea
487 2212 558 2239 enim
581 2210 700 2238 diabolus
719 2216 767 2236 nos
782 2209 807 2236 in
831 2209 983 2243 desperatus
997 2217 1042 2237 co-

253 2259 394 2294 gitatioues
405 2257 498 2293 injicit,
508 2262 536 2284 ut
558 2263 632 2290 Spem
647 2262 709 2289 erga
732 2254 813 2280 Deum
839 2248 1042 2288 prmcidat;a'n-

253 2305 360 2332 chorum
377 2310 472 2338 nempe
486 2306 568 2329 tutam
587 2300 700 2334 vitaeque
713 2303 810 2326 nostra:
822 2299 1038 2331 sustentaculum,

252 2351 345 2378 ducem
361 2350 388 2376 in
402 2349 443 2376 via
453 2349 487 2376 ad
505 2347 599 2374 caelum
616 2350 715 2376 :mstra,
739 2344 850 2371 salutem
878 2344 1040 2379 perditarum

251 2396 409 2423 animarum.
424 2394 477 2429 Spe
486 2393 562 2425 enim,
583 2392 677 2426 inquit,
699 2391 762 2418 salvi
775 2391 834 2426 facti
848 2399 934 2417 citra-ur
950 2391 1027 2426 illam

251 2442 277 2469 8.
291 2442 350 2475 ιιι).
375 2440 454 2472 llazc,
470 2439 588 2472 inquam.
613 2437 669 2464 lucc
687 2436 761 2463 velut
779 2441 871 2463 catena
886 2437 896 2452 ¹
917 2436 992 2463 fortis
1006 2437 1040 2464 dc

251 2487 317 2513 (ηπ-10
330 2485 458 2520 pendens,
486 2484 587 2510 animus
613 2482 726 2509 sustinet
750 2487 865 2515 nostras,
889 2487 914 2510 et
936 2483 968 2510 ad
992 2491 1037 2510 ca—

251 2538 344 2559 cumcn
359 2530 420 2557 illud
436 2530 559 2565 paulatim
586 2528 667 2556 trahit
692 2536 748 2561 eos,
764 2529 809 2564 qui
837 2529 906 2556 banc
926 2529 1038 2557 ﬁrmiter

251 2581 352 2609 tenent,
367 2580 395 2603 et
418 2583 434 2603 a
449 2575 569 2610 procellis
585 2575 713 2602 malorum
735 2575 872 2610 przesentis
893 2576 955 2603 vita:
966 2576 1038 2603 abri-

251 2624 297 2657 pit.
309 2622 336 2649 Si
351 2621 409 2656 quis
423 2621 503 2655 igitur
515 2628 568 2655 pra:
591 2620 701 2647 mollitie
726 2620 794 2648 hanc
807 2628 911 2648 sacram
934 2621 1035 2648 ancho-

249 2676 305 2696 ram
313 2668 439 2700 dimittat,
450 2665 539 2693 statim
553 2665 651 2692 decidit
664 2670 692 2692 et
703 2665 858 2697 sull'ocaiur,
874 2667 899 2693 in
911 2666 1035 2702 abyssum

250 2713 356 2741 malitia
374 2712 521 2742 demersus.
535 2711 610 2744 Quod
625 2711 635 2727 ³
649 2719 709 2738 cum
736 2712 802 2738 sciat
827 2712 958 2747 malignus
980 2712 1034 2746 ille,

282 2793 288 2807 ¹
307 2791 405 2816 saviter.
415 2796 478 2815 unus
485 2793 554 2821 Reg,
566 2792 670 2821 attamen
681 2788 753 2821 etiam
763 2788 798 2813 sic
810 2788 888 2820 positi.

281 2824 288 2838 ι
306 2821 373 2847 savil.
387 2826 413 2846 et
423 2821 513 2854 aliquot
521 2819 573 2845 Mss.
587 2820 686 2854 habent,
705 2819 767 2844 velut
782 2823 864 2844 catena
876 2825 968 2854 (ιιινιεα.⁵

281 2855 288 2868 ⁷
308 2858 363 2883 ueg.
377 2859 438 2877 unus
448 2851 529 2881 hibet,
550 2857 613 2881 (iure.
625 2851 688 2875 Idcm
701 2857 766 2881 mox,
778 2854 899 2881 postquam
908 2856 948 2874 lto.)
960 2851 1031 2874 iusin.

631 2888 639 2898 ι»

1861 140 1912 168 280

1115 197 1252 228 pestqnam
1269 201 1318 220 nos
1346 194 1475 221 malorum
1500 201 1611 229 operum
1630 194 1793 223 conscientia
1819 203 1911 224 onera—

1115 243 1155 266 tos
1168 239 1261 271 sensit,
1276 239 1380 267 irruens
1402 245 1428 267 ct
1443 240 1499 274 ipse
1513 240 1708 275 desperationis
1720 242 1908 276 cogitationem

1114 283 1222 317 plumbo
1246 284 1398 318 graviorem
1413 284 1548 317 immittit;
1561 292 1640 319 quam
1656 285 1678 312 si
1698 287 1907 321 susmperimus,

1113 337 1224 356 necesse
1238 334 1278 356 est
1291 329 1409 365 pondere
1432 330 1520 357 statim
1544 331 1650 359 avulsos
1663 335 1690 358 et
1714 339 1730 359 a
1751 337 1847 360 catena
1863 333 1907 360 illa

1112 374 1260 402 abstractos
1281 375 1307 402 in
1325 375 1486 410 profundum
1507 376 1637 404 malorum
1659 376 1783 412 deprimi,
1805 379 1831 405 in
1855 387 1910 414 quo

1113 424 1139 446 tu
1149 427 1220 447 nunc
1231 421 1345 448 versaris
1357 429 1364 448 :
1376 421 1588 457 quandoquidem
1600 423 1700 457 rejecto
1711 423 1780 451 mitis
1789 429 1815 451 et
1823 424 1909 453 humi-

1111 466 1144 494 lis
1170 466 1274 494 Domiui
1306 468 1448 500 mandato,
1467 469 1582 496 crudelis
1608 469 1679 498 illius
1705 474 1784 505 atque
1801 473 1907 507 tyranni

1117 511 1344 548 implacabilisque
1358 514 1451 542 salutis
1469 520 1567 542 nostrae
1585 515 1684 543 inimici
1713 522 1845 552 pmcepta
1859 525 1906 545 cx-

1111 559 1231 593 sequeris
1245 560 1344 593 omnia,
1365 560 1438 587 suavi
1448 560 1512 596 jugo
1522 561 1638 596 dirupto,
1654 562 1704 589 levi
1724 562 1827 598 abjecto
1839 570 1907 592 one-

1111 611 1148 636 re,
1166 605 1361 639 circumpositis
1385 606 1410 632 in
1425 607 1510 633 vicem
1526 607 1632 634 illorum
1647 608 1769 637 vectibus
1784 608 1880 638 ferreis
1897 619 1904 642 ;

1111 650 1272 685 insuperque
1287 651 1385 678 molam
1403 651 1547 679 asinariam
1558 660 1573 680 a
1583 653 1653 680 collo
1666 657 1711 681 tuo
1732 655 1905 690 suspendisti.

1110 695 1361 730 Ubinuncstcteris,
1386 703 1525 733 postquam
1545 699 1676 727 infelicem
1699 701 1814 729 animam
1833 707 1904 730 tuam

1109 741 1270 774 demersisti,
1278 750 1309 770 ac
1320 743 1365 770 tibi
1375 750 1433 770 eam
1443 743 1630 773 necessitatem
1640 746 1776 778 iuduxisti.
1789 752 1816 774 ut
1825 747 1904 774 deor-

1108 794 1167 814 sum
1181 794 1288 822 semper
1299 788 1392 816 tendas
1400 789 1411 816 ?
1419 789 1513 817 Mulier
1523 790 1611 825 itaque
1623 791 1666 818 illa
1677 799 1735 826 quae
1746 791 1903 822 drachmam

1108 840 1187 860 unam
1201 833 1347 867 invenerat,
1359 835 1459 862 vicinas
1472 834 1620 864 advocabat
1643 837 1742 865 laetitiae
1752 845 1807 865 sua:
1819 839 1902 873 parti-

1108 879 1181 913 cipes
1197 899 1205 912 ,
1229 878 1322 906 dicens
1337 889 1344 907 :
1361 879 1579 916 Congratulamim'
1602 881 1663 908 mihi
1674 881 1684 916 (
1697 881 1761 909 Luc.
1787 883 1830 910 l5.
1851 885 1865 909 9
1880 883 1901 918 ).

1108 924 1163 959 Ego
1178 932 1241 952 vero
1251 924 1352 953 amicos
1359 933 1454 953 omnes
1475 930 1502 953 et
1510 934 1585 954 meos
1595 931 1621 954 et
1633 932 1691 955 tuos
1705 927 1737 955 ad
1753 935 1810 955 rem
1824 928 1902 963 plano

1107 970 1266 997 contrariam
1282 978 1351 998 nunc
1370 972 1523 1000 convocabo
1540 981 1546 999 :
1561 980 1610 1000 nec
1624 973 1709 1000 dicam
1727 982 1734 1000 :
1749 973 1901 1009 Congratu-

1107 1017 1197 1044 lamiui
1222 1017 1382 1054 mihi;sed:
1403 1018 1504 1054 Lugete
1528 1027 1644 1051 mecum.
1669 1021 1900 1056 eumdemquelu-

1105 1067 1177 1090 ctum
1207 1063 1351 1096 assumile,
1367 1067 1394 1091 et
1420 1064 1584 1093 lamentabili
1609 1067 1746 1094 uobiscum
1763 1075 1827 1095 voce
1845 1069 1900 1095 cla.

1105 1112 1186 1135 male.
1199 1108 1351 1136 Extremam
1362 1109 1459 1145 quippe
1470 1110 1600 1145 jacturam
1616 1111 1727 1139 fecimus
1739 1120 1746 1145 ;
1763 1120 1814 1140 non
1826 1113 1898 1147 quod

1106 1157 1144 1181 tot
1161 1158 1188 1181 et
1199 1158 1238 1181 tot
1250 1155 1306 1181 auri
1319 1155 1416 1183 talenta
1432 1163 1447 1182 e
1460 1156 1582 1184 manibus
1592 1157 1750 1190 exciderint,
1766 1165 1815 1185 nec
1828 1159 1899 1193 quod

1104 1208 1198 1236 magna
1219 1201 1259 1228 vis
1282 1200 1399 1236 lapidum
1412 1202 1610 1237 pretiosorum;
1632 1204 1678 1231 sed
1703 1204 1773 1239 quod
1792 1205 1832 1232 vir
1858 1205 1901 1233 his

1103 1247 1228 1275 omnibus
1242 1247 1394 1282 pretiosior,
1408 1249 1454 1284 qui
1476 1249 1502 1276 in
1523 1249 1573 1277 hoc
1597 1258 1693 1286 magno
1705 1255 1733 1278 et
1747 1251 1899 1279 vastissimo

1104 1293 1171 1320 mari
1185 1293 1324 1321 nobiscum
1336 1294 1488 1329 navigabat,
1501 1295 1592 1323 nescio
1601 1303 1653 1330 quo
1663 1301 1739 1330 pacto
1753 1304 1895 1331 excussus,

1103 1339 1129 1366 in
1144 1339 1229 1374 ipsum
1244 1339 1371 1374 perniciei
1385 1339 1545 1375 profundum
1553 1340 1695 1369 deciderit.

1137 1386 1164 1413 5.
1177 1385 1254 1419 Quod
1264 1386 1286 1413 si
1299 1386 1344 1421 qui
1358 1393 1402 1414 me
1413 1394 1428 1413 a
1441 1387 1513 1414 luctu
1526 1386 1658 1415 abducere
1667 1388 1836 1421 tentaverint,
1850 1396 1897 1416 eos

1101 1430 1176 1459 hisce
1185 1431 1323 1467 prophetae
1333 1431 1422 1459 verbis
1443 1432 1564 1468 all0quar
1578 1441 1584 1459 :
1599 1431 1725 1460 Dimittite
1746 1441 1794 1466 me,
1809 1442 1897 1461 amare

1101 1478 1166 1512 ﬂebo
1181 1485 1190 1504 :
1212 1485 1243 1504 ne
1255 1478 1306 1504 vim
1332 1478 1432 1514 faciatis
1443 1477 1478 1505 ad
1496 1478 1679 1505 consolandum
1695 1480 1754 1516 me(
1770 1479 1836 1506 lsai.
1847 1480 1894 1507 ‘22.

1100 1525 1146 1560 4).
1173 1524 1264 1560 Neque
1284 1525 1356 1552 enim
1371 1525 1418 1552 tali
1441 1524 1513 1552 luctu
1536 1532 1606 1552 nunc
1620 1524 1732 1558 afﬁcior,
1747 1526 1792 1560 qui
1817 1526 1896 1561 inibi,

1100 1571 1171 1607 quod
1183 1570 1373 1599 immoderatus
1384 1571 1428 1604 sit,
1445 1570 1509 1598 vitio
1531 1570 1596 1598 verti
1616 1570 1713 1605 possit;
1727 1571 1773 1598 sed
1788 1572 1895 1606 qualem

1099 1625 1150 1645 nec
1157 1617 1280 1651 Paulum,
1295 1624 1345 1644 nec
1357 1616 1475 1650 Petrum,
1490 1616 1563 1644 omni
1582 1617 1766 1644 consolatiOne
1781 1617 1892 1652 rejects,

1099 1670 1236 1691 assumere
1247 1662 1394 1698 puduisset.

1135 1708 1292 1744 Deploramli
1305 1708 1348 1743 qui
1373 1707 1401 1734 in
1424 1707 1532 1743 peccatis
1549 1712 1688 1734 versantur.
1706 1722 1741 1727 —
1755 1707 1892 1743 Siquidem

1099 1763 1156 1788 eos,
1165 1755 1210 1790 qui
1221 1755 1289 1782 hanc
1301 1761 1469 1782 communem
1480 1757 1593 1781 mortem
1604 1753 1822 1790 deplorant,jure
1832 1756 1891 1790 quis

1098 1802 1186 1838 pusilli
1198 1802 1277 1829 animi
1293 1801 1410 1836 arguerit
1425 1810 1431 1828 :
1447 1799 1552 1836 quando
1575 1805 1664 1828 autem
1691 1801 1749 1828 vice
1769 1802 1891 1836 corporis

1098 1849 1185 1876 anima
1196 1853 1325 1883 prostrata
1333 1848 1405 1882 jacet
1417 1851 1531 1880 mortua,
1543 1846 1690 1874 innumeris
1697 1846 1820 1874 confossa
1832 1846 1890 1874 vul-

1097 1894 1215 1927 neribus,
1226 1898 1253 1921 et
1266 1893 1291 1920 in
1314 1893 1369 1928 ipsa
1384 1892 1463 1919 etiam
1480 1895 1564 1919 morte
1572 1891 1691 1926 pristinae
1718 1891 1891 1927 indolisopti—

1097 1940 1178 1972 mcc‘,
1195 1938 1352 1966 valetudinis
1372 1937 1523 1973 prmteritzn,
1549 1937 1740 1972 exstinctzeque
1768 1937 1890 1972 pulchri-

1097 1986 1196 2013 tudinis
1210 1985 1285 2020 signa
1298 1984 1414 2020 praefert,
1428 1983 1487 2019 quis
1496 1988 1548 2010 tam
1563 1983 1686 2010 immanis
1699 1987 1727 2011 et
1734 1991 1828 2011 sensus
1839 1992 1889 2012 ex-

1096 2038 1168 2065 pers,
1178 2030 1223 2065 qui
1245 2037 1293 2065 pro
1303 2029 1444 2065 gemitibus
1455 2033 1481 2056 et
1488 2028 1611 2065 lacrymis
1625 2029 1816 2056 consolationis
1828 2037 1888 2056 ver-

1096 2074 1276 2117 baproferat?
1293 2074 1524 2117 Quemadmodum
1546 2075 1617 2117 enim
1635 2074 1696 2117 illic
1707 2082 1760 2117 non
1784 2075 1888 2109 lugere,
1930 2112 1937 2117 .

1094 2117 1129 2144 ita
1145 2114 1284 2149 hiclugerc
1301 2114 1512 2149 philosophicum
1526 2119 1577 2141 est.
1591 2113 1643 2147 Qui
1664 2114 1697 2141 ad
1715 2114 1808 2141 creluiu
1823 2123 1876 2149 pcr-

1093 2164 1211 2193 venerat,
1221 2159 1267 2194 qui
1281 2160 1342 2186 vitae
1365 2160 1506 2187 vanitatem
1532 2159 1679 2192 deridebat,
1703 2159 1748 2194 qui
1768 2159 1882 2188 formam

1094 2213 1235 2240 corporum
1250 2205 1358 2240 perinde
1377 2209 1456 2240 atque
1476 2204 1577 2240 lapidea
1593 2205 1734 2232 simulacra
1751 2206 1882 2240 respicie-

1094 2251 1148 2283 bat,
1164 2251 1209 2286 qui
1231 2259 1323 2278 aurum
1344 2252 1418 2286 quasi
1437 2251 1538 2284 lutum,
1558 2251 1668 2278 delicias
1689 2258 1783 2279 omnes
1804 2252 1882 2286 quasi

1094 2304 1199 2324 omnum
1225 2297 1413 2324 contemnebat
1434 2297 1466 2322 ἐ
1489 2296 1531 2324 hic
1559 2290 1703 2331 derepente
1730 2296 1795 2324 febri
1819 2304 1881 2324 cor-

1093 2347 1184 2377 reptus
1206 2342 1313 2369 insulsae
1333 2341 1565 2376 concupiscentiae,
1582 2341 1762 2369 valetudinem
1774 2362 1782 2375 ,
1798 2342 1883 2369 robur

1092 2394 1119 2417 et
1140 2391 1255 2424 speciem
1276 2396 1382 2416 omnem
1403 2387 1533 2423 perdidit,
1551 2387 1769 2422 voluptatumque
1784 2394 1883 2414 servus

1094 2437 1202 2465 effectus
1224 2441 1275 2464 est.
1298 2436 1393 2465 Annon
1415 2436 1485 2463 hunc
1505 2434 1720 2470 deplorabimus,
1740 2434 1784 2461 dic
1804 2434 1882 2467 mihi,

1078 2485 1181 2510 'annon
1204 2482 1366 2517 lugebimus,
1390 2481 1475 2509 donec
1488 2488 1548 2509 eum
1564 2480 1775 2516 recuperemus?
1799 2481 1840 2507 An
1858 2481 1884 2507 id

1092 2528 1198 2555 humani
1220 2532 1290 2555 esset
1309 2527 1411 2554 animi?
1435 2527 1541 2554 Etenim
1562 2527 1656 2554 mortis
1671 2533 1807 2561 corporea:
1836 2525 1870 2553 de

1091 2575 1201 2602 structio
1215 2574 1257 2601 hic
1271 2573 1382 2601 inveniri
1395 2573 1496 2609 nequit,
1514 2580 1600 2608 neque
1615 2577 1702 2605 tamen
1717 2572 1742 2599 id
1756 2572 1887 2608 lugentes

1121 2725 1129 2739 ³
1146 2721 1211 2746 colb.
1223 2728 1285 2746 unus
1299 2722 1359 2750 loco.
1371 2720 1458 2746 indolis
1468 2720 1570 2754 optimae,
1582 2719 1671 2754 babet,_
1687 2719 1824 2754 venustatis:
1837 2721 1881 2743 sa-

1089 2753 1128 2777 vil.
1154 2753 1178 2777 in
1202 2754 1309 2784 margine
1329 2756 1404 2781 notat,
1425 2749 1567 2784 t'cnustatis,
1590 2757 1640 2781 pro,
1662 2749 1750 2775 indolis
1770 2749 1884 2781 optimc.

1089 2788 1193 2815 Uterque
1206 2781 1269 2808 enim
1281 2790 1368 2808 setisth
1379 2789 1458 2813 graece
1471 2789 1535 2813 pene
1546 2781 1609 2815 idem
1621 2786 1698 2815 sonat.
1752 2811 1757 2815 _
1789 2810 1794 2815 Ι

1119 2816 1130 2830 ³
1145 2809 1182 2838 ἐὶο
1193 2815 1260 2838 Savil.
1278 2819 1303 2839 et
1319 2809 1421 2845 quatuor
1433 2809 1484 2837 Mss.
1495 2812 1574 2837 Morel.
1594 2811 1675 2839 habet,
1689 2818 1728 2841 φη
1741 2809 1879 2839 deridebat,

1088 2852 1165 2871 minus
1177 2849 1249 2870 recte.
