2061 3114
252 130 302 158 εει

252 194 269 213 a
283 186 346 213 fletu
360 185 484 218 cohibet;
499 185 594 212 annuae
604 192 667 212 vero
681 192 753 212 mors
767 184 809 212 hic
821 189 921 211 tantum
937 184 1036 212 destrui

253 236 340 266 potest
357 240 363 257 :
379 229 412 258 In
425 231 523 266 infmia
535 230 607 259 enim
621 230 695 265 quis,
710 230 809 264 inquit,
825 229 981 263 confitebitur
996 230 1039 256 tito

253 275 337 310 (Psal.
351 275 379 303 6.
391 275 438 310 6)?
450 275 508 310 Quo
522 281 601 309 pacto.
612 275 691 310 igitur
702 283 754 302 non
768 283 877 302 summa:
889 275 1038 301 stoliditatis

256 323 347 354 fuerit,
361 329 421 349 cum
437 322 453 348 ii
469 322 513 356 qui
527 322 646 356 corporis
658 327 769 348 mortem
784 321 881 356 lugent,
897 326 948 347 tam
960 321 1040 347 vehe-

252 373 357 395 menter
377 367 385 382 ί
401 367 426 393 id
447 366 557 398 faciant,
581 366 640 393 licet
667 366 752 393 sciant
771 374 800 393 se
827 366 978 393 defunctum
1006 366 1038 392 ad

252 414 334 440 vitam
350 413 475 447 lacrymis
495 420 547 439 non
562 417 732 439 revoi‘aturos
746 406 821 444 esse;
838 420 887 438 nos
906 412 970 438 nihil
988 413 1037 437 hu-

233 457 368 494 :jusmodi
390 458 536 490 exhibere,
554 458 597 491 qui
613 457 713 484 scimus
734 465 806 491 spem
827 464 886 484 esse
899 457 932 483 de
951 457 1038 483 anima

254 510 356 533 mortua
382 504 408 531 in
437 504 576 539 pristinam
600 504 682 530 vitam
705 503 876 530 reducenda?
903 502 1038 536 Siquidem

253 551 329 578 multi
343 553 370 576 et
382 549 434 576 hoc
446 554 566 583 tempore
580 552 606 576 et
626 549 754 583 majorum
771 554 919 575 nostrorum
934 556 1006 578 tero,
1023 556 1038 575 a

254 600 326 623 recta
347 595 461 621 statione
481 593 600 621 subversi
621 598 648 620 et
661 594 694 620 ab
707 598 815 627 augusta
831 594 874 620 via
889 593 1038 628 praccipites

254 641 318 671 dati.
333 641 368 672 ita
384 648 526 668 surrexere
540 640 637 672 denuo,
653 645 680 666 ut
695 639 841 675 posteriore
855 640 906 665 vita
923 639 1037 674 priorem

255 686 421 722 obtegerent,
435 687 546 720 palmam
558 685 718 720 acciperent,
732 692 829 712 corona
840 685 1036 716 redimirentur,

254 740 314 759 cum
331 731 474 758 victoribus
494 731 717 765 pra-dicarcntur,
740 735 766 757 et
788 735 937 756 sanctorum
957 729 1038 755 choro

254 782 503 805 annnmerareutur.
533 776 662 810 Quamdiu
688 781 774 804 tamen
799 776 858 810 quis
882 776 907 802 in
934 775 1039 802 fornace

255 823 418 857 voluptatum
440 822 580 854 consistit,
606 821 709 848 etiamsi
732 821 868 850 innumera
889 820 1038 854 lmjusmodi

254 868 374 902 exempla
390 868 522 903 proposita
539 867 650 900 habent,
667 867 715 901 ipsi
737 874 780 894 res
794 874 854 893 esse
874 874 953 901 supra
969 867 1039 893 vires

254 917 365 948 apparet
379 921 385 938 :
400 919 427 940 at
441 913 463 940 si
478 912 519 943 vel
535 912 666 938 tantillum
680 911 792 946 cmperit
804 912 875 938 illinc
889 911 989 946 egredi,
1005 911 1038 938 ad

253 959 380 986 ulteriora
393 966 499 993 semper
513 957 673 993 procedens,
691 962 787 984 statum
802 957 874 984 illum
889 956 1039 991 diligentius

253 1013 331 1040 quam
350 1005 437 1040 ignem
452 1012 466 1030 a
480 1009 554 1039 tergo
573 1004 721 1038 relinquet,
743 1011 773 1030 ea
787 1010 850 1030 vero
865 1010 922 1038 quzc
937 1007 997 1029 ante
1010 1010 1039 1030 sc

253 1051 338 1085 posita
353 1054 415 1077 sunt
428 1049 495 1076 roris
510 1049 693 1083 facilitatisque
707 1048 785 1083 plena
798 1048 944 1082 conspiciet
959 1057 966 1074 :
981 1052 1037 1074 tan-

253 1100 309 1122 tum
323 1102 356 1122 ne
369 1094 553 1129 desperemus,
568 1101 634 1121 neve
647 1093 680 1120 de
693 1093 777 1120 reditu
793 1093 943 1120 dubitemus
958 1101 964 1119 :
979 1099 1037 1118 nam

254 1141 299 1175 qui
313 1141 351 1168 sic
363 1139 470 1166 affectus
484 1145 534 1171 est,
549 1139 649 1173 ingenti
664 1139 727 1166 licet
741 1138 894 1165 fortitudine
906 1143 932 1164 et
944 1138 1039 1164 alacri-

256 1189 310 1212 tate
330 1184 454 1219 pra‘ditus
469 1185 520 1216 sit,
543 1192 602 1211 eam
625 1183 722 1210 frustra
738 1183 864 1218 possidet.
886 1182 953 1210 Cum
967 1182 1038 1209 enim

253 1229 360 1264 januam
374 1229 422 1256 sibi
444 1230 606 1263 paenitentia:
621 1229 703 1256 semel
724 1229 873 1261 occluserit,
890 1232 917 1255 et
928 1227 960 1255 ad
983 1232 1037 1254 sta-

255 1274 327 1302 dium
349 1275 526 1301 intercluserit
548 1274 664 1306 aditum,
684 1273 816 1308 qttomodo
840 1277 914 1300 extra
938 1273 1038 1307 positus

255 1320 351 1355 poterit
373 1320 414 1346 vel
438 1327 560 1354 magnum
578 1319 618 1346 vel
643 1319 774 1346 modicum
798 1318 931 1354 quidpiam
951 1318 1012 1355 boni
1026 1319 1035 1334 ²

253 1365 380 1400 operari?
406 1364 572 1399 Quapropter
587 1364 717 1398 malignus
732 1364 776 1391 ille
792 1363 856 1390 nihil
869 1371 921 1390 non
936 1363 1037 1390 machi-

255 1415 342 1444 natur,
364 1418 418 1445 qno
438 1411 513 1437 nobis
535 1410 602 1438 hanc
622 1411 808 1444 cogitationem
824 1410 902 1436 altius
917 1409 1036 1444 deligat:

255 1465 316 1484 nam
330 1462 422 1492 postea
437 1464 489 1483 non
505 1456 652 1483 sudandum
668 1457 710 1488 ei,
729 1463 779 1482 nec
797 1455 968 1482 laborandum
988 1455 1039 1482 erit

255 1508 284 1530 ut
302 1511 350 1530 nos
368 1507 519 1538 oppugnet;
541 1503 663 1529 nimirum
683 1503 737 1536 jam
758 1503 846 1536 lapsos
860 1507 886 1529 et
906 1503 1037 1536 jacentes,

254 1553 334 1584 atque
348 1549 372 1575 ei
387 1549 515 1576 obsistere
529 1548 658 1575 nolentes.
674 1548 722 1581 Qui
739 1548 808 1576 enim
822 1548 855 1574 ab
871 1547 920 1574 hoc
934 1547 1038 1574 vinculo

255 1602 284 1622 se
299 1595 425 1629 expedire
441 1595 552 1628 poterit,
573 1594 711 1629 pristinam
728 1593 906 1620 fortitudinem
929 1600 1039 1627 recupe-

255 1641 334 1673 rabit,
348 1647 398 1667 nec
412 1640 526 1667 cessabit
540 1640 573 1666 ad
588 1644 735 1666 extremum
749 1646 831 1673 usque
845 1639 954 1666 halitum
977 1646 1037 1665 cum

255 1685 300 1712 illo
315 1692 431 1720 pugnare
445 1693 452 1711 :
469 1685 572 1711 etiamsi
586 1692 650 1711 vero
665 1684 690 1710 in
710 1688 849 1711 sexcentos
871 1683 959 1718 lapsus
974 1691 1038 1717 pro-

256 1737 323 1764 ruat,
337 1738 428 1767 surget
441 1733 548 1764 iterum,
563 1736 590 1758 et
603 1731 705 1758 hostem
721 1731 852 1758 conficiet.
867 1730 963 1758 Contra
976 1737 1039 1757 vero

255 1779 297 1813 qui
311 1777 506 1813 desperationis
520 1777 680 1812 cogitatione
695 1777 802 1811 ligatur,
817 1776 915 1803 fractus
928 1775 1037 1808 viribus,

254 1823 386 1858 quomodo
399 1831 526 1857 superare
546 1823 641 1858 poterit
654 1823 696 1849 vel
710 1822 857 1855 obsistere,
870 1829 930 1849 cum
945 1829 976 1848 cx
991 1821 1037 1848 ad-

255 1877 332 1896 verso
347 1868 428 1904 fugiat
438 1869 450 1895 ?

289 1915 315 1942 4.
334 1914 432 1947 Quaeris
446 1914 540 1940 scelera
554 1914 698 1948 paenitentia
718 1913 840 1941 delentur.
855 1929 888 1934 -—
901 1914 954 1942 Nec
966 1915 1038 1942 dicas

255 1959 312 1986 lucc
326 1960 358 1986 ad
381 1967 427 1986 eos
447 1960 491 1994 qui
508 1959 610 1986 modice
631 1960 801 1994 deliquerunt
821 1961 954 1994 pertinere
969 1971 975 1988 :
992 1962 1037 1988 sed

255 2012 323 2040 pone
337 2006 484 2040 quempiam
506 2005 577 2031 omni
593 2004 690 2040 flagitio
705 2005 810 2039 plenum
822 2026 828 2036 ,
845 2006 889 2040 qui
905 2006 970 2033 nihil
986 2015 1037 2033 non

254 2050 348 2085 egerit,
361 2049 430 2084 quod
444 2057 458 2076 a
479 2057 561 2085 regno
583 2050 628 2076 illo
645 2049 779 2082 excludat,
796 2051 840 2084 qui
860 2058 874 2077 a
897 2051 1035 2086 principio,

255 2102 307 2121 non
328 2103 360 2122 ex
384 2095 538 2126 infidelium,
562 2094 607 2121 sed
631 2102 662 2121 ex
685 2095 817 2128 fidelium,
834 2103 978 2130 eorumque
993 2097 1036 2130 qui

256 2139 312 2167 Deo
324 2139 477 2173 placuerant
487 2146 597 2166 numero
608 2138 697 2172 fuerit,
707 2139 802 2166 deinde
810 2147 883 2172 vero,
896 2145 1036 2173 scortator,

254 2185 373 2212 moechus
383 2205 390 2216 ,
405 2185 493 2211 mollis
503 2205 510 2216 ,
525 2185 581 2216 fur,
596 2184 716 2211 ebriosus
726 2205 732 2215 ,
748 2184 920 2218 pmderastes,
938 2186 1038 2213 calum-

254 2231 338 2258 niator
360 2231 491 2263 evaserit,
511 2234 537 2257 et
560 2230 610 2257 alia
632 2229 643 2246 ⁸
664 2230 689 2257 id
708 2238 791 2263 genus
817 2231 927 2258 crimina
954 2231 1037 2259 admi-

253 2276 317 2303 serit
329 2284 336 2302 :
347 2283 381 2303 ne
394 2275 463 2302 hunc
474 2275 580 2310 quidem
591 2275 612 2302 si
626 2275 749 2309 desperet
761 2276 952 2310 approbaturus
965 2285 1035 2310 sum,

253 2321 355 2347 etiamsi
369 2321 401 2346 ad
416 2325 564 2348 extremam
581 2328 662 2355 usque
677 2326 810 2348 senectam
825 2322 851 2348 in
864 2322 973 2350 nefariis
986 2323 1037 2351 illis

253 2366 437 2400 atrocibuSque
460 2366 564 2402 ﬂagitiis
585 2367 806 2400 perseveraverit.
821 2367 885 2394 Nam
900 2369 922 2395 si
936 2369 975 2395 ira
989 2369 1036 2396 Dei

252 2413 332 2440 animi
349 2413 476 2447 aegritudo
492 2418 578 2444 esset,
599 2414 659 2448 jure
680 2414 739 2449 quis
759 2414 930 2449 desperaret,
947 2421 1036 2450 utpote

252 2459 296 2493 qui
318 2467 369 2485 non
387 2465 474 2492 posset.
492 2458 503 2474 ⁵
526 2459 658 2486 flairimant
681 2464 718 2486 tot
737 2461 880 2488 sceleribus
897 2462 1035 2489 excitatam

252 2503 439 2538 exstinguere;
466 2504 525 2538 quia
547 2512 609 2531 vero
629 2505 743 2531 divinum
768 2513 864 2532 numen
881 2507 1036 2540 atgritudiue

251 2549 331 2576 animi
346 2558 455 2577 vacuum
478 2555 528 2583 est,
552 2559 583 2578 ac
606 2551 667 2579 licet
690 2552 790 2586 puniat,
814 2552 874 2579 licet
894 2553 1035 2581 vindictam

252 2602 348 2629 mittat,
365 2606 416 2626 non
431 2599 469 2625 ira
483 2605 633 2627 commotus
648 2600 672 2627 id
687 2601 750 2635 agit,
763 2601 807 2627 sed
823 2608 912 2628 curam
924 2606 949 2627 et
963 2609 1036 2628 amo-

254 2649 307 2669 rem
333 2644 414 2670 nostri
435 2651 541 2679 semper
563 2647 652 2680 gerit:
676 2645 735 2673 ideo
748 2646 758 2662 ⁸
776 2646 845 2673 bono
867 2653 927 2674 esse
947 2647 1036 2673 animo

283 2709 291 2724 ⁸
309 2712 370 2733 Unus
386 2708 468 2737 habet,
479 2709 644 2739 vehementia,
663 2715 691 2736 ut
708 2712 811 2738 etsavil.

282 2739 293 2777 ς
308 2741 390 2766 Deest.
410 2739 471 2769 boni,
487 2741 511 2764 in
530 2742 670 2773 quibusdam
681 2747 730 2767 uss.

310 2770 461 2797 Unushabet.
474 2774 496 2795 cl
508 2771 556 2796 afro
571 2772 659 2797 ontnia.

284 2800 295 2834 ξ
309 2798 372 2834 foll).
386 2804 412 2834 et
423 2801 502 2834 savii,
514 2808 559 2826 non
566 2802 619 2832 jam
631 2807 715 2834 posset.

283 2828 295 2845 ⁸
311 2833 393 2860 Deest,
404 2830 466 2859 ideo,
487 2832 510 2855 in
521 2828 661 2864 quibusdam
678 2837 727 2859 Mss

821 129 866 156 AD
885 129 1091 157 THEODOBUM
1111 129 1256 158 LAPSUM.
1275 130 1295 158 Ι.

1092 193 1139 220 par
1148 190 1200 219 est,
1212 193 1238 214 et
1252 187 1275 213 vi
1288 188 1449 223 poenitentia:
1459 188 1603 216 conﬁdere.
1616 189 1750 225 Siquidem
1762 197 1818 221 eos,
1830 190 1873 224 qni

1091 230 1117 256 in
1131 237 1160 257 se
1175 236 1367 265 peccaverunt,
1383 240 1436 260 non
1450 234 1491 261 sni
1503 225 1581 262 causa
1597 235 1663 262 solet
1677 234 1767 262 ulcisci
1783 243 1791 262 :
1807 234 1871 262 nihil

1091 275 1161 302 enim
1181 281 1267 310 potest
1282 277 1307 304 in
1323 277 1474 312 huiusmodi
1488 285 1607 306 naturam
1623 280 1711 308 damni
1724 279 1832 313 induci;
1848 281 1873 308 id

1093 328 1154 346 vero
1169 321 1221 355 agit
1235 322 1267 348 ad
1282 328 1399 350 nostram
1415 329 1538 358 spectans
1553 325 1701 357 utilitatem,
1716 334 1748 352 ne
1761 325 1786 351 in
1801 326 1874 352 dete-

1092 365 1188 392 riorem
1205 372 1302 393 statum
1316 370 1476 402 perversitas
1488 375 1576 397 nostra
1587 370 1630 397 det
1638 370 1702 403 idat,
1716 370 1778 398 dum
1789 371 1874 405 ipsum

1092 418 1148 437 rem
1161 416 1332 440 contemnere
1347 420 1377 440 ac
1392 414 1528 448 despicere
1546 421 1678 450 puluilltls.
1699 416 1875 450 Quemadmo-

1092 455 1154 482 dum
1176 457 1246 483 enim
1269 457 1291 484 is
1306 458 1349 492 qui
1364 464 1379 484 ιι
1398 458 1457 486 luce
1478 459 1595 491 recedit,
1611 461 1675 487 nihil
1697 461 1747 488 luci
1763 461 1809 488 sed
1825 460 1874 488 sibi

1092 502 1204 528 multum
1224 502 1312 529 damni
1333 502 1429 536 infert,
1444 504 1506 531 dum
1522 506 1547 532 in
1563 507 1685 533 tenebras
1703 514 1733 534 se
1746 507 1852 542 conjicit
1867 516 1873 534 :

1091 547 1129 573 sic
1153 547 1198 581 qui
1222 547 1432 582 omnipotentem
1459 549 1528 576 illam
1552 551 1677 578 virtutem
1703 557 1875 579 contemnere

1091 592 1184 618 solitus
1198 597 1247 624 est,
1263 592 1346 627 ipsam
1359 593 1463 628 quidem
1480 595 1544 621 nihil
1559 595 1639 627 laedit,
1652 601 1799 623 extremam
1812 605 1876 624 vero

1091 636 1140 663 sibi
1157 637 1300 671 perniciem
1316 638 1411 665 adfert.
1429 638 1483 665 llac
1503 639 1536 666 de
1558 647 1636 667 causa
1653 641 1720 668 Dens
1734 642 1875 670 vindictam

1091 681 1168 708 nobis
1181 683 1369 714 comminatur,
1382 691 1505 718 strpequ
1521 685 1647 717 immittit,
1663 694 1714 712 non
1730 691 1756 713 ut
1771 694 1799 714 se
1813 687 1877 714 ulci~

1091 731 1197 760 scatur,
1213 728 1259 755 sed
1274 734 1301 756 ut
1315 737 1364 755 nos
1377 729 1409 756 ad
1425 737 1454 757 se
1468 730 1614 764 pertrahat.
1630 732 1664 758 At
1676 732 1745 758 enim
1760 731 1876 760 medicus

1091 771 1124 798 de
1138 773 1305 800 contumeliis
1324 774 1492 801 delirantium
1514 783 1566 802 non
1582 775 1652 802 dolet
1663 797 1671 808 ,
1693 784 1778 811 neque
1792 777 1876 805 offen-

1091 816 1178 849 ditur;
1200 817 1245 844 sed
1260 822 1348 845 tamen
1365 819 1429 846 nihil
1451 827 1503 846 non
1519 820 1588 854 agit,
1605 825 1633 847 ut
1647 828 1693 848 eos
1710 822 1743 848 ita
1766 823 1877 856 turpiter

1091 869 1120 888 se
1133 868 1256 897 gerentes
1270 870 1430 898 compescat,
1446 873 1498 891 non
1511 873 1584 892 suam
1599 871 1738 900 spectans,
1754 867 1800 894 sed
1816 868 1876 895 illo-

1091 916 1148 934 rum
1170 909 1309 936 utilitatem
1330 911 1374 937 :si
1397 915 1484 938 autem
1508 912 1570 946 :rgri
1592 912 1632 939 vel
1655 913 1784 940 tantillum
1805 922 1877 942 same

1092 955 1188 981 mentis
1202 955 1351 988 ostendant,
1364 957 1461 990 gaudet
1476 961 1502 983 et
1514 957 1626 990 lzctatur,
1647 958 1781 994 multoque
1798 959 1878 988 vehe-

1091 1000 1206 1027 mentius
1220 1000 1335 1027 remedia
1350 1001 1487 1033 admovet,
1508 1010 1560 1028 non
1579 1002 1649 1037 quod
1673 1011 1764 1038 [)(I‘JlaS
1783 1009 1877 1032 contu~

1090 1046 1176 1072 mcliae
1197 1050 1320 1080 expetat,
1349 1047 1395 1074 sed
1425 1053 1452 1074 ut
1487 1049 1625 1076 utilitatem
1650 1054 1746 1084 augeat
1771 1051 1800 1082 ',
1823 1051 1876 1078 imo

1090 1095 1117 1118 et
1129 1092 1273 1126 perlectam
1289 1093 1428 1120 sanitatem
1445 1093 1562 1121 inducat.
1584 1094 1684 1123 Eodem
1698 1097 1776 1124 modo
1796 1098 1874 1130 Deus,

1091 1142 1229 1172 postquam
1252 1145 1300 1165 nos
1324 1139 1349 1165 in
1372 1144 1518 1167 extremam
1541 1140 1688 1168 decidimus
1712 1143 1872 1176 amentiam,

1091 1189 1143 1208 non
1157 1187 1185 1208 ut
1201 1183 1332 1216 prarterita
1348 1184 1499 1217 ulciscatur,
1515 1185 1562 1212 sed
1576 1189 1604 1212 ut
1619 1193 1667 1213 nos
1680 1194 1694 1213 a
1706 1187 1799 1214 morbo
1811 1188 1878 1216 libe-

1090 1230 1143 1258 ret,
1161 1226 1224 1253 nihil
1242 1235 1293 1253 non
1315 1228 1377 1254 dicit
1395 1233 1422 1255 et
1442 1228 1524 1256 facit:
1542 1230 1612 1264 quod
1626 1238 1690 1258 sane
1705 1232 1790 1266 quivis
1804 1237 1877 1261 recto

1090 1278 1154 1298 usus
1166 1271 1305 1308 ratiocinio
1320 1273 1472 1307 perspicere
1487 1274 1566 1300 valet.

1125 1316 1151 1344 5.
1172 1316 1200 1345 Si
1213 1310 1276 1344 vero
1294 1318 1423 1353 quispiam
1439 1319 1495 1346 lucc
1508 1320 1535 1346 in
1548 1319 1655 1347 dubium
1669 1322 1802 1349 vocaverit
1820 1342 1828 1356 ,
1843 1330 1876 1350 ex

1090 1362 1185 1390 divinis
1200 1363 1343 1398 Scripturis
1355 1372 1385 1391 ea
1405 1365 1460 1398 ipsa
1476 1365 1633 1393 confirmare
1648 1367 1675 1394 in
1689 1373 1809 1402 promptu
1825 1373 1874 1396 est.

1090 1408 1154 1435 Nam
1164 1409 1234 1443 quis,
1248 1417 1352 1444 qumso,
1361 1417 1423 1444 rege
1432 1410 1633 1445 Babyloniorum
1649 1414 1802 1442 sceleratior
1814 1415 1877 1442 fuit?

1090 1453 1134 1488 qui
1149 1461 1207 1481 cum
1221 1459 1318 1481 tantam
1339 1456 1383 1482 Dei
1394 1456 1534 1490 potentiam
1544 1463 1668 1492 expertus
1684 1465 1764 1492 esset,
1775 1465 1802 1487 ut
1813 1469 1874 1495 pro-

1091 1499 1195 1532 phetam
1209 1500 1267 1534 ejus
1285 1500 1591 1537 adoraret,juberetque
1603 1503 1626 1530 ei
1641 1512 1733 1531 mauaa
1747 1506 1757 1521 ¹
1771 1526 1779 1537 ,
1798 1506 1823 1532 id
1834 1511 1876 1534 cst

1089 1543 1168 1575 dona,
1186 1549 1213 1571 et
1225 1544 1320 1572 odores
1335 1545 1432 1578 offerri,
1449 1553 1541 1573 rursus
1557 1548 1582 1573 in
1599 1548 1736 1582 pristinam
1752 1558 1875 1578 reversus

1090 1589 1239 1622 Superbiam
1259 1597 1315 1622 eos,
1334 1590 1378 1624 qui
1398 1590 1484 1624 ipsum
1501 1591 1554 1618 Deo
1576 1592 1701 1626 praeferre
1722 1594 1873 1628 noluerant,

1090 1633 1183 1669 ligatos
1194 1634 1218 1661 in
1231 1634 1364 1662 fornacem
1379 1636 1501 1670 conjecit.
1512 1638 1634 1665 Attamen
1649 1638 1719 1667 hunc
1731 1640 1765 1667 ita
1781 1641 1875 1670 crude-

1090 1679 1141 1706 lem
1153 1701 1160 1712 ,
1176 1680 1284 1714 impium
1296 1701 1302 1713 ,
1320 1681 1455 1716 feramque
1474 1683 1560 1716 potius
1574 1691 1652 1718 quam
1675 1685 1826 1720 hominem,
1839 1687 1874 1715 ad

1091 1727 1271 1760 pmnitentiam
1284 1732 1420 1762 provocat,
1432 1728 1548 1763 aliasque
1557 1730 1690 1765 offertipsi
1702 1732 1874 1766 resipiscendi

1091 1772 1258 1804 occasiones;
1272 1772 1357 1806 primo
1372 1773 1457 1807 ipsum
1476 1774 1631 1801 miraculum
1644 1777 1713 1809 quod
1726 1777 1751 1804 in
1767 1777 1873 1807 fornace

1090 1817 1198 1851 contigit
1210 1825 1217 1849 ;
1231 1817 1326 1844 deinde
1337 1818 1474 1850 visionem,
1490 1819 1544 1854 regi
1558 1820 1683 1854 oblatam,
1697 1829 1774 1856 quam
1789 1824 1871 1852 inter-

1091 1866 1206 1896 pretatus
1217 1867 1257 1890 est
1265 1863 1367 1896 Daniel,
1379 1871 1436 1898 qua:
1451 1868 1556 1898 poterat
1566 1865 1608 1893 vel
1617 1866 1747 1901 lapideam
1758 1870 1880 1898 animam,

1091 1907 1197 1934 ﬂectere
1214 1916 1219 1934 :
1235 1908 1339 1935 tandem
1351 1914 1410 1942 post
1422 1909 1494 1936 illam
1508 1918 1539 1937 ex
1550 1911 1629 1938 rebus
1644 1912 1708 1947 ipsis
1722 1913 1816 1942 factam
1829 1916 1872 1943 ad-

1091 1953 1261 1980 monitionem
1273 1975 1280 1986 ,
1296 1954 1352 1988 ipse
1372 1954 1500 1989 prepheta
1517 1957 1656 1984 consilium
1671 1958 1743 1986 dedit
1763 1960 1803 1988 his
1815 1970 1874 1989 vcr-

1091 1998 1130 2024 his
1146 2007 1152 2024 :
1168 1997 1314 2031 Propterea.
1332 2007 1377 2025 rea:
1388 2020 1394 2032 ,
1410 2000 1541 2027 consilium
1555 2009 1637 2028 meum
1654 2003 1696 2029 tibi
1718 2004 1814 2038 placeat
1827 2027 1834 2038 ,
1850 2012 1873 2034 et

1089 2048 1190 2077 peccata
1201 2048 1242 2069 tua
1256 2043 1281 2070 in
1294 2044 1453 2079 elemosynis
1472 2046 1574 2080 redime,
1591 2052 1615 2073 et
1623 2048 1764 2083 iniquitates
1780 2055 1835 2078 tum
1847 2052 1873 2079 in

1094 2088 1295 2115 miserationibus
1318 2097 1456 2124 pauperum
1478 2098 1488 2117 :
1507 2092 1612 2126 forsitan
1631 2093 1677 2120 erit
1700 2094 1874 2130 longanimiter

1090 2132 1185 2160 delictis
1205 2135 1253 2160 luis
1275 2133 1354 2169 (Dan.
1372 2135 1399 2162 4.
1414 2135 1472 2170 2i).
1494 2136 1560 2170 Quid
1580 2137 1665 2171 dicis,
1688 2147 1704 2166 ο
1721 2142 1826 2175 sapiens
1847 2149 1872 2171 et

1090 2179 1189 2207 beate?
1205 2185 1280 2207 estne
1299 2184 1358 2215 post
1381 2184 1482 2208 tantum
1504 2182 1606 2216 lapsum
1629 2184 1746 2218 reditus,
1765 2192 1792 2214 et
1814 2194 1874 2224 post

1090 2229 1190 2252 tantum
1216 2226 1337 2253 morbum
1362 2227 1489 2254 sanitas?
1515 2235 1655 2257 rursumne
1680 2235 1741 2265 post
1774 2236 1873 2261 tantam

1088 2272 1230 2298 amentiam
1243 2279 1304 2306 spes
1315 2272 1640 2306 resipiscentim?0mncm
1655 2276 1728 2309 prius
1739 2284 1811 2311 spem
1825 2279 1875 2306 sibi

1089 2317 1207 2351 praecidit
1225 2325 1281 2350 rex,
1304 2319 1389 2352 primo
1407 2325 1467 2345 cum
1489 2323 1636 2347 creatorem
1655 2328 1742 2354 suum,
1759 2331 1873 2360 eumque

1089 2362 1132 2396 qui
1147 2369 1175 2388 se
1185 2362 1217 2388 ad
1228 2366 1326 2388 tantum
1335 2362 1463 2390 honorem
1476 2369 1609 2397 evexerat,
1620 2365 1759 2400 ignoravit,
1769 2369 1873 2398 etiamsi

1089 2407 1146 2440 ejus
1173 2407 1296 2441 potentiae
1319 2413 1398 2443 atque
1422 2409 1593 2443 providentia:
1622 2418 1777 2446 argumenta
1806 2415 1874 2443 bene

1089 2451 1182 2484 multa,
1195 2455 1248 2478 tum
1263 2459 1323 2485 erga
1336 2460 1374 2483 se,
1388 2457 1441 2479 tum
1455 2460 1516 2487 erga
1528 2455 1709 2489 progenitores
1721 2465 1784 2486 suos
1795 2459 1871 2486 exhi-

1089 2496 1152 2528 bita,
1169 2497 1316 2523 enarranda
1332 2497 1452 2524 haberet.
1465 2498 1565 2526 Deinde
1579 2507 1651 2532 vero,
1667 2507 1726 2529 cum
1741 2507 1800 2536 post
1812 2503 1871 2531 data

1089 2542 1224 2576 sapientia:
1239 2546 1265 2569 et
1280 2543 1450 2575 prteseientia:
1465 2544 1522 2578 ejus
1540 2544 1612 2578 signa
1632 2547 1783 2581 conspicua,
1801 2555 1872 2583 post-

1089 2596 1167 2622 quam
1183 2588 1311 2622 magicen,
1327 2589 1532 2622 astronomiam,
1548 2598 1707 2627 omnemque
1725 2593 1870 2623 diabolica-

1089 2640 1147 2659 rum
1164 2632 1353 2667 pra‘stigiarum
1367 2640 1473 2661 scenam
1489 2641 1606 2662 eversam
1617 2636 1733 2671 vidisset,
1747 2641 1869 2673 graviora

1113 2783 1119 2796 ²
1132 2783 1240 2803 Lotbert.
1253 2785 1324 2807 unus,
1336 2778 1379 2803 sed
1389 2782 1414 2803 ut
1425 2777 1552 2808 pulchrum
1564 2774 1732 2808 illunrmitium
1742 2780 1838 2806 augeat.

1113 2812 1123 2826 ι
1136 2811 1224 2834 Μιυιειι
1244 2813 1282 2834 est.
1293 2816 1338 2835 vox
1351 2807 1475 2838 hebra’ica,
1494 2815 1549 2838 quae
1569 2807 1693 2837 significat
1715 2811 1809 2834 nimim.
1829 2809 1874 2832 aut

1081 2841 1180 2866 donum.
