  <div class='ocr_page' id='page_1' title='image "/cluster/home/n/w/nwhite01/storage/ocr_20150623/47-48/njp.32101077772612/243.png"; bbox 0 0 2032 3110; ppageno 0'>
   <div class='ocr_carea' id='block_1_1' title="bbox 212 124 266 152">
    <p class='ocr_par' dir='ltr' id='par_1_1' title="bbox 212 124 266 152">
     <span class='ocr_line' id='line_1_1' title="bbox 212 124 266 152; baseline 0.056 -3"><span class='ocrx_word' id='word_1_1' title='bbox 212 124 266 152; x_wconf 69' lang='lat'><strong>285</strong></span> 
     </span>
    </p>
   </div>
   <div class='ocr_carea' id='block_1_2' title="bbox 212 178 995 220">
    <p class='ocr_par' dir='ltr' id='par_1_2' title="bbox 212 178 995 220">
     <span class='ocr_line' id='line_1_2' title="bbox 212 178 995 220; baseline -0.008 -9"><span class='ocrx_word' id='word_1_2' title='bbox 212 184 344 220; x_wconf 80' lang='lat' dir='ltr'><strong>prioribus</strong></span> <span class='ocrx_word' id='word_1_3' title='bbox 355 182 469 210; x_wconf 91' lang='lat' dir='ltr'><strong>admisit.</strong></span> <span class='ocrx_word' id='word_1_4' title='bbox 479 181 544 209; x_wconf 84' lang='lat' dir='ltr'><strong>Nam</strong></span> <span class='ocrx_word' id='word_1_5' title='bbox 553 188 583 208; x_wconf 89' lang='lat' dir='ltr'><strong>ea</strong></span> <span class='ocrx_word' id='word_1_6' title='bbox 598 187 656 216; x_wconf 70' lang='lat' dir='ltr'><strong>qua:</strong></span> <span class='ocrx_word' id='word_1_7' title='bbox 668 180 800 215; x_wconf 88' lang='lat' dir='ltr'><strong>sapientes</strong></span> <span class='ocrx_word' id='word_1_8' title='bbox 815 179 853 207; x_wconf 93' lang='lat' dir='ltr'><strong>illi</strong></span> <span class='ocrx_word' id='word_1_9' title='bbox 866 179 935 214; x_wconf 94' lang='lat' dir='ltr'><strong>magi</strong></span> <span class='ocrx_word' id='word_1_10' title='bbox 943 178 995 206; x_wconf 81' lang='lat' dir='ltr'><strong>Ga—</strong></span> 
     </span>
    </p>
   </div>
   <div class='ocr_carea' id='block_1_3' title="bbox 212 225 998 263">
    <p class='ocr_par' dir='ltr' id='par_1_3' title="bbox 212 225 998 263">
     <span class='ocr_line' id='line_1_3' title="bbox 212 225 998 263; baseline -0.01 -5"><span class='ocrx_word' id='word_1_11' title='bbox 212 229 301 258; x_wconf 80' lang='lat' dir='ltr'><strong>zareni</strong></span> <span class='ocrx_word' id='word_1_12' title='bbox 313 228 446 263; x_wconf 80' lang='lat' dir='ltr'><strong>explicare</strong></span> <span class='ocrx_word' id='word_1_13' title='bbox 459 234 511 255; x_wconf 90' lang='lat' dir='ltr'><strong>non</strong></span> <span class='ocrx_word' id='word_1_14' title='bbox 527 231 659 262; x_wconf 85' lang='lat' dir='ltr'><strong>poterant,</strong></span> <span class='ocrx_word' id='word_1_15' title='bbox 675 225 724 253; x_wconf 91' lang='lat' dir='ltr'><strong>sed</strong></span> <span class='ocrx_word' id='word_1_16' title='bbox 737 225 930 253; x_wconf 86' lang='lat' dir='ltr'><strong>confitebantur</strong></span> <span class='ocrx_word' id='word_1_17' title='bbox 943 231 998 251; x_wconf 90' lang='lat' dir='ltr'><strong>ma-</strong></span> 
     </span>
    </p>
   </div>
   <div class='ocr_carea' id='block_1_4' title="bbox 212 270 997 310">
    <p class='ocr_par' dir='ltr' id='par_1_4' title="bbox 212 270 997 310">
     <span class='ocr_line' id='line_1_4' title="bbox 212 270 997 310; baseline -0.008 -8"><span class='ocrx_word' id='word_1_18' title='bbox 212 275 269 310; x_wconf 88' lang='lat' dir='ltr'><strong>iora</strong></span> <span class='ocrx_word' id='word_1_19' title='bbox 283 283 352 306; x_wconf 83' lang='lat' dir='ltr'><strong>esse,</strong></span> <span class='ocrx_word' id='word_1_20' title='bbox 363 282 442 309; x_wconf 85' lang='lat' dir='ltr'><strong>quam</strong></span> <span class='ocrx_word' id='word_1_21' title='bbox 454 274 568 300; x_wconf 88' lang='lat' dir='ltr'><strong>lnnnana</strong></span> <span class='ocrx_word' id='word_1_22' title='bbox 579 272 688 299; x_wconf 76' lang='lat' dir='ltr'><strong>facultas</strong></span> <span class='ocrx_word' id='word_1_23' title='bbox 698 275 815 307; x_wconf 85' lang='lat' dir='ltr'><strong>caperet,</strong></span> <span class='ocrx_word' id='word_1_24' title='bbox 832 279 862 298; x_wconf 89' lang='lat' dir='ltr'><strong>ea</strong></span> <span class='ocrx_word' id='word_1_25' title='bbox 874 270 919 298; x_wconf 85' lang='lat' dir='ltr'><strong>Dei</strong></span> <span class='ocrx_word' id='word_1_26' title='bbox 933 273 997 296; x_wconf 92' lang='lat' dir='ltr'><strong>nutu</strong></span> 
     </span>
    </p>
   </div>
   <div class='ocr_carea' id='block_1_5' title="bbox 214 315 998 356">
    <p class='ocr_par' dir='ltr' id='par_1_5' title="bbox 214 315 998 356">
     <span class='ocr_line' id='line_1_5' title="bbox 214 315 998 356; baseline -0.009 -7"><span class='ocrx_word' id='word_1_27' title='bbox 214 324 399 356; x_wconf 79' lang='lat' dir='ltr'><strong>interpretatus</strong></span> <span class='ocrx_word' id='word_1_28' title='bbox 408 320 535 355; x_wconf 93' lang='lat' dir='ltr'><strong>puerulus</strong></span> <span class='ocrx_word' id='word_1_29' title='bbox 547 318 676 353; x_wconf 90' lang='lat' dir='ltr'><strong>captivus,</strong></span> <span class='ocrx_word' id='word_1_30' title='bbox 689 318 776 352; x_wconf 90' lang='lat' dir='ltr'><strong>ipsum</strong></span> <span class='ocrx_word' id='word_1_31' title='bbox 788 316 937 351; x_wconf 90' lang='lat' dir='ltr'><strong>huiusmodi</strong></span> <span class='ocrx_word' id='word_1_32' title='bbox 949 315 998 342; x_wconf 87' lang='lat' dir='ltr'><strong>mi-</strong></span> 
     </span>
    </p>
   </div>
   <div class='ocr_carea' id='block_1_6' title="bbox 216 361 997 400">
    <p class='ocr_par' dir='ltr' id='par_1_6' title="bbox 216 361 997 400">
     <span class='ocr_line' id='line_1_6' title="bbox 216 361 997 400; baseline -0.008 -6"><span class='ocrx_word' id='word_1_33' title='bbox 216 368 307 394; x_wconf 81' lang='lat' dir='ltr'><strong>raculo</strong></span> <span class='ocrx_word' id='word_1_34' title='bbox 322 373 439 400; x_wconf 88' lang='lat' dir='ltr'><strong>eousque</strong></span> <span class='ocrx_word' id='word_1_35' title='bbox 451 365 575 397; x_wconf 83' lang='lat' dir='ltr'><strong>deduxit,</strong></span> <span class='ocrx_word' id='word_1_36' title='bbox 592 368 621 392; x_wconf 88' lang='lat' dir='ltr'><strong>ut</strong></span> <span class='ocrx_word' id='word_1_37' title='bbox 637 372 689 391; x_wconf 91' lang='lat' dir='ltr'><strong>non</strong></span> <span class='ocrx_word' id='word_1_38' title='bbox 707 363 786 391; x_wconf 88' lang='lat' dir='ltr'><strong>modo</strong></span> <span class='ocrx_word' id='word_1_39' title='bbox 797 362 919 390; x_wconf 90' lang='lat' dir='ltr'><strong>crederet</strong></span> <span class='ocrx_word' id='word_1_40' title='bbox 929 382 936 393; x_wconf 89' lang='lat'><strong>,</strong></span> <span class='ocrx_word' id='word_1_41' title='bbox 951 361 997 388; x_wconf 87' lang='lat' dir='ltr'><strong>sed</strong></span> 
     </span>
    </p>
   </div>
   <div class='ocr_carea' id='block_1_7' title="bbox 212 408 999 444">
    <p class='ocr_par' dir='ltr' id='par_1_7' title="bbox 212 408 999 444">
     <span class='ocr_line' id='line_1_7' title="bbox 212 408 999 444; baseline -0.006 -5"><span class='ocrx_word' id='word_1_42' title='bbox 212 413 291 440; x_wconf 89' lang='lat' dir='ltr'><strong>etiam</strong></span> <span class='ocrx_word' id='word_1_43' title='bbox 306 411 364 439; x_wconf 85' lang='lat' dir='ltr'><strong>orbi</strong></span> <span class='ocrx_word' id='word_1_44' title='bbox 379 416 508 439; x_wconf 89' lang='lat' dir='ltr'><strong>terrarum</strong></span> <span class='ocrx_word' id='word_1_45' title='bbox 530 411 576 438; x_wconf 93' lang='lat' dir='ltr'><strong>toti</strong></span> <span class='ocrx_word' id='word_1_46' title='bbox 598 410 675 437; x_wconf 86' lang='lat' dir='ltr'><strong>fieret</strong></span> <span class='ocrx_word' id='word_1_47' title='bbox 694 409 751 444; x_wconf 93' lang='lat' dir='ltr'><strong>ejus</strong></span> <span class='ocrx_word' id='word_1_48' title='bbox 765 408 897 443; x_wconf 81' lang='lat' dir='ltr'><strong>dogmatis</strong></span> <span class='ocrx_word' id='word_1_49' title='bbox 912 414 999 442; x_wconf 56' lang='lat' dir='ltr'><strong>praeco</strong></span> 
     </span>
    </p>
   </div>
   <div class='ocr_carea' id='block_1_8' title="bbox 211 453 998 492">
    <p class='ocr_par' dir='ltr' id='par_1_8' title="bbox 211 453 998 492">
     <span class='ocr_line' id='line_1_8' title="bbox 211 453 998 492; baseline -0.006 -7"><span class='ocrx_word' id='word_1_50' title='bbox 211 463 236 484; x_wconf 85' lang='lat' dir='ltr'><strong>et</strong></span> <span class='ocrx_word' id='word_1_51' title='bbox 250 459 344 485; x_wconf 87' lang='lat' dir='ltr'><strong>doctor</strong></span> <span class='ocrx_word' id='word_1_52' title='bbox 360 457 482 492; x_wconf 92' lang='lat' dir='ltr'><strong>publicus</strong></span> <span class='ocrx_word' id='word_1_53' title='bbox 495 466 502 484; x_wconf 87' lang='lat'><strong>:</strong></span> <span class='ocrx_word' id='word_1_54' title='bbox 516 457 551 483; x_wconf 90' lang='lat' dir='ltr'><strong>ita</strong></span> <span class='ocrx_word' id='word_1_55' title='bbox 565 461 594 483; x_wconf 90' lang='lat' dir='ltr'><strong>ut</strong></span> <span class='ocrx_word' id='word_1_56' title='bbox 614 457 635 483; x_wconf 91' lang='lat' dir='ltr'><strong>si</strong></span> <span class='ocrx_word' id='word_1_57' title='bbox 655 460 717 483; x_wconf 84' lang='lat' dir='ltr'><strong>ante</strong></span> <span class='ocrx_word' id='word_1_58' title='bbox 730 455 833 490; x_wconf 80' lang='lat' dir='ltr'><strong>signum</strong></span> <span class='ocrx_word' id='word_1_59' title='bbox 848 453 998 489; x_wconf 87' lang='lat' dir='ltr'><strong>huiusmodi</strong></span> 
     </span>
    </p>
   </div>
   <div class='ocr_carea' id='block_1_9' title="bbox 212 499 999 538">
    <p class='ocr_par' dir='ltr' id='par_1_9' title="bbox 212 499 999 538">
     <span class='ocr_line' id='line_1_9' title="bbox 212 499 999 538; baseline -0.004 -10"><span class='ocrx_word' id='word_1_60' title='bbox 212 503 288 530; x_wconf 73' lang='lat' dir='ltr'><strong>xenia</strong></span> <span class='ocrx_word' id='word_1_61' title='bbox 298 502 422 538; x_wconf 79' lang='lat' dir='ltr'><strong>indignus</strong></span> <span class='ocrx_word' id='word_1_62' title='bbox 436 506 504 534; x_wconf 83' lang='lat' dir='ltr'><strong>erat,</strong></span> <span class='ocrx_word' id='word_1_63' title='bbox 518 501 587 536; x_wconf 90' lang='lat' dir='ltr'><strong>quod</strong></span> <span class='ocrx_word' id='word_1_64' title='bbox 602 500 844 535; x_wconf 73' lang='lat' dir='ltr'><strong>Deumignoraret,</strong></span> <span class='ocrx_word' id='word_1_65' title='bbox 860 499 942 526; x_wconf 90' lang='lat' dir='ltr'><strong>multo</strong></span> <span class='ocrx_word' id='word_1_66' title='bbox 960 499 999 525; x_wconf 90' lang='lat' dir='ltr'><strong>in-</strong></span> 
     </span>
    </p>
   </div>
   <div class='ocr_carea' id='block_1_10' title="bbox 211 543 998 583">
    <p class='ocr_par' dir='ltr' id='par_1_10' title="bbox 211 543 998 583">
     <span class='ocr_line' id='line_1_10' title="bbox 211 543 998 583; baseline -0.005 -8"><span class='ocrx_word' id='word_1_67' title='bbox 211 548 315 583; x_wconf 80' lang='lat' dir='ltr'><strong>dignior</strong></span> <span class='ocrx_word' id='word_1_68' title='bbox 334 553 394 583; x_wconf 91' lang='lat' dir='ltr'><strong>post</strong></span> <span class='ocrx_word' id='word_1_69' title='bbox 414 547 477 574; x_wconf 93' lang='lat' dir='ltr'><strong>illud</strong></span> <span class='ocrx_word' id='word_1_70' title='bbox 501 546 656 574; x_wconf 82' lang='lat' dir='ltr'><strong>miraculum</strong></span> <span class='ocrx_word' id='word_1_71' title='bbox 678 550 705 573; x_wconf 87' lang='lat' dir='ltr'><strong>et</strong></span> <span class='ocrx_word' id='word_1_72' title='bbox 725 549 784 580; x_wconf 89' lang='lat' dir='ltr'><strong>post</strong></span> <span class='ocrx_word' id='word_1_73' title='bbox 806 543 998 572; x_wconf 82' lang='lat' dir='ltr'><strong>confessionem</strong></span> 
     </span>
    </p>
   </div>
   <div class='ocr_carea' id='block_1_11' title="bbox 212 589 998 629">
    <p class='ocr_par' dir='ltr' id='par_1_11' title="bbox 212 589 998 629">
     <span class='ocr_line' id='line_1_11' title="bbox 212 589 998 629; baseline -0.006 -8"><span class='ocrx_word' id='word_1_74' title='bbox 212 602 286 621; x_wconf 75' lang='lat' dir='ltr'><strong>suam</strong></span> <span class='ocrx_word' id='word_1_75' title='bbox 299 599 378 629; x_wconf 90' lang='lat' dir='ltr'><strong>atque</strong></span> <span class='ocrx_word' id='word_1_76' title='bbox 400 593 548 621; x_wconf 78' lang='lat' dir='ltr'><strong>doctrinam</strong></span> <span class='ocrx_word' id='word_1_77' title='bbox 564 592 621 619; x_wconf 88' lang='lat' dir='ltr'><strong>aliis</strong></span> <span class='ocrx_word' id='word_1_78' title='bbox 637 591 807 619; x_wconf 88' lang='lat' dir='ltr'><strong>declaratam.</strong></span> <span class='ocrx_word' id='word_1_79' title='bbox 821 590 912 625; x_wconf 90' lang='lat' dir='ltr'><strong>Neque</strong></span> <span class='ocrx_word' id='word_1_80' title='bbox 928 589 998 616; x_wconf 88' lang='lat' dir='ltr'><strong>enim</strong></span> 
     </span>
    </p>
   </div>
   <div class='ocr_carea' id='block_1_12' title="bbox 213 635 998 674">
    <p class='ocr_par' dir='ltr' id='par_1_12' title="bbox 213 635 998 674">
     <span class='ocr_line' id='line_1_12' title="bbox 213 635 998 674; baseline -0.006 -8"><span class='ocrx_word' id='word_1_81' title='bbox 213 639 262 666; x_wconf 87' lang='lat' dir='ltr'><strong>nisi</strong></span> <span class='ocrx_word' id='word_1_82' title='bbox 276 639 353 674; x_wconf 88' lang='lat' dir='ltr'><strong>plane</strong></span> <span class='ocrx_word' id='word_1_83' title='bbox 365 638 524 666; x_wconf 89' lang='lat' dir='ltr'><strong>credidisset</strong></span> <span class='ocrx_word' id='word_1_84' title='bbox 534 638 619 673; x_wconf 92' lang='lat' dir='ltr'><strong>ipsum</strong></span> <span class='ocrx_word' id='word_1_85' title='bbox 634 637 720 665; x_wconf 90' lang='lat' dir='ltr'><strong>solum</strong></span> <span class='ocrx_word' id='word_1_86' title='bbox 731 643 790 664; x_wconf 88' lang='lat' dir='ltr'><strong>esse</strong></span> <span class='ocrx_word' id='word_1_87' title='bbox 800 643 893 663; x_wconf 87' lang='lat' dir='ltr'><strong>verum</strong></span> <span class='ocrx_word' id='word_1_88' title='bbox 905 635 998 667; x_wconf 92' lang='lat' dir='ltr'><strong>Deum,</strong></span> 
     </span>
    </p>
   </div>
   <div class='ocr_carea' id='block_1_13' title="bbox 214 679 999 718">
    <p class='ocr_par' dir='ltr' id='par_1_13' title="bbox 214 679 999 718">
     <span class='ocr_line' id='line_1_13' title="bbox 214 679 999 718; baseline -0.006 -7"><span class='ocrx_word' id='word_1_89' title='bbox 214 689 316 711; x_wconf 86' lang='lat' dir='ltr'><strong>tantum</strong></span> <span class='ocrx_word' id='word_1_90' title='bbox 330 691 408 711; x_wconf 91' lang='lat' dir='ltr'><strong>servo</strong></span> <span class='ocrx_word' id='word_1_91' title='bbox 417 683 475 718; x_wconf 80' lang='lat' dir='ltr'><strong>eius</strong></span> <span class='ocrx_word' id='word_1_92' title='bbox 483 683 612 710; x_wconf 90' lang='lat' dir='ltr'><strong>honorem</strong></span> <span class='ocrx_word' id='word_1_93' title='bbox 622 682 772 713; x_wconf 80' lang='lat' dir='ltr'><strong>detulisset,</strong></span> <span class='ocrx_word' id='word_1_94' title='bbox 786 688 835 708; x_wconf 90' lang='lat' dir='ltr'><strong>nec</strong></span> <span class='ocrx_word' id='word_1_95' title='bbox 848 679 999 715; x_wconf 89' lang='lat' dir='ltr'><strong>huiusmodi</strong></span> 
     </span>
    </p>
   </div>
   <div class='ocr_carea' id='block_1_14' title="bbox 215 724 999 761">
    <p class='ocr_par' dir='ltr' id='par_1_14' title="bbox 215 724 999 761">
     <span class='ocr_line' id='line_1_14' title="bbox 215 724 999 761; baseline -0.006 -4"><span class='ocrx_word' id='word_1_96' title='bbox 215 729 338 757; x_wconf 87' lang='lat' dir='ltr'><strong>mandata</strong></span> <span class='ocrx_word' id='word_1_97' title='bbox 358 729 461 757; x_wconf 73' lang='lat' dir='ltr'><strong>caeteris</strong></span> <span class='ocrx_word' id='word_1_98' title='bbox 479 728 604 756; x_wconf 83' lang='lat' dir='ltr'><strong>dedisset.</strong></span> <span class='ocrx_word' id='word_1_99' title='bbox 627 728 749 755; x_wconf 84' lang='lat' dir='ltr'><strong>Attamen</strong></span> <span class='ocrx_word' id='word_1_100' title='bbox 767 731 826 761; x_wconf 90' lang='lat' dir='ltr'><strong>post</strong></span> <span class='ocrx_word' id='word_1_101' title='bbox 848 724 999 760; x_wconf 90' lang='lat' dir='ltr'><strong>huiusmodi</strong></span> 
     </span>
    </p>
   </div>
   <div class='ocr_carea' id='block_1_15' title="bbox 214 773 1001 807">
    <p class='ocr_par' dir='ltr' id='par_1_15' title="bbox 214 773 1001 807">
     <span class='ocr_line' id='line_1_15' title="bbox 214 773 1001 807; baseline -0.006 -4"><span class='ocrx_word' id='word_1_102' title='bbox 214 775 407 804; x_wconf 89' lang='lat' dir='ltr'><strong>confessionem</strong></span> <span class='ocrx_word' id='word_1_103' title='bbox 420 775 446 802; x_wconf 91' lang='lat' dir='ltr'><strong>in</strong></span> <span class='ocrx_word' id='word_1_104' title='bbox 457 774 633 802; x_wconf 80' lang='lat' dir='ltr'><strong>idololatriam</strong></span> <span class='ocrx_word' id='word_1_105' title='bbox 647 774 742 801; x_wconf 90' lang='lat' dir='ltr'><strong>iterum</strong></span> <span class='ocrx_word' id='word_1_106' title='bbox 757 773 882 807; x_wconf 87' lang='lat' dir='ltr'><strong>delapsus</strong></span> <span class='ocrx_word' id='word_1_107' title='bbox 897 777 938 799; x_wconf 89' lang='lat' dir='ltr'><strong>est</strong></span> <span class='ocrx_word' id='word_1_108' title='bbox 951 780 958 798; x_wconf 85' lang='lat'><strong><em>:</em></strong></span> <span class='ocrx_word' id='word_1_109' title='bbox 974 775 1001 799; x_wconf 90' lang='lat' dir='ltr'><strong>et</strong></span> 
     </span>
    </p>
   </div>
   <div class='ocr_carea' id='block_1_16' title="bbox 214 818 999 857">
    <p class='ocr_par' dir='ltr' id='par_1_16' title="bbox 214 818 999 857">
     <span class='ocr_line' id='line_1_16' title="bbox 214 818 999 857; baseline -0.005 -9"><span class='ocrx_word' id='word_1_110' title='bbox 214 821 259 857; x_wconf 95' lang='lat' dir='ltr'><strong>qni</strong></span> <span class='ocrx_word' id='word_1_111' title='bbox 282 825 429 856; x_wconf 82' lang='lat' dir='ltr'><strong>prostratus</strong></span> <span class='ocrx_word' id='word_1_112' title='bbox 450 820 475 847; x_wconf 92' lang='lat' dir='ltr'><strong>in</strong></span> <span class='ocrx_word' id='word_1_113' title='bbox 503 819 597 846; x_wconf 78' lang='lat' dir='ltr'><strong>faciem</strong></span> <span class='ocrx_word' id='word_1_114' title='bbox 623 827 729 847; x_wconf 79' lang='lat' dir='ltr'><strong>servum</strong></span> <span class='ocrx_word' id='word_1_115' title='bbox 755 819 801 846; x_wconf 88' lang='lat' dir='ltr'><strong>Dei</strong></span> <span class='ocrx_word' id='word_1_116' title='bbox 822 818 999 850; x_wconf 83' lang='lat' dir='ltr'><strong>adoraverat,</strong></span> 
     </span>
    </p>
   </div>
   <div class='ocr_carea' id='block_1_17' title="bbox 216 862 1000 901">
    <p class='ocr_par' dir='ltr' id='par_1_17' title="bbox 216 862 1000 901">
     <span class='ocr_line' id='line_1_17' title="bbox 216 862 1000 901; baseline -0.005 -8"><span class='ocrx_word' id='word_1_117' title='bbox 216 871 289 893; x_wconf 85' lang='lat' dir='ltr'><strong>tanto</strong></span> <span class='ocrx_word' id='word_1_118' title='bbox 305 871 394 901; x_wconf 89' lang='lat' dir='ltr'><strong>postea</strong></span> <span class='ocrx_word' id='word_1_119' title='bbox 410 865 500 894; x_wconf 85' lang='lat' dir='ltr'><strong>furore</strong></span> <span class='ocrx_word' id='word_1_120' title='bbox 514 869 652 899; x_wconf 87' lang='lat' dir='ltr'><strong>correptus</strong></span> <span class='ocrx_word' id='word_1_121' title='bbox 671 869 722 897; x_wconf 85' lang='lat' dir='ltr'><strong>est,</strong></span> <span class='ocrx_word' id='word_1_122' title='bbox 737 870 765 890; x_wconf 93' lang='lat' dir='ltr'><strong>nt</strong></span> <span class='ocrx_word' id='word_1_123' title='bbox 780 864 825 891; x_wconf 86' lang='lat' dir='ltr'><strong>Dei</strong></span> <span class='ocrx_word' id='word_1_124' title='bbox 836 871 942 895; x_wconf 82' lang='lat' dir='ltr'><strong>servos,</strong></span> <span class='ocrx_word' id='word_1_125' title='bbox 956 862 1000 898; x_wconf 92' lang='lat' dir='ltr'><strong>qui</strong></span> 
     </span>
    </p>
   </div>
   <div class='ocr_carea' id='block_1_18' title="bbox 215 908 999 950">
    <p class='ocr_par' dir='ltr' id='par_1_18' title="bbox 215 908 999 950">
     <span class='ocr_line' id='line_1_18' title="bbox 215 908 999 950; baseline -0.005 -11"><span class='ocrx_word' id='word_1_126' title='bbox 215 914 300 950; x_wconf 85' lang='lat' dir='ltr'><strong>ipsum</strong></span> <span class='ocrx_word' id='word_1_127' title='bbox 309 912 420 940; x_wconf 87' lang='lat' dir='ltr'><strong>adorare</strong></span> <span class='ocrx_word' id='word_1_128' title='bbox 429 912 578 944; x_wconf 88' lang='lat' dir='ltr'><strong>noluerant,</strong></span> <span class='ocrx_word' id='word_1_129' title='bbox 587 911 611 937; x_wconf 91' lang='lat' dir='ltr'><strong>in</strong></span> <span class='ocrx_word' id='word_1_130' title='bbox 622 911 753 938; x_wconf 91' lang='lat' dir='ltr'><strong>fornacem</strong></span> <span class='ocrx_word' id='word_1_131' title='bbox 761 910 923 936; x_wconf 88' lang='lat' dir='ltr'><strong>immitteret.</strong></span> <span class='ocrx_word' id='word_1_132' title='bbox 932 908 999 942; x_wconf 86' lang='lat' dir='ltr'><strong>Quid</strong></span> 
     </span>
    </p>
   </div>
   <div class='ocr_carea' id='block_1_19' title="bbox 218 953 1000 993">
    <p class='ocr_par' dir='ltr' id='par_1_19' title="bbox 218 953 1000 993">
     <span class='ocr_line' id='line_1_19' title="bbox 218 953 1000 993; baseline -0.006 -8"><span class='ocrx_word' id='word_1_133' title='bbox 218 958 315 993; x_wconf 75' lang='lat' dir='ltr'><strong>igitur?</strong></span> <span class='ocrx_word' id='word_1_134' title='bbox 330 965 391 984; x_wconf 93' lang='lat' dir='ltr'><strong>num</strong></span> <span class='ocrx_word' id='word_1_135' title='bbox 405 957 474 984; x_wconf 91' lang='lat' dir='ltr'><strong>Dens</strong></span> <span class='ocrx_word' id='word_1_136' title='bbox 488 961 635 991; x_wconf 87' lang='lat' dir='ltr'><strong>apostatam</strong></span> <span class='ocrx_word' id='word_1_137' title='bbox 652 955 722 983; x_wconf 91' lang='lat' dir='ltr'><strong>ultus</strong></span> <span class='ocrx_word' id='word_1_138' title='bbox 736 959 775 982; x_wconf 89' lang='lat' dir='ltr'><strong>est</strong></span> <span class='ocrx_word' id='word_1_139' title='bbox 785 975 792 988; x_wconf 97' lang='lat'><strong>,</strong></span> <span class='ocrx_word' id='word_1_140' title='bbox 809 960 836 982; x_wconf 91' lang='lat' dir='ltr'><strong>ut</strong></span> <span class='ocrx_word' id='word_1_141' title='bbox 851 955 939 981; x_wconf 89' lang='lat' dir='ltr'><strong>ulcisci</strong></span> <span class='ocrx_word' id='word_1_142' title='bbox 952 953 1000 980; x_wconf 89' lang='lat' dir='ltr'><strong>de-</strong></span> 
     </span>
    </p>
   </div>
   <div class='ocr_carea' id='block_1_20' title="bbox 217 1000 1001 1037">
    <p class='ocr_par' dir='ltr' id='par_1_20' title="bbox 217 1000 1001 1037">
     <span class='ocr_line' id='line_1_20' title="bbox 217 1000 1001 1037; baseline -0.006 -6"><span class='ocrx_word' id='word_1_143' title='bbox 217 1003 315 1031; x_wconf 84' lang='lat' dir='ltr'><strong>bebat?</strong></span> <span class='ocrx_word' id='word_1_144' title='bbox 327 1002 450 1037; x_wconf 89' lang='lat' dir='ltr'><strong>Quinimo</strong></span> <span class='ocrx_word' id='word_1_145' title='bbox 463 1002 562 1037; x_wconf 86' lang='lat' dir='ltr'><strong>majora</strong></span> <span class='ocrx_word' id='word_1_146' title='bbox 574 1001 623 1036; x_wconf 85' lang='lat' dir='ltr'><strong>ipsi</strong></span> <span class='ocrx_word' id='word_1_147' title='bbox 640 1001 764 1036; x_wconf 73' lang='lat' dir='ltr'><strong>potentiae</strong></span> <span class='ocrx_word' id='word_1_148' title='bbox 781 1007 835 1027; x_wconf 73' lang='lat' dir='ltr'><strong>sua:</strong></span> <span class='ocrx_word' id='word_1_149' title='bbox 848 1000 920 1035; x_wconf 78' lang='lat' dir='ltr'><strong>signa</strong></span> <span class='ocrx_word' id='word_1_150' title='bbox 935 1007 1001 1034; x_wconf 74' lang='lat' dir='ltr'><strong>pra:-</strong></span> 
     </span>
    </p>
   </div>
   <div class='ocr_carea' id='block_1_21' title="bbox 218 1046 1002 1085">
    <p class='ocr_par' dir='ltr' id='par_1_21' title="bbox 218 1046 1002 1085">
     <span class='ocr_line' id='line_1_21' title="bbox 218 1046 1002 1085; baseline -0.005 -9"><span class='ocrx_word' id='word_1_151' title='bbox 218 1050 283 1083; x_wconf 89' lang='lat' dir='ltr'><strong>huit,</strong></span> <span class='ocrx_word' id='word_1_152' title='bbox 294 1050 433 1085; x_wconf 89' lang='lat' dir='ltr'><strong>ipsumque</strong></span> <span class='ocrx_word' id='word_1_153' title='bbox 447 1053 507 1083; x_wconf 89' lang='lat' dir='ltr'><strong>post</strong></span> <span class='ocrx_word' id='word_1_154' title='bbox 524 1052 622 1074; x_wconf 83' lang='lat' dir='ltr'><strong>tantam</strong></span> <span class='ocrx_word' id='word_1_155' title='bbox 643 1047 777 1074; x_wconf 85' lang='lat' dir='ltr'><strong>vesaniam</strong></span> <span class='ocrx_word' id='word_1_156' title='bbox 790 1046 822 1074; x_wconf 91' lang='lat' dir='ltr'><strong>ad</strong></span> <span class='ocrx_word' id='word_1_157' title='bbox 838 1046 945 1081; x_wconf 86' lang='lat' dir='ltr'><strong>pristina</strong></span> <span class='ocrx_word' id='word_1_158' title='bbox 954 1046 1002 1072; x_wconf 85' lang='lat' dir='ltr'><strong>ite-</strong></span> 
     </span>
    </p>
   </div>
   <div class='ocr_carea' id='block_1_22' title="bbox 215 1092 1002 1129">
    <p class='ocr_par' dir='ltr' id='par_1_22' title="bbox 215 1092 1002 1129">
     <span class='ocr_line' id='line_1_22' title="bbox 215 1092 1002 1129; baseline -0.004 -7"><span class='ocrx_word' id='word_1_159' title='bbox 215 1103 274 1122; x_wconf 93' lang='lat' dir='ltr'><strong>rum</strong></span> <span class='ocrx_word' id='word_1_160' title='bbox 290 1095 405 1122; x_wconf 79' lang='lat' dir='ltr'><strong>reduxit.</strong></span> <span class='ocrx_word' id='word_1_161' title='bbox 415 1094 543 1129; x_wconf 87' lang='lat' dir='ltr'><strong>Quodque</strong></span> <span class='ocrx_word' id='word_1_162' title='bbox 558 1093 704 1121; x_wconf 87' lang='lat' dir='ltr'><strong>mirabilius</strong></span> <span class='ocrx_word' id='word_1_163' title='bbox 717 1097 766 1126; x_wconf 90' lang='lat' dir='ltr'><strong>est,</strong></span> <span class='ocrx_word' id='word_1_164' title='bbox 779 1100 813 1120; x_wconf 94' lang='lat' dir='ltr'><strong>ne</strong></span> <span class='ocrx_word' id='word_1_165' title='bbox 823 1092 857 1120; x_wconf 90' lang='lat' dir='ltr'><strong>ob</strong></span> <span class='ocrx_word' id='word_1_166' title='bbox 869 1092 1002 1128; x_wconf 81' lang='lat' dir='ltr'><strong>prodigio-</strong></span> 
     </span>
    </p>
   </div>
   <div class='ocr_carea' id='block_1_23' title="bbox 219 1138 1002 1177">
    <p class='ocr_par' dir='ltr' id='par_1_23' title="bbox 219 1138 1002 1177">
     <span class='ocr_line' id='line_1_23' title="bbox 219 1138 1002 1177; baseline -0.005 -8"><span class='ocrx_word' id='word_1_167' title='bbox 219 1150 277 1171; x_wconf 90' lang='lat' dir='ltr'><strong>rum</strong></span> <span class='ocrx_word' id='word_1_168' title='bbox 288 1140 495 1177; x_wconf 82' lang='lat' dir='ltr'><strong>magnitudinem</strong></span> <span class='ocrx_word' id='word_1_169' title='bbox 507 1139 573 1167; x_wconf 84' lang='lat' dir='ltr'><strong>fides</strong></span> <span class='ocrx_word' id='word_1_170' title='bbox 583 1140 647 1175; x_wconf 89' lang='lat' dir='ltr'><strong>ipsis</strong></span> <span class='ocrx_word' id='word_1_171' title='bbox 659 1143 811 1174; x_wconf 78' lang='lat' dir='ltr'><strong>negaretur,</strong></span> <span class='ocrx_word' id='word_1_172' title='bbox 823 1140 849 1166; x_wconf 90' lang='lat' dir='ltr'><strong>in</strong></span> <span class='ocrx_word' id='word_1_173' title='bbox 864 1139 938 1165; x_wconf 93' lang='lat' dir='ltr'><strong>nullo</strong></span> <span class='ocrx_word' id='word_1_174' title='bbox 949 1138 1002 1165; x_wconf 91' lang='lat' dir='ltr'><strong>alio</strong></span> 
     </span>
    </p>
   </div>
   <div class='ocr_carea' id='block_1_24' title="bbox 217 1183 1003 1222">
    <p class='ocr_par' dir='ltr' id='par_1_24' title="bbox 217 1183 1003 1222">
     <span class='ocr_line' id='line_1_24' title="bbox 217 1183 1003 1222; baseline -0.005 -8"><span class='ocrx_word' id='word_1_175' title='bbox 217 1188 320 1222; x_wconf 87' lang='lat' dir='ltr'><strong>signum</strong></span> <span class='ocrx_word' id='word_1_176' title='bbox 336 1186 408 1219; x_wconf 88' lang='lat' dir='ltr'><strong>fecit,</strong></span> <span class='ocrx_word' id='word_1_177' title='bbox 425 1186 475 1213; x_wconf 86' lang='lat' dir='ltr'><strong>nisi</strong></span> <span class='ocrx_word' id='word_1_178' title='bbox 489 1185 516 1214; x_wconf 93' lang='lat' dir='ltr'><strong>in</strong></span> <span class='ocrx_word' id='word_1_179' title='bbox 530 1185 587 1220; x_wconf 87' lang='lat' dir='ltr'><strong>ipsa</strong></span> <span class='ocrx_word' id='word_1_180' title='bbox 605 1184 711 1212; x_wconf 87' lang='lat' dir='ltr'><strong>fornace</strong></span> <span class='ocrx_word' id='word_1_181' title='bbox 723 1205 730 1218; x_wconf 87' lang='lat'><strong>,</strong></span> <span class='ocrx_word' id='word_1_182' title='bbox 749 1191 828 1219; x_wconf 89' lang='lat' dir='ltr'><strong>quam</strong></span> <span class='ocrx_word' id='word_1_183' title='bbox 845 1183 1003 1212; x_wconf 87' lang='lat' dir='ltr'><strong>accenderat</strong></span> 
     </span>
    </p>
   </div>
   <div class='ocr_carea' id='block_1_25' title="bbox 219 1229 1002 1267">
    <p class='ocr_par' dir='ltr' id='par_1_25' title="bbox 219 1229 1002 1267">
     <span class='ocr_line' id='line_1_25' title="bbox 219 1229 1002 1267; baseline -0.005 -7"><span class='ocrx_word' id='word_1_184' title='bbox 219 1233 263 1260; x_wconf 85' lang='lat' dir='ltr'><strong>ille</strong></span> <span class='ocrx_word' id='word_1_185' title='bbox 278 1236 369 1260; x_wconf 89' lang='lat' dir='ltr'><strong>contra</strong></span> <span class='ocrx_word' id='word_1_186' title='bbox 387 1239 484 1267; x_wconf 86' lang='lat' dir='ltr'><strong>pueros</strong></span> <span class='ocrx_word' id='word_1_187' title='bbox 502 1238 569 1266; x_wconf 83' lang='lat' dir='ltr'><strong>quos</strong></span> <span class='ocrx_word' id='word_1_188' title='bbox 583 1230 677 1265; x_wconf 87' lang='lat' dir='ltr'><strong>ligatos</strong></span> <span class='ocrx_word' id='word_1_189' title='bbox 691 1237 723 1258; x_wconf 90' lang='lat' dir='ltr'><strong>eo</strong></span> <span class='ocrx_word' id='word_1_190' title='bbox 735 1230 859 1265; x_wconf 86' lang='lat' dir='ltr'><strong>coniecit.</strong></span> <span class='ocrx_word' id='word_1_191' title='bbox 875 1229 945 1257; x_wconf 90' lang='lat' dir='ltr'><strong>Sane</strong></span> <span class='ocrx_word' id='word_1_192' title='bbox 959 1236 1002 1256; x_wconf 89' lang='lat' dir='ltr'><strong>res</strong></span> 
     </span>
    </p>
   </div>
   <div class='ocr_carea' id='block_1_26' title="bbox 219 1275 1001 1313">
    <p class='ocr_par' dir='ltr' id='par_1_26' title="bbox 219 1275 1001 1313">
     <span class='ocr_line' id='line_1_26' title="bbox 219 1275 1001 1313; baseline -0.005 -7"><span class='ocrx_word' id='word_1_193' title='bbox 219 1279 286 1308; x_wconf 92' lang='lat' dir='ltr'><strong>mira</strong></span> <span class='ocrx_word' id='word_1_194' title='bbox 306 1277 488 1313; x_wconf 88' lang='lat' dir='ltr'><strong>stupendaque</strong></span> <span class='ocrx_word' id='word_1_195' title='bbox 502 1276 611 1309; x_wconf 89' lang='lat' dir='ltr'><strong>fuisset,</strong></span> <span class='ocrx_word' id='word_1_196' title='bbox 623 1276 646 1303; x_wconf 91' lang='lat' dir='ltr'><strong>si</strong></span> <span class='ocrx_word' id='word_1_197' title='bbox 660 1277 794 1304; x_wconf 85' lang='lat' dir='ltr'><strong>ﬂammam</strong></span> <span class='ocrx_word' id='word_1_198' title='bbox 809 1275 979 1304; x_wconf 82' lang='lat' dir='ltr'><strong>exstinxisset</strong></span> <span class='ocrx_word' id='word_1_199' title='bbox 994 1284 1001 1302; x_wconf 89' lang='lat'>:</span> 
     </span>
    </p>
   </div>
   <div class='ocr_carea' id='block_1_27' title="bbox 218 1322 1001 1358">
    <p class='ocr_par' dir='ltr' id='par_1_27' title="bbox 218 1322 1001 1358">
     <span class='ocr_line' id='line_1_27' title="bbox 218 1322 1001 1358; baseline -0.004 -6"><span class='ocrx_word' id='word_1_200' title='bbox 218 1331 244 1352; x_wconf 87' lang='lat' dir='ltr'><strong>at</strong></span> <span class='ocrx_word' id='word_1_201' title='bbox 255 1324 478 1353; x_wconf 86' lang='lat' dir='ltr'><strong>clementissimus</strong></span> <span class='ocrx_word' id='word_1_202' title='bbox 497 1323 551 1356; x_wconf 89' lang='lat' dir='ltr'><strong>ille,</strong></span> <span class='ocrx_word' id='word_1_203' title='bbox 566 1327 595 1350; x_wconf 95' lang='lat' dir='ltr'><strong>ut</strong></span> <span class='ocrx_word' id='word_1_204' title='bbox 613 1323 741 1358; x_wconf 88' lang='lat' dir='ltr'><strong>maiorem</strong></span> <span class='ocrx_word' id='word_1_205' title='bbox 762 1327 861 1350; x_wconf 89' lang='lat' dir='ltr'><strong>metum</strong></span> <span class='ocrx_word' id='word_1_206' title='bbox 876 1322 1001 1356; x_wconf 74' lang='lat' dir='ltr'><strong>adferret,</strong></span> 
     </span>
    </p>
   </div>
   <div class='ocr_carea' id='block_1_28' title="bbox 217 1368 1002 1406">
    <p class='ocr_par' dir='ltr' id='par_1_28' title="bbox 217 1368 1002 1406">
     <span class='ocr_line' id='line_1_28' title="bbox 217 1368 1002 1406; baseline -0.005 -8"><span class='ocrx_word' id='word_1_207' title='bbox 217 1371 418 1406; x_wconf 81' lang='lat' dir='ltr'><strong>graviorcmque</strong></span> <span class='ocrx_word' id='word_1_208' title='bbox 431 1373 560 1397; x_wconf 88' lang='lat' dir='ltr'><strong>terrorem</strong></span> <span class='ocrx_word' id='word_1_209' title='bbox 572 1369 713 1400; x_wconf 88' lang='lat' dir='ltr'><strong>incuteret,</strong></span> <span class='ocrx_word' id='word_1_210' title='bbox 729 1368 842 1403; x_wconf 89' lang='lat' dir='ltr'><strong>eiusque</strong></span> <span class='ocrx_word' id='word_1_211' title='bbox 857 1368 1002 1395; x_wconf 69' lang='lat' dir='ltr'><strong>caecitatem</strong></span> 
     </span>
    </p>
   </div>
   <div class='ocr_carea' id='block_1_29' title="bbox 219 1413 1003 1452">
    <p class='ocr_par' dir='ltr' id='par_1_29' title="bbox 219 1413 1003 1452">
     <span class='ocr_line' id='line_1_29' title="bbox 219 1413 1003 1452; baseline -0.003 -10"><span class='ocrx_word' id='word_1_212' title='bbox 219 1418 323 1452; x_wconf 77' lang='lat' dir='ltr'><strong>penitus</strong></span> <span class='ocrx_word' id='word_1_213' title='bbox 335 1416 460 1450; x_wconf 85' lang='lat' dir='ltr'><strong>solveret,</strong></span> <span class='ocrx_word' id='word_1_214' title='bbox 472 1414 557 1450; x_wconf 88' lang='lat' dir='ltr'><strong>majus</strong></span> <span class='ocrx_word' id='word_1_215' title='bbox 568 1414 702 1450; x_wconf 90' lang='lat' dir='ltr'><strong>quippiam</strong></span> <span class='ocrx_word' id='word_1_216' title='bbox 715 1417 742 1441; x_wconf 92' lang='lat' dir='ltr'><strong>et</strong></span> <span class='ocrx_word' id='word_1_217' title='bbox 752 1413 900 1441; x_wconf 88' lang='lat' dir='ltr'><strong>mirabilius</strong></span> <span class='ocrx_word' id='word_1_218' title='bbox 907 1420 1003 1448; x_wconf 88' lang='lat' dir='ltr'><strong>opera-</strong></span> 
     </span>
    </p>
   </div>
   <div class='ocr_carea' id='block_1_30' title="bbox 218 1459 1002 1496">
    <p class='ocr_par' dir='ltr' id='par_1_30' title="bbox 218 1459 1002 1496">
     <span class='ocr_line' id='line_1_30' title="bbox 218 1459 1002 1496; baseline -0.009 -4"><span class='ocrx_word' id='word_1_219' title='bbox 218 1469 261 1492; x_wconf 89' lang='lat' dir='ltr'><strong>tns</strong></span> <span class='ocrx_word' id='word_1_220' title='bbox 282 1468 333 1491; x_wconf 85' lang='lat' dir='ltr'><strong>est.</strong></span> <span class='ocrx_word' id='word_1_221' title='bbox 346 1462 411 1490; x_wconf 89' lang='lat' dir='ltr'><strong>Cum</strong></span> <span class='ocrx_word' id='word_1_222' title='bbox 428 1462 499 1489; x_wconf 91' lang='lat' dir='ltr'><strong>enim</strong></span> <span class='ocrx_word' id='word_1_223' title='bbox 514 1461 678 1496; x_wconf 86' lang='lat' dir='ltr'><strong>permisisset</strong></span> <span class='ocrx_word' id='word_1_224' title='bbox 694 1459 767 1487; x_wconf 91' lang='lat' dir='ltr'><strong>illam</strong></span> <span class='ocrx_word' id='word_1_225' title='bbox 783 1459 907 1487; x_wconf 83' lang='lat' dir='ltr'><strong>succendi</strong></span> <span class='ocrx_word' id='word_1_226' title='bbox 919 1466 1002 1494; x_wconf 90' lang='lat' dir='ltr'><strong>quan-</strong></span> 
     </span>
    </p>
   </div>
   <div class='ocr_carea' id='block_1_31' title="bbox 219 1503 1003 1544">
    <p class='ocr_par' dir='ltr' id='par_1_31' title="bbox 219 1503 1003 1544">
     <span class='ocr_line' id='line_1_31' title="bbox 219 1503 1003 1544; baseline -0.006 -9"><span class='ocrx_word' id='word_1_227' title='bbox 219 1515 272 1536; x_wconf 85' lang='lat' dir='ltr'><strong>tum</strong></span> <span class='ocrx_word' id='word_1_228' title='bbox 284 1509 341 1544; x_wconf 86' lang='lat' dir='ltr'><strong>ipse</strong></span> <span class='ocrx_word' id='word_1_229' title='bbox 355 1507 470 1540; x_wconf 88' lang='lat' dir='ltr'><strong>volebat,</strong></span> <span class='ocrx_word' id='word_1_230' title='bbox 482 1506 518 1534; x_wconf 89' lang='lat' dir='ltr'><strong>ita</strong></span> <span class='ocrx_word' id='word_1_231' title='bbox 531 1513 605 1534; x_wconf 89' lang='lat' dir='ltr'><strong>suam</strong></span> <span class='ocrx_word' id='word_1_232' title='bbox 616 1504 732 1533; x_wconf 89' lang='lat' dir='ltr'><strong>ostendit</strong></span> <span class='ocrx_word' id='word_1_233' title='bbox 742 1504 896 1540; x_wconf 89' lang='lat' dir='ltr'><strong>potentiam,</strong></span> <span class='ocrx_word' id='word_1_234' title='bbox 911 1508 938 1530; x_wconf 90' lang='lat' dir='ltr'><strong>ut</strong></span> <span class='ocrx_word' id='word_1_235' title='bbox 951 1503 1003 1532; x_wconf 92' lang='lat' dir='ltr'><strong>ini-</strong></span> 
     </span>
    </p>
   </div>
   <div class='ocr_carea' id='block_1_32' title="bbox 220 1548 1003 1583">
    <p class='ocr_par' dir='ltr' id='par_1_32' title="bbox 220 1548 1003 1583">
     <span class='ocr_line' id='line_1_32' title="bbox 220 1548 1003 1583; baseline -0.01 0"><span class='ocrx_word' id='word_1_236' title='bbox 220 1555 346 1583; x_wconf 80' lang='lat' dir='ltr'><strong>micorum</strong></span> <span class='ocrx_word' id='word_1_237' title='bbox 359 1553 572 1581; x_wconf 89' lang='lat' dir='ltr'><strong>machinamenta</strong></span> <span class='ocrx_word' id='word_1_238' title='bbox 593 1558 646 1578; x_wconf 95' lang='lat' dir='ltr'><strong>non</strong></span> <span class='ocrx_word' id='word_1_239' title='bbox 664 1550 832 1581; x_wconf 85' lang='lat' dir='ltr'><strong>dissolveret,</strong></span> <span class='ocrx_word' id='word_1_240' title='bbox 845 1549 891 1577; x_wconf 87' lang='lat' dir='ltr'><strong>scd</strong></span> <span class='ocrx_word' id='word_1_241' title='bbox 910 1548 1003 1576; x_wconf 90' lang='lat' dir='ltr'><strong>eadem</strong></span> 
     </span>
    </p>
   </div>
   <div class='ocr_carea' id='block_1_33' title="bbox 221 1595 1005 1636">
    <p class='ocr_par' dir='ltr' id='par_1_33' title="bbox 221 1595 1005 1636">
     <span class='ocr_line' id='line_1_33' title="bbox 221 1595 1005 1636; baseline -0.005 -11"><span class='ocrx_word' id='word_1_242' title='bbox 221 1599 403 1636; x_wconf 77' lang='lat' dir='ltr'><strong>permanentia</strong></span> <span class='ocrx_word' id='word_1_243' title='bbox 417 1598 490 1626; x_wconf 88' lang='lat' dir='ltr'><strong>irrita</strong></span> <span class='ocrx_word' id='word_1_244' title='bbox 514 1597 625 1625; x_wconf 84' lang='lat' dir='ltr'><strong>faceret.</strong></span> <span class='ocrx_word' id='word_1_245' title='bbox 647 1596 687 1624; x_wconf 84' lang='lat' dir='ltr'><strong>Ne</strong></span> <span class='ocrx_word' id='word_1_246' title='bbox 706 1596 765 1631; x_wconf 90' lang='lat' dir='ltr'><strong>quis</strong></span> <span class='ocrx_word' id='word_1_247' title='bbox 782 1603 847 1624; x_wconf 87' lang='lat' dir='ltr'><strong>vero</strong></span> <span class='ocrx_word' id='word_1_248' title='bbox 861 1595 932 1629; x_wconf 90' lang='lat' dir='ltr'><strong>ipsos</strong></span> <span class='ocrx_word' id='word_1_249' title='bbox 946 1598 1005 1629; x_wconf 89' lang='lat' dir='ltr'><strong>post</strong></span> 
     </span>
    </p>
   </div>
   <div class='ocr_carea' id='block_1_34' title="bbox 220 1641 1005 1680">
    <p class='ocr_par' dir='ltr' id='par_1_34' title="bbox 220 1641 1005 1680">
     <span class='ocr_line' id='line_1_34' title="bbox 220 1641 1005 1680; baseline -0.009 -7"><span class='ocrx_word' id='word_1_250' title='bbox 220 1650 358 1680; x_wconf 78' lang='lat' dir='ltr'><strong>superatas</strong></span> <span class='ocrx_word' id='word_1_251' title='bbox 377 1644 498 1671; x_wconf 85' lang='lat' dir='ltr'><strong>ﬂammas</strong></span> <span class='ocrx_word' id='word_1_252' title='bbox 520 1642 698 1676; x_wconf 86' lang='lat' dir='ltr'><strong>conspiciens,</strong></span> <span class='ocrx_word' id='word_1_253' title='bbox 711 1641 866 1676; x_wconf 87' lang='lat' dir='ltr'><strong>phantasma</strong></span> <span class='ocrx_word' id='word_1_254' title='bbox 881 1647 940 1667; x_wconf 87' lang='lat' dir='ltr'><strong>esse</strong></span> <span class='ocrx_word' id='word_1_255' title='bbox 957 1647 1005 1674; x_wconf 94' lang='lat' dir='ltr'><strong>pu-</strong></span> 
     </span>
    </p>
   </div>
   <div class='ocr_carea' id='block_1_35' title="bbox 222 1685 1006 1722">
    <p class='ocr_par' dir='ltr' id='par_1_35' title="bbox 222 1685 1006 1722">
     <span class='ocr_line' id='line_1_35' title="bbox 222 1685 1006 1722; baseline -0.009 -4"><span class='ocrx_word' id='word_1_256' title='bbox 222 1695 298 1721; x_wconf 57' lang='lat' dir='ltr'><strong>taret,</strong></span> <span class='ocrx_word' id='word_1_257' title='bbox 315 1697 361 1716; x_wconf 87' lang='lat' dir='ltr'><strong>eos</strong></span> <span class='ocrx_word' id='word_1_258' title='bbox 371 1689 491 1716; x_wconf 86' lang='lat' dir='ltr'><strong>comburi</strong></span> <span class='ocrx_word' id='word_1_259' title='bbox 503 1688 633 1722; x_wconf 88' lang='lat' dir='ltr'><strong>permisit,</strong></span> <span class='ocrx_word' id='word_1_260' title='bbox 647 1687 693 1721; x_wconf 93' lang='lat' dir='ltr'><strong>qui</strong></span> <span class='ocrx_word' id='word_1_261' title='bbox 709 1687 780 1720; x_wconf 92' lang='lat' dir='ltr'><strong>ipsos</strong></span> <span class='ocrx_word' id='word_1_262' title='bbox 792 1685 948 1719; x_wconf 87' lang='lat' dir='ltr'><strong>iniecerant,</strong></span> <span class='ocrx_word' id='word_1_263' title='bbox 963 1692 1006 1712; x_wconf 89' lang='lat' dir='ltr'><strong>os-</strong></span> 
     </span>
    </p>
   </div>
   <div class='ocr_carea' id='block_1_36' title="bbox 222 1730 1007 1768">
    <p class='ocr_par' dir='ltr' id='par_1_36' title="bbox 222 1730 1007 1768">
     <span class='ocr_line' id='line_1_36' title="bbox 222 1730 1007 1768; baseline -0.008 -6"><span class='ocrx_word' id='word_1_264' title='bbox 222 1735 332 1763; x_wconf 75' lang='lat' dir='ltr'><strong>tendens</strong></span> <span class='ocrx_word' id='word_1_265' title='bbox 345 1742 436 1762; x_wconf 92' lang='lat' dir='ltr'><strong>verum</strong></span> <span class='ocrx_word' id='word_1_266' title='bbox 454 1734 541 1768; x_wconf 79' lang='lat' dir='ltr'><strong>ignem</strong></span> <span class='ocrx_word' id='word_1_267' title='bbox 555 1741 614 1760; x_wconf 89' lang='lat' dir='ltr'><strong>esse</strong></span> <span class='ocrx_word' id='word_1_268' title='bbox 628 1732 654 1759; x_wconf 89' lang='lat' dir='ltr'><strong>id</strong></span> <span class='ocrx_word' id='word_1_269' title='bbox 669 1731 739 1766; x_wconf 91' lang='lat' dir='ltr'><strong>quod</strong></span> <span class='ocrx_word' id='word_1_270' title='bbox 756 1731 926 1760; x_wconf 84' lang='lat' dir='ltr'><strong>cernebatur;</strong></span> <span class='ocrx_word' id='word_1_271' title='bbox 942 1730 1007 1758; x_wconf 70' lang='lat' dir='ltr'><strong>alio~</strong></span> 
     </span>
    </p>
   </div>
   <div class='ocr_carea' id='block_1_37' title="bbox 222 1777 1006 1816">
    <p class='ocr_par' dir='ltr' id='par_1_37' title="bbox 222 1777 1006 1816">
     <span class='ocr_line' id='line_1_37' title="bbox 222 1777 1006 1816; baseline -0.005 -9"><span class='ocrx_word' id='word_1_272' title='bbox 222 1782 284 1816; x_wconf 83' lang='lat' dir='ltr'><strong>quin</strong></span> <span class='ocrx_word' id='word_1_273' title='bbox 298 1788 349 1807; x_wconf 92' lang='lat' dir='ltr'><strong>non</strong></span> <span class='ocrx_word' id='word_1_274' title='bbox 359 1779 512 1814; x_wconf 88' lang='lat' dir='ltr'><strong>naphtham,</strong></span> <span class='ocrx_word' id='word_1_275' title='bbox 532 1783 645 1813; x_wconf 88' lang='lat' dir='ltr'><strong>stupam,</strong></span> <span class='ocrx_word' id='word_1_276' title='bbox 654 1777 785 1812; x_wconf 88' lang='lat' dir='ltr'><strong>palmites,</strong></span> <span class='ocrx_word' id='word_1_277' title='bbox 796 1780 885 1811; x_wconf 88' lang='lat' dir='ltr'><strong>totque</strong></span> <span class='ocrx_word' id='word_1_278' title='bbox 895 1783 1006 1811; x_wconf 85' lang='lat' dir='ltr'><strong>corpora</strong></span> 
     </span>
    </p>
   </div>
   <div class='ocr_carea' id='block_1_38' title="bbox 222 1822 1006 1859">
    <p class='ocr_par' dir='ltr' id='par_1_38' title="bbox 222 1822 1006 1859">
     <span class='ocr_line' id='line_1_38' title="bbox 222 1822 1006 1859; baseline -0.01 -4"><span class='ocrx_word' id='word_1_279' title='bbox 222 1827 421 1855; x_wconf 75' lang='lat' dir='ltr'><strong>combussissct.</strong></span> <span class='ocrx_word' id='word_1_280' title='bbox 433 1824 485 1853; x_wconf 87' lang='lat' dir='ltr'><strong>Sed</strong></span> <span class='ocrx_word' id='word_1_281' title='bbox 498 1826 556 1859; x_wconf 82' lang='lat' dir='ltr'><strong>ejus</strong></span> <span class='ocrx_word' id='word_1_282' title='bbox 567 1823 680 1858; x_wconf 89' lang='lat' dir='ltr'><strong>imperio</strong></span> <span class='ocrx_word' id='word_1_283' title='bbox 695 1822 758 1850; x_wconf 92' lang='lat' dir='ltr'><strong>nihil</strong></span> <span class='ocrx_word' id='word_1_284' title='bbox 775 1822 909 1857; x_wconf 89' lang='lat' dir='ltr'><strong>potentius</strong></span> <span class='ocrx_word' id='word_1_285' title='bbox 924 1830 930 1848; x_wconf 90' lang='lat'><strong>:</strong></span> <span class='ocrx_word' id='word_1_286' title='bbox 947 1822 1006 1848; x_wconf 86' lang='lat' dir='ltr'><strong>uni-</strong></span> 
     </span>
    </p>
   </div>
   <div class='ocr_carea' id='block_1_39' title="bbox 224 1867 1007 1907">
    <p class='ocr_par' dir='ltr' id='par_1_39' title="bbox 224 1867 1007 1907">
     <span class='ocr_line' id='line_1_39' title="bbox 224 1867 1007 1907; baseline -0.006 -9"><span class='ocrx_word' id='word_1_287' title='bbox 224 1880 351 1907; x_wconf 67' lang='lat' dir='ltr'><strong>xcrsaquc</strong></span> <span class='ocrx_word' id='word_1_288' title='bbox 369 1879 457 1898; x_wconf 90' lang='lat' dir='ltr'><strong>rerum</strong></span> <span class='ocrx_word' id='word_1_289' title='bbox 477 1874 570 1898; x_wconf 87' lang='lat' dir='ltr'><strong>natura</strong></span> <span class='ocrx_word' id='word_1_290' title='bbox 591 1869 629 1897; x_wconf 88' lang='lat' dir='ltr'><strong>illi</strong></span> <span class='ocrx_word' id='word_1_291' title='bbox 644 1867 809 1902; x_wconf 87' lang='lat' dir='ltr'><strong>obsequitur,</strong></span> <span class='ocrx_word' id='word_1_292' title='bbox 830 1867 874 1902; x_wconf 91' lang='lat' dir='ltr'><strong>qui</strong></span> <span class='ocrx_word' id='word_1_293' title='bbox 896 1874 953 1894; x_wconf 89' lang='lat' dir='ltr'><strong>eam</strong></span> <span class='ocrx_word' id='word_1_294' title='bbox 974 1874 1007 1894; x_wconf 86' lang='lat' dir='ltr'><strong>ex</strong></span> 
     </span>
    </p>
   </div>
   <div class='ocr_carea' id='block_1_40' title="bbox 224 1913 1006 1953">
    <p class='ocr_par' dir='ltr' id='par_1_40' title="bbox 224 1913 1006 1953">
     <span class='ocr_line' id='line_1_40' title="bbox 224 1913 1006 1953; baseline -0.012 -6"><span class='ocrx_word' id='word_1_295' title='bbox 224 1919 305 1949; x_wconf 88' lang='lat' dir='ltr'><strong>nihilo</strong></span> <span class='ocrx_word' id='word_1_296' title='bbox 328 1917 460 1953; x_wconf 82' lang='lat' dir='ltr'><strong>produxit,</strong></span> <span class='ocrx_word' id='word_1_297' title='bbox 476 1916 546 1952; x_wconf 86' lang='lat' dir='ltr'><strong>quod</strong></span> <span class='ocrx_word' id='word_1_298' title='bbox 566 1922 631 1943; x_wconf 89' lang='lat' dir='ltr'><strong>sane</strong></span> <span class='ocrx_word' id='word_1_299' title='bbox 643 1919 706 1942; x_wconf 91' lang='lat' dir='ltr'><strong>tunc</strong></span> <span class='ocrx_word' id='word_1_300' title='bbox 722 1913 931 1941; x_wconf 90' lang='lat' dir='ltr'><strong>demonstratum</strong></span> <span class='ocrx_word' id='word_1_301' title='bbox 950 1916 1006 1939; x_wconf 86' lang='lat' dir='ltr'><strong>est:</strong></span> 
     </span>
    </p>
   </div>
   <div class='ocr_carea' id='block_1_41' title="bbox 224 1959 1007 1996">
    <p class='ocr_par' dir='ltr' id='par_1_41' title="bbox 224 1959 1007 1996">
     <span class='ocr_line' id='line_1_41' title="bbox 224 1959 1007 1996; baseline -0.009 -4"><span class='ocrx_word' id='word_1_302' title='bbox 224 1965 320 1992; x_wconf 82' lang='lat' dir='ltr'><strong>ctenim</strong></span> <span class='ocrx_word' id='word_1_303' title='bbox 331 1964 436 1991; x_wconf 87' lang='lat' dir='ltr'><strong>flamma</strong></span> <span class='ocrx_word' id='word_1_304' title='bbox 455 1970 516 1991; x_wconf 92' lang='lat' dir='ltr'><strong>cum</strong></span> <span class='ocrx_word' id='word_1_305' title='bbox 531 1960 710 1996; x_wconf 87' lang='lat' dir='ltr'><strong>corruptibilia</strong></span> <span class='ocrx_word' id='word_1_306' title='bbox 725 1967 835 1994; x_wconf 82' lang='lat' dir='ltr'><strong>corpora</strong></span> <span class='ocrx_word' id='word_1_307' title='bbox 851 1959 1007 1993; x_wconf 88' lang='lat' dir='ltr'><strong>accepisset,</strong></span> 
     </span>
    </p>
   </div>
   <div class='ocr_carea' id='block_1_42' title="bbox 226 2005 1008 2045">
    <p class='ocr_par' dir='ltr' id='par_1_42' title="bbox 226 2005 1008 2045">
     <span class='ocr_line' id='line_1_42' title="bbox 226 2005 1008 2045; baseline -0.01 -6"><span class='ocrx_word' id='word_1_308' title='bbox 226 2011 258 2039; x_wconf 80' lang='lat' dir='ltr'><strong>ab</strong></span> <span class='ocrx_word' id='word_1_309' title='bbox 271 2010 302 2038; x_wconf 89' lang='lat' dir='ltr'><strong>iis</strong></span> <span class='ocrx_word' id='word_1_310' title='bbox 318 2010 392 2045; x_wconf 90' lang='lat' dir='ltr'><strong>quasi</strong></span> <span class='ocrx_word' id='word_1_311' title='bbox 404 2007 649 2043; x_wconf 90' lang='lat' dir='ltr'><strong>incorruptibilibus</strong></span> <span class='ocrx_word' id='word_1_312' title='bbox 661 2005 796 2036; x_wconf 83' lang='lat' dir='ltr'><strong>abstinuit.</strong></span> <span class='ocrx_word' id='word_1_313' title='bbox 807 2005 1008 2040; x_wconf 88' lang='lat' dir='ltr'><strong>depositumque</strong></span> 
     </span>
    </p>
   </div>
   <div class='ocr_carea' id='block_1_43' title="bbox 225 2050 1008 2088">
    <p class='ocr_par' dir='ltr' id='par_1_43' title="bbox 225 2050 1008 2088">
     <span class='ocr_line' id='line_1_43' title="bbox 225 2050 1008 2088; baseline -0.008 -5"><span class='ocrx_word' id='word_1_314' title='bbox 225 2057 327 2086; x_wconf 72' lang='lat' dir='ltr'><strong>salvum</strong></span> <span class='ocrx_word' id='word_1_315' title='bbox 340 2055 462 2086; x_wconf 84' lang='lat' dir='ltr'><strong>reddidit,</strong></span> <span class='ocrx_word' id='word_1_316' title='bbox 479 2053 558 2088; x_wconf 90' lang='lat' dir='ltr'><strong>idque</strong></span> <span class='ocrx_word' id='word_1_317' title='bbox 572 2053 654 2079; x_wconf 92' lang='lat' dir='ltr'><strong>multo</strong></span> <span class='ocrx_word' id='word_1_318' title='bbox 667 2059 727 2079; x_wconf 92' lang='lat' dir='ltr'><strong>cum</strong></span> <span class='ocrx_word' id='word_1_319' title='bbox 737 2051 893 2086; x_wconf 88' lang='lat' dir='ltr'><strong>splendore.</strong></span> <span class='ocrx_word' id='word_1_320' title='bbox 908 2050 1008 2084; x_wconf 80' lang='lat' dir='ltr'><strong>Quem—</strong></span> 
     </span>
    </p>
   </div>
   <div class='ocr_carea' id='block_1_44' title="bbox 225 2095 1007 2133">
    <p class='ocr_par' dir='ltr' id='par_1_44' title="bbox 225 2095 1007 2133">
     <span class='ocr_line' id='line_1_44' title="bbox 225 2095 1007 2133; baseline -0.008 -5"><span class='ocrx_word' id='word_1_321' title='bbox 225 2100 366 2129; x_wconf 80' lang='lat' dir='ltr'><strong>admodum</strong></span> <span class='ocrx_word' id='word_1_322' title='bbox 381 2100 453 2127; x_wconf 89' lang='lat' dir='ltr'><strong>enim</strong></span> <span class='ocrx_word' id='word_1_323' title='bbox 464 2107 495 2127; x_wconf 88' lang='lat' dir='ltr'><strong>ex</strong></span> <span class='ocrx_word' id='word_1_324' title='bbox 505 2098 585 2133; x_wconf 89' lang='lat' dir='ltr'><strong>regiis</strong></span> <span class='ocrx_word' id='word_1_325' title='bbox 598 2097 699 2124; x_wconf 82' lang='lat' dir='ltr'><strong>:edibus</strong></span> <span class='ocrx_word' id='word_1_326' title='bbox 710 2104 795 2132; x_wconf 85' lang='lat' dir='ltr'><strong>reges,</strong></span> <span class='ocrx_word' id='word_1_327' title='bbox 806 2097 844 2123; x_wconf 90' lang='lat' dir='ltr'><strong>sic</strong></span> <span class='ocrx_word' id='word_1_328' title='bbox 857 2104 888 2123; x_wconf 85' lang='lat' dir='ltr'><strong>ex</strong></span> <span class='ocrx_word' id='word_1_329' title='bbox 900 2095 1007 2123; x_wconf 86' lang='lat' dir='ltr'><strong>fornace</strong></span> 
     </span>
    </p>
   </div>
   <div class='ocr_carea' id='block_1_45' title="bbox 226 2141 1007 2182">
    <p class='ocr_par' dir='ltr' id='par_1_45' title="bbox 226 2141 1007 2182">
     <span class='ocr_line' id='line_1_45' title="bbox 226 2141 1007 2182; baseline -0.008 -9"><span class='ocrx_word' id='word_1_330' title='bbox 226 2146 301 2182; x_wconf 87' lang='lat' dir='ltr'><strong>pueri</strong></span> <span class='ocrx_word' id='word_1_331' title='bbox 311 2145 455 2176; x_wconf 80' lang='lat' dir='ltr'><strong>exierunt;</strong></span> <span class='ocrx_word' id='word_1_332' title='bbox 469 2143 541 2170; x_wconf 91' lang='lat' dir='ltr'><strong>nullo</strong></span> <span class='ocrx_word' id='word_1_333' title='bbox 555 2147 618 2169; x_wconf 94' lang='lat' dir='ltr'><strong>tunc</strong></span> <span class='ocrx_word' id='word_1_334' title='bbox 630 2149 719 2177; x_wconf 81' lang='lat' dir='ltr'><strong>regem</strong></span> <span class='ocrx_word' id='word_1_335' title='bbox 733 2142 852 2176; x_wconf 82' lang='lat' dir='ltr'><strong>aspicere</strong></span> <span class='ocrx_word' id='word_1_336' title='bbox 864 2141 990 2175; x_wconf 86' lang='lat' dir='ltr'><strong>dignante</strong></span> <span class='ocrx_word' id='word_1_337' title='bbox 999 2161 1007 2174; x_wconf 84' lang='lat'><strong>,</strong></span> 
     </span>
    </p>
   </div>
   <div class='ocr_carea' id='block_1_46' title="bbox 226 2187 1011 2222">
    <p class='ocr_par' dir='ltr' id='par_1_46' title="bbox 226 2187 1011 2222">
     <span class='ocr_line' id='line_1_46' title="bbox 226 2187 1011 2222; baseline -0.008 -2"><span class='ocrx_word' id='word_1_338' title='bbox 226 2192 272 2220; x_wconf 84' lang='lat' dir='ltr'><strong>sed</strong></span> <span class='ocrx_word' id='word_1_339' title='bbox 289 2191 408 2218; x_wconf 85' lang='lat' dir='ltr'><strong>omnium</strong></span> <span class='ocrx_word' id='word_1_340' title='bbox 428 2189 512 2218; x_wconf 88' lang='lat' dir='ltr'><strong>oculis</strong></span> <span class='ocrx_word' id='word_1_341' title='bbox 524 2209 532 2222; x_wconf 94' lang='lat'><strong>,</strong></span> <span class='ocrx_word' id='word_1_342' title='bbox 555 2188 665 2216; x_wconf 88' lang='lat' dir='ltr'><strong>dimisso</strong></span> <span class='ocrx_word' id='word_1_343' title='bbox 684 2188 748 2220; x_wconf 92' lang='lat' dir='ltr'><strong>illo,</strong></span> <span class='ocrx_word' id='word_1_344' title='bbox 762 2187 795 2214; x_wconf 90' lang='lat' dir='ltr'><strong>ad</strong></span> <span class='ocrx_word' id='word_1_345' title='bbox 817 2192 871 2214; x_wconf 89' lang='lat' dir='ltr'><strong>tam</strong></span> <span class='ocrx_word' id='word_1_346' title='bbox 890 2187 1011 2215; x_wconf 83' lang='lat' dir='ltr'><strong>mirabile</strong></span> 
     </span>
    </p>
   </div>
   <div class='ocr_carea' id='block_1_47' title="bbox 227 2233 1012 2272">
    <p class='ocr_par' dir='ltr' id='par_1_47' title="bbox 227 2233 1012 2272">
     <span class='ocr_line' id='line_1_47' title="bbox 227 2233 1012 2272; baseline -0.006 -7"><span class='ocrx_word' id='word_1_347' title='bbox 227 2236 405 2272; x_wconf 83' lang='lat' dir='ltr'><strong>spectaculum</strong></span> <span class='ocrx_word' id='word_1_348' title='bbox 424 2234 581 2263; x_wconf 84' lang='lat' dir='ltr'><strong>conversis:</strong></span> <span class='ocrx_word' id='word_1_349' title='bbox 604 2240 635 2260; x_wconf 90' lang='lat' dir='ltr'><strong>ac</strong></span> <span class='ocrx_word' id='word_1_350' title='bbox 655 2240 741 2267; x_wconf 89' lang='lat' dir='ltr'><strong>neque</strong></span> <span class='ocrx_word' id='word_1_351' title='bbox 762 2233 882 2260; x_wconf 89' lang='lat' dir='ltr'><strong>diadema</strong></span> <span class='ocrx_word' id='word_1_352' title='bbox 899 2254 906 2266; x_wconf 90' lang='lat'><strong>,</strong></span> <span class='ocrx_word' id='word_1_353' title='bbox 926 2240 1012 2268; x_wconf 89' lang='lat' dir='ltr'><strong>neque</strong></span> 
     </span>
    </p>
   </div>
   <div class='ocr_carea' id='block_1_48' title="bbox 228 2278 1012 2318">
    <p class='ocr_par' dir='ltr' id='par_1_48' title="bbox 228 2278 1012 2318">
     <span class='ocr_line' id='line_1_48' title="bbox 228 2278 1012 2318; baseline -0.006 -8"><span class='ocrx_word' id='word_1_354' title='bbox 228 2289 354 2318; x_wconf 82' lang='lat' dir='ltr'><strong>purpura,</strong></span> <span class='ocrx_word' id='word_1_355' title='bbox 372 2289 457 2316; x_wconf 85' lang='lat' dir='ltr'><strong>neque</strong></span> <span class='ocrx_word' id='word_1_356' title='bbox 471 2279 543 2307; x_wconf 90' lang='lat' dir='ltr'><strong>aliud</strong></span> <span class='ocrx_word' id='word_1_357' title='bbox 554 2278 688 2314; x_wconf 88' lang='lat' dir='ltr'><strong>quidpiam</strong></span> <span class='ocrx_word' id='word_1_358' title='bbox 699 2279 780 2313; x_wconf 70' lang='lat' dir='ltr'><strong>regia:</strong></span> <span class='ocrx_word' id='word_1_359' title='bbox 795 2285 909 2313; x_wconf 60' lang='lat' dir='ltr'><strong>pompas,</strong></span> <span class='ocrx_word' id='word_1_360' title='bbox 922 2278 1012 2306; x_wconf 90' lang='lat' dir='ltr'><strong>turbas</strong></span> 
     </span>
    </p>
   </div>
   <div class='ocr_carea' id='block_1_49' title="bbox 230 2323 1011 2361">
    <p class='ocr_par' dir='ltr' id='par_1_49' title="bbox 230 2323 1011 2361">
     <span class='ocr_line' id='line_1_49' title="bbox 230 2323 1011 2361; baseline -0.008 -5"><span class='ocrx_word' id='word_1_361' title='bbox 230 2329 375 2356; x_wconf 88' lang='lat' dir='ltr'><strong>inlidelium</strong></span> <span class='ocrx_word' id='word_1_362' title='bbox 398 2326 508 2361; x_wconf 83' lang='lat' dir='ltr'><strong>perinde</strong></span> <span class='ocrx_word' id='word_1_363' title='bbox 531 2325 680 2360; x_wconf 85' lang='lat' dir='ltr'><strong>permovit,</strong></span> <span class='ocrx_word' id='word_1_364' title='bbox 696 2327 776 2358; x_wconf 85' lang='lat' dir='ltr'><strong>atque</strong></span> <span class='ocrx_word' id='word_1_365' title='bbox 790 2324 892 2359; x_wconf 90' lang='lat' dir='ltr'><strong>species</strong></span> <span class='ocrx_word' id='word_1_366' title='bbox 906 2323 1011 2350; x_wconf 88' lang='lat' dir='ltr'><strong>illorum</strong></span> 
     </span>
    </p>
   </div>
   <div class='ocr_carea' id='block_1_50' title="bbox 230 2369 1012 2409">
    <p class='ocr_par' dir='ltr' id='par_1_50' title="bbox 230 2369 1012 2409">
     <span class='ocr_line' id='line_1_50' title="bbox 230 2369 1012 2409; baseline -0.009 -6"><span class='ocrx_word' id='word_1_367' title='bbox 230 2376 358 2407; x_wconf 85' lang='lat' dir='ltr'><strong>fidelium,</strong></span> <span class='ocrx_word' id='word_1_368' title='bbox 372 2375 417 2409; x_wconf 91' lang='lat' dir='ltr'><strong>qui</strong></span> <span class='ocrx_word' id='word_1_369' title='bbox 430 2374 510 2409; x_wconf 80' lang='lat' dir='ltr'><strong>longo</strong></span> <span class='ocrx_word' id='word_1_370' title='bbox 529 2372 635 2408; x_wconf 89' lang='lat' dir='ltr'><strong>quidem</strong></span> <span class='ocrx_word' id='word_1_371' title='bbox 656 2375 777 2406; x_wconf 90' lang='lat' dir='ltr'><strong>tempore</strong></span> <span class='ocrx_word' id='word_1_372' title='bbox 794 2370 820 2397; x_wconf 92' lang='lat' dir='ltr'><strong>in</strong></span> <span class='ocrx_word' id='word_1_373' title='bbox 835 2370 895 2405; x_wconf 91' lang='lat' dir='ltr'><strong>igne</strong></span> <span class='ocrx_word' id='word_1_374' title='bbox 915 2369 1012 2396; x_wconf 90' lang='lat' dir='ltr'><strong>versati</strong></span> 
     </span>
    </p>
   </div>
   <div class='ocr_carea' id='block_1_51' title="bbox 229 2414 1014 2454">
    <p class='ocr_par' dir='ltr' id='par_1_51' title="bbox 229 2414 1014 2454">
     <span class='ocr_line' id='line_1_51' title="bbox 229 2414 1014 2454; baseline -0.008 -6"><span class='ocrx_word' id='word_1_375' title='bbox 229 2426 301 2454; x_wconf 83' lang='lat' dir='ltr'><strong>sunt,</strong></span> <span class='ocrx_word' id='word_1_376' title='bbox 321 2420 367 2447; x_wconf 85' lang='lat' dir='ltr'><strong>sed</strong></span> <span class='ocrx_word' id='word_1_377' title='bbox 387 2418 497 2454; x_wconf 87' lang='lat' dir='ltr'><strong>perinde</strong></span> <span class='ocrx_word' id='word_1_378' title='bbox 518 2418 650 2450; x_wconf 80' lang='lat' dir='ltr'><strong>exierunt,</strong></span> <span class='ocrx_word' id='word_1_379' title='bbox 667 2424 698 2444; x_wconf 87' lang='lat' dir='ltr'><strong>ac</strong></span> <span class='ocrx_word' id='word_1_380' title='bbox 712 2416 734 2444; x_wconf 89' lang='lat' dir='ltr'><strong>si</strong></span> <span class='ocrx_word' id='word_1_381' title='bbox 747 2424 796 2451; x_wconf 89' lang='lat' dir='ltr'><strong>per</strong></span> <span class='ocrx_word' id='word_1_382' title='bbox 807 2415 939 2443; x_wconf 92' lang='lat' dir='ltr'><strong>somnium</strong></span> <span class='ocrx_word' id='word_1_383' title='bbox 958 2414 1014 2442; x_wconf 84' lang='lat' dir='ltr'><strong>haec</strong></span> 
     </span>
    </p>
   </div>
   <div class='ocr_carea' id='block_1_52' title="bbox 231 2460 1014 2501">
    <p class='ocr_par' dir='ltr' id='par_1_52' title="bbox 231 2460 1014 2501">
     <span class='ocr_line' id='line_1_52' title="bbox 231 2460 1014 2501; baseline -0.008 -8"><span class='ocrx_word' id='word_1_384' title='bbox 231 2465 348 2501; x_wconf 85' lang='lat' dir='ltr'><strong>perpessi</strong></span> <span class='ocrx_word' id='word_1_385' title='bbox 362 2469 460 2492; x_wconf 74' lang='lat' dir='ltr'><strong>essent.</strong></span> <span class='ocrx_word' id='word_1_386' title='bbox 472 2463 577 2491; x_wconf 85' lang='lat' dir='ltr'><strong>Atcnim</strong></span> <span class='ocrx_word' id='word_1_387' title='bbox 592 2462 662 2497; x_wconf 88' lang='lat' dir='ltr'><strong>quod</strong></span> <span class='ocrx_word' id='word_1_388' title='bbox 672 2462 698 2489; x_wconf 89' lang='lat' dir='ltr'><strong>in</strong></span> <span class='ocrx_word' id='word_1_389' title='bbox 713 2462 789 2489; x_wconf 88' lang='lat' dir='ltr'><strong>nobis</strong></span> <span class='ocrx_word' id='word_1_390' title='bbox 801 2460 902 2488; x_wconf 70' lang='lat' dir='ltr'><strong>facilius</strong></span> <span class='ocrx_word' id='word_1_391' title='bbox 916 2467 1014 2488; x_wconf 85' lang='lat' dir='ltr'><strong>consu-</strong></span> 
     </span>
    </p>
   </div>
   <div class='ocr_carea' id='block_1_53' title="bbox 237 2504 1014 2543">
    <p class='ocr_par' dir='ltr' id='par_1_53' title="bbox 237 2504 1014 2543">
     <span class='ocr_line' id='line_1_53' title="bbox 237 2504 1014 2543; baseline -0.009 -4"><span class='ocrx_word' id='word_1_392' title='bbox 237 2512 328 2542; x_wconf 79' lang='lat' dir='ltr'><strong>mitur,</strong></span> <span class='ocrx_word' id='word_1_393' title='bbox 343 2517 438 2543; x_wconf 79' lang='lat' dir='ltr'><strong>nempe</strong></span> <span class='ocrx_word' id='word_1_394' title='bbox 452 2509 607 2542; x_wconf 82' lang='lat' dir='ltr'><strong>capillorum</strong></span> <span class='ocrx_word' id='word_1_395' title='bbox 621 2511 723 2540; x_wconf 87' lang='lat' dir='ltr'><strong>natura,</strong></span> <span class='ocrx_word' id='word_1_396' title='bbox 735 2512 797 2534; x_wconf 89' lang='lat' dir='ltr'><strong>tunc</strong></span> <span class='ocrx_word' id='word_1_397' title='bbox 809 2507 949 2535; x_wconf 87' lang='lat' dir='ltr'><strong>adamante</strong></span> <span class='ocrx_word' id='word_1_398' title='bbox 959 2504 1014 2532; x_wconf 86' lang='lat' dir='ltr'><strong>for-</strong></span> 
     </span>
    </p>
   </div>
   <div class='ocr_carea' id='block_1_54' title="bbox 233 2550 1017 2586">
    <p class='ocr_par' dir='ltr' id='par_1_54' title="bbox 233 2550 1017 2586">
     <span class='ocr_line' id='line_1_54' title="bbox 233 2550 1017 2586; baseline -0.008 -3"><span class='ocrx_word' id='word_1_399' title='bbox 233 2558 284 2583; x_wconf 90' lang='lat' dir='ltr'><strong>tius</strong></span> <span class='ocrx_word' id='word_1_400' title='bbox 299 2555 418 2582; x_wconf 76' lang='lat' dir='ltr'><strong>flammas</strong></span> <span class='ocrx_word' id='word_1_401' title='bbox 440 2554 528 2580; x_wconf 89' lang='lat' dir='ltr'><strong>omnia</strong></span> <span class='ocrx_word' id='word_1_402' title='bbox 551 2552 710 2580; x_wconf 89' lang='lat' dir='ltr'><strong>devorantes</strong></span> <span class='ocrx_word' id='word_1_403' title='bbox 730 2552 873 2586; x_wconf 88' lang='lat' dir='ltr'><strong>superavit.</strong></span> <span class='ocrx_word' id='word_1_404' title='bbox 887 2551 977 2586; x_wconf 86' lang='lat' dir='ltr'><strong>Neque</strong></span> <span class='ocrx_word' id='word_1_405' title='bbox 991 2550 1017 2577; x_wconf 92' lang='lat' dir='ltr'><strong>id</strong></span> 
     </span>
    </p>
   </div>
   <div class='ocr_carea' id='block_1_55' title="bbox 235 2595 1015 2632">
    <p class='ocr_par' dir='ltr' id='par_1_55' title="bbox 235 2595 1015 2632">
     <span class='ocr_line' id='line_1_55' title="bbox 235 2595 1015 2632; baseline -0.006 -5"><span class='ocrx_word' id='word_1_406' title='bbox 235 2602 321 2631; x_wconf 88' lang='lat' dir='ltr'><strong>solum</strong></span> <span class='ocrx_word' id='word_1_407' title='bbox 340 2599 461 2627; x_wconf 86' lang='lat' dir='ltr'><strong>mirabile</strong></span> <span class='ocrx_word' id='word_1_408' title='bbox 477 2602 548 2630; x_wconf 89' lang='lat' dir='ltr'><strong>erat,</strong></span> <span class='ocrx_word' id='word_1_409' title='bbox 564 2597 633 2632; x_wconf 89' lang='lat' dir='ltr'><strong>quod</strong></span> <span class='ocrx_word' id='word_1_410' title='bbox 649 2598 673 2624; x_wconf 94' lang='lat' dir='ltr'><strong>in</strong></span> <span class='ocrx_word' id='word_1_411' title='bbox 687 2597 754 2632; x_wconf 77' lang='lat' dir='ltr'><strong>ignis</strong></span> <span class='ocrx_word' id='word_1_412' title='bbox 768 2597 884 2625; x_wconf 88' lang='lat' dir='ltr'><strong>medium</strong></span> <span class='ocrx_word' id='word_1_413' title='bbox 902 2595 1015 2630; x_wconf 79' lang='lat' dir='ltr'><strong>coniecti</strong></span> 
     </span>
    </p>
   </div>
   <div class='ocr_carea' id='block_1_56' title="bbox 235 2640 1016 2681">
    <p class='ocr_par' dir='ltr' id='par_1_56' title="bbox 235 2640 1016 2681">
     <span class='ocr_line' id='line_1_56' title="bbox 235 2640 1016 2681; baseline -0.009 -7"><span class='ocrx_word' id='word_1_414' title='bbox 235 2647 298 2675; x_wconf 87' lang='lat' dir='ltr'><strong>nihil</strong></span> <span class='ocrx_word' id='word_1_415' title='bbox 314 2649 478 2681; x_wconf 87' lang='lat' dir='ltr'><strong>paterentur,</strong></span> <span class='ocrx_word' id='word_1_416' title='bbox 494 2643 542 2671; x_wconf 91' lang='lat' dir='ltr'><strong>sed</strong></span> <span class='ocrx_word' id='word_1_417' title='bbox 564 2643 633 2678; x_wconf 88' lang='lat' dir='ltr'><strong>quod</strong></span> <span class='ocrx_word' id='word_1_418' title='bbox 653 2643 732 2670; x_wconf 87' lang='lat' dir='ltr'><strong>etiam</strong></span> <span class='ocrx_word' id='word_1_419' title='bbox 747 2642 917 2677; x_wconf 87' lang='lat' dir='ltr'><strong>loquerentur</strong></span> <span class='ocrx_word' id='word_1_420' title='bbox 932 2640 1016 2668; x_wconf 70' lang='lat' dir='ltr'><strong>conti~</strong></span> 
     </span>
    </p>
   </div>
   <div class='ocr_carea' id='block_1_57' title="bbox 236 2687 1017 2722">
    <p class='ocr_par' dir='ltr' id='par_1_57' title="bbox 236 2687 1017 2722">
     <span class='ocr_line' id='line_1_57' title="bbox 236 2687 1017 2722; baseline -0.01 -2"><span class='ocrx_word' id='word_1_421' title='bbox 236 2701 287 2720; x_wconf 90' lang='grc' dir='ltr'>ιιιιο</span> <span class='ocrx_word' id='word_1_422' title='bbox 301 2701 308 2720; x_wconf 89' lang='lat'><strong>:</strong></span> <span class='ocrx_word' id='word_1_423' title='bbox 325 2698 405 2719; x_wconf 93' lang='lat' dir='ltr'><strong>nemo</strong></span> <span class='ocrx_word' id='word_1_424' title='bbox 418 2695 506 2717; x_wconf 88' lang='lat' dir='ltr'><strong>autem</strong></span> <span class='ocrx_word' id='word_1_425' title='bbox 520 2689 604 2716; x_wconf 87' lang='lat' dir='ltr'><strong>nescit</strong></span> <span class='ocrx_word' id='word_1_426' title='bbox 620 2695 666 2715; x_wconf 91' lang='lat' dir='ltr'><strong>eos</strong></span> <span class='ocrx_word' id='word_1_427' title='bbox 678 2687 722 2722; x_wconf 88' lang='lat' dir='ltr'><strong>qui</strong></span> <span class='ocrx_word' id='word_1_428' title='bbox 737 2688 762 2714; x_wconf 91' lang='lat' dir='ltr'><strong>in</strong></span> <span class='ocrx_word' id='word_1_429' title='bbox 780 2687 892 2714; x_wconf 85' lang='lat' dir='ltr'><strong>flammis</strong></span> <span class='ocrx_word' id='word_1_430' title='bbox 909 2693 1017 2713; x_wconf 88' lang='lat' dir='ltr'><strong>versan-</strong></span> 
     </span>
    </p>
   </div>
   <div class='ocr_carea' id='block_1_58' title="bbox 237 2731 1018 2770">
    <p class='ocr_par' dir='ltr' id='par_1_58' title="bbox 237 2731 1018 2770">
     <span class='ocr_line' id='line_1_58' title="bbox 237 2731 1018 2770; baseline -0.012 -5"><span class='ocrx_word' id='word_1_431' title='bbox 237 2742 291 2770; x_wconf 91' lang='lat' dir='ltr'><strong>tur,</strong></span> <span class='ocrx_word' id='word_1_432' title='bbox 305 2737 390 2764; x_wconf 88' lang='lat' dir='ltr'><strong>donec</strong></span> <span class='ocrx_word' id='word_1_433' title='bbox 401 2735 498 2763; x_wconf 89' lang='lat' dir='ltr'><strong>clausis</strong></span> <span class='ocrx_word' id='word_1_434' title='bbox 509 2733 584 2761; x_wconf 87' lang='lat' dir='ltr'><strong>labiis</strong></span> <span class='ocrx_word' id='word_1_435' title='bbox 593 2737 663 2765; x_wconf 84' lang='lat' dir='ltr'><strong>sunt,</strong></span> <span class='ocrx_word' id='word_1_436' title='bbox 675 2731 780 2759; x_wconf 86' lang='lat' dir='ltr'><strong>modico</strong></span> <span class='ocrx_word' id='word_1_437' title='bbox 790 2731 884 2758; x_wconf 88' lang='lat' dir='ltr'><strong>saltem</strong></span> <span class='ocrx_word' id='word_1_438' title='bbox 898 2735 1018 2764; x_wconf 89' lang='lat' dir='ltr'><strong>tempore</strong></span> 
     </span>
    </p>
   </div>
   <div class='ocr_carea' id='block_1_59' title="bbox 238 2776 1019 2813">
    <p class='ocr_par' dir='ltr' id='par_1_59' title="bbox 238 2776 1019 2813">
     <span class='ocr_line' id='line_1_59' title="bbox 238 2776 1019 2813; baseline -0.01 -3"><span class='ocrx_word' id='word_1_439' title='bbox 238 2782 361 2812; x_wconf 88' lang='lat' dir='ltr'><strong>incendio</strong></span> <span class='ocrx_word' id='word_1_440' title='bbox 379 2781 520 2813; x_wconf 86' lang='lat' dir='ltr'><strong>resistere;</strong></span> <span class='ocrx_word' id='word_1_441' title='bbox 538 2780 561 2808; x_wconf 92' lang='lat' dir='ltr'><strong>si</strong></span> <span class='ocrx_word' id='word_1_442' title='bbox 575 2783 664 2807; x_wconf 83' lang='lat' dir='ltr'><strong>autem</strong></span> <span class='ocrx_word' id='word_1_443' title='bbox 687 2786 718 2806; x_wconf 92' lang='lat' dir='ltr'><strong>os</strong></span> <span class='ocrx_word' id='word_1_444' title='bbox 743 2777 910 2812; x_wconf 82' lang='lat' dir='ltr'><strong>aperuerint,</strong></span> <span class='ocrx_word' id='word_1_445' title='bbox 931 2776 1019 2803; x_wconf 87' lang='lat' dir='ltr'><strong>statim</strong></span> 
     </span>
    </p>
   </div>
   <div class='ocr_carea' id='block_1_60' title="bbox 238 2821 1019 2863">
    <p class='ocr_par' dir='ltr' id='par_1_60' title="bbox 238 2821 1019 2863">
     <span class='ocr_line' id='line_1_60' title="bbox 238 2821 1019 2863; baseline -0.009 -8"><span class='ocrx_word' id='word_1_446' title='bbox 238 2829 351 2860; x_wconf 69' lang='lat' dir='ltr'><strong>animam</strong></span> <span class='ocrx_word' id='word_1_447' title='bbox 368 2836 381 2855; x_wconf 84' lang='lat' dir='ltr'><strong>a</strong></span> <span class='ocrx_word' id='word_1_448' title='bbox 401 2835 512 2863; x_wconf 69' lang='lat' dir='ltr'><strong>corpore</strong></span> <span class='ocrx_word' id='word_1_449' title='bbox 535 2826 649 2854; x_wconf 71' lang='lat' dir='ltr'><strong>avolare.</strong></span> <span class='ocrx_word' id='word_1_450' title='bbox 669 2824 857 2853; x_wconf 78' lang='lat' dir='ltr'><strong>Verumtamen</strong></span> <span class='ocrx_word' id='word_1_451' title='bbox 882 2827 919 2850; x_wconf 88' lang='lat' dir='ltr'><strong>tot</strong></span> <span class='ocrx_word' id='word_1_452' title='bbox 942 2821 1019 2849; x_wconf 79' lang='lat' dir='ltr'><strong>editis</strong></span> 
     </span>
    </p>
   </div>
   <div class='ocr_carea' id='block_1_61' title="bbox 566 118 1468 150">
    <p class='ocr_par' dir='ltr' id='par_1_61' title="bbox 566 118 1468 150">
     <span class='ocr_line' id='line_1_61' title="bbox 566 118 1468 150; baseline -0.002 0"><span class='ocrx_word' id='word_1_453' title='bbox 566 122 593 150; x_wconf 88' lang='lat' dir='ltr'><strong>S.</strong></span> <span class='ocrx_word' id='word_1_454' title='bbox 614 121 751 150; x_wconf 75' lang='lat' dir='ltr'><strong>JOANNIS</strong></span> <span class='ocrx_word' id='word_1_455' title='bbox 769 118 1006 149; x_wconf 76' lang='lat' dir='ltr'><strong>CllliYSOSTOMi</strong></span> <span class='ocrx_word' id='word_1_456' title='bbox 1024 118 1182 147; x_wconf 67' lang='lat' dir='ltr'><strong>ARCHIL‘P.</strong></span> <span class='ocrx_word' id='word_1_457' title='bbox 1203 119 1468 149; x_wconf 78' lang='lat' dir='ltr'><strong>CONSTANTINOP.</strong></span> 
     </span>
    </p>
   </div>
   <div class='ocr_carea' id='block_1_62' title="bbox 1785 122 1837 150">
    <p class='ocr_par' dir='ltr' id='par_1_62' title="bbox 1785 122 1837 150">
     <span class='ocr_line' id='line_1_62' title="bbox 1785 122 1837 150; baseline 0 -1"><span class='ocrx_word' id='word_1_458' title='bbox 1785 122 1837 150; x_wconf 64' lang='lat'><strong>284</strong></span> 
     </span>
    </p>
   </div>
   <div class='ocr_carea' id='block_1_63' title="bbox 1054 177 1836 216">
    <p class='ocr_par' dir='ltr' id='par_1_63' title="bbox 1054 177 1836 216">
     <span class='ocr_line' id='line_1_63' title="bbox 1054 177 1836 216; baseline 0.003 -12"><span class='ocrx_word' id='word_1_459' title='bbox 1054 177 1197 206; x_wconf 81' lang='lat' dir='ltr'><strong>miraruh‘s.</strong></span> <span class='ocrx_word' id='word_1_460' title='bbox 1217 178 1391 214; x_wconf 88' lang='lat' dir='ltr'><strong>omnibusque</strong></span> <span class='ocrx_word' id='word_1_461' title='bbox 1410 177 1538 213; x_wconf 83' lang='lat' dir='ltr'><strong>attonitis,</strong></span> <span class='ocrx_word' id='word_1_462' title='bbox 1553 183 1606 207; x_wconf 90' lang='lat' dir='ltr'><strong>tam</strong></span> <span class='ocrx_word' id='word_1_463' title='bbox 1620 179 1796 216; x_wconf 70' lang='lat' dir='ltr'><strong>praesentibus</strong></span> <span class='ocrx_word' id='word_1_464' title='bbox 1810 184 1836 207; x_wconf 87' lang='lat' dir='ltr'><strong>et</strong></span> 
     </span>
    </p>
   </div>
   <div class='ocr_carea' id='block_1_64' title="bbox 1052 225 1838 261">
    <p class='ocr_par' dir='ltr' id='par_1_64' title="bbox 1052 225 1838 261">
     <span class='ocr_line' id='line_1_64' title="bbox 1052 225 1838 261; baseline 0.004 -10"><span class='ocrx_word' id='word_1_465' title='bbox 1052 225 1233 258; x_wconf 85' lang='lat' dir='ltr'><strong>spectantibus</strong></span> <span class='ocrx_word' id='word_1_466' title='bbox 1245 232 1324 259; x_wconf 84' lang='lat' dir='ltr'><strong>quam</strong></span> <span class='ocrx_word' id='word_1_467' title='bbox 1339 225 1502 259; x_wconf 85' lang='lat' dir='ltr'><strong>absentibus,</strong></span> <span class='ocrx_word' id='word_1_468' title='bbox 1518 225 1562 261; x_wconf 88' lang='lat' dir='ltr'><strong>qui</strong></span> <span class='ocrx_word' id='word_1_469' title='bbox 1579 225 1605 253; x_wconf 92' lang='lat' dir='ltr'><strong>id</strong></span> <span class='ocrx_word' id='word_1_470' title='bbox 1621 233 1669 261; x_wconf 89' lang='lat' dir='ltr'><strong>per</strong></span> <span class='ocrx_word' id='word_1_471' title='bbox 1681 226 1771 254; x_wconf 83' lang='lat' dir='ltr'><strong>literas</strong></span> <span class='ocrx_word' id='word_1_472' title='bbox 1781 227 1838 254; x_wconf 81' lang='lat' dir='ltr'><strong>edi-</strong></span> 
     </span>
    </p>
   </div>
   <div class='ocr_carea' id='block_1_65' title="bbox 1053 269 1838 306">
    <p class='ocr_par' dir='ltr' id='par_1_65' title="bbox 1053 269 1838 306">
     <span class='ocr_line' id='line_1_65' title="bbox 1053 269 1838 306; baseline 0.004 -10"><span class='ocrx_word' id='word_1_473' title='bbox 1053 269 1182 303; x_wconf 77' lang='lat' dir='ltr'><strong>dicarunt,</strong></span> <span class='ocrx_word' id='word_1_474' title='bbox 1200 277 1246 297; x_wconf 92' lang='lat' dir='ltr'><strong>rex</strong></span> <span class='ocrx_word' id='word_1_475' title='bbox 1260 270 1303 298; x_wconf 90' lang='lat' dir='ltr'><strong>ille</strong></span> <span class='ocrx_word' id='word_1_476' title='bbox 1315 270 1359 306; x_wconf 91' lang='lat' dir='ltr'><strong>qui</strong></span> <span class='ocrx_word' id='word_1_477' title='bbox 1372 270 1437 298; x_wconf 90' lang='lat' dir='ltr'><strong>alios</strong></span> <span class='ocrx_word' id='word_1_478' title='bbox 1454 271 1590 304; x_wconf 83' lang='lat' dir='ltr'><strong>docuerat,</strong></span> <span class='ocrx_word' id='word_1_479' title='bbox 1604 271 1752 299; x_wconf 86' lang='lat' dir='ltr'><strong>obstinatus</strong></span> <span class='ocrx_word' id='word_1_480' title='bbox 1763 280 1838 299; x_wconf 85' lang='lat' dir='ltr'><strong>man-</strong></span> 
     </span>
    </p>
   </div>
   <div class='ocr_carea' id='block_1_66' title="bbox 1053 315 1838 351">
    <p class='ocr_par' dir='ltr' id='par_1_66' title="bbox 1053 315 1838 351">
     <span class='ocr_line' id='line_1_66' title="bbox 1053 315 1838 351; baseline 0.004 -10"><span class='ocrx_word' id='word_1_481' title='bbox 1053 315 1097 348; x_wconf 89' lang='lat' dir='ltr'><strong>sit,</strong></span> <span class='ocrx_word' id='word_1_482' title='bbox 1114 319 1139 342; x_wconf 91' lang='lat' dir='ltr'><strong>et</strong></span> <span class='ocrx_word' id='word_1_483' title='bbox 1148 315 1180 342; x_wconf 91' lang='lat' dir='ltr'><strong>ad</strong></span> <span class='ocrx_word' id='word_1_484' title='bbox 1193 316 1330 350; x_wconf 81' lang='lat' dir='ltr'><strong>pristinam</strong></span> <span class='ocrx_word' id='word_1_485' title='bbox 1346 323 1469 344; x_wconf 86' lang='lat' dir='ltr'><strong>reversus</strong></span> <span class='ocrx_word' id='word_1_486' title='bbox 1483 321 1525 344; x_wconf 87' lang='lat' dir='ltr'><strong>est</strong></span> <span class='ocrx_word' id='word_1_487' title='bbox 1534 316 1741 351; x_wconf 87' lang='lat' dir='ltr'><strong>improbitatem.</strong></span> <span class='ocrx_word' id='word_1_488' title='bbox 1754 318 1792 344; x_wconf 82' lang='lat' dir='ltr'><strong>Ae</strong></span> <span class='ocrx_word' id='word_1_489' title='bbox 1803 325 1838 344; x_wconf 85' lang='lat' dir='ltr'><strong>ne</strong></span> 
     </span>
    </p>
   </div>
   <div class='ocr_carea' id='block_1_67' title="bbox 1053 361 1838 398">
    <p class='ocr_par' dir='ltr' id='par_1_67' title="bbox 1053 361 1838 398">
     <span class='ocr_line' id='line_1_67' title="bbox 1053 361 1838 398; baseline 0.004 -11"><span class='ocrx_word' id='word_1_490' title='bbox 1053 361 1091 388; x_wconf 89' lang='lat' dir='ltr'><strong>sic</strong></span> <span class='ocrx_word' id='word_1_491' title='bbox 1101 361 1206 396; x_wconf 90' lang='lat' dir='ltr'><strong>quidem</strong></span> <span class='ocrx_word' id='word_1_492' title='bbox 1219 362 1294 390; x_wconf 92' lang='lat' dir='ltr'><strong>illum</strong></span> <span class='ocrx_word' id='word_1_493' title='bbox 1309 363 1378 390; x_wconf 88' lang='lat' dir='ltr'><strong>Deus</strong></span> <span class='ocrx_word' id='word_1_494' title='bbox 1391 363 1502 398; x_wconf 90' lang='lat' dir='ltr'><strong>punivit,</strong></span> <span class='ocrx_word' id='word_1_495' title='bbox 1516 362 1564 390; x_wconf 90' lang='lat' dir='ltr'><strong>sed</strong></span> <span class='ocrx_word' id='word_1_496' title='bbox 1577 363 1710 397; x_wconf 88' lang='lat' dir='ltr'><strong>patienter</strong></span> <span class='ocrx_word' id='word_1_497' title='bbox 1724 363 1792 396; x_wconf 87' lang='lat' dir='ltr'><strong>tulit,</strong></span> <span class='ocrx_word' id='word_1_498' title='bbox 1807 371 1838 391; x_wconf 92' lang='lat' dir='ltr'><strong>ac</strong></span> 
     </span>
    </p>
   </div>
   <div class='ocr_carea' id='block_1_68' title="bbox 1053 407 1835 444">
    <p class='ocr_par' dir='ltr' id='par_1_68' title="bbox 1053 407 1835 444">
     <span class='ocr_line' id='line_1_68' title="bbox 1053 407 1835 444; baseline 0.003 -11"><span class='ocrx_word' id='word_1_499' title='bbox 1053 413 1100 441; x_wconf 92' lang='lat' dir='ltr'><strong>per</strong></span> <span class='ocrx_word' id='word_1_500' title='bbox 1123 407 1254 434; x_wconf 90' lang='lat' dir='ltr'><strong>somnium</strong></span> <span class='ocrx_word' id='word_1_501' title='bbox 1276 415 1373 442; x_wconf 89' lang='lat' dir='ltr'><strong>perque</strong></span> <span class='ocrx_word' id='word_1_502' title='bbox 1393 407 1549 444; x_wconf 88' lang='lat' dir='ltr'><strong>prophetam</strong></span> <span class='ocrx_word' id='word_1_503' title='bbox 1569 415 1759 440; x_wconf 90' lang='lat' dir='ltr'><strong>commonens,</strong></span> <span class='ocrx_word' id='word_1_504' title='bbox 1775 415 1835 436; x_wconf 92' lang='lat' dir='ltr'><strong>cum</strong></span> 
     </span>
    </p>
   </div>
   <div class='ocr_carea' id='block_1_69' title="bbox 1053 453 1836 489">
    <p class='ocr_par' dir='ltr' id='par_1_69' title="bbox 1053 453 1836 489">
     <span class='ocr_line' id='line_1_69' title="bbox 1053 453 1836 489; baseline 0.003 -9"><span class='ocrx_word' id='word_1_505' title='bbox 1053 453 1096 480; x_wconf 92' lang='lat' dir='ltr'><strong>tali</strong></span> <span class='ocrx_word' id='word_1_506' title='bbox 1112 454 1152 480; x_wconf 85' lang='lat' dir='ltr'><strong>via</strong></span> <span class='ocrx_word' id='word_1_507' title='bbox 1169 453 1252 481; x_wconf 86' lang='lat' dir='ltr'><strong>nihilo</strong></span> <span class='ocrx_word' id='word_1_508' title='bbox 1270 454 1363 481; x_wconf 89' lang='lat' dir='ltr'><strong>melior</strong></span> <span class='ocrx_word' id='word_1_509' title='bbox 1383 454 1518 487; x_wconf 79' lang='lat' dir='ltr'><strong>evaderet,</strong></span> <span class='ocrx_word' id='word_1_510' title='bbox 1535 461 1641 489; x_wconf 65' lang='lat' dir='ltr'><strong>poenam</strong></span> <span class='ocrx_word' id='word_1_511' title='bbox 1656 454 1763 482; x_wconf 90' lang='lat' dir='ltr'><strong>demum</strong></span> <span class='ocrx_word' id='word_1_512' title='bbox 1785 454 1836 481; x_wconf 88' lang='lat' dir='ltr'><strong>im-</strong></span> 
     </span>
    </p>
   </div>
   <div class='ocr_carea' id='block_1_70' title="bbox 1051 498 1836 535">
    <p class='ocr_par' dir='ltr' id='par_1_70' title="bbox 1051 498 1836 535">
     <span class='ocr_line' id='line_1_70' title="bbox 1051 498 1836 535; baseline 0.003 -10"><span class='ocrx_word' id='word_1_513' title='bbox 1051 498 1133 530; x_wconf 90' lang='lat' dir='ltr'><strong>misit,</strong></span> <span class='ocrx_word' id='word_1_514' title='bbox 1156 506 1208 525; x_wconf 93' lang='lat' dir='ltr'><strong>non</strong></span> <span class='ocrx_word' id='word_1_515' title='bbox 1227 499 1359 534; x_wconf 72' lang='lat' dir='ltr'><strong>praeterita</strong></span> <span class='ocrx_word' id='word_1_516' title='bbox 1381 499 1529 532; x_wconf 90' lang='lat' dir='ltr'><strong>ulciscens,</strong></span> <span class='ocrx_word' id='word_1_517' title='bbox 1547 499 1594 527; x_wconf 92' lang='lat' dir='ltr'><strong>sed</strong></span> <span class='ocrx_word' id='word_1_518' title='bbox 1608 499 1694 526; x_wconf 91' lang='lat' dir='ltr'><strong>futura</strong></span> <span class='ocrx_word' id='word_1_519' title='bbox 1710 500 1836 535; x_wconf 72' lang='lat' dir='ltr'><strong>przescin-</strong></span> 
     </span>
    </p>
   </div>
   <div class='ocr_carea' id='block_1_71' title="bbox 1051 543 1836 580">
    <p class='ocr_par' dir='ltr' id='par_1_71' title="bbox 1051 543 1836 580">
     <span class='ocr_line' id='line_1_71' title="bbox 1051 543 1836 580; baseline 0.001 -9"><span class='ocrx_word' id='word_1_520' title='bbox 1051 543 1118 571; x_wconf 90' lang='lat' dir='ltr'><strong>dens</strong></span> <span class='ocrx_word' id='word_1_521' title='bbox 1142 544 1221 576; x_wconf 87' lang='lat' dir='ltr'><strong>mala,</strong></span> <span class='ocrx_word' id='word_1_522' title='bbox 1242 548 1269 572; x_wconf 91' lang='lat' dir='ltr'><strong>et</strong></span> <span class='ocrx_word' id='word_1_523' title='bbox 1287 544 1483 580; x_wconf 83' lang='lat' dir='ltr'><strong>improbitatem</strong></span> <span class='ocrx_word' id='word_1_524' title='bbox 1502 551 1535 572; x_wconf 88' lang='lat' dir='ltr'><strong>ne</strong></span> <span class='ocrx_word' id='word_1_525' title='bbox 1548 545 1658 572; x_wconf 88' lang='lat' dir='ltr'><strong>ulterius</strong></span> <span class='ocrx_word' id='word_1_526' title='bbox 1680 545 1836 580; x_wconf 87' lang='lat' dir='ltr'><strong>procederet</strong></span> 
     </span>
    </p>
   </div>
   <div class='ocr_carea' id='block_1_72' title="bbox 1053 590 1837 626">
    <p class='ocr_par' dir='ltr' id='par_1_72' title="bbox 1053 590 1837 626">
     <span class='ocr_line' id='line_1_72' title="bbox 1053 590 1837 626; baseline 0.001 -9"><span class='ocrx_word' id='word_1_527' title='bbox 1053 597 1199 618; x_wconf 90' lang='lat' dir='ltr'><strong>coercens:</strong></span> <span class='ocrx_word' id='word_1_528' title='bbox 1222 597 1308 626; x_wconf 89' lang='lat' dir='ltr'><strong>neque</strong></span> <span class='ocrx_word' id='word_1_529' title='bbox 1328 595 1416 618; x_wconf 83' lang='lat' dir='ltr'><strong>tamen</strong></span> <span class='ocrx_word' id='word_1_530' title='bbox 1436 598 1521 625; x_wconf 89' lang='lat' dir='ltr'><strong>usque</strong></span> <span class='ocrx_word' id='word_1_531' title='bbox 1540 592 1567 618; x_wconf 94' lang='lat' dir='ltr'><strong>in</strong></span> <span class='ocrx_word' id='word_1_532' title='bbox 1587 590 1681 623; x_wconf 82' lang='lat' dir='ltr'><strong>tinem;</strong></span> <span class='ocrx_word' id='word_1_533' title='bbox 1698 595 1837 626; x_wconf 88' lang='lat' dir='ltr'><strong>postquam</strong></span> 
     </span>
    </p>
   </div>
   <div class='ocr_carea' id='block_1_73' title="bbox 1052 636 1837 672">
    <p class='ocr_par' dir='ltr' id='par_1_73' title="bbox 1052 636 1837 672">
     <span class='ocr_line' id='line_1_73' title="bbox 1052 636 1837 672; baseline 0 -8"><span class='ocrx_word' id='word_1_534' title='bbox 1052 636 1122 664; x_wconf 86' lang='lat' dir='ltr'><strong>enim</strong></span> <span class='ocrx_word' id='word_1_535' title='bbox 1138 637 1227 670; x_wconf 87' lang='lat' dir='ltr'><strong>paucis</strong></span> <span class='ocrx_word' id='word_1_536' title='bbox 1247 637 1320 664; x_wconf 90' lang='lat' dir='ltr'><strong>illum</strong></span> <span class='ocrx_word' id='word_1_537' title='bbox 1338 637 1415 664; x_wconf 86' lang='lat' dir='ltr'><strong>annis</strong></span> <span class='ocrx_word' id='word_1_538' title='bbox 1435 637 1608 671; x_wconf 79' lang='lat' dir='ltr'><strong>castigasset,</strong></span> <span class='ocrx_word' id='word_1_539' title='bbox 1623 637 1734 672; x_wconf 89' lang='lat' dir='ltr'><strong>pristino</strong></span> <span class='ocrx_word' id='word_1_540' title='bbox 1747 637 1837 664; x_wconf 90' lang='lat' dir='ltr'><strong>reddi-</strong></span> 
     </span>
    </p>
   </div>
   <div class='ocr_carea' id='block_1_74' title="bbox 1053 681 1836 717">
    <p class='ocr_par' dir='ltr' id='par_1_74' title="bbox 1053 681 1836 717">
     <span class='ocr_line' id='line_1_74' title="bbox 1053 681 1836 717; baseline 0.001 -9"><span class='ocrx_word' id='word_1_541' title='bbox 1053 681 1091 709; x_wconf 91' lang='lat' dir='ltr'><strong>dit</strong></span> <span class='ocrx_word' id='word_1_542' title='bbox 1108 681 1220 714; x_wconf 90' lang='lat' dir='ltr'><strong>honori,</strong></span> <span class='ocrx_word' id='word_1_543' title='bbox 1236 682 1307 709; x_wconf 90' lang='lat' dir='ltr'><strong>nullo</strong></span> <span class='ocrx_word' id='word_1_544' title='bbox 1319 681 1415 709; x_wconf 87' lang='lat' dir='ltr'><strong>damno</strong></span> <span class='ocrx_word' id='word_1_545' title='bbox 1428 682 1565 709; x_wconf 89' lang='lat' dir='ltr'><strong>multatum</strong></span> <span class='ocrx_word' id='word_1_546' title='bbox 1582 690 1615 710; x_wconf 90' lang='lat' dir='ltr'><strong>ex</strong></span> <span class='ocrx_word' id='word_1_547' title='bbox 1630 689 1717 717; x_wconf 66' lang='lat' dir='ltr'><strong>pinna,</strong></span> <span class='ocrx_word' id='word_1_548' title='bbox 1733 681 1780 709; x_wconf 89' lang='lat' dir='ltr'><strong>sed</strong></span> <span class='ocrx_word' id='word_1_549' title='bbox 1790 681 1836 709; x_wconf 89' lang='lat' dir='ltr'><strong>bo-</strong></span> 
     </span>
    </p>
   </div>
   <div class='ocr_carea' id='block_1_75' title="bbox 1055 727 1837 762">
    <p class='ocr_par' dir='ltr' id='par_1_75' title="bbox 1055 727 1837 762">
     <span class='ocr_line' id='line_1_75' title="bbox 1055 727 1837 762; baseline 0 -8"><span class='ocrx_word' id='word_1_550' title='bbox 1055 735 1118 754; x_wconf 92' lang='lat' dir='ltr'><strong>num</strong></span> <span class='ocrx_word' id='word_1_551' title='bbox 1129 727 1246 755; x_wconf 91' lang='lat' dir='ltr'><strong>omnium</strong></span> <span class='ocrx_word' id='word_1_552' title='bbox 1258 729 1402 755; x_wconf 85' lang='lat' dir='ltr'><strong>maximum</strong></span> <span class='ocrx_word' id='word_1_553' title='bbox 1416 728 1544 755; x_wconf 89' lang='lat' dir='ltr'><strong>lucratum</strong></span> <span class='ocrx_word' id='word_1_554' title='bbox 1555 747 1562 761; x_wconf 94' lang='lat'><strong>,</strong></span> <span class='ocrx_word' id='word_1_555' title='bbox 1577 732 1606 754; x_wconf 94' lang='lat' dir='ltr'><strong>ut</strong></span> <span class='ocrx_word' id='word_1_556' title='bbox 1618 735 1713 762; x_wconf 92' lang='lat' dir='ltr'><strong>nempe</strong></span> <span class='ocrx_word' id='word_1_557' title='bbox 1727 727 1837 755; x_wconf 81' lang='lat' dir='ltr'><strong>firmiter</strong></span> 
     </span>
    </p>
   </div>
   <div class='ocr_carea' id='block_1_76' title="bbox 1053 772 1837 816">
    <p class='ocr_par' dir='ltr' id='par_1_76' title="bbox 1053 772 1837 816">
     <span class='ocr_line' id='line_1_76' title="bbox 1053 772 1837 816; baseline 0.001 -16"><span class='ocrx_word' id='word_1_558' title='bbox 1053 773 1113 800; x_wconf 84' lang='lat' dir='ltr'><strong>fidei</strong></span> <span class='ocrx_word' id='word_1_559' title='bbox 1134 781 1205 816; x_wconf 76' lang='lat' dir='ltr'><strong>erga</strong></span> <span class='ocrx_word' id='word_1_560' title='bbox 1224 773 1307 800; x_wconf 90' lang='lat' dir='ltr'><strong>Deum</strong></span> <span class='ocrx_word' id='word_1_561' title='bbox 1322 772 1453 807; x_wconf 64' lang='lat' dir='ltr'><strong>haereret,</strong></span> <span class='ocrx_word' id='word_1_562' title='bbox 1469 780 1500 801; x_wconf 90' lang='lat' dir='ltr'><strong>ac</strong></span> <span class='ocrx_word' id='word_1_563' title='bbox 1515 773 1548 801; x_wconf 90' lang='lat' dir='ltr'><strong>de</strong></span> <span class='ocrx_word' id='word_1_564' title='bbox 1567 774 1681 808; x_wconf 84' lang='lat' dir='ltr'><strong>peccatis</strong></span> <span class='ocrx_word' id='word_1_565' title='bbox 1703 773 1837 809; x_wconf 77' lang='lat' dir='ltr'><strong>prioribus</strong></span> 
     </span>
    </p>
   </div>
   <div class='ocr_carea' id='block_1_77' title="bbox 1055 818 1351 853">
    <p class='ocr_par' dir='ltr' id='par_1_77' title="bbox 1055 818 1351 853">
     <span class='ocr_line' id='line_1_77' title="bbox 1055 818 1351 853; baseline 0.003 -8"><span class='ocrx_word' id='word_1_566' title='bbox 1055 818 1238 853; x_wconf 77' lang='lat' dir='ltr'><strong>pmnitentiam</strong></span> <span class='ocrx_word' id='word_1_567' title='bbox 1252 823 1351 853; x_wconf 85' lang='lat' dir='ltr'><strong>ageret.</strong></span> 
     </span>
    </p>
   </div>
   <div class='ocr_carea' id='block_1_78' title="bbox 1088 873 1836 909">
    <p class='ocr_par' dir='ltr' id='par_1_78' title="bbox 1088 873 1836 909">
     <span class='ocr_line' id='line_1_78' title="bbox 1088 873 1836 909; baseline 0.004 -9"><span class='ocrx_word' id='word_1_568' title='bbox 1088 873 1115 901; x_wconf 86' lang='lat'><strong>6.</strong></span> <span class='ocrx_word' id='word_1_569' title='bbox 1140 873 1287 909; x_wconf 85' lang='lat' dir='ltr'><strong>Numquam</strong></span> <span class='ocrx_word' id='word_1_570' title='bbox 1297 879 1424 901; x_wconf 77' lang='lat' dir='ltr'><strong>aversatur</strong></span> <span class='ocrx_word' id='word_1_571' title='bbox 1437 873 1505 901; x_wconf 73' lang='lat' dir='ltr'><strong>Deus</strong></span> <span class='ocrx_word' id='word_1_572' title='bbox 1519 874 1641 902; x_wconf 64' lang='lat' dir='ltr'><strong>sincerum</strong></span> <span class='ocrx_word' id='word_1_573' title='bbox 1656 874 1836 909; x_wconf 72' lang='lat' dir='ltr'><strong>pmnitentiam.</strong></span> 
     </span>
    </p>
   </div>
   <div class='ocr_carea' id='block_1_79' title="bbox 1052 919 1838 955">
    <p class='ocr_par' dir='ltr' id='par_1_79' title="bbox 1052 919 1838 955">
     <span class='ocr_line' id='line_1_79' title="bbox 1052 919 1838 955; baseline 0.001 -8"><span class='ocrx_word' id='word_1_574' title='bbox 1052 934 1087 939; x_wconf 90' lang='lat'><strong>——</strong></span> <span class='ocrx_word' id='word_1_575' title='bbox 1103 919 1258 954; x_wconf 84' lang='lat' dir='ltr'><strong>Huiusmodi</strong></span> <span class='ocrx_word' id='word_1_576' title='bbox 1277 919 1374 954; x_wconf 88' lang='lat' dir='ltr'><strong>quippe</strong></span> <span class='ocrx_word' id='word_1_577' title='bbox 1391 923 1431 947; x_wconf 90' lang='lat' dir='ltr'><strong>est</strong></span> <span class='ocrx_word' id='word_1_578' title='bbox 1449 919 1496 947; x_wconf 89' lang='lat' dir='ltr'><strong>Dei</strong></span> <span class='ocrx_word' id='word_1_579' title='bbox 1512 927 1574 955; x_wconf 82' lang='lat' dir='ltr'><strong>erga</strong></span> <span class='ocrx_word' id='word_1_580' title='bbox 1586 919 1706 947; x_wconf 88' lang='lat' dir='ltr'><strong>homines</strong></span> <span class='ocrx_word' id='word_1_581' title='bbox 1720 919 1838 948; x_wconf 86' lang='lat' dir='ltr'><strong>clemen-</strong></span> 
     </span>
    </p>
   </div>
   <div class='ocr_carea' id='block_1_80' title="bbox 1053 965 1838 1000">
    <p class='ocr_par' dir='ltr' id='par_1_80' title="bbox 1053 965 1838 1000">
     <span class='ocr_line' id='line_1_80' title="bbox 1053 965 1838 1000; baseline 0.001 -8"><span class='ocrx_word' id='word_1_582' title='bbox 1053 965 1106 993; x_wconf 87' lang='lat' dir='ltr'><strong>tia:</strong></span> <span class='ocrx_word' id='word_1_583' title='bbox 1123 972 1265 1000; x_wconf 90' lang='lat' dir='ltr'><strong>numquam</strong></span> <span class='ocrx_word' id='word_1_584' title='bbox 1280 970 1416 992; x_wconf 83' lang='lat' dir='ltr'><strong>aversatur</strong></span> <span class='ocrx_word' id='word_1_585' title='bbox 1430 965 1560 992; x_wconf 84' lang='lat' dir='ltr'><strong>sinceram</strong></span> <span class='ocrx_word' id='word_1_586' title='bbox 1575 965 1772 999; x_wconf 67' lang='lat' dir='ltr'><strong>paenitentiam;</strong></span> <span class='ocrx_word' id='word_1_587' title='bbox 1790 965 1838 993; x_wconf 88' lang='lat' dir='ltr'><strong>sed</strong></span> 
     </span>
    </p>
   </div>
   <div class='ocr_carea' id='block_1_81' title="bbox 1052 1010 1839 1045">
    <p class='ocr_par' dir='ltr' id='par_1_81' title="bbox 1052 1010 1839 1045">
     <span class='ocr_line' id='line_1_81' title="bbox 1052 1010 1839 1045; baseline 0.004 -9"><span class='ocrx_word' id='word_1_588' title='bbox 1052 1010 1155 1037; x_wconf 89' lang='lat' dir='ltr'><strong>etiarnsi</strong></span> <span class='ocrx_word' id='word_1_589' title='bbox 1170 1010 1228 1044; x_wconf 89' lang='lat' dir='ltr'><strong>quis</strong></span> <span class='ocrx_word' id='word_1_590' title='bbox 1242 1010 1267 1036; x_wconf 95' lang='lat' dir='ltr'><strong>in</strong></span> <span class='ocrx_word' id='word_1_591' title='bbox 1282 1014 1429 1037; x_wconf 90' lang='lat' dir='ltr'><strong>extremum</strong></span> <span class='ocrx_word' id='word_1_592' title='bbox 1448 1010 1623 1045; x_wconf 89' lang='lat' dir='ltr'><strong>improbitatis</strong></span> <span class='ocrx_word' id='word_1_593' title='bbox 1639 1010 1774 1045; x_wconf 86' lang='lat' dir='ltr'><strong>pertigerit</strong></span> <span class='ocrx_word' id='word_1_594' title='bbox 1785 1031 1793 1043; x_wconf 89' lang='lat'><strong>,</strong></span> <span class='ocrx_word' id='word_1_595' title='bbox 1811 1016 1839 1039; x_wconf 91' lang='lat' dir='ltr'><strong>et</strong></span> 
     </span>
    </p>
   </div>
   <div class='ocr_carea' id='block_1_82' title="bbox 1053 1054 1839 1091">
    <p class='ocr_par' dir='ltr' id='par_1_82' title="bbox 1053 1054 1839 1091">
     <span class='ocr_line' id='line_1_82' title="bbox 1053 1054 1839 1091; baseline 0.003 -9"><span class='ocrx_word' id='word_1_596' title='bbox 1053 1055 1115 1082; x_wconf 91' lang='lat' dir='ltr'><strong>hinc</strong></span> <span class='ocrx_word' id='word_1_597' title='bbox 1126 1054 1160 1082; x_wconf 88' lang='lat' dir='ltr'><strong>ad</strong></span> <span class='ocrx_word' id='word_1_598' title='bbox 1174 1054 1278 1083; x_wconf 89' lang='lat' dir='ltr'><strong>virtutis</strong></span> <span class='ocrx_word' id='word_1_599' title='bbox 1291 1055 1360 1082; x_wconf 90' lang='lat' dir='ltr'><strong>viam</strong></span> <span class='ocrx_word' id='word_1_600' title='bbox 1375 1055 1462 1083; x_wconf 90' lang='lat' dir='ltr'><strong>redire</strong></span> <span class='ocrx_word' id='word_1_601' title='bbox 1475 1056 1588 1083; x_wconf 88' lang='lat' dir='ltr'><strong>voluerit</strong></span> <span class='ocrx_word' id='word_1_602' title='bbox 1599 1076 1608 1089; x_wconf 89' lang='lat'><strong>,</strong></span> <span class='ocrx_word' id='word_1_603' title='bbox 1628 1056 1715 1091; x_wconf 90' lang='lat' dir='ltr'><strong>ipsum</strong></span> <span class='ocrx_word' id='word_1_604' title='bbox 1729 1056 1839 1091; x_wconf 87' lang='lat' dir='ltr'><strong>suscipit</strong></span> 
     </span>
    </p>
   </div>
   <div class='ocr_carea' id='block_1_83' title="bbox 1053 1101 1838 1137">
    <p class='ocr_par' dir='ltr' id='par_1_83' title="bbox 1053 1101 1838 1137">
     <span class='ocr_line' id='line_1_83' title="bbox 1053 1101 1838 1137; baseline 0.001 -8"><span class='ocrx_word' id='word_1_605' title='bbox 1053 1105 1080 1129; x_wconf 87' lang='lat' dir='ltr'><strong>et</strong></span> <span class='ocrx_word' id='word_1_606' title='bbox 1092 1101 1268 1136; x_wconf 81' lang='lat' dir='ltr'><strong>amplexatur,</strong></span> <span class='ocrx_word' id='word_1_607' title='bbox 1281 1101 1401 1136; x_wconf 87' lang='lat' dir='ltr'><strong>nihilque</strong></span> <span class='ocrx_word' id='word_1_608' title='bbox 1415 1109 1466 1128; x_wconf 90' lang='lat' dir='ltr'><strong>non</strong></span> <span class='ocrx_word' id='word_1_609' title='bbox 1481 1102 1535 1137; x_wconf 82' lang='lat' dir='ltr'><strong>agit</strong></span> <span class='ocrx_word' id='word_1_610' title='bbox 1545 1106 1572 1129; x_wconf 93' lang='lat' dir='ltr'><strong>ut</strong></span> <span class='ocrx_word' id='word_1_611' title='bbox 1584 1109 1645 1129; x_wconf 89' lang='lat' dir='ltr'><strong>eum</strong></span> <span class='ocrx_word' id='word_1_612' title='bbox 1659 1102 1685 1129; x_wconf 93' lang='lat' dir='ltr'><strong>in</strong></span> <span class='ocrx_word' id='word_1_613' title='bbox 1699 1102 1838 1137; x_wconf 91' lang='lat' dir='ltr'><strong>pristinum</strong></span> 
     </span>
    </p>
   </div>
   <div class='ocr_carea' id='block_1_84' title="bbox 1053 1145 1839 1181">
    <p class='ocr_par' dir='ltr' id='par_1_84' title="bbox 1053 1145 1839 1181">
     <span class='ocr_line' id='line_1_84' title="bbox 1053 1145 1839 1181; baseline 0.003 -8"><span class='ocrx_word' id='word_1_614' title='bbox 1053 1150 1150 1174; x_wconf 86' lang='lat' dir='ltr'><strong>statum</strong></span> <span class='ocrx_word' id='word_1_615' title='bbox 1164 1145 1293 1173; x_wconf 88' lang='lat' dir='ltr'><strong>restituat.</strong></span> <span class='ocrx_word' id='word_1_616' title='bbox 1306 1145 1433 1181; x_wconf 82' lang='lat' dir='ltr'><strong>Quodque</strong></span> <span class='ocrx_word' id='word_1_617' title='bbox 1445 1146 1553 1181; x_wconf 85' lang='lat' dir='ltr'><strong>maioris</strong></span> <span class='ocrx_word' id='word_1_618' title='bbox 1566 1150 1607 1174; x_wconf 89' lang='lat' dir='ltr'><strong>est</strong></span> <span class='ocrx_word' id='word_1_619' title='bbox 1620 1146 1777 1180; x_wconf 67' lang='lat' dir='ltr'><strong>clementiae,</strong></span> <span class='ocrx_word' id='word_1_620' title='bbox 1789 1147 1839 1175; x_wconf 84' lang='lat' dir='ltr'><strong>etsi</strong></span> 
     </span>
    </p>
   </div>
   <div class='ocr_carea' id='block_1_85' title="bbox 1053 1190 1838 1226">
    <p class='ocr_par' dir='ltr' id='par_1_85' title="bbox 1053 1190 1838 1226">
     <span class='ocr_line' id='line_1_85' title="bbox 1053 1190 1838 1226; baseline 0.003 -8"><span class='ocrx_word' id='word_1_621' title='bbox 1053 1191 1112 1226; x_wconf 89' lang='lat' dir='ltr'><strong>quis</strong></span> <span class='ocrx_word' id='word_1_622' title='bbox 1124 1197 1176 1218; x_wconf 91' lang='lat' dir='ltr'><strong>non</strong></span> <span class='ocrx_word' id='word_1_623' title='bbox 1189 1190 1319 1225; x_wconf 77' lang='lat' dir='ltr'><strong>integram</strong></span> <span class='ocrx_word' id='word_1_624' title='bbox 1332 1190 1512 1225; x_wconf 85' lang='lat' dir='ltr'><strong>pcenitenliam</strong></span> <span class='ocrx_word' id='word_1_625' title='bbox 1523 1192 1664 1225; x_wconf 89' lang='lat' dir='ltr'><strong>exhibeat,</strong></span> <span class='ocrx_word' id='word_1_626' title='bbox 1678 1191 1792 1220; x_wconf 83' lang='lat' dir='ltr'><strong>brevem</strong></span> <span class='ocrx_word' id='word_1_627' title='bbox 1798 1197 1838 1220; x_wconf 88' lang='lat' dir='ltr'><strong>ta-</strong></span> 
     </span>
    </p>
   </div>
   <div class='ocr_carea' id='block_1_86' title="bbox 1054 1235 1840 1270">
    <p class='ocr_par' dir='ltr' id='par_1_86' title="bbox 1054 1235 1840 1270">
     <span class='ocr_line' id='line_1_86' title="bbox 1054 1235 1840 1270; baseline 0.003 -7"><span class='ocrx_word' id='word_1_628' title='bbox 1054 1243 1115 1263; x_wconf 91' lang='lat' dir='ltr'><strong>men</strong></span> <span class='ocrx_word' id='word_1_629' title='bbox 1127 1235 1200 1263; x_wconf 89' lang='lat' dir='ltr'><strong>illam</strong></span> <span class='ocrx_word' id='word_1_630' title='bbox 1213 1240 1239 1263; x_wconf 90' lang='lat' dir='ltr'><strong>et</strong></span> <span class='ocrx_word' id='word_1_631' title='bbox 1249 1235 1282 1263; x_wconf 88' lang='lat' dir='ltr'><strong>ad</strong></span> <span class='ocrx_word' id='word_1_632' title='bbox 1297 1235 1429 1264; x_wconf 89' lang='lat' dir='ltr'><strong>modicum</strong></span> <span class='ocrx_word' id='word_1_633' title='bbox 1443 1236 1587 1264; x_wconf 81' lang='lat' dir='ltr'><strong>exhibitam</strong></span> <span class='ocrx_word' id='word_1_634' title='bbox 1601 1244 1654 1264; x_wconf 90' lang='lat' dir='ltr'><strong>non</strong></span> <span class='ocrx_word' id='word_1_635' title='bbox 1668 1237 1777 1270; x_wconf 85' lang='lat' dir='ltr'><strong>abnuit,</strong></span> <span class='ocrx_word' id='word_1_636' title='bbox 1792 1237 1840 1265; x_wconf 87' lang='lat' dir='ltr'><strong>sed</strong></span> 
     </span>
    </p>
   </div>
   <div class='ocr_carea' id='block_1_87' title="bbox 1054 1281 1838 1316">
    <p class='ocr_par' dir='ltr' id='par_1_87' title="bbox 1054 1281 1838 1316">
     <span class='ocr_line' id='line_1_87' title="bbox 1054 1281 1838 1316; baseline 0.001 -7"><span class='ocrx_word' id='word_1_637' title='bbox 1054 1289 1176 1316; x_wconf 79' lang='lat' dir='ltr'><strong>magnam</strong></span> <span class='ocrx_word' id='word_1_638' title='bbox 1189 1281 1250 1309; x_wconf 91' lang='lat' dir='ltr'><strong>huic</strong></span> <span class='ocrx_word' id='word_1_639' title='bbox 1262 1281 1410 1308; x_wconf 88' lang='lat' dir='ltr'><strong>mercedem</strong></span> <span class='ocrx_word' id='word_1_640' title='bbox 1425 1281 1516 1308; x_wconf 88' lang='lat' dir='ltr'><strong>tribuit</strong></span> <span class='ocrx_word' id='word_1_641' title='bbox 1532 1290 1538 1308; x_wconf 87' lang='lat'><strong>:</strong></span> <span class='ocrx_word' id='word_1_642' title='bbox 1554 1282 1624 1316; x_wconf 88' lang='lat' dir='ltr'><strong>quod</strong></span> <span class='ocrx_word' id='word_1_643' title='bbox 1644 1289 1708 1310; x_wconf 87' lang='lat' dir='ltr'><strong>sane</strong></span> <span class='ocrx_word' id='word_1_644' title='bbox 1728 1282 1838 1310; x_wconf 53' lang='lat' dir='ltr'><strong>manife‘</strong></span> 
     </span>
    </p>
   </div>
   <div class='ocr_carea' id='block_1_88' title="bbox 1055 1326 1840 1363">
    <p class='ocr_par' dir='ltr' id='par_1_88' title="bbox 1055 1326 1840 1363">
     <span class='ocr_line' id='line_1_88' title="bbox 1055 1326 1840 1363; baseline 0.001 -9"><span class='ocrx_word' id='word_1_645' title='bbox 1055 1332 1124 1355; x_wconf 88' lang='lat' dir='ltr'><strong>sttnn</strong></span> <span class='ocrx_word' id='word_1_646' title='bbox 1138 1332 1179 1363; x_wconf 77' lang='lat' dir='ltr'><strong>est</strong></span> <span class='ocrx_word' id='word_1_647' title='bbox 1193 1335 1225 1354; x_wconf 81' lang='lat' dir='ltr'><strong>ex</strong></span> <span class='ocrx_word' id='word_1_648' title='bbox 1238 1327 1280 1359; x_wconf 92' lang='lat' dir='ltr'><strong>iis,</strong></span> <span class='ocrx_word' id='word_1_649' title='bbox 1290 1334 1349 1362; x_wconf 67' lang='lat' dir='ltr'><strong>quas</strong></span> <span class='ocrx_word' id='word_1_650' title='bbox 1363 1327 1396 1353; x_wconf 88' lang='lat' dir='ltr'><strong>de</strong></span> <span class='ocrx_word' id='word_1_651' title='bbox 1408 1326 1505 1361; x_wconf 89' lang='lat' dir='ltr'><strong>populo</strong></span> <span class='ocrx_word' id='word_1_652' title='bbox 1516 1326 1666 1354; x_wconf 65' lang='lat' dir='ltr'><strong>Iudaeorum</strong></span> <span class='ocrx_word' id='word_1_653' title='bbox 1681 1328 1745 1355; x_wconf 85' lang='lat' dir='ltr'><strong>dicit</strong></span> <span class='ocrx_word' id='word_1_654' title='bbox 1759 1328 1840 1355; x_wconf 78' lang='lat' dir='ltr'><strong>Isaias</strong></span> 
     </span>
    </p>
   </div>
   <div class='ocr_carea' id='block_1_89' title="bbox 1055 1371 1840 1408">
    <p class='ocr_par' dir='ltr' id='par_1_89' title="bbox 1055 1371 1840 1408">
     <span class='ocr_line' id='line_1_89' title="bbox 1055 1371 1840 1408; baseline -0.001 -8"><span class='ocrx_word' id='word_1_655' title='bbox 1055 1373 1181 1408; x_wconf 86' lang='lat' dir='ltr'><strong>propheta</strong></span> <span class='ocrx_word' id='word_1_656' title='bbox 1195 1372 1236 1399; x_wconf 90' lang='lat' dir='ltr'><strong>his</strong></span> <span class='ocrx_word' id='word_1_657' title='bbox 1249 1371 1335 1400; x_wconf 88' lang='lat' dir='ltr'><strong>verbis</strong></span> <span class='ocrx_word' id='word_1_658' title='bbox 1350 1380 1357 1398; x_wconf 90' lang='lat'>:</span> <span class='ocrx_word' id='word_1_659' title='bbox 1372 1371 1481 1406; x_wconf 75' lang='lat' dir='ltr'><strong>Propter</strong></span> <span class='ocrx_word' id='word_1_660' title='bbox 1499 1377 1626 1407; x_wconf 81' lang='lat' dir='ltr'><strong>peccatum</strong></span> <span class='ocrx_word' id='word_1_661' title='bbox 1639 1373 1766 1407; x_wconf 82' lang='lat' dir='ltr'><strong>paulisper</strong></span> <span class='ocrx_word' id='word_1_662' title='bbox 1778 1381 1840 1401; x_wconf 81' lang='lat' dir='ltr'><strong>con-</strong></span> 
     </span>
    </p>
   </div>
   <div class='ocr_carea' id='block_1_90' title="bbox 1055 1419 1841 1455">
    <p class='ocr_par' dir='ltr' id='par_1_90' title="bbox 1055 1419 1841 1455">
     <span class='ocr_line' id='line_1_90' title="bbox 1055 1419 1841 1455; baseline -0.003 -8"><span class='ocrx_word' id='word_1_663' title='bbox 1055 1421 1151 1450; x_wconf 75' lang='lat' dir='ltr'><strong>tristavt&#39;</strong></span> <span class='ocrx_word' id='word_1_664' title='bbox 1163 1429 1229 1454; x_wconf 82' lang='lat' dir='ltr'><strong>eum,</strong></span> <span class='ocrx_word' id='word_1_665' title='bbox 1245 1426 1268 1448; x_wconf 85' lang='lat' dir='ltr'><strong>et</strong></span> <span class='ocrx_word' id='word_1_666' title='bbox 1283 1421 1394 1455; x_wconf 69' lang='lat' dir='ltr'><strong>percussi</strong></span> <span class='ocrx_word' id='word_1_667' title='bbox 1403 1428 1472 1453; x_wconf 82' lang='lat' dir='ltr'><strong>eum,</strong></span> <span class='ocrx_word' id='word_1_668' title='bbox 1485 1425 1509 1447; x_wconf 84' lang='lat' dir='ltr'><strong>et</strong></span> <span class='ocrx_word' id='word_1_669' title='bbox 1523 1420 1601 1447; x_wconf 82' lang='lat' dir='ltr'><strong>averti</strong></span> <span class='ocrx_word' id='word_1_670' title='bbox 1611 1420 1702 1455; x_wconf 79' lang='lat' dir='ltr'><strong>faciem</strong></span> <span class='ocrx_word' id='word_1_671' title='bbox 1715 1427 1795 1445; x_wconf 84' lang='lat' dir='ltr'><strong>meam</strong></span> <span class='ocrx_word' id='word_1_672' title='bbox 1809 1419 1841 1445; x_wconf 65' lang='lat' dir='ltr'><strong>alt</strong></span> 
     </span>
    </p>
   </div>
   <div class='ocr_carea' id='block_1_91' title="bbox 1055 1466 1841 1499">
    <p class='ocr_par' dir='ltr' id='par_1_91' title="bbox 1055 1466 1841 1499">
     <span class='ocr_line' id='line_1_91' title="bbox 1055 1466 1841 1499; baseline -0.003 -7"><span class='ocrx_word' id='word_1_673' title='bbox 1055 1474 1104 1493; x_wconf 82' lang='lat' dir='ltr'><strong>eo:</strong></span> <span class='ocrx_word' id='word_1_674' title='bbox 1118 1470 1143 1493; x_wconf 78' lang='lat' dir='ltr'><strong>et</strong></span> <span class='ocrx_word' id='word_1_675' title='bbox 1154 1467 1314 1493; x_wconf 63' lang='lat' dir='ltr'><strong>contristatae</strong></span> <span class='ocrx_word' id='word_1_676' title='bbox 1328 1471 1365 1493; x_wconf 72' lang='lat' dir='ltr'><strong>est</strong></span> <span class='ocrx_word' id='word_1_677' title='bbox 1374 1487 1382 1499; x_wconf 93' lang='lat'><strong>,</strong></span> <span class='ocrx_word' id='word_1_678' title='bbox 1400 1471 1423 1492; x_wconf 85' lang='lat' dir='ltr'><strong>et</strong></span> <span class='ocrx_word' id='word_1_679' title='bbox 1435 1466 1571 1492; x_wconf 83' lang='lat' dir='ltr'><strong>ambulauit</strong></span> <span class='ocrx_word' id='word_1_680' title='bbox 1585 1469 1703 1496; x_wconf 68' lang='lat' dir='ltr'><strong>intextus;</strong></span> <span class='ocrx_word' id='word_1_681' title='bbox 1718 1469 1741 1491; x_wconf 85' lang='lat' dir='ltr'><strong>et</strong></span> <span class='ocrx_word' id='word_1_682' title='bbox 1755 1467 1841 1492; x_wconf 67' lang='lat' dir='ltr'><strong>sanant</strong></span> 
     </span>
    </p>
   </div>
   <div class='ocr_carea' id='block_1_92' title="bbox 1055 1508 1842 1546">
    <p class='ocr_par' dir='ltr' id='par_1_92' title="bbox 1055 1508 1842 1546">
     <span class='ocr_line' id='line_1_92' title="bbox 1055 1508 1842 1546; baseline -0.005 -8"><span class='ocrx_word' id='word_1_683' title='bbox 1055 1519 1121 1544; x_wconf 86' lang='lat' dir='ltr'><strong>eum,</strong></span> <span class='ocrx_word' id='word_1_684' title='bbox 1133 1515 1156 1538; x_wconf 86' lang='lat' dir='ltr'><strong>et</strong></span> <span class='ocrx_word' id='word_1_685' title='bbox 1165 1511 1306 1538; x_wconf 73' lang='lat' dir='ltr'><strong>consolatus</strong></span> <span class='ocrx_word' id='word_1_686' title='bbox 1318 1519 1374 1538; x_wconf 74' lang='lat' dir='ltr'><strong>sum</strong></span> <span class='ocrx_word' id='word_1_687' title='bbox 1387 1519 1443 1538; x_wconf 88' lang='lat' dir='ltr'><strong>eum</strong></span> <span class='ocrx_word' id='word_1_688' title='bbox 1465 1509 1548 1546; x_wconf 81' lang='lat' dir='ltr'><strong>(Isnt&#39;.</strong></span> <span class='ocrx_word' id='word_1_689' title='bbox 1560 1510 1604 1538; x_wconf 79' lang='lat'><strong>57.</strong></span> <span class='ocrx_word' id='word_1_690' title='bbox 1619 1510 1661 1537; x_wconf 80' lang='grc' dir='ltr'><strong>Π.</strong></span> <span class='ocrx_word' id='word_1_691' title='bbox 1673 1508 1736 1544; x_wconf 83' lang='grc'><strong>18).</strong></span> <span class='ocrx_word' id='word_1_692' title='bbox 1755 1508 1842 1538; x_wconf 78' lang='lat' dir='ltr'><strong>Te5tis</strong></span> 
     </span>
    </p>
   </div>
   <div class='ocr_carea' id='block_1_93' title="bbox 1056 1555 1845 1591">
    <p class='ocr_par' dir='ltr' id='par_1_93' title="bbox 1056 1555 1845 1591">
     <span class='ocr_line' id='line_1_93' title="bbox 1056 1555 1845 1591; baseline -0.003 -8"><span class='ocrx_word' id='word_1_693' title='bbox 1056 1560 1144 1584; x_wconf 88' lang='lat' dir='ltr'><strong>autem</strong></span> <span class='ocrx_word' id='word_1_694' title='bbox 1156 1556 1232 1584; x_wconf 92' lang='lat' dir='ltr'><strong>nobis</strong></span> <span class='ocrx_word' id='word_1_695' title='bbox 1244 1557 1295 1584; x_wconf 92' lang='lat' dir='ltr'><strong>erit</strong></span> <span class='ocrx_word' id='word_1_696' title='bbox 1313 1557 1484 1591; x_wconf 82' lang='lat' dir='ltr'><strong>impiissimus</strong></span> <span class='ocrx_word' id='word_1_697' title='bbox 1508 1564 1554 1584; x_wconf 90' lang='lat' dir='ltr'><strong>rex</strong></span> <span class='ocrx_word' id='word_1_698' title='bbox 1577 1556 1620 1583; x_wconf 86' lang='lat' dir='ltr'><strong>ille</strong></span> <span class='ocrx_word' id='word_1_699' title='bbox 1631 1576 1639 1587; x_wconf 90' lang='lat'><strong>,</strong></span> <span class='ocrx_word' id='word_1_700' title='bbox 1654 1555 1699 1590; x_wconf 91' lang='lat' dir='ltr'><strong>qui</strong></span> <span class='ocrx_word' id='word_1_701' title='bbox 1712 1555 1745 1581; x_wconf 92' lang='lat' dir='ltr'><strong>ab</strong></span> <span class='ocrx_word' id='word_1_702' title='bbox 1760 1562 1845 1582; x_wconf 80' lang='lat' dir='ltr'><strong>uxore</strong></span> 
     </span>
    </p>
   </div>
   <div class='ocr_carea' id='block_1_94' title="bbox 1056 1600 1843 1638">
    <p class='ocr_par' dir='ltr' id='par_1_94' title="bbox 1056 1600 1843 1638">
     <span class='ocr_line' id='line_1_94' title="bbox 1056 1600 1843 1638; baseline -0.003 -9"><span class='ocrx_word' id='word_1_703' title='bbox 1056 1602 1162 1638; x_wconf 91' lang='lat' dir='ltr'><strong>quidem</strong></span> <span class='ocrx_word' id='word_1_704' title='bbox 1177 1602 1291 1637; x_wconf 88' lang='lat' dir='ltr'><strong>peccatis</strong></span> <span class='ocrx_word' id='word_1_705' title='bbox 1304 1602 1416 1629; x_wconf 90' lang='lat' dir='ltr'><strong>traditus</strong></span> <span class='ocrx_word' id='word_1_706' title='bbox 1428 1607 1469 1629; x_wconf 89' lang='lat' dir='ltr'><strong>est</strong></span> <span class='ocrx_word' id='word_1_707' title='bbox 1482 1610 1489 1628; x_wconf 91' lang='lat'><strong><em>:</em></strong></span> <span class='ocrx_word' id='word_1_708' title='bbox 1503 1606 1530 1628; x_wconf 89' lang='lat' dir='ltr'><strong>at</strong></span> <span class='ocrx_word' id='word_1_709' title='bbox 1543 1601 1587 1629; x_wconf 91' lang='lat' dir='ltr'><strong>ubi</strong></span> <span class='ocrx_word' id='word_1_710' title='bbox 1603 1601 1715 1636; x_wconf 92' lang='lat' dir='ltr'><strong>primum</strong></span> <span class='ocrx_word' id='word_1_711' title='bbox 1729 1600 1805 1632; x_wconf 81' lang='lat' dir='ltr'><strong>luxit,</strong></span> <span class='ocrx_word' id='word_1_712' title='bbox 1816 1605 1843 1627; x_wconf 89' lang='lat' dir='ltr'><strong>et</strong></span> 
     </span>
    </p>
   </div>
   <div class='ocr_carea' id='block_1_95' title="bbox 1057 1646 1841 1679">
    <p class='ocr_par' dir='ltr' id='par_1_95' title="bbox 1057 1646 1841 1679">
     <span class='ocr_line' id='line_1_95' title="bbox 1057 1646 1841 1679; baseline 0 -5"><span class='ocrx_word' id='word_1_713' title='bbox 1057 1654 1134 1674; x_wconf 88' lang='lat' dir='ltr'><strong>sacco</strong></span> <span class='ocrx_word' id='word_1_714' title='bbox 1149 1647 1255 1674; x_wconf 86' lang='lat' dir='ltr'><strong>indutus</strong></span> <span class='ocrx_word' id='word_1_715' title='bbox 1269 1646 1384 1674; x_wconf 86' lang='lat' dir='ltr'><strong>facinora</strong></span> <span class='ocrx_word' id='word_1_716' title='bbox 1399 1654 1445 1674; x_wconf 91' lang='lat' dir='ltr'><strong>sua</strong></span> <span class='ocrx_word' id='word_1_717' title='bbox 1459 1647 1603 1679; x_wconf 89' lang='lat' dir='ltr'><strong>damnavit,</strong></span> <span class='ocrx_word' id='word_1_718' title='bbox 1618 1646 1653 1673; x_wconf 88' lang='lat' dir='ltr'><strong>ita</strong></span> <span class='ocrx_word' id='word_1_719' title='bbox 1666 1646 1715 1673; x_wconf 89' lang='lat' dir='ltr'><strong>sibi</strong></span> <span class='ocrx_word' id='word_1_720' title='bbox 1732 1646 1778 1673; x_wconf 92' lang='lat' dir='ltr'><strong>Dei</strong></span> <span class='ocrx_word' id='word_1_721' title='bbox 1791 1646 1841 1674; x_wconf 78' lang='lat' dir='ltr'><strong>mi-</strong></span> 
     </span>
    </p>
   </div>
   <div class='ocr_carea' id='block_1_96' title="bbox 1058 1691 1843 1724">
    <p class='ocr_par' dir='ltr' id='par_1_96' title="bbox 1058 1691 1843 1724">
     <span class='ocr_line' id='line_1_96' title="bbox 1058 1691 1843 1724; baseline -0.001 -5"><span class='ocrx_word' id='word_1_722' title='bbox 1058 1692 1229 1720; x_wconf 83' lang='lat' dir='ltr'><strong>sericordiam</strong></span> <span class='ocrx_word' id='word_1_723' title='bbox 1251 1692 1418 1724; x_wconf 89' lang='lat' dir='ltr'><strong>conciliavit,</strong></span> <span class='ocrx_word' id='word_1_724' title='bbox 1441 1696 1470 1719; x_wconf 90' lang='lat' dir='ltr'><strong>ut</strong></span> <span class='ocrx_word' id='word_1_725' title='bbox 1494 1692 1582 1720; x_wconf 91' lang='lat' dir='ltr'><strong>omnia</strong></span> <span class='ocrx_word' id='word_1_726' title='bbox 1603 1692 1653 1720; x_wconf 91' lang='lat' dir='ltr'><strong>sibi</strong></span> <span class='ocrx_word' id='word_1_727' title='bbox 1678 1691 1843 1718; x_wconf 88' lang='lat' dir='ltr'><strong>imminentia</strong></span> 
     </span>
    </p>
   </div>
   <div class='ocr_carea' id='block_1_97' title="bbox 1058 1737 1845 1771">
    <p class='ocr_par' dir='ltr' id='par_1_97' title="bbox 1058 1737 1845 1771">
     <span class='ocr_line' id='line_1_97' title="bbox 1058 1737 1845 1771; baseline -0.003 -5"><span class='ocrx_word' id='word_1_728' title='bbox 1058 1738 1126 1766; x_wconf 91' lang='lat' dir='ltr'><strong>mala</strong></span> <span class='ocrx_word' id='word_1_729' title='bbox 1137 1738 1256 1765; x_wconf 88' lang='lat' dir='ltr'><strong>evitaret.</strong></span> <span class='ocrx_word' id='word_1_730' title='bbox 1268 1737 1333 1766; x_wconf 82' lang='lat' dir='ltr'><strong>Nam</strong></span> <span class='ocrx_word' id='word_1_731' title='bbox 1344 1738 1413 1765; x_wconf 85' lang='lat' dir='ltr'><strong>Deus</strong></span> <span class='ocrx_word' id='word_1_732' title='bbox 1423 1738 1504 1766; x_wconf 60' lang='lat' dir='ltr'><strong>Heliae</strong></span> <span class='ocrx_word' id='word_1_733' title='bbox 1516 1738 1599 1766; x_wconf 86' lang='lat' dir='ltr'><strong>dixit:</strong></span> <span class='ocrx_word' id='word_1_734' title='bbox 1618 1738 1708 1765; x_wconf 76' lang='lat' dir='ltr'><strong>Vidisti</strong></span> <span class='ocrx_word' id='word_1_735' title='bbox 1718 1738 1845 1771; x_wconf 78' lang='lat' dir='ltr'><strong>quomodo</strong></span> 
     </span>
    </p>
   </div>
   <div class='ocr_carea' id='block_1_98' title="bbox 1058 1782 1844 1818">
    <p class='ocr_par' dir='ltr' id='par_1_98' title="bbox 1058 1782 1844 1818">
     <span class='ocr_line' id='line_1_98' title="bbox 1058 1782 1844 1818; baseline -0.003 -8"><span class='ocrx_word' id='word_1_736' title='bbox 1058 1788 1220 1818; x_wconf 80' lang='lat' dir='ltr'><strong>compunctus</strong></span> <span class='ocrx_word' id='word_1_737' title='bbox 1227 1788 1261 1811; x_wconf 77' lang='lat' dir='ltr'><strong>est</strong></span> <span class='ocrx_word' id='word_1_738' title='bbox 1270 1782 1356 1810; x_wconf 80' lang='lat' dir='ltr'><strong>Achab</strong></span> <span class='ocrx_word' id='word_1_739' title='bbox 1365 1792 1380 1809; x_wconf 93' lang='lat' dir='ltr'><strong>a</strong></span> <span class='ocrx_word' id='word_1_740' title='bbox 1390 1783 1455 1818; x_wconf 75' lang='lat' dir='ltr'><strong>facie</strong></span> <span class='ocrx_word' id='word_1_741' title='bbox 1465 1784 1538 1811; x_wconf 78' lang='lat' dir='ltr'><strong>mea?</strong></span> <span class='ocrx_word' id='word_1_742' title='bbox 1547 1783 1607 1810; x_wconf 89' lang='lat' dir='ltr'><strong>Non</strong></span> <span class='ocrx_word' id='word_1_743' title='bbox 1618 1783 1735 1810; x_wconf 81' lang='lat' dir='ltr'><strong>inducam</strong></span> <span class='ocrx_word' id='word_1_744' title='bbox 1750 1783 1844 1809; x_wconf 75' lang='lat' dir='ltr'><strong>malum</strong></span> 
     </span>
    </p>
   </div>
   <div class='ocr_carea' id='block_1_99' title="bbox 1058 1828 1842 1865">
    <p class='ocr_par' dir='ltr' id='par_1_99' title="bbox 1058 1828 1842 1865">
     <span class='ocr_line' id='line_1_99' title="bbox 1058 1828 1842 1865; baseline 0 -10"><span class='ocrx_word' id='word_1_745' title='bbox 1058 1829 1083 1855; x_wconf 82' lang='lat' dir='ltr'><strong>in</strong></span> <span class='ocrx_word' id='word_1_746' title='bbox 1097 1829 1182 1856; x_wconf 78' lang='lat' dir='ltr'><strong>diebus</strong></span> <span class='ocrx_word' id='word_1_747' title='bbox 1194 1830 1258 1864; x_wconf 77' lang='lat' dir='ltr'><strong>ejus,</strong></span> <span class='ocrx_word' id='word_1_748' title='bbox 1273 1837 1301 1856; x_wconf 84' lang='lat' dir='ltr'><strong>eo</strong></span> <span class='ocrx_word' id='word_1_749' title='bbox 1314 1829 1380 1863; x_wconf 86' lang='lat' dir='ltr'><strong>quod</strong></span> <span class='ocrx_word' id='word_1_750' title='bbox 1398 1829 1492 1864; x_wconf 81' lang='lat' dir='ltr'><strong>ﬂeverit</strong></span> <span class='ocrx_word' id='word_1_751' title='bbox 1505 1837 1520 1855; x_wconf 88' lang='lat' dir='ltr'><strong>a</strong></span> <span class='ocrx_word' id='word_1_752' title='bbox 1534 1829 1599 1864; x_wconf 78' lang='lat' dir='ltr'><strong>facie</strong></span> <span class='ocrx_word' id='word_1_753' title='bbox 1608 1837 1662 1856; x_wconf 87' lang='lat' dir='ltr'><strong>mea</strong></span> <span class='ocrx_word' id='word_1_754' title='bbox 1671 1828 1708 1865; x_wconf 80' lang='lat'><strong>(5.</strong></span> <span class='ocrx_word' id='word_1_755' title='bbox 1721 1829 1783 1864; x_wconf 82' lang='lat' dir='ltr'><strong>Reg.</strong></span> <span class='ocrx_word' id='word_1_756' title='bbox 1794 1828 1842 1855; x_wconf 74' lang='grc'><strong>21.</strong></span> 
     </span>
    </p>
   </div>
   <div class='ocr_carea' id='block_1_100' title="bbox 1058 1873 1844 1910">
    <p class='ocr_par' dir='ltr' id='par_1_100' title="bbox 1058 1873 1844 1910">
     <span class='ocr_line' id='line_1_100' title="bbox 1058 1873 1844 1910; baseline -0.003 -8"><span class='ocrx_word' id='word_1_757' title='bbox 1058 1875 1115 1910; x_wconf 75' lang='grc'><strong>29).</strong></span> <span class='ocrx_word' id='word_1_758' title='bbox 1125 1875 1188 1903; x_wconf 88' lang='lat' dir='ltr'><strong>Post</strong></span> <span class='ocrx_word' id='word_1_759' title='bbox 1202 1875 1271 1902; x_wconf 91' lang='lat' dir='ltr'><strong>hunc</strong></span> <span class='ocrx_word' id='word_1_760' title='bbox 1281 1876 1359 1902; x_wconf 89' lang='lat' dir='ltr'><strong>etiam</strong></span> <span class='ocrx_word' id='word_1_761' title='bbox 1372 1874 1507 1903; x_wconf 86' lang='lat' dir='ltr'><strong>Manasses</strong></span> <span class='ocrx_word' id='word_1_762' title='bbox 1519 1874 1556 1910; x_wconf 75' lang='lat'><strong>(2.</strong></span> <span class='ocrx_word' id='word_1_763' title='bbox 1568 1874 1659 1901; x_wconf 87' lang='lat' dir='ltr'><strong>Paral.</strong></span> <span class='ocrx_word' id='word_1_764' title='bbox 1671 1875 1715 1902; x_wconf 81' lang='grc'><strong>55.</strong></span> <span class='ocrx_word' id='word_1_765' title='bbox 1731 1874 1787 1908; x_wconf 77' lang='lat' dir='ltr'><strong>i5),</strong></span> <span class='ocrx_word' id='word_1_766' title='bbox 1799 1873 1844 1908; x_wconf 93' lang='lat' dir='ltr'><strong>qui</strong></span> 
     </span>
    </p>
   </div>
   <div class='ocr_carea' id='block_1_101' title="bbox 1059 1919 1845 1956">
    <p class='ocr_par' dir='ltr' id='par_1_101' title="bbox 1059 1919 1845 1956">
     <span class='ocr_line' id='line_1_101' title="bbox 1059 1919 1845 1956; baseline -0.003 -8"><span class='ocrx_word' id='word_1_767' title='bbox 1059 1929 1151 1949; x_wconf 90' lang='lat' dir='ltr'><strong>omnes</strong></span> <span class='ocrx_word' id='word_1_768' title='bbox 1165 1921 1267 1949; x_wconf 90' lang='lat' dir='ltr'><strong>insania</strong></span> <span class='ocrx_word' id='word_1_769' title='bbox 1280 1921 1414 1955; x_wconf 84' lang='lat' dir='ltr'><strong>superavit</strong></span> <span class='ocrx_word' id='word_1_770' title='bbox 1426 1924 1504 1956; x_wconf 90' lang='lat' dir='ltr'><strong>atque</strong></span> <span class='ocrx_word' id='word_1_771' title='bbox 1520 1919 1658 1956; x_wconf 87' lang='lat' dir='ltr'><strong>tyrannide</strong></span> <span class='ocrx_word' id='word_1_772' title='bbox 1669 1940 1677 1953; x_wconf 92' lang='lat'><strong>,</strong></span> <span class='ocrx_word' id='word_1_773' title='bbox 1692 1924 1719 1947; x_wconf 88' lang='lat' dir='ltr'><strong>et</strong></span> <span class='ocrx_word' id='word_1_774' title='bbox 1733 1919 1845 1954; x_wconf 77' lang='lat' dir='ltr'><strong>legalem</strong></span> 
     </span>
    </p>
   </div>
   <div class='ocr_carea' id='block_1_102' title="bbox 1060 1964 1845 2000">
    <p class='ocr_par' dir='ltr' id='par_1_102' title="bbox 1060 1964 1845 2000">
     <span class='ocr_line' id='line_1_102' title="bbox 1060 1964 1845 2000; baseline -0.004 -7"><span class='ocrx_word' id='word_1_775' title='bbox 1060 1967 1155 1994; x_wconf 81' lang='lat' dir='ltr'><strong>evertit</strong></span> <span class='ocrx_word' id='word_1_776' title='bbox 1166 1967 1274 1998; x_wconf 89' lang='lat' dir='ltr'><strong>cultum,</strong></span> <span class='ocrx_word' id='word_1_777' title='bbox 1291 1966 1416 2000; x_wconf 88' lang='lat' dir='ltr'><strong>templum</strong></span> <span class='ocrx_word' id='word_1_778' title='bbox 1426 1965 1531 1998; x_wconf 87' lang='lat' dir='ltr'><strong>clausit,</strong></span> <span class='ocrx_word' id='word_1_779' title='bbox 1547 1969 1574 1993; x_wconf 86' lang='lat' dir='ltr'><strong>et</strong></span> <span class='ocrx_word' id='word_1_780' title='bbox 1586 1964 1716 1993; x_wconf 89' lang='lat' dir='ltr'><strong>idolorum</strong></span> <span class='ocrx_word' id='word_1_781' title='bbox 1727 1970 1845 1991; x_wconf 89' lang='lat' dir='ltr'><strong>errorem</strong></span> 
     </span>
    </p>
   </div>
   <div class='ocr_carea' id='block_1_103' title="bbox 1062 2009 1846 2046">
    <p class='ocr_par' dir='ltr' id='par_1_103' title="bbox 1062 2009 1846 2046">
     <span class='ocr_line' id='line_1_103' title="bbox 1062 2009 1846 2046; baseline -0.005 -7"><span class='ocrx_word' id='word_1_782' title='bbox 1062 2012 1156 2039; x_wconf 84' lang='lat' dir='ltr'><strong>florere</strong></span> <span class='ocrx_word' id='word_1_783' title='bbox 1166 2011 1236 2043; x_wconf 87' lang='lat' dir='ltr'><strong>fecit,</strong></span> <span class='ocrx_word' id='word_1_784' title='bbox 1248 2011 1418 2046; x_wconf 91' lang='lat' dir='ltr'><strong>omniumque</strong></span> <span class='ocrx_word' id='word_1_785' title='bbox 1427 2011 1472 2046; x_wconf 91' lang='lat' dir='ltr'><strong>qui</strong></span> <span class='ocrx_word' id='word_1_786' title='bbox 1481 2014 1544 2038; x_wconf 91' lang='lat' dir='ltr'><strong>ante</strong></span> <span class='ocrx_word' id='word_1_787' title='bbox 1557 2010 1661 2038; x_wconf 90' lang='lat' dir='ltr'><strong>fuerant</strong></span> <span class='ocrx_word' id='word_1_788' title='bbox 1674 2009 1846 2044; x_wconf 76' lang='lat' dir='ltr'><strong>impiissimus</strong></span> 
     </span>
    </p>
   </div>
   <div class='ocr_carea' id='block_1_104' title="bbox 1061 2055 1846 2092">
    <p class='ocr_par' dir='ltr' id='par_1_104' title="bbox 1061 2055 1846 2092">
     <span class='ocr_line' id='line_1_104' title="bbox 1061 2055 1846 2092; baseline -0.006 -7"><span class='ocrx_word' id='word_1_789' title='bbox 1061 2057 1119 2090; x_wconf 89' lang='lat' dir='ltr'><strong>fuit,</strong></span> <span class='ocrx_word' id='word_1_790' title='bbox 1135 2064 1193 2084; x_wconf 90' lang='lat' dir='ltr'><strong>cum</strong></span> <span class='ocrx_word' id='word_1_791' title='bbox 1208 2061 1298 2092; x_wconf 90' lang='lat' dir='ltr'><strong>postea</strong></span> <span class='ocrx_word' id='word_1_792' title='bbox 1314 2056 1484 2090; x_wconf 87' lang='lat' dir='ltr'><strong>resipuisset,</strong></span> <span class='ocrx_word' id='word_1_793' title='bbox 1498 2056 1596 2084; x_wconf 87' lang='lat' dir='ltr'><strong>relatus</strong></span> <span class='ocrx_word' id='word_1_794' title='bbox 1609 2059 1651 2083; x_wconf 88' lang='lat' dir='ltr'><strong>est</strong></span> <span class='ocrx_word' id='word_1_795' title='bbox 1664 2055 1690 2082; x_wconf 91' lang='lat' dir='ltr'><strong>in</strong></span> <span class='ocrx_word' id='word_1_796' title='bbox 1706 2061 1846 2081; x_wconf 88' lang='lat' dir='ltr'><strong>numerum</strong></span> 
     </span>
    </p>
   </div>
   <div class='ocr_carea' id='block_1_105' title="bbox 1062 2099 1848 2136">
    <p class='ocr_par' dir='ltr' id='par_1_105' title="bbox 1062 2099 1848 2136">
     <span class='ocr_line' id='line_1_105' title="bbox 1062 2099 1848 2136; baseline -0.006 -6"><span class='ocrx_word' id='word_1_797' title='bbox 1062 2103 1206 2130; x_wconf 90' lang='lat' dir='ltr'><strong>amicorum</strong></span> <span class='ocrx_word' id='word_1_798' title='bbox 1222 2102 1278 2129; x_wconf 90' lang='lat' dir='ltr'><strong>Dei.</strong></span> <span class='ocrx_word' id='word_1_799' title='bbox 1296 2102 1324 2129; x_wconf 87' lang='lat' dir='ltr'><strong>Si</strong></span> <span class='ocrx_word' id='word_1_800' title='bbox 1339 2106 1427 2132; x_wconf 86' lang='lat' dir='ltr'><strong>autem</strong></span> <span class='ocrx_word' id='word_1_801' title='bbox 1444 2105 1587 2136; x_wconf 86' lang='lat' dir='ltr'><strong>conspecta</strong></span> <span class='ocrx_word' id='word_1_802' title='bbox 1605 2099 1773 2135; x_wconf 84' lang='lat' dir='ltr'><strong>iniquitatum</strong></span> <span class='ocrx_word' id='word_1_803' title='bbox 1786 2106 1848 2127; x_wconf 82' lang='lat' dir='ltr'><strong>sua-</strong></span> 
     </span>
    </p>
   </div>
   <div class='ocr_carea' id='block_1_106' title="bbox 1063 2146 1846 2184">
    <p class='ocr_par' dir='ltr' id='par_1_106' title="bbox 1063 2146 1846 2184">
     <span class='ocr_line' id='line_1_106' title="bbox 1063 2146 1846 2184; baseline -0.004 -8"><span class='ocrx_word' id='word_1_804' title='bbox 1063 2157 1121 2177; x_wconf 93' lang='lat' dir='ltr'><strong>rum</strong></span> <span class='ocrx_word' id='word_1_805' title='bbox 1135 2149 1313 2184; x_wconf 76' lang='lat' dir='ltr'><strong>magnitudine</strong></span> <span class='ocrx_word' id='word_1_806' title='bbox 1325 2169 1332 2181; x_wconf 94' lang='lat'><strong>,</strong></span> <span class='ocrx_word' id='word_1_807' title='bbox 1346 2148 1381 2175; x_wconf 89' lang='lat' dir='ltr'><strong>de</strong></span> <span class='ocrx_word' id='word_1_808' title='bbox 1395 2148 1480 2176; x_wconf 88' lang='lat' dir='ltr'><strong>reditu</strong></span> <span class='ocrx_word' id='word_1_809' title='bbox 1494 2155 1525 2176; x_wconf 91' lang='lat' dir='ltr'><strong>ac</strong></span> <span class='ocrx_word' id='word_1_810' title='bbox 1539 2148 1572 2176; x_wconf 90' lang='lat' dir='ltr'><strong>de</strong></span> <span class='ocrx_word' id='word_1_811' title='bbox 1586 2147 1732 2175; x_wconf 86' lang='lat' dir='ltr'><strong>mutatione</strong></span> <span class='ocrx_word' id='word_1_812' title='bbox 1750 2146 1846 2181; x_wconf 89' lang='lat' dir='ltr'><strong>despe-</strong></span> 
     </span>
    </p>
   </div>
   <div class='ocr_carea' id='block_1_107' title="bbox 1064 2195 1849 2229">
    <p class='ocr_par' dir='ltr' id='par_1_107' title="bbox 1064 2195 1849 2229">
     <span class='ocr_line' id='line_1_107' title="bbox 1064 2195 1849 2229; baseline -0.005 -7"><span class='ocrx_word' id='word_1_813' title='bbox 1064 2200 1157 2227; x_wconf 87' lang='lat' dir='ltr'><strong>rasset,</strong></span> <span class='ocrx_word' id='word_1_814' title='bbox 1172 2195 1293 2222; x_wconf 89' lang='lat' dir='ltr'><strong>omnibus</strong></span> <span class='ocrx_word' id='word_1_815' title='bbox 1306 2199 1379 2221; x_wconf 84' lang='lat' dir='ltr'><strong>certe</strong></span> <span class='ocrx_word' id='word_1_816' title='bbox 1392 2201 1452 2229; x_wconf 71' lang='lat' dir='ltr'><strong>qua:</strong></span> <span class='ocrx_word' id='word_1_817' title='bbox 1462 2198 1553 2228; x_wconf 85' lang='lat' dir='ltr'><strong>postea</strong></span> <span class='ocrx_word' id='word_1_818' title='bbox 1565 2197 1741 2227; x_wconf 88' lang='lat' dir='ltr'><strong>consequutus</strong></span> <span class='ocrx_word' id='word_1_819' title='bbox 1752 2195 1793 2219; x_wconf 90' lang='lat' dir='ltr'><strong>est</strong></span> <span class='ocrx_word' id='word_1_820' title='bbox 1803 2198 1849 2219; x_wconf 78' lang='lat' dir='ltr'><strong>ex-</strong></span> 
     </span>
    </p>
   </div>
   <div class='ocr_carea' id='block_1_108' title="bbox 1064 2239 1850 2274">
    <p class='ocr_par' dir='ltr' id='par_1_108' title="bbox 1064 2239 1850 2274">
     <span class='ocr_line' id='line_1_108' title="bbox 1064 2239 1850 2274; baseline -0.005 -6"><span class='ocrx_word' id='word_1_821' title='bbox 1064 2241 1187 2268; x_wconf 89' lang='lat' dir='ltr'><strong>cidisset:</strong></span> <span class='ocrx_word' id='word_1_822' title='bbox 1199 2248 1269 2267; x_wconf 92' lang='lat' dir='ltr'><strong>nunc</strong></span> <span class='ocrx_word' id='word_1_823' title='bbox 1278 2245 1375 2273; x_wconf 88' lang='lat' dir='ltr'><strong>autem,</strong></span> <span class='ocrx_word' id='word_1_824' title='bbox 1387 2247 1438 2267; x_wconf 93' lang='lat' dir='ltr'><strong>non</strong></span> <span class='ocrx_word' id='word_1_825' title='bbox 1449 2239 1482 2266; x_wconf 91' lang='lat' dir='ltr'><strong>ad</strong></span> <span class='ocrx_word' id='word_1_826' title='bbox 1494 2239 1592 2266; x_wconf 88' lang='lat' dir='ltr'><strong>molem</strong></span> <span class='ocrx_word' id='word_1_827' title='bbox 1605 2243 1773 2274; x_wconf 86' lang='lat' dir='ltr'><strong>peccatorum</strong></span> <span class='ocrx_word' id='word_1_828' title='bbox 1788 2245 1850 2265; x_wconf 88' lang='lat' dir='ltr'><strong>suo-</strong></span> 
     </span>
    </p>
   </div>
   <div class='ocr_carea' id='block_1_109' title="bbox 1065 2282 1851 2320">
    <p class='ocr_par' dir='ltr' id='par_1_109' title="bbox 1065 2282 1851 2320">
     <span class='ocr_line' id='line_1_109' title="bbox 1065 2282 1851 2320; baseline -0.006 -6"><span class='ocrx_word' id='word_1_829' title='bbox 1065 2295 1134 2320; x_wconf 90' lang='lat' dir='ltr'><strong>rum,</strong></span> <span class='ocrx_word' id='word_1_830' title='bbox 1149 2287 1195 2315; x_wconf 91' lang='lat' dir='ltr'><strong>sed</strong></span> <span class='ocrx_word' id='word_1_831' title='bbox 1208 2286 1241 2313; x_wconf 90' lang='lat' dir='ltr'><strong>ad</strong></span> <span class='ocrx_word' id='word_1_832' title='bbox 1255 2286 1410 2313; x_wconf 89' lang='lat' dir='ltr'><strong>immensam</strong></span> <span class='ocrx_word' id='word_1_833' title='bbox 1428 2285 1472 2312; x_wconf 89' lang='lat' dir='ltr'><strong>Dei</strong></span> <span class='ocrx_word' id='word_1_834' title='bbox 1486 2283 1745 2312; x_wconf 81' lang='lat' dir='ltr'><strong>commiserationem</strong></span> <span class='ocrx_word' id='word_1_835' title='bbox 1763 2282 1851 2316; x_wconf 87' lang='lat' dir='ltr'><strong>respi-</strong></span> 
     </span>
    </p>
   </div>
   <div class='ocr_carea' id='block_1_110' title="bbox 1066 2328 1849 2367">
    <p class='ocr_par' dir='ltr' id='par_1_110' title="bbox 1066 2328 1849 2367">
     <span class='ocr_line' id='line_1_110' title="bbox 1066 2328 1849 2367; baseline -0.006 -6"><span class='ocrx_word' id='word_1_836' title='bbox 1066 2335 1138 2361; x_wconf 89' lang='lat' dir='ltr'><strong>ciens</strong></span> <span class='ocrx_word' id='word_1_837' title='bbox 1147 2353 1154 2366; x_wconf 97' lang='lat'><strong>,</strong></span> <span class='ocrx_word' id='word_1_838' title='bbox 1168 2333 1280 2367; x_wconf 91' lang='lat' dir='ltr'><strong>diruptis</strong></span> <span class='ocrx_word' id='word_1_839' title='bbox 1290 2331 1387 2359; x_wconf 91' lang='lat' dir='ltr'><strong>diaboli</strong></span> <span class='ocrx_word' id='word_1_840' title='bbox 1400 2331 1522 2364; x_wconf 88' lang='lat' dir='ltr'><strong>vinculis,</strong></span> <span class='ocrx_word' id='word_1_841' title='bbox 1534 2330 1648 2358; x_wconf 84' lang='lat' dir='ltr'><strong>surrexit</strong></span> <span class='ocrx_word' id='word_1_842' title='bbox 1658 2334 1685 2357; x_wconf 89' lang='lat' dir='ltr'><strong>et</strong></span> <span class='ocrx_word' id='word_1_843' title='bbox 1695 2328 1849 2362; x_wconf 84' lang='lat' dir='ltr'><strong>decertavit,</strong></span> 
     </span>
    </p>
   </div>
   <div class='ocr_carea' id='block_1_111' title="bbox 1067 2374 1851 2413">
    <p class='ocr_par' dir='ltr' id='par_1_111' title="bbox 1067 2374 1851 2413">
     <span class='ocr_line' id='line_1_111' title="bbox 1067 2374 1851 2413; baseline -0.008 -7"><span class='ocrx_word' id='word_1_844' title='bbox 1067 2379 1217 2413; x_wconf 89' lang='lat' dir='ltr'><strong>bonumque</strong></span> <span class='ocrx_word' id='word_1_845' title='bbox 1230 2385 1337 2405; x_wconf 89' lang='lat' dir='ltr'><strong>cursum</strong></span> <span class='ocrx_word' id='word_1_846' title='bbox 1355 2375 1557 2404; x_wconf 83' lang='lat' dir='ltr'><strong>consummavit.</strong></span> <span class='ocrx_word' id='word_1_847' title='bbox 1577 2375 1636 2403; x_wconf 88' lang='lat' dir='ltr'><strong>Non</strong></span> <span class='ocrx_word' id='word_1_848' title='bbox 1657 2374 1743 2402; x_wconf 89' lang='lat' dir='ltr'><strong>solum</strong></span> <span class='ocrx_word' id='word_1_849' title='bbox 1762 2378 1851 2401; x_wconf 89' lang='lat' dir='ltr'><strong>autem</strong></span> 
     </span>
    </p>
   </div>
   <div class='ocr_carea' id='block_1_112' title="bbox 1068 2418 1853 2457">
    <p class='ocr_par' dir='ltr' id='par_1_112' title="bbox 1068 2418 1853 2457">
     <span class='ocr_line' id='line_1_112' title="bbox 1068 2418 1853 2457; baseline -0.006 -7"><span class='ocrx_word' id='word_1_850' title='bbox 1068 2431 1099 2450; x_wconf 84' lang='lat' dir='ltr'><strong>ex</strong></span> <span class='ocrx_word' id='word_1_851' title='bbox 1113 2422 1210 2455; x_wconf 85' lang='lat' dir='ltr'><strong>verbis,</strong></span> <span class='ocrx_word' id='word_1_852' title='bbox 1226 2430 1285 2457; x_wconf 72' lang='lat' dir='ltr'><strong>quas</strong></span> <span class='ocrx_word' id='word_1_853' title='bbox 1297 2422 1330 2449; x_wconf 91' lang='lat' dir='ltr'><strong>ad</strong></span> <span class='ocrx_word' id='word_1_854' title='bbox 1343 2429 1389 2450; x_wconf 90' lang='lat' dir='ltr'><strong>eos</strong></span> <span class='ocrx_word' id='word_1_855' title='bbox 1403 2422 1525 2456; x_wconf 88' lang='lat' dir='ltr'><strong>loquutus</strong></span> <span class='ocrx_word' id='word_1_856' title='bbox 1535 2425 1587 2454; x_wconf 88' lang='lat' dir='ltr'><strong>est,</strong></span> <span class='ocrx_word' id='word_1_857' title='bbox 1600 2419 1648 2448; x_wconf 83' lang='lat' dir='ltr'><strong>Sed</strong></span> <span class='ocrx_word' id='word_1_858' title='bbox 1658 2420 1738 2447; x_wconf 87' lang='lat' dir='ltr'><strong>etiam</strong></span> <span class='ocrx_word' id='word_1_859' title='bbox 1751 2427 1783 2446; x_wconf 85' lang='lat' dir='ltr'><strong>ex</strong></span> <span class='ocrx_word' id='word_1_860' title='bbox 1794 2418 1853 2446; x_wconf 88' lang='lat' dir='ltr'><strong>aliis</strong></span> 
     </span>
    </p>
   </div>
   <div class='ocr_carea' id='block_1_113' title="bbox 1069 2464 1853 2502">
    <p class='ocr_par' dir='ltr' id='par_1_113' title="bbox 1069 2464 1853 2502">
     <span class='ocr_line' id='line_1_113' title="bbox 1069 2464 1853 2502; baseline -0.005 -7"><span class='ocrx_word' id='word_1_861' title='bbox 1069 2476 1115 2502; x_wconf 91' lang='lat' dir='ltr'><strong>per</strong></span> <span class='ocrx_word' id='word_1_862' title='bbox 1124 2468 1279 2502; x_wconf 90' lang='lat' dir='ltr'><strong>prophetam</strong></span> <span class='ocrx_word' id='word_1_863' title='bbox 1292 2467 1466 2501; x_wconf 86' lang='lat' dir='ltr'><strong>pronuntiatis</strong></span> <span class='ocrx_word' id='word_1_864' title='bbox 1477 2467 1549 2493; x_wconf 89' lang='lat' dir='ltr'><strong>Deus</strong></span> <span class='ocrx_word' id='word_1_865' title='bbox 1558 2472 1652 2493; x_wconf 89' lang='lat' dir='ltr'><strong>omnes</strong></span> <span class='ocrx_word' id='word_1_866' title='bbox 1662 2464 1853 2500; x_wconf 80' lang='lat' dir='ltr'><strong>desperationis</strong></span> 
     </span>
    </p>
   </div>
   <div class='ocr_carea' id='block_1_114' title="bbox 1069 2510 1855 2549">
    <p class='ocr_par' dir='ltr' id='par_1_114' title="bbox 1069 2510 1855 2549">
     <span class='ocr_line' id='line_1_114' title="bbox 1069 2510 1855 2549; baseline -0.006 -8"><span class='ocrx_word' id='word_1_867' title='bbox 1069 2514 1240 2549; x_wconf 87' lang='lat' dir='ltr'><strong>cogitationes</strong></span> <span class='ocrx_word' id='word_1_868' title='bbox 1253 2512 1405 2547; x_wconf 77' lang='lat' dir='ltr'><strong>prmscindit</strong></span> <span class='ocrx_word' id='word_1_869' title='bbox 1420 2521 1426 2539; x_wconf 91' lang='lat'>:</span> <span class='ocrx_word' id='word_1_870' title='bbox 1442 2511 1541 2544; x_wconf 79' lang='lat' dir='ltr'><strong>Hodie,</strong></span> <span class='ocrx_word' id='word_1_871' title='bbox 1557 2511 1653 2546; x_wconf 90' lang='lat' dir='ltr'><strong>inquit,</strong></span> <span class='ocrx_word' id='word_1_872' title='bbox 1667 2511 1688 2538; x_wconf 77' lang='lat' dir='ltr'><strong>si</strong></span> <span class='ocrx_word' id='word_1_873' title='bbox 1703 2518 1787 2537; x_wconf 76' lang='lat' dir='ltr'><strong>vocem</strong></span> <span class='ocrx_word' id='word_1_874' title='bbox 1799 2510 1855 2545; x_wconf 77' lang='lat' dir='ltr'><strong>eius</strong></span> 
     </span>
    </p>
   </div>
   <div class='ocr_carea' id='block_1_115' title="bbox 1070 2557 1855 2590">
    <p class='ocr_par' dir='ltr' id='par_1_115' title="bbox 1070 2557 1855 2590">
     <span class='ocr_line' id='line_1_115' title="bbox 1070 2557 1855 2590; baseline -0.006 -3"><span class='ocrx_word' id='word_1_875' title='bbox 1070 2559 1199 2588; x_wconf 80' lang='lat' dir='ltr'><strong>audieritis</strong></span> <span class='ocrx_word' id='word_1_876' title='bbox 1209 2579 1215 2590; x_wconf 92' lang='lat'><strong>,</strong></span> <span class='ocrx_word' id='word_1_877' title='bbox 1230 2559 1307 2585; x_wconf 84' lang='lat' dir='ltr'><strong>nolite</strong></span> <span class='ocrx_word' id='word_1_878' title='bbox 1320 2558 1443 2586; x_wconf 81' lang='lat' dir='ltr'><strong>obdurare</strong></span> <span class='ocrx_word' id='word_1_879' title='bbox 1454 2558 1532 2586; x_wconf 86' lang='lat' dir='ltr'><strong>corda</strong></span> <span class='ocrx_word' id='word_1_880' title='bbox 1544 2562 1624 2585; x_wconf 83' lang='lat' dir='ltr'><strong>vestra</strong></span> <span class='ocrx_word' id='word_1_881' title='bbox 1637 2558 1701 2584; x_wconf 85' lang='lat' dir='ltr'><strong>sicut</strong></span> <span class='ocrx_word' id='word_1_882' title='bbox 1713 2557 1740 2583; x_wconf 84' lang='lat' dir='ltr'><strong>in</strong></span> <span class='ocrx_word' id='word_1_883' title='bbox 1753 2564 1855 2584; x_wconf 68' lang='lat' dir='ltr'><strong>exacer-</strong></span> 
     </span>
    </p>
   </div>
   <div class='ocr_carea' id='block_1_116' title="bbox 1072 2604 1377 2641">
    <p class='ocr_par' dir='ltr' id='par_1_116' title="bbox 1072 2604 1377 2641">
     <span class='ocr_line' id='line_1_116' title="bbox 1072 2604 1377 2641; baseline -0.013 -7"><span class='ocrx_word' id='word_1_884' title='bbox 1072 2606 1169 2634; x_wconf 81' lang='lat' dir='ltr'><strong>batione</strong></span> <span class='ocrx_word' id='word_1_885' title='bbox 1182 2604 1266 2641; x_wconf 71' lang='lat' dir='ltr'><strong>(Psal.</strong></span> <span class='ocrx_word' id='word_1_886' title='bbox 1280 2605 1324 2632; x_wconf 78' lang='grc'><strong>94.</strong></span> <span class='ocrx_word' id='word_1_887' title='bbox 1338 2604 1377 2640; x_wconf 87' lang='lat'><strong>9).</strong></span> 
     </span>
    </p>
   </div>
   <div class='ocr_carea' id='block_1_117' title="bbox 1110 2657 1855 2697">
    <p class='ocr_par' dir='ltr' id='par_1_117' title="bbox 1110 2657 1855 2697">
     <span class='ocr_line' id='line_1_117' title="bbox 1110 2657 1855 2697; baseline -0.009 -8"><span class='ocrx_word' id='word_1_888' title='bbox 1110 2661 1169 2689; x_wconf 85' lang='lat' dir='ltr'><strong>Non</strong></span> <span class='ocrx_word' id='word_1_889' title='bbox 1183 2670 1214 2688; x_wconf 78' lang='lat' dir='ltr'><strong>ea:</strong></span> <span class='ocrx_word' id='word_1_890' title='bbox 1230 2666 1339 2697; x_wconf 82' lang='lat' dir='ltr'><strong>tempore</strong></span> <span class='ocrx_word' id='word_1_891' title='bbox 1349 2681 1355 2693; x_wconf 96' lang='lat'><strong>,</strong></span> <span class='ocrx_word' id='word_1_892' title='bbox 1372 2660 1416 2687; x_wconf 75' lang='lat' dir='ltr'><strong>sed</strong></span> <span class='ocrx_word' id='word_1_893' title='bbox 1429 2668 1460 2687; x_wconf 74' lang='lat' dir='ltr'><strong>ea:</strong></span> <span class='ocrx_word' id='word_1_894' title='bbox 1474 2658 1565 2692; x_wconf 73' lang='lat' dir='ltr'><strong>aﬂ&#39;ectu</strong></span> <span class='ocrx_word' id='word_1_895' title='bbox 1586 2657 1730 2692; x_wconf 69' lang='lat' dir='ltr'><strong>paenitentia</strong></span> <span class='ocrx_word' id='word_1_896' title='bbox 1742 2657 1855 2683; x_wconf 64' lang='lat' dir='ltr'><strong>estima-</strong></span> 
     </span>
    </p>
   </div>
   <div class='ocr_carea' id='block_1_118' title="bbox 1075 2702 1854 2740">
    <p class='ocr_par' dir='ltr' id='par_1_118' title="bbox 1075 2702 1854 2740">
     <span class='ocr_line' id='line_1_118' title="bbox 1075 2702 1854 2740; baseline -0.01 -5"><span class='ocrx_word' id='word_1_897' title='bbox 1075 2713 1124 2735; x_wconf 82' lang='lat' dir='ltr'><strong>tur.</strong></span> <span class='ocrx_word' id='word_1_898' title='bbox 1134 2722 1170 2728; x_wconf 89' lang='lat'><strong>-—</strong></span> <span class='ocrx_word' id='word_1_899' title='bbox 1185 2707 1248 2734; x_wconf 87' lang='lat' dir='ltr'><strong>Illud</strong></span> <span class='ocrx_word' id='word_1_900' title='bbox 1261 2711 1348 2734; x_wconf 88' lang='lat' dir='ltr'><strong>autem</strong></span> <span class='ocrx_word' id='word_1_901' title='bbox 1362 2705 1435 2733; x_wconf 83' lang='lat' dir='ltr'><strong>hodie</strong></span> <span class='ocrx_word' id='word_1_902' title='bbox 1447 2712 1494 2740; x_wconf 90' lang='lat' dir='ltr'><strong>per</strong></span> <span class='ocrx_word' id='word_1_903' title='bbox 1507 2708 1590 2731; x_wconf 89' lang='lat' dir='ltr'><strong>totam</strong></span> <span class='ocrx_word' id='word_1_904' title='bbox 1601 2703 1681 2731; x_wconf 76' lang='lat' dir='ltr'><strong>vitam</strong></span> <span class='ocrx_word' id='word_1_905' title='bbox 1695 2702 1746 2730; x_wconf 88' lang='lat' dir='ltr'><strong>dici</strong></span> <span class='ocrx_word' id='word_1_906' title='bbox 1760 2706 1854 2736; x_wconf 87' lang='lat' dir='ltr'><strong>potest.</strong></span> 
     </span>
    </p>
   </div>
   <div class='ocr_carea' id='block_1_119' title="bbox 1075 2747 1858 2786">
    <p class='ocr_par' dir='ltr' id='par_1_119' title="bbox 1075 2747 1858 2786">
     <span class='ocr_line' id='line_1_119' title="bbox 1075 2747 1858 2786; baseline -0.011 -5"><span class='ocrx_word' id='word_1_907' title='bbox 1075 2755 1138 2786; x_wconf 90' lang='lat' dir='ltr'><strong>imo,</strong></span> <span class='ocrx_word' id='word_1_908' title='bbox 1149 2753 1171 2780; x_wconf 89' lang='lat' dir='ltr'><strong>si</strong></span> <span class='ocrx_word' id='word_1_909' title='bbox 1183 2753 1256 2784; x_wconf 90' lang='lat' dir='ltr'><strong>libet,</strong></span> <span class='ocrx_word' id='word_1_910' title='bbox 1267 2752 1300 2779; x_wconf 88' lang='lat' dir='ltr'><strong>ad</strong></span> <span class='ocrx_word' id='word_1_911' title='bbox 1310 2755 1471 2780; x_wconf 90' lang='lat' dir='ltr'><strong>senectutem</strong></span> <span class='ocrx_word' id='word_1_912' title='bbox 1482 2756 1566 2784; x_wconf 84' lang='lat' dir='ltr'><strong>usque</strong></span> <span class='ocrx_word' id='word_1_913' title='bbox 1577 2757 1584 2775; x_wconf 92' lang='lat'>:</span> <span class='ocrx_word' id='word_1_914' title='bbox 1597 2756 1649 2776; x_wconf 90' lang='lat' dir='ltr'><strong>non</strong></span> <span class='ocrx_word' id='word_1_915' title='bbox 1660 2747 1731 2775; x_wconf 88' lang='lat' dir='ltr'><strong>enim</strong></span> <span class='ocrx_word' id='word_1_916' title='bbox 1744 2754 1778 2774; x_wconf 88' lang='lat' dir='ltr'><strong>ex</strong></span> <span class='ocrx_word' id='word_1_917' title='bbox 1790 2751 1858 2772; x_wconf 89' lang='lat' dir='ltr'><strong>tem-</strong></span> 
     </span>
    </p>
   </div>
   <div class='ocr_carea' id='block_1_120' title="bbox 1076 2791 1858 2835">
    <p class='ocr_par' dir='ltr' id='par_1_120' title="bbox 1076 2791 1858 2835">
     <span class='ocr_line' id='line_1_120' title="bbox 1076 2791 1858 2835; baseline -0.01 -8"><span class='ocrx_word' id='word_1_918' title='bbox 1076 2799 1147 2835; x_wconf 89' lang='lat' dir='ltr'><strong>poris</strong></span> <span class='ocrx_word' id='word_1_919' title='bbox 1163 2798 1343 2834; x_wconf 75' lang='lat' dir='ltr'><strong>longitudine,</strong></span> <span class='ocrx_word' id='word_1_920' title='bbox 1362 2797 1408 2829; x_wconf 90' lang='lat' dir='ltr'><strong>sed</strong></span> <span class='ocrx_word' id='word_1_921' title='bbox 1429 2805 1461 2825; x_wconf 81' lang='lat' dir='ltr'><strong>ex</strong></span> <span class='ocrx_word' id='word_1_922' title='bbox 1481 2796 1560 2824; x_wconf 84' lang='lat' dir='ltr'><strong>animi</strong></span> <span class='ocrx_word' id='word_1_923' title='bbox 1586 2794 1679 2822; x_wconf 75' lang='lat' dir='ltr'><strong>affectu</strong></span> <span class='ocrx_word' id='word_1_924' title='bbox 1705 2791 1858 2828; x_wconf 71' lang='lat' dir='ltr'><strong>poeniteatia</strong></span> 
     </span>
    </p>
   </div>
  </div>
