2032 3110
217 141 267 168 28⁸1

216 197 351 232 proderit:
370 201 397 223 et
410 197 517 230 lterum,
529 196 681 230 Quicumque
698 197 723 222 in
734 196 786 230 lege
797 195 973 230 justi/immitti
987 203 1002 220 a

215 243 298 278 gratia
313 242 438 269 excidisti:
456 241 525 277 (Gal.
537 241 563 268 ὅ.
576 241 593 267 2
611 245 634 267 et
645 241 672 275 ι)
699 241 822 267 Attamen
839 244 898 274 post
912 239 1003 274 hujus-

217 288 288 315 tnodi
303 287 416 322 lapsum,
432 287 502 321 ipsos
518 286 627 320 recipit,
641 285 730 312 dicens
747 292 754 311 :
771 284 859 311 Filioli
873 284 930 316 mei,
944 291 1003 318 quos
1028 296 1031 298 -

217 334 307 359 iterant
318 332 444 367 parturio,
460 331 537 357 donec
551 331 673 364 formetur
686 330 800 356 Christus
814 330 839 355 in
853 329 920 356 vobis
932 328 1002 364 (Gal.

222 381 241 404 ἱ.
261 379 317 413 l9),
327 377 479 409 ostendens,
492 377 570 403 etiam
581 382 639 410 post
649 381 794 404 extremam
807 375 1004 409 corruptionem

219 431 296 456 posse
312 430 403 449 rursus
417 422 552 449 Christum
573 421 698 448 divinitus
717 421 850 448 cl‘formari
871 421 896 447 in
912 421 1002 452 nobis;

224 477 273 494 non
288 468 359 495 enim
373 468 429 494 vult
443 472 555 494 mortem
570 467 725 501 peccatoris,
738 466 786 493 sed
799 471 827 493 ιιι
837 470 1005 493 convertatur

217 521 242 541 ct
255 516 324 542 vivat
337 513 442 549 (Ezech.
458 514 501 541 55.
518 514 573 548 Η).

253 561 279 587 9.
296 560 415 587 Geltenna
430 560 494 594 ignis
508 558 671 591 daemonibus,
687 566 791 592 regnum
805 558 922 584 cwlorum
936 557 1005 584 nobis

218 605 361 640 deputatur.
376 620 412 624 —
425 605 616 632 Convertamur
633 605 731 638 itaque,
748 611 763 630 ο
777 603 900 630 dilectum
916 607 1003 637 caput,

219 656 245 677 et
258 650 418 676 voluntatem
435 650 479 676 Dei
494 649 670 684 perﬁciamus.
686 648 747 675 ldeo
760 649 856 683 quippe
870 656 917 675 nos
931 655 1005 675 crea-

219 696 256 722 vit
269 701 296 722 et
312 695 448 730 produxit,
463 699 490 722 ut
505 695 650 722 cazlestium
666 694 794 722 bonorum
813 698 951 721 consortes
965 693 1005 720 fa-

221 746 312 774 ceret,
338 745 366 768 ut
386 749 495 776 regnum
518 741 643 767 caelorum
666 741 794 767 tribueret
822 741 843 771 ‘,
859 748 911 767 non
931 744 960 766 ut
980 739 1005 766 in

218 785 366 820 gehennam
377 786 529 820 conjicerel,
542 786 647 820 ignique
659 785 773 812 traderet
786 793 792 811 :
804 785 847 811 hic
857 785 926 812 enim
939 784 1006 819 ignis

220 840 270 858 nott
283 833 389 866 propter
400 840 457 864 nos,
469 831 514 858 sed
526 836 632 866 propter
641 831 773 859 diabolum
785 832 941 858 constitutus
951 835 1005 862 est;

220 885 329 912 regnum
344 885 407 904 vero
428 877 503 903 nobis
524 881 642 911 paratum
663 877 782 911 primitus
801 881 828 903 et
846 876 1005 911 assignatum

219 928 269 948 est.
285 922 429 956 Utrumque
450 929 512 948 vero
531 921 679 949 subiudicat
699 929 757 948 cum
773 922 836 948 dicit
855 922 887 949 iis
901 922 1006 956 quidem

219 967 262 1000 qui
278 974 290 992 a
305 966 404 993 dextris
417 971 478 993 sunt
494 975 499 992 :
519 965 614 999 Venite,
631 966 751 993 benedicti
768 965 853 993 Patris
868 967 925 998 mei,
946 974 1006 1001 pos-

219 1013 295 1039 sidete
320 1017 434 1047 paratum
459 1012 526 1039 vobis
551 1021 655 1047 regnum
678 1022 694 1039 a
719 1014 893 1040 constitutione
920 1014 1007 1041 mundi

220 1057 325 1092 (.llutt/t.
339 1058 383 1085 23.
399 1058 462 1092 56);
479 1058 511 1084 iis
526 1065 589 1085 vero
603 1058 647 1092 qui
668 1066 681 1084 a
701 1058 815 1085 sinistris
831 1068 836 1085 :
853 1058 979 1085 Discedite
991 1067 1007 1085 α

219 1111 277 1135 me,
299 1103 441 1136 maledicti,
463 1103 489 1130 in
513 1104 595 1138 ignem
626 1109 746 1130 retentum
763 1105 783 1136 ‘,
797 1109 929 1139 paratum;
954 1113 1006 1132 non

219 1149 309 1183 utique
328 1149 416 1181 vobis,
433 1149 479 1176 sed
494 1149 593 1175 diabolo
608 1154 631 1175 et
650 1149 746 1184 angelis
765 1150 817 1184 ejus
831 1149 852 1176 ³.
862 1149 917 1176 Non
929 1150 1007 1185 igitur

220 1195 296 1221 nobis
311 1199 398 1228 parata
412 1198 452 1221 est
465 1193 594 1229 gehenua,
607 1194 653 1221 sed
666 1194 770 1221 diabolo
783 1199 809 1221 et
821 1194 922 1229 angelis
932 1195 1005 1229 ejus;

221 1248 332 1275 regnum
347 1245 435 1267 autem
451 1248 465 1267 a
480 1240 667 1267 constitutione
690 1240 780 1267 mundi
800 1241 876 1267 nobis
893 1241 1006 1268 adorna-

221 1290 276 1312 tum
287 1291 337 1313 est.
352 1285 391 1313 Ne
403 1286 490 1321 itaque
503 1294 552 1313 nos
565 1286 671 1313 thalami
686 1286 805 1320 ingressu
819 1287 938 1321 indignos
948 1286 1009 1314 red-

221 1331 333 1358 damus:
355 1331 478 1366 quamdiu
499 1331 568 1358 enim
583 1330 594 1346 ‘
609 1331 652 1358 hic
671 1338 772 1364 sumus,
795 1331 896 1359 etiamsi
912 1331 1008 1359 millies

221 1385 360 1408 peccemus
371 1401 378 1413 ,
395 1376 481 1408 (illiilla
504 1376 564 1408 licet
584 1376 674 1407 cillere
696 1381 861 1411 peccatorum
878 1377 1008 1412 pmniten-

221 1429 283 1455 tiatn
303 1427 488 1456 exhibentibus
504 1436 511 1454 ι
527 1435 585 1454 cum
608 1430 695 1453 autem
719 1423 781 1450 ίΙΙιιο
800 1422 905 1450 abducti
925 1423 1007 1451 fueri-

222 1483 288 1506 mus,
301 1474 404 1502 etiamsi
415 1474 546 1509 ingentem
558 1473 739 1508 paenitentiam
750 1469 931 1502 exhibeamus,
941 1469 1006 1497 nihil

221 1520 296 1547 nobis
312 1520 443 1555 proderit;
459 1519 506 1546 sed
520 1519 688 1554 quantumvis
702 1515 824 1545 dentibus
841 1515 1004 1548 fretulautuS,

220 1566 387 1601 quantumvis
408 1566 560 1600 lugeamus,
580 1565 747 1600 quantumvis
767 1564 952 1596 obsecremUS,
973 1569 1006 1590 ne

220 1617 339 1638 extremo
352 1611 458 1646 quidem
472 1611 554 1645 digito
571 1611 700 1646 quispiam
720 1610 796 1637 nobis
815 1609 914 1644 aliquid
929 1610 1006 1636 refri-

221 1657 284 1688 gerii
295 1656 446 1688 distillabit;
461 1656 506 1683 sed
517 1663 546 1682 ea
561 1656 616 1690 ipsa
630 1656 776 1687 audiemus,
789 1663 847 1689 qua:
860 1655 934 1681 dives
944 1655 1006 1682 olim

221 1701 266 1727 ille
276 1721 283 1732 ,
300 1708 394 1734 nempe
403 1721 410 1733 ,
429 1700 551 1735 Magnum
565 1701 640 1727 chaos
654 1701 717 1726 inter
730 1708 775 1726 nos
787 1704 809 1726 et
822 1707 864 1726 vos
880 1700 1008 1733 ﬁrmatum

221 1750 256 1771 ρει
270 1744 343 1781 (Luc.
361 1745 402 1772 l6.
415 1745 471 1780 9.6).
491 1745 682 1779 Resipiscamus
697 1745 794 1779 itaque,
809 1745 929 1775 obsecro,
944 1743 1007 1771 dum

221 1791 264 1818 hic
278 1791 406 1825 degimus,
423 1795 449 1817 et
465 1791 601 1817 Dominttm
617 1797 804 1825 agnoscamus,
820 1795 849 1816 ut
863 1797 1008 1824 agnoscere

221 1840 334 1870 oportet.
350 1836 423 1863 Tune
443 1835 512 1862 enim
536 1836 620 1862 solum
640 1835 673 1862 de
692 1835 845 1870 patuitentia
861 1835 1006 1869 desperan-

222 1883 283 1909 dutn
299 1882 360 1915 erit,
374 1889 433 1908 cum
448 1881 472 1908 itt
489 1881 591 1908 inferno
604 1881 737 1908 constituti
750 1881 849 1908 erimus
862 1889 867 1906 :
880 1880 916 1907 ibi
930 1887 1007 1907 nam-

221 1937 273 1962 que
291 1928 375 1954 Solum
396 1927 447 1955 ltoc
470 1928 615 1955 remedium
635 1927 766 1954 infirmum
786 1927 929 1960 inutileque
940 1930 1005 1953 est:

221 1974 283 1999 dum
293 1978 381 2000 autem
392 1973 434 1999 hic
445 1980 589 2004 versamur,
599 1973 701 2000 etiamsi
712 1972 737 1999 in
749 1972 804 2006 ipsa
815 1975 948 1999 senectute
958 1970 1006 1998 ad-

205 2015 207 2017 ’
222 2019 355 2050 Itibcatur,
377 2018 429 2045 vim
450 2018 528 2045 habet
543 2019 693 2045 maximam.
708 2018 872 2052 Quapropter
886 2017 1007 2044 diabolus

222 2063 286 2089 nihil
302 2070 352 2089 non
367 2063 540 2095 machinatttr,
555 2068 583 2090 ut
596 2063 788 2098 desperationis
801 2063 917 2090 radicem
932 2062 1007 2089 nobis

223 2113 303 2143 ponat
317 2117 323 2135 :
339 2109 411 2135 novit
426 2109 496 2136 enim
506 2130 513 2141 ,
529 2109 550 2136 si
564 2109 607 2136 vel
623 2109 749 2136 tantillum
765 2108 966 2143 resipuarimus,
981 2107 1006 2134 id

223 2162 274 2180 non
290 2154 347 2180 sine
361 2154 483 2181 mercede
498 2154 612 2180 futurum
628 2161 695 2181 esse.
710 2153 761 2180 Sed
781 2154 849 2179 sicut
867 2155 889 2179 is
902 2153 946 2187 qtti
964 2160 1007 2180 ca-

224 2200 299 2226 licctn
313 2206 387 2234 aqu-.c
400 2198 501 2233 frigidae
515 2199 669 2233 porrexerit,
682 2198 826 2232 depositam
841 2197 920 2224 habet
932 2198 1008 2224 retri-

222 2245 372 2276 butionem,
388 2244 426 2271 sic
444 2244 466 2271 is
476 2264 484 2277 ,
499 2251 576 2278 quem
590 2243 623 2270 de
642 2242 763 2270 admissis
779 2250 792 2268 a
807 2251 835 2270 se
849 2242 1007 2270 facinoribus

223 2291 350 2325 pteuitet,
372 2290 434 2317 licet
457 2289 562 2324 dignata
590 2288 770 2322 ptenitenliam
793 2296 845 2314 non
869 2288 1005 2322 exhibeat,

222 2337 340 2370 ejusdem
356 2341 442 2364 tamen
457 2335 656 2363 retributionem
668 2334 787 2368 accipiet.
799 2333 868 2361 Nihil
879 2335 949 2362 enim
961 2334 1008 2362 bo-

223 2390 335 2412 norum,
356 2381 523 2414 quantumvis
539 2381 661 2415 exiguum
682 2380 730 2411 sit,
764 2388 778 2406 a
797 2380 869 2414 justo
890 2380 900 2395 ⁸
920 2380 1007 2414 judice

233 2428 393 2462 lcspicietur.
410 2427 474 2454 Nam
495 2427 515 2454 si
540 2431 646 2461 peccata
666 2434 726 2453 cum
747 2429 816 2452 tanta
840 2427 1008 2454 accuratioue

229 2472 420 2507 lisquirnntttr,
442 2477 472 2498 ut
493 2472 571 2498 etiam
593 2471 627 2498 de
648 2471 736 2498 verbis
755 2475 782 2498 et
804 2471 1005 2506 cogitationibus

225 2525 314 2552 [uenas
328 2517 431 2550 demus,
446 2523 544 2551 quanto
558 2517 640 2552 magis
655 2517 722 2544 bona
737 2524 827 2551 opera,
840 2524 886 2544 seu
901 2525 1005 2552 magna,

223 2571 269 2589 seu
285 2570 361 2598 parva
377 2562 482 2595 fuerint,
498 2562 573 2589 nobis
586 2563 630 2590 illo
644 2568 762 2598 tempore
774 2563 1004 2597 computabuntur.

222 2609 310 2642 Quare
324 2609 384 2636 licet
397 2607 429 2635 ad
444 2608 579 2642 pristinam
594 2608 664 2635 illam
676 2608 838 2643 diligentiam
852 2609 937 2636 redire
952 2616 1005 2636 non

253 2679 262 2693 ι
280 2676 349 2702 savrl.
366 2680 391 2701 et
402 2683 465 2700 unus
475 2675 548 2704 colb.,
561 2675 627 2701 nobis
638 2675 759 2701 tribueret.

254 2709 263 2724 ¹
280 2710 315 2743 sic
326 2707 395 2731 savil.
408 2710 434 2732 et
444 2711 545 2739 quatuor
556 2711 608 2732 uss.
631 2707 711 2732 Morel.
728 2711 754 2732 et
762 2707 810 2731 duo
818 2706 866 2738 alii,
889 2709 914 2732 tn
925 2707 1005 2740 ignem

224 2743 420 2803 (tjfi‘gl’tﬁnt‘iuus
429 2768 512 2798 habet,
521 2771 632 2798 paratum
647 2767 741 2794 diabolo
751 2771 773 2793 et
785 2768 875 2801 angelis
886 2768 946 2800 ejus,
959 2774 1005 2793 non

223 2800 350 2853 wi'th.
363 2833 388 2853 et
398 2835 460 2854 unus
470 2832 521 2856 ius“
531 2829 602 2857 mtim.
615 2834 692 2855 recte.
705 2833 729 2854 ιιι
740 2830 792 2855 altis
803 2830 883 2860 deest,
895 2830 965 2856 εηίίιι,

253 2861 264 2878 ⁵
280 2864 304 2885 tu
316 2867 363 2886 uno
370 2860 436 2886 Colb.
451 2860 531 2892 deest,
542 2860 613 2890 iusto.

573 139 600 169 5.
620 138 758 167 JOANNIS
777 137 1011 166 CllRYSllSTOMI
1033 136 1188 164 ARClllEl’.
1211 137 1472 167 CONSTANTINOP.

1795 142 1847 171 288

1059 194 1156 227 valeas,
1170 194 1216 222 sed
1229 195 1322 230 quovis
1337 196 1441 223 tandem
1456 196 1535 223 modo
1549 203 1562 223 a
1578 197 1700 232 praesenti
1713 199 1806 225 morbo
1820 204 1846 226 et

1032 263 1041 273 ι
1057 238 1158 266 lttxuria
1175 244 1200 267 te
1214 239 1340 274 abducas,
1358 249 1390 268 nc
1404 240 1454 268 hoc
1469 241 1573 276 quidem
1593 242 1639 269 tibi
1654 242 1844 271 infructuosum

1057 286 1107 312 erit
1121 294 1127 313 :
1140 285 1181 313 fac
1194 286 1267 313 ineas
1279 294 1355 321 opus,
1370 291 1396 314 et
1410 287 1507 314 aditum
1520 287 1552 314 ad
1566 288 1709 314 certamina
1721 289 1824 323 aperias
1839 298 1846 315 :

1057 331 1182 365 quamdiu
1203 332 1274 359 enim
1296 337 1370 359 extra
1390 333 1525 364 manebis,
1539 333 1598 366 jure
1613 333 1659 360 tibi
1677 333 1783 361 difﬁcile
1800 342 1843 360 ar-

1057 377 1190 411 duttmque
1202 378 1210 392 ¹
1229 378 1370 405 videbitur.
1390 377 1454 405 Nam
1473 383 1612 413 antequam
1628 379 1774 414 perieulum
1786 380 1844 412 ﬁat,

1057 423 1225 455 quantumvis
1243 423 1333 450 faciles
1348 428 1374 450 et
1388 424 1517 458 expedita:
1534 432 1576 451 res
1591 424 1706 457 fuerint,
1722 433 1844 460 magnam

1058 471 1144 494 tamen
1164 467 1325 495 diflleultatis
1355 468 1470 503 speciem
1506 476 1560 503 prae
1591 477 1620 497 se
1639 469 1708 497 ferre
1733 471 1843 504 solent;

1057 519 1117 538 cum
1132 517 1218 539 autem
1238 520 1284 539 eas
1301 517 1410 540 strenuo
1423 513 1568 548 audacique
1588 514 1676 540 animo
1695 515 1824 542 adivintus
1836 536 1845 546 ,

1058 564 1152 591 magna
1168 565 1229 592 pars
1244 558 1342 585 laboris
1355 559 1459 591 evolat;
1475 566 1505 586 ac
1520 559 1615 586 ﬁducia
1625 580 1632 593 ,
1649 560 1707 587 loco
1722 562 1846 589 tremoris

1058 603 1302 638 desperationisque
1316 604 1494 639 subingrcssa,
1508 610 1607 632 metum
1619 606 1722 639 minuit,
1739 606 1846 634 facilita-

1059 654 1111 676 tem
1132 653 1225 683 auget,
1246 649 1394 685 bonamque
1412 657 1485 684 spem
1507 651 1622 678 roborat.
1637 651 1699 679 Ideo
1716 652 1846 687 malignus

1059 695 1103 722 ille
1114 694 1209 722 Judam
1223 703 1254 722 ex
1270 695 1319 722 hac
1334 695 1386 722 vita
1400 695 1523 728 abduxit,
1537 703 1571 724 ne
1584 696 1660 724 initio
1675 697 1845 732 resipiscendi

1059 739 1138 773 facto,
1155 748 1201 774 per
1213 740 1393 775 ptenitcntiam
1407 740 1440 767 ad
1453 741 1540 768 locum
1554 741 1625 768 unde
1640 742 1772 769 exciderat
1786 742 1846 769 red-

1059 786 1119 812 iret.
1136 784 1190 821 Ego
1203 786 1273 812 enim
1283 807 1290 819 ,
1305 786 1354 813 etsi
1375 793 1453 821 supra
1464 786 1544 814 ﬁdem
1559 786 1630 822 loqui
1645 787 1744 820 videar,
1760 795 1846 822 neque

1060 830 1122 858 illud
1143 831 1253 866 (ludat)
1275 836 1409 866 peccatum
1432 832 1517 867 majus
1538 839 1596 860 esse
1617 832 1748 866 dixerim,
1767 842 1846 868 quam

1060 877 1187 904 auxilium
1200 898 1208 911 ,
1222 878 1292 913 quod
1312 878 1388 905 nobis
1402 885 1416 904 a
1434 878 1590 913 potnitentia
1608 878 1727 906 offertur.
1746 880 1846 912 Quam-

1059 923 1150 950 obrem
1166 931 1230 958 rogo
1242 928 1269 950 et
1283 923 1408 957 obsecro,
1423 924 1494 950 ontni
1513 923 1624 958 depulsa
1641 924 1757 951 satanica
1771 924 1847 960 cogi-

1060 969 1159 996 talione
1180 969 1213 996 ab
1234 969 1321 996 anima
1342 974 1400 1002 tua,
1420 969 1452 996 ad
1475 969 1542 996 hanc
1563 970 1674 996 salutem
1696 970 1798 997 redeas.
1818 970 1846 997 Si

1060 1022 1172 1049 namque
1190 1014 1329 1042 confestim
1344 1015 1376 1041 ad
1392 1014 1455 1041 illud
1476 1019 1501 1041 te
1521 1014 1652 1049 fastigium
1668 1014 1848 1042 consecttdere

1057 1061 1188 1095 jubercm,
1204 1061 1228 1087 id
1241 1060 1302 1095 jure
1317 1060 1428 1087 moleste
1444 1060 1536 1092 ferres,
1549 1065 1640 1094 utpote
1654 1068 1708 1087 rem
1724 1061 1847 1088 dillicilliv

1060 1113 1150 1137 mam;
1175 1113 1235 1132 cum
1258 1112 1345 1132 atttetn
1361 1104 1385 1131 id
1404 1109 1504 1132 tantum
1526 1113 1597 1132 nunc
1622 1106 1632 1121 ¹
1654 1105 1801 1139 postulem,
1818 1110 1847 1132 ut

1061 1150 1234 1185 prmsentibus
1249 1150 1324 1177 tualis
1342 1149 1407 1177 nihil
1422 1149 1531 1184 adjicias
1541 1171 1548 1183 ,
1564 1149 1610 1177 sed
1624 1157 1735 1184 surgens
1749 1150 1782 1177 ad
1797 1150 1847 1178 iter

1060 1195 1220 1223 contrarium
1235 1200 1260 1222 te
1275 1200 1425 1227 convertas,
1439 1195 1500 1230 quid
1514 1195 1665 1223 cunctaris?
1676 1204 1724 1223 cur
1737 1196 1844 1231 refugis,

1060 1244 1087 1268 ct
1099 1240 1131 1267 ad
1146 1241 1294 1275 posteriora
1309 1245 1334 1267 tc
1348 1240 1483 1268 retrahis?
1497 1241 1591 1267 Annon
1610 1240 1697 1268 vidisti
1717 1242 1847 1275 quosdam

1059 1286 1104 1320 qtti
1118 1286 1143 1312 in
1159 1286 1275 1319 deliciis,
1289 1291 1316 1313 et
1339 1286 1365 1313 in
1380 1285 1550 1313 ebrietatibus
1569 1289 1597 1313 et
1615 1286 1641 1312 in
1653 1286 1720 1321 jocis
1735 1286 1746 1302 ⁸
1757 1307 1764 1319 ,
1779 1293 1805 1313 et
1818 1287 1844 1313 in

1059 1331 1161 1365 reliquo
1183 1331 1262 1365 hujus
1282 1331 1342 1358 vita:
1360 1331 1473 1358 ludibrio
1494 1331 1591 1358 mortui
1612 1331 1693 1358 sunt?
1711 1331 1759 1358 Ubi
1777 1340 1847 1360 nunc

1060 1381 1121 1403 sunt
1137 1375 1182 1411 qui
1202 1376 1294 1403 tutuidi
1315 1376 1437 1410 superbia
1451 1383 1511 1403 cum
1525 1376 1616 1403 multis
1629 1376 1785 1410 sequacibus
1799 1383 1849 1411 per

1059 1421 1147 1449 forum
1163 1421 1341 1449 incedebant?
1355 1422 1399 1456 qui
1414 1421 1505 1448 sericis
1520 1420 1603 1448 induti
1625 1421 1741 1448 vestibus
1754 1427 1780 1448 et
1795 1429 1846 1448 un-

1059 1473 1183 1504 guentum
1197 1468 1308 1501 olentes,
1322 1466 1503 1502 parasitosque
1515 1466 1627 1500 alentes,
1641 1474 1728 1494 scenae
1740 1475 1848 1502 semper

1059 1514 1130 1541 afﬁxi
1144 1513 1237 1541 erant?
1250 1513 1295 1540 ubi
1309 1520 1377 1540 nunc
1391 1512 1533 1539 ostentatio
1549 1512 1593 1539 illa
1604 1517 1632 1539 et
1645 1511 1759 1547 pompa?
1773 1511 1845 1540 Abiit

1059 1567 1194 1587 comarum
1207 1563 1341 1593 sumptus,
1358 1558 1520 1585 musicorum
1541 1557 1633 1591 turba,
1653 1557 1844 1585 assentantiutu

1059 1605 1195 1637 clientela,
1212 1605 1280 1633 risus
1298 1603 1468 1637 immodicus,
1489 1603 1568 1631 animi
1590 1603 1726 1636 remissio,
1748 1603 1844 1631 mentis

1060 1652 1168 1683 effusio,
1185 1651 1236 1677 vita
1257 1650 1359 1682 mollis,
1376 1650 1461 1676 otiosa
1472 1669 1479 1681 ,
1495 1649 1556 1676 luxu
1576 1649 1686 1684 perdita.
1702 1649 1759 1682 Quo
1774 1655 1845 1676 nunc

1059 1697 1197 1724 evolarunt
1211 1696 1321 1723 omnia?
1334 1695 1396 1731 quid
1412 1695 1509 1722 factum
1525 1699 1566 1722 est
1585 1695 1618 1722 de
1634 1702 1760 1729 corpore,
1773 1695 1844 1729 quod

1060 1742 1160 1776 pridem
1180 1745 1253 1768 tanto
1274 1741 1401 1768 famulitio
1414 1761 1421 1774 ,
1437 1744 1507 1767 tanta
1527 1739 1653 1766 munditia
1675 1739 1846 1767 abundabat?

1059 1789 1142 1823 Perge
1161 1796 1230 1814 nunc
1250 1787 1284 1814 ad
1305 1787 1455 1822 sepulcrum
1472 1795 1479 1814 :
1493 1786 1673 1820 contemplare
1687 1786 1822 1821 pulverem
1833 1807 1843 1820 ,

1059 1835 1177 1866 cineres,
1204 1841 1325 1865 vermes,
1350 1833 1400 1860 loci
1419 1832 1430 1848 ⁸
1452 1831 1647 1859 deformitatem
1668 1832 1784 1863 intuere,
1819 1838 1846 1860 et.

1059 1888 1148 1908 amare
1161 1880 1274 1914 suspira.
1290 1880 1376 1914 Atque
1390 1878 1489 1905 utinam
1501 1877 1534 1904 ad
1549 1877 1652 1908 eineres
1670 1877 1795 1904 damnum
1809 1877 1847 1905 si-

1059 1930 1156 1958 steret;
1168 1925 1222 1960 jam
1233 1930 1320 1952 autetn
1332 1931 1347 1951 a
1361 1923 1483 1958 sepulcro
1494 1927 1520 1950 et
1530 1930 1544 1949 a
1555 1922 1687 1950 vermibus
1700 1923 1845 1957 cogitatum

1061 1971 1174 1999 transfer
1187 1971 1217 1998 ad
1233 1969 1408 1997 immortalem
1423 1969 1496 1995 illum
1512 1974 1639 2000 vcrmem,
1653 1967 1686 1994 ad
1702 1967 1788 2002 ignem
1803 1967 1846 1994 iu-

1060 2016 1289 2051 cxstinguibilcm,
1308 2014 1341 2041 ad
1363 2013 1496 2040 fremitum
1519 2012 1654 2045 dentium,
1669 2011 1702 2039 ad
1723 2012 1848 2040 tenebrae

1060 2063 1219 2095 exteriores,
1235 2062 1268 2089 ad
1281 2061 1450 2088 afﬁictionem
1465 2065 1492 2088 et
1506 2059 1652 2094 angustiam
1662 2080 1669 2091 ,
1685 2058 1716 2085 ad
1732 2059 1846 2093 parabo-

1060 2110 1111 2137 lam
1125 2109 1214 2137 Lazari
1226 2113 1253 2135 et
1263 2108 1361 2139 divitis,
1377 2107 1419 2142 qui
1435 2111 1472 2133 tot
1486 2105 1604 2141 pecuniis
1617 2105 1770 2136 instructus,
1785 2112 1852 2139 pur-

1061 2162 1177 2190 puraque
1193 2154 1298 2181 indutus
1310 2174 1317 2186 ,
1333 2161 1366 2180 ne
1387 2153 1483 2179 stillam
1503 2151 1608 2186 quidem
1624 2158 1699 2185 aqua:
1712 2154 1804 2185 postea
1820 2150 1854 2178 in.

1061 2201 1189 2235 potestaté
1210 2199 1301 2226 habuit
1316 2199 1326 2214 '
1339 2218 1346 2232 ,
1363 2199 1389 2225 in
1415 2202 1485 2224 tanut
1506 2197 1656 2223 calamitate
1675 2195 1855 2223 constitutum.

1060 2246 1143 2280 Hujus
1157 2245 1226 2272 enim
1244 2245 1304 2271 vita:
1319 2243 1436 2270 conditio
1455 2241 1565 2268 somniis
1586 2241 1669 2268 nihilo
1688 2240 1782 2268 melior
1795 2245 1846 2268 est.

1059 2290 1286 2325 Quemadmodum
1301 2288 1371 2315 enim
1384 2288 1428 2322 qui
1442 2286 1546 2314 metalla
1559 2285 1697 2319 effodiunt,
1709 2290 1755 2312 aut
1767 2285 1855 2312 aliam.

1059 2336 1199 2371 quamdam
1213 2342 1318 2370 ptenam
1330 2334 1404 2361 luunt
1417 2333 1466 2360 hac
1476 2332 1635 2368 graviorem,
1647 2332 1669 2358 si
1682 2330 1786 2366 quando
1799 2332 1849 2359 sub

1059 2382 1132 2409 duris
1153 2381 1206 2408 illis
1221 2381 1354 2408 laboribtts
1372 2384 1399 2407 et
1418 2378 1588 2406 acerbissima
1601 2377 1654 2404 vita
1672 2377 1848 2404 dormitantes

1060 2436 1107 2463 per
1119 2426 1250 2454 sonmium
1263 2433 1292 2453 se
1304 2425 1418 2452 viderint
1431 2424 1457 2451 in
1470 2423 1582 2455 deliciis,
1594 2427 1620 2449 et
1633 2429 1721 2449 rerum
1736 2421 1849 2448 afllueu-

1059 2474 1112 2506 tia,
1128 2472 1275 2507 experrecti
1298 2475 1387 2506 postea
1399 2490 1405 2502 ,
1429 2469 1527 2496 nullam
1548 2467 1659 2495 somniis
1673 2467 1783 2501 gratiam
1799 2466 1848 2493 ha-

1060 2520 1139 2546 bent:
1154 2518 1192 2545 sic
1204 2522 1230 2544 et
1243 2517 1316 2544 dives
1331 2516 1385 2548 ille,
1400 2522 1460 2542 cum
1475 2522 1501 2541 tn
1518 2512 1641 2548 praesenti
1654 2512 1717 2544 vita,
1732 2511 1807 2546 quasi
1823 2511 1861 2537 in.

1059 2564 1174 2596 somnio,
1185 2562 1281 2590 divitiis
1294 2560 1464 2593 abundasset,
1478 2565 1650 2595 posteaquam
1663 2557 1726 2584 hinc
1736 2557 1850 2592 emigra-

1091 2675 1098 2690 ι
1116 2674 1151 2697 sic
1162 2671 1232 2697 savil.
1242 2675 1267 2696 et
1278 2670 1326 2695 duo
1334 2673 1387 2694 Mss.
1399 2673 1458 2693 Tres
1469 2668 1517 2697 alii,
1529 2665 1739 2696 interdictumque.

1090 2706 1099 2720 ²
1196 2694 1276 2728 etduo
1286 2706 1349 2730 Mss,
1358 2707 1429 2729 nunc,
1443 2694 1520 2724 recte.
1538 2701 1563 2722 tu
1574 2697 1665 2722 aliiset.
1675 2694 1769 2726 alorci“
1776 2702 1866 2726 ηυηε,

1058 2736 1141 2760 deest.
1561 2758 1566 2764 Ι
1629 2758 1634 2763 ⁸
1648 2758 1653 2763 ι

1090 2767 1099 2785 ³
1116 2768 1197 2794 Deest,
1209 2766 1231 2795 et
1242 2761 1346 2795 injuria,
1355 2762 1379 2795 in
1390 2767 1438 2795 uno
1449 2759 1514 2795 (ξοιι).
1524 2762 1549 2784 et
1561 2765 1585 2795 tu
1596 2758 1703 2795 edtttoue
1716 2757 1858 2783 statuerat:

1058 2798 1131 2828 Hujus
1143 2792 1207 2820 vocis
1225 2792 1278 2818 loco
1288 2792 1442 2826 SavilJtabet,
1453 2792 1478 2815 in
1489 2792 1623 2824 voracitate.

1090 2828 1099 2838 λ
1115 2826 1173 2838 λιιι-ἀι
1196 2826 1240 2838 Ιιηι.
1251 2829 1264 2838 .n
1289 2823 1370 2838 tumul.
1392 2827 1448 2838 Tum:
1463 2826 1521 2838 “est,
1534 2825 1623 2838 anulum

1090 2823 1100 2843 ί
1115 2826 1183 2850 savii.
1196 2826 1277 2854 habet,
1288 2823 1380 2848 ttuuuli.
1392 2827 1450 2847 't‘rt-s
1463 2826 1523 2848 \tss.,
1534 2823 1652 2851 magnus.

1090 2858 1101 2874 ⁵
1116 2857 1185 2882 Savil.
1199 2861 1224 2881 et
1235 2855 1325 2881 aliouot
1336 2858 1400 2883 Mss.
1412 2852 1444 2878 ibi
1455 2851 1544 2877 Iutltuit.
