2061 3114
162 128 214 157 289

162 188 256 216 verat,
277 183 344 211 duro
369 182 498 218 supplicio
523 181 695 216 plectebatur.
719 181 782 209 11ωο
802 181 908 216 Cogita,
931 185 958 208 et

163 228 250 266 igrient
267 230 339 257 illum
355 229 493 256 conferens
506 235 566 254 cum
586 235 636 260 eo,
656 235 708 262 quo
726 235 796 254 nunc
811 227 937 254 detinens
950 246 957 258 ,

162 276 336 310 cupiditatum
350 274 483 303 incendio,
496 273 603 300 tandem
615 281 629 300 a
641 274 747 301 fornace
758 273 803 301 illa
817 278 840 300 lc
851 274 956 308 expedi.

164 321 229 349 Nam
243 321 286 355 qui
302 320 370 346 hanc
387 319 430 346 hic
451 319 533 354 probe
555 319 695 351 restinxit,
717 326 766 346 nec
786 319 859 346 illam
878 319 957 346 aliain

165 367 317 400 experietur
330 375 336 392 ι
351 365 373 392 si
388 365 446 400 quis
460 373 522 391 vero
536 364 603 391 hanc
615 372 666 390 non
682 364 863 399 superaverit,
878 364 958 392 vehe-

165 411 281 440 mentius
293 411 354 437 hinc
367 411 498 445 profectus
511 410 537 436 in
553 409 594 436 illa
610 415 671 436 tunc
684 410 856 437 crttciabitur.
869 410 958 443 Quan-

164 463 192 485 to
205 463 325 491 tempore
339 457 377 483 vis
397 456 441 482 tibi
464 455 603 489 praesentis
624 455 684 481 vita:
705 462 812 481 usuram
831 455 958 482 extendi?

165 502 295 537 Equidem
315 509 368 529 non
390 507 452 535 puto
467 501 513 528 tibi
532 501 590 535 plus
605 501 793 536 quinquaginta
807 501 884 528 annis
898 502 958 528 vita:

164 556 321 582 superesse,
336 552 364 575 ut
379 547 411 574 ad
430 551 576 574 extremam
596 552 759 574 senectutem
781 548 889 579 venias;
905 547 958 573 imo

165 603 199 622 ne
212 595 262 621 hoc
277 593 384 628 quidem
397 598 500 620 certum
521 592 598 619 nobis
612 598 653 620 est
668 600 674 619 :
690 600 750 619 nam
764 592 809 626 qui
828 600 860 618 ne
875 599 958 626 usque

165 641 197 668 ad
210 648 348 675 vesperam
363 640 396 667 de
410 640 462 666 vita
481 640 567 666 securi
583 646 685 671 sumus,
701 639 834 673 quomodo
850 643 887 665 tot
902 638 959 665 fore

165 687 226 713 vita:
238 693 323 713 annos
337 685 470 712 afﬁrmare
482 685 644 720 possumus?
656 685 749 719 Neque
765 685 790 712 id
804 689 905 711 tantum
922 684 959 711 la-

166 738 213 765 tet,
228 732 274 760 setl
289 732 368 759 etiam
382 731 470 758 futura
486 739 574 758 rerum
592 731 702 758 mutatio
719 740 725 757 :
742 738 862 765 persxpe
876 730 958 762 enim,

166 779 227 807 licet
241 780 292 806 vita
306 779 333 806 in
346 779 454 813 longum
466 783 570 813 tempus
581 778 753 813 producatur,
766 786 818 804 non
832 777 886 812 pari
900 785 960 813 gra-

167 824 202 852 du
217 824 364 859 procedunt
376 824 546 858 voluptates:
562 824 607 850 sed
627 824 716 850 statim
734 829 812 858 atque
826 823 961 851 alTuerunt

166 871 328 898 dilabuntur.
341 870 438 897 Verum
450 878 498 905 per
510 877 552 897 me
566 870 638 901 licet,
651 877 719 903 pone
733 869 755 896 si
770 870 808 896 vis
823 873 848 895 te
862 873 899 895 tot
912 876 960 896 an-

167 924 216 944 nos
230 906 359 943 victuruin
380 923 453 948 esse,
473 923 523 942 nec
537 915 617 942 ullam
631 915 689 942 fore
703 915 728 942 in
743 915 822 942 rebus
836 915 886 942 tuis
899 922 959 941 mu-

168 963 293 990 tationem
311 972 319 990 :
333 962 396 997 quid
418 962 469 989 hoc
481 962 567 988 estad
583 961 684 988 inﬁnita
706 962 818 994 smcula,
832 961 894 996 quid
909 961 960 988 hoc

167 1009 200 1037 ad
223 1010 335 1037 acerbos
357 1009 418 1036 illos
447 1012 475 1036 et
503 1008 684 1035 intolerabiles
702 1009 710 1023 ί
734 1008 886 1035 cruciatus?
912 1007 959 1034 llic

167 1055 237 1083 enim
253 1060 305 1082 tam
321 1055 401 1088 bona,
416 1062 495 1090 quam
511 1054 578 1081 mala
593 1054 671 1081 ﬁnem
686 1053 796 1086 habent,
813 1058 839 1081 et
851 1053 958 1088 quidem

167 1101 335 1128 celerrimum
348 1109 356 1132 ;
372 1100 427 1127 illic
443 1107 506 1127 vero
520 1105 631 1134 utraque
649 1099 842 1126 immortalibus
856 1099 960 1126 sarculis

167 1151 306 1182 aquantur
320 1154 327 1173 :
342 1154 392 1174 nec
406 1146 458 1174 dici
477 1150 564 1181 potest
576 1150 703 1181 quantum
723 1145 848 1172 dideraut
860 1153 875 1172 a
891 1153 958 1180 pra:-

166 1193 298 1220 sentibus.

203 1237 248 1265 Ιθ.
272 1237 344 1273 Ignis
366 1237 458 1272 inferni
476 1245 527 1264 non
542 1237 599 1264 huic
611 1237 664 1272 igni
685 1237 785 1264 similis.
804 1251 841 1256 ——
854 1236 958 1263 Etenim

167 1290 227 1310 cum
240 1282 326 1318 ignem
341 1283 426 1315 audis,
440 1290 505 1310 cave
520 1287 596 1315 putes
609 1290 668 1310 esse
681 1282 744 1310 huic
757 1282 810 1317 igni
824 1282 938 1309 similem
951 1289 958 1307 τ

169 1330 213 1356 1110
223 1330 292 1356 enim
314 1329 442 1364 quidquid
457 1329 578 1364 corripit,
594 1329 705 1356 devorat
727 1333 754 1356 et
768 1328 900 1360 absumit;
916 1328 960 1355 ille

168 1383 233 1402 vero
245 1383 312 1410 quos
323 1375 407 1402 semel
417 1375 602 1409 apprehendit,
616 1380 744 1409 perpetuo
757 1375 899 1407 comburit,
912 1381 961 1402 nec

168 1429 284 1456 unquam
299 1421 421 1454 desistit;
439 1421 551 1456 ideoque
564 1422 782 1456 inexstinguibilis
795 1422 900 1448 dicitur.
916 1422 958 1448 Si-

167 1467 274 1502 quidem
294 1467 374 1494 etiam
395 1473 550 1502 peccatores
563 1472 667 1501 oportet
680 1467 789 1494 induere
803 1467 960 1494 immortali-

170 1517 261 1543 tatem,
276 1520 327 1539 non
344 1512 376 1538 ad
399 1512 538 1544 honorent,
553 1512 600 1539 sed
616 1517 644 1539 ut
658 1517 815 1547 perpetuum
831 1512 866 1538 sit
890 1512 961 1540 illius

167 1558 290 1592 supplicii
315 1557 438 1584 viaticum
453 1566 460 1584 :
477 1557 504 1585 id
531 1565 594 1584 vero
617 1565 696 1592 quam
720 1557 756 1584 sit
777 1557 938 1584 horrendum
952 1578 959 1589 ,

170 1603 242 1630 nullo
251 1610 375 1638 umquam
385 1606 471 1637 potest
479 1611 602 1630 sermone
611 1603 754 1635 declarari;
763 1603 810 1630 sed
819 1611 831 1629 a
839 1603 962 1630 minima-

169 1656 228 1675 rum
243 1656 331 1675 rerum
344 1649 527 1682 experimento
538 1653 643 1676 tenuem
655 1656 808 1683 magnarum
822 1655 962 1682 possumus

169 1694 350 1727 conjecturam
373 1701 478 1728 tmpore.
494 1694 522 1720 Si
536 1694 643 1728 quando
658 1693 741 1721 fueris
757 1695 782 1721 in
801 1694 898 1721 balneo
920 1695 961 1720 ni-

171 1738 252 1766 mium
275 1738 477 1770 edet-vescente,
494 1744 556 1766 tunc
577 1739 611 1766 de
635 1739 756 1774 gehenna
773 1740 839 1773 ignis
852 1740 938 1774 cogita
954 1749 960 1767 :

171 1788 199 1812 et
212 1784 233 1811 si
247 1784 353 1819 quando
367 1784 464 1811 acriori
485 1784 559 1812 febre
572 1785 681 1818 arseris,
695 1785 728 1812 ad
743 1785 876 1812 ﬂammam
890 1785 961 1812 illam

172 1835 288 1857 mentem
304 1829 434 1858 traducito
446 1839 453 1864 ;
469 1835 497 1858 et
507 1835 570 1857 tunc
584 1831 682 1865 poteris
695 1831 776 1865 probe
788 1830 961 1865 distinguere.

174 1874 239 1902 Nam
255 1875 278 1902 si
292 1875 415 1902 balneum
431 1880 459 1903 et
480 1875 561 1903 febris
575 1883 625 1903 nos
639 1876 705 1902 adeo
726 1877 845 1902 cruciant
859 1881 886 1903 et
898 1883 963 1902 con-

174 1922 302 1953 turbant,
325 1929 385 1948 cum
421 1922 448 1948 in
472 1921 580 1949 ﬂuvium
607 1923 674 1957 ignis
696 1922 768 1949 illttm
793 1922 963 1949 inciderimus

172 1965 308 1998 ﬁttetitem,
327 1972 390 1994 ante
405 1966 567 1994 horrendum
591 1967 654 1994 illud
671 1967 795 1997 tribunal,
810 1974 862 2002 quo
875 1967 964 1994 animo

171 2012 251 2040 futuri
282 2012 409 2040 sumus?
441 2013 512 2040 Sane
546 2013 670 2040 dentibus
704 2013 875 2040 stridebitnus
914 2021 962 2047 op~

173 2058 256 2092 pressi
273 2058 407 2085 laboribus
419 2063 446 2086 et
461 2059 634 2086 intolerandis
653 2059 824 2092 cruciatibus,
845 2063 872 2085 ct
885 2066 964 2086 nemo

172 2103 308 2137 suppetias
323 2102 409 2132 feret;
425 2103 471 2130 sed
492 2104 695 2138 iugemiscemus
716 2104 841 2138 graviter.
858 2104 963 2131 ﬂamma

174 2148 250 2175 nobis
281 2148 464 2175 vehementius
495 2149 626 2181 instante;
656 2150 789 2176 neminem
816 2149 964 2177 videbimus

175 2198 271 2228 praeter
280 2193 446 2222 erueiatuum
461 2199 610 2227 consortes,
626 2198 654 2221 et
674 2194 816 2222 immanem
841 2195 964 2222 solitudi-

131 2234 134 2237 ’
177 2247 245 2268 nem.

209 2284 380 2321 [afer-natium
389 2292 520 2320 marum
530 2285 674 2319 descriptio.
685 2300 720 2305 ——
727 2285 792 2319 Quis
800 2286 965 2313 enarraverit

176 2337 291 2359 terrores
314 2339 328 2358 a
353 2332 471 2359 tenebris
500 2331 553 2358 illis
582 2332 696 2366 injectus
724 2332 819 2359 animis
844 2333 965 2360 nostris?

174 2375 406 2410 Quemadmodum
421 2377 492 2404 enim
519 2377 586 2411 ignis
610 2377 654 2404 ille
678 2385 729 2404 non
754 2378 902 2411 consumit,
929 2379 964 2405 ita

174 2430 260 2457 neque
274 2422 346 2449 lucet
358 2431 365 2449 :
379 2422 496 2457 alioquin
509 2430 562 2450 non
577 2427 668 2450 essent
682 2423 808 2450 tenebrtc.
823 2423 966 2452 Petitur-liae

173 2468 272 2496 tionem
289 2469 377 2503 itaque
393 2469 469 2496 nobis
481 2469 637 2502 immissum,
657 2474 811 2503 tremorem,
826 2470 965 2498 resolutio-

173 2526 252 2551 nem,
275 2523 410 2553 stuporem
425 2539 434 2552 ,
449 2519 523 2546 ~illud
549 2519 635 2546 solum
659 2523 764 2555 tempus
795 2519 932 2547 declarare
955 2519 964 2535 '

173 2568 272 2599 potest.
289 2564 369 2591 Multa
383 2564 480 2600 quippe
495 2565 547 2592 illic
561 2565 688 2599 variaque
707 2569 847 2597 tormenta,
863 2565 951 2592 crucia

173 2612 301 2644 tuumque
316 2610 409 2644 ingens
422 2610 538 2645 procella
563 2610 682 2646 undique
700 2610 851 2638 immittitur
865 2611 893 2638 111
904 2611 964 2638 ani-

173 2662 255 2682 mam.
276 2655 351 2689 Quod
377 2655 399 2683 si
421 2656 481 2692 quis
503 2655 600 2684 dixerit
616 2665 622 2684 :
638 2657 778 2691 Quomodo
797 2662 896 2684 tantam
912 2658 964 2687 vim

174 2701 338 2728 cruciatuum
353 2701 423 2729 ferre
443 2702 526 2736 possit
539 2701 638 2735 anima,
655 2706 681 2729 et
694 2702 804 2729 infinitis
818 2703 923 2730 stcculis
939 2703 965 2730 in

207 2811 216 2845 ξ
231 2815 337 2845 gnatum
355 2815 408 2845 atas.
427 2812 529 2842 habent.
541 2815 659 2845 oriundos.

206 2842 216 2856 ²
232 2843 301 2867 utut.
320 2846 346 2868 et
360 2843 425 2868 colb.
438 2850 502 2868 unus
516 2842 615 2874 habent,
634 2844 760 2875 perspicue
772 2845 908 2872 declarare.

737 124 781 151 At)
801 122 1010 152 THEODOBUM
1032 123 1178 152 LAPSUM.
1199 125 1219 152 Ι.

1752 129 1804 158 290

1014 181 1143 216 supplicio
1165 183 1309 217 perdurare
1323 183 1333 210 ?
1348 184 1370 211 is
1393 184 1490 220 cogitet
1511 192 1542 212 ea
1566 193 1624 220 qute
1640 186 1666 213 111
1689 187 1737 214 hac
1752 189 1802 215 \ita

1012 231 1185 262 coniungunt,
1200 228 1333 262 quomodo
1350 229 1451 257 scilicet
1472 230 1547 258 multi
1570 231 1723 259 diuturnum
1743 240 1803 268 ει·οο

1012 279 1124 307 remque
1140 274 1260 300 morbum
1284 275 1463 303 toleravermt.
1480 277 1509 304 Si
1524 282 1612 304 autem
1626 282 1739 306 mortem
1752 279 1801 305 ob-

1012 317 1101 349 ierint,
1117 318 1141 345 id
1157 319 1253 346 accidit
1273 328 1325 360 non
1338 321 1409 356 quod
1424 322 1510 349 anima
1525 328 1680 358 consumpta
1695 325 1740 356 sit,
1754 323 1801 351 sed

1011 365 1080 399 qlod
1102 373 1199 400 corpus
1219 367 1366 400 defecerit;
1382 368 1403 395 si
1419 376 1473 396 non
1492 370 1617 397 cessisset
1632 370 1707 403 illud,
1723 379 1801 398 num-

1011 419 1089 446 quam
1104 413 1191 438 anima
1206 414 1319 440 cruciari
1333 414 1466 442 desiisset.
1481 410 1568 449 Quare
1584 421 1722 451 postquam
1740 425 1801 444 cor-

1011 465 1062 492 pus
1075 457 1125 484 hoc
1137 458 1335 492 incorruptibilc
1350 464 1376 486 et
1389 460 1569 488 indissolubile
1580 463 1723 497 acceperit,
1736 463 1801 491 nihil

1011 504 1136 538 impediet
1159 505 1301 539 quominus
1327 513 1404 540 poena
1427 507 1453 532 in
1468 510 1597 535 :rtcrnum
1619 508 1799 542 protrahatur.

1012 549 1058 576 1110
1074 555 1161 577 autem
1186 557 1238 576 non
1266 555 1351 584 potest
1367 555 1507 585 utrumque
1520 553 1599 579 simul
1621 554 1775 588 contingere
1790 574 1799 586 .

1011 596 1178 624 vehementia
1210 604 1304 631 nempe
1340 598 1461 631 supplicii
1495 603 1521 625 et
1555 599 1712 626 diuturnitas
1733 601 1802 627 :sed

1011 642 1124 669 alterunt
1143 650 1203 670 cum
1217 643 1301 670 altero
1316 648 1424 678 pugnat,
1440 651 1472 671 co
1487 644 1556 679 quod
1577 646 1697 680 corporis
1710 651 1802 673 natura

1011 689 1172 722 corruptioni
1200 689 1313 716 obnoxia
1338 697 1428 716 earunt
1457 697 1615 717 concursum
1639 699 1690 718 non
1714 691 1802 718 ferat:

1012 732 1209 761 immortalitate
1219 738 1307 761 autem
1323 735 1491 768 succedente,
1506 735 1624 763 solvetur
1634 736 1690 763 luce
1703 743 1799 771 pugna,

1011 782 1038 805 et
1060 786 1155 813 magna
1180 786 1239 806 cum
1263 780 1388 806 violentia
1413 781 1437 807 in
1463 786 1591 808 aeternum
1616 789 1664 808 nos
1691 787 1802 816 utraque

1012 824 1080 852 mala
1102 825 1237 852 tenebunt.
1260 825 1299 853 Ne
1322 826 1418 861 itaque,
1445 834 1475 853 ac
1497 827 1518 853 si
1542 827 1705 854 cruciatunm
1722 828 1802 854 101111-

1012 870 1109 897 mentia
1122 871 1237 897 animam
1254 877 1370 898 nostram
1390 873 1509 899 consumi
1527 877 1659 907 oporteat,
1674 880 1706 900 eo
1722 874 1802 900 modo

1011 923 1082 944 nunc
1095 916 1180 944 alTecti
1197 918 1281 944 simus
1296 926 1302 944 :
1316 925 1403 952 neque
1418 919 1487 945 enim
1499 926 1594 953 corpus
1607 923 1669 946 tunc
1679 921 1800 947 consumi

1013 962 1108 995 poterit
1121 967 1150 988 ut
1163 962 1188 989 111
1212 963 1352 996 prteseuti;
1369 963 1416 990 sed
1438 971 1498 990 cum
1521 965 1608 991 anima
1625 970 1753 992 :eternum
1775 966 1801 992 in

1011 1007 1147 1041 suppliciis
1162 1007 1290 1040 manebit,
1315 1015 1364 1035 nec
1379 1008 1438 1035 ﬁnis
1451 1009 1519 1035 ttllus
1534 1009 1593 1036 erit.
1619 1009 1736 1043 Quantas
1751 1010 1800 1045 igi-

1012 1056 1055 1078 tur
1076 1052 1184 1080 delicias
1205 1058 1233 1080 et
1246 1058 1373 1088 quantum
1399 1055 1527 1089 temporis
1542 1055 1594 1082 illis
1608 1056 1744 1090 suppliciis
1760 1057 1800 1084 vis

1012 1099 1159 1133 comparari
1171 1099 1182 1125 ?
1195 1100 1269 1126 visne
1282 1105 1388 1127 centum
1404 1108 1498 1133 annos,
1515 1106 1559 1128 ant
1571 1101 1652 1136 duplo
1667 1103 1802 1136 amplius?

1011 1143 1078 1176 Quid
1095 1143 1144 1170 hoc
1163 1144 1215 1171 erit
1228 1144 1250 1171 si
1273 1150 1441 1179 comparetur
1459 1153 1519 1172 cum
1545 1146 1650 1173 swculis
1669 1147 1801 1174 inﬁnitis?

1011 1189 1086 1223 Quod
1106 1190 1177 1216 enim
1192 1194 1233 1217 est
1253 1191 1385 1217 somnium
1401 1191 1478 1218 unius
1491 1190 1543 1218 diei
1567 1191 1600 1218 ad
1623 1196 1704 1219 totam
1719 1193 1800 1219 vitam

1011 1236 1147 1269 collatum,
1162 1236 1187 1263 id
1202 1236 1287 1270 ipsum
1301 1241 1342 1264 est
1363 1244 1451 1264 rerum
1468 1238 1636 1271 pra'sentlum
1651 1245 1742 1271 usura,
1759 1238 1801 1265 fu-

1013 1286 1131 1309 turorum
1145 1283 1225 1309 statui
1236 1288 1399 1317 comparata.
1415 1282 1480 1310 Num
1492 1283 1588 1317 aliquis
1600 1288 1651 1316 est,
1665 1284 1708 1318 qui
1720 1291 1801 1312 suave

1011 1328 1144 1356 somnium
1168 1333 1250 1362 optet,
1276 1336 1306 1355 ea
1328 1327 1479 1356 conditione
1495 1334 1522 1355 ut
1547 1335 1593 1363 per
1615 1334 1695 1356 totam
1721 1331 1802 1357 vitam

1011 1374 1164 1402 crucietur?
1178 1375 1268 1409 ecquis
1290 1375 1324 1401 ita
1340 1375 1436 1402 stultus
1457 1380 1507 1406 est,
1525 1379 1553 1402 ut
1567 1375 1599 1402 ad
1623 1375 1702 1402 talem
1723 1377 1802 1403 retri-

1012 1419 1148 1447 butionem
1168 1420 1296 1448 accedat?
1311 1420 1444 1448 Nihildum
1457 1420 1542 1447 dicam
1557 1425 1649 1447 contra
1672 1421 1780 1448 delicias
1791 1441 1800 1454 ,

1013 1472 1062 1492 nec
1084 1470 1179 1499 quanta
1204 1466 1257 1492 illic
1273 1466 1390 1493 resideat
1411 1466 1559 1493 amaritudo
1576 1474 1645 1493 nunc
1659 1467 1775 1500 aperiam

1013 1511 1179 1544 neque-enim
1186 1510 1239 1544 jam
1249 1515 1351 1545 tempus
1360 1515 1400 1538 est
1408 1511 1463 1538 ha-c
1470 1511 1670 1544 enarrandi,sed
1679 1520 1737 1538 eum
1747 1512 1801 1546 pri-

1013 1563 1084 1582 mum
1100 1563 1145 1582 eas
1158 1553 1274 1591 effugere
1289 1556 1417 1590 potueris.
1433 1556 1509 1582 Nunc
1520 1556 1618 1584 etenim
1633 1557 1693 1591 quia
1708 1557 1801 1584 morbo

1014 1601 1059 1628 illo
1080 1601 1218 1633 detineris,
1243 1601 1336 1635 nugari
1360 1601 1406 1628 tibi
1431 1601 1577 1633 videamur,
1601 1602 1622 1628 si
1638 1603 1800 1636 voluptatem

1013 1654 1129 1674 amaram
1152 1649 1270 1674 dicamus
1285 1656 1291 1674 :
1306 1654 1366 1673 cum
1387 1652 1474 1674 autem
1500 1655 1547 1682 per
1571 1647 1617 1675 Dei
1640 1650 1752 1683 gratiam
1768 1649 1802 1677 ab

1013 1692 1169 1726 aegritudine
1184 1692 1308 1719 liberatus
1320 1692 1409 1724 fueris,
1426 1697 1487 1720 tunc
1500 1693 1558 1728 ejus
1570 1694 1701 1721 miseriam
1719 1694 1801 1728 probo

1014 1745 1167 1772 cognosces.
1181 1733 1269 1771 Quare
1290 1738 1322 1764 iis
1335 1738 1360 1764 in
1375 1738 1452 1765 aliam
1475 1739 1700 1772 opportunitatem
1717 1744 1802 1765 trans-

1015 1783 1113 1814 missis.
1140 1783 1190 1810 hoc
1211 1791 1281 1811 nunc
1302 1783 1431 1811 dicemus.
1457 1784 1590 1811 Ponamus
1614 1785 1722 1812 delicias
1742 1791 1804 1812 esse

1014 1836 1077 1855 vere
1091 1828 1209 1860 delicias,
1232 1834 1258 1856 et
1279 1829 1439 1863 voluptatem
1454 1837 1516 1856 vere
1535 1830 1708 1864 voluptatem,
1725 1830 1791 1858 nihil

1015 1882 1067 1909 que
1081 1875 1179 1902 habere
1201 1875 1332 1910 ingratum
1348 1876 1387 1902 vel
1400 1876 1531 1910 vituperio
1543 1876 1650 1910 dignum
1665 1885 1672 1902 ε
1688 1875 1750 1910 quid
1769 1876 1805 1904 de

1015 1921 1145 1954 supplicio
1167 1920 1300 1948 destinato
1321 1921 1461 1948 dicemus?
1475 1921 1537 1955 quid
1561 1929 1623 1947 vero
1640 1927 1701 1948 111110
1721 1921 1803 1949 faeie-

1015 1974 1085 1999 mus,
1099 1968 1143 2001 qui
1158 1968 1184 1994 in
1197 1967 1320 2002 pnesenti
1335 1967 1386 1994 vita
1408 1967 1449 1994 his
1462 1967 1537 2001 quasi
1552 1967 1577 1994 in
1594 1967 1685 1994 umbra
1698 1973 1725 1994 01
1740 1967 1791 1993 ima
1804 1980 1806 1983 -

1016 2013 1076 2048 giae
1105 2014 1178 2047 potiti
1202 2021 1309 2045 sumus,
1330 2021 1359 2040 re
1383 2019 1470 2040 autem
1496 2013 1552 2046 ipsa
1575 2013 1627 2041 illic
1647 2019 1774 2040 tctcrnum
1792 2013 1802 2031 ί

1016 2058 1175 2092 supplicium
1199 2059 1301 2086 luemus
1316 2068 1322 2085 :
1340 2058 1417 2092 idque
1438 2066 1497 2085 cum
1513 2058 1670 2085 brevissimo
1685 2063 1805 2092 tempore

1017 2104 1158 2138 prtedictos
1178 2105 1311 2130 cruciatus
1335 2103 1452 2138 etl'ugere
1462 2123 1469 2134 ,
1483 2107 1511 2130 et
1526 2104 1640 2137 reposita
1665 2103 1732 2129 bona
1746 2103 1803 2130 adi-

1018 2150 1082 2185 pisci
1097 2149 1232 2177 licuisset?
1249 2150 1303 2176 lloc
1316 2154 1357 2177 est
1372 2150 1441 2177 enim
1456 2156 1524 2183 optts
1534 2149 1680 2176 clementia:
1696 2149 1801 2182 dit-intr,

1016 2196 1086 2231 quod
1100 2196 1176 2223 nobis
1197 2196 1340 2223 certamina
1354 2203 1406 2222 non
1421 2196 1446 2222 in
1462 2195 1567 2230 longum
1585 2201 1688 2229 tempus
1702 2200 1804 2229 protra-

1018 2242 1126 2275 hantur,
1140 2242 1186 2269 sed
1209 2249 1267 2268 cum
1283 2242 1354 2269 brevi
1370 2241 1434 2268 etin
1451 2241 1504 2268 ictu
1519 2241 1587 2268 oculi
1609 2241 1805 2276 (momentauea

1017 2289 1088 2315 enim
1111 2292 1152 2314 est
1174 2293 1291 2322 praesens
1318 2287 1370 2313 vita
1393 2286 1429 2313 illi
1451 2285 1614 2320 comparata)
1630 2286 1805 2312 tleccrtaveri~

1017 2341 1086 2365 mus,
1103 2332 1212 2359 inﬁnitis
1234 2333 1260 2358 in
1273 2332 1376 2359 steculis
1395 2339 1572 2363 coronemur;
1588 2331 1666 2365 idque
1682 2336 1744 2358 tunc,
1756 2332 1806 2366 da:

1018 2384 1166 2406 muatorum
1181 2378 1284 2405 animas
1297 2378 1468 2410 excruciabit,
1482 2377 1587 2411 quando
1599 2378 1750 2410 cogitabunt
1763 2385 1805 2410 se.

1017 2432 1077 2453 cum
1092 2429 1180 2460 posset
1195 2432 1242 2459 per
1262 2431 1361 2459 paucos
1383 2424 1448 2450 istos
1469 2424 1525 2450 dies
1539 2423 1627 2451 omnia
1642 2423 1784 2450 emendare
1797 2443 1807 2456 ,

1017 2472 1174 2507 negligentia
1188 2477 1250 2498 usos
1264 2470 1457 2498 immortalibus
1472 2476 1532 2496 Sese
1555 2471 1630 2495 malis
1653 2467 1806 2495 tradidisse.

1018 2517 1092 2552 Quod
1105 2525 1137 2545 ne
1151 2517 1291 2552 patiamur,
1306 2522 1455 2550 surgamus,
1467 2515 1553 2541 donec
1569 2519 1671 2549 tempus
1684 2519 1806 2548 accepta-

1018 2563 1081 2595 bile,
1100 2563 1185 2590 donec
1199 2563 1256 2589 dies
1277 2561 1370 2589 salutis
1392 2561 1477 2593 adest,
1493 2560 1578 2588 donec
1597 2561 1637 2586 vis
1650 2566 1743 2594 magna
1767 2563 1807 2586 est

1018 2610 1190 2647 pmnitentiaz.
1212 2609 1302 2644 Neque
1322 2608 1392 2634 enim
1416 2607 1540 2641 pra-dicta
1563 2606 1650 2632 solum
1669 2606 1736 2632 mala
1759 2611 1807 2631 nos

1019 2658 1136 2694 segniter
1155 2661 1264 2691 agentes
1288 2655 1429 2690 excipient,
1454 2654 1508 2681 imo
1531 2658 1559 2680 et
1580 2653 1630 2679 alia
1654 2652 1704 2678 illis
1723 2650 1808 2677 multo

1019 2704 1149 2739 graviora.
1165 2703 1227 2729 ΙΙωο
1240 2702 1311 2729 0111111
1326 2705 1388 2728 sunt
1406 2707 1464 2735 qua:
1480 2700 1504 2726 iu
1518 2699 1637 2734 gehenua
1660 2701 1786 2731 parantur
1797 2714 1807 2727 ,

1020 2753 1047 2777 et
1060 2749 1092 2776 iis
1105 2749 1182 2783 longe
1199 2747 1334 2774 acerbiora
1347 2755 1354 2773 :
1365 2753 1380 2773 a
1394 2746 1474 2773 tantis
1488 2747 1575 2771 autem
1589 2742 1718 2770 excidisse
1731 2741 1808 2768 bonis

1053 2845 1062 2862 ι
1079 2840 1158 2870 sarit,
1169 2843 1284 2864 mentum
1294 2845 1302 2869 ;
1311 2844 1359 2863 vox
1367 2838 1439 2862 deest
1448 2837 1472 2860 in
1481 2838 1581 2866 quatuor
1594 2837 1636 2856 Msa
1657 2836 1722 2859 «μω
