2061 3114
263 123 312 149 291

266 185 368 207 tantum
379 179 458 207 infert
468 180 578 213 doloris,
588 179 748 211 afﬂictionis,
761 179 900 214 angustize,
911 183 939 205 ut
950 179 1052 205 etiamsi

268 226 368 252 nullum
382 225 452 252 aliud
474 230 546 253 esset
560 225 716 260 supplicium
739 224 921 260 peccatoribus
936 224 1054 252 destina-

269 276 342 304 tum,
366 270 428 297 illud
451 270 536 297 Solum
558 275 647 305 posset
670 270 817 305 graviorem
843 269 902 297 aliis
926 269 1056 305 gehennae

268 316 427 343 cruciatibus
451 315 548 343 inferre
577 323 682 350 poenam
706 315 854 350 animaeque
877 315 1056 350 perturbatio-

269 369 329 389 nem
334 381 341 387 .

305 406 334 433 Η
343 425 349 432 .
377 405 492 432 [Ειετηω
504 406 561 433 uita:
570 406 686 441 felicitas.
698 419 734 426 —-
746 406 841 433 Animo
856 411 941 433 tecum
963 410 1057 441 reputa

270 452 332 479 vita:
354 452 422 478 illius
437 456 534 479 statum
556 457 583 479 et
597 452 775 479 conditionem
785 473 793 485 ,
808 457 936 487 quantum
957 451 1058 478 scilicet

271 504 366 531 capere
385 501 461 531 potes
473 506 480 523 :
492 505 552 523 nam
569 505 615 531 pro
635 498 671 524 rei
692 497 820 532 dignitate
843 497 915 524 nullo
934 503 1058 524 sermone

272 542 403 570 declarari
417 542 489 569 valet
502 552 508 569 :
520 542 566 569 sed
578 551 609 569 ex
624 543 655 570 iis
669 551 728 577 qnze
743 543 892 570 audivimus
902 563 908 575 ,
922 542 997 576 quasi
1012 549 1058 576 per

272 588 423 622 mnigmata,
435 588 574 615 obscuram
589 588 728 622 quamdam
748 588 806 623 ejus
821 588 858 615 rei
879 587 1058 622 conjecturam

271 635 407 661 faciamus.
433 634 547 670 Aufugit,
572 635 665 669 inquit,
682 634 763 666 dolor,
788 634 887 660 tristitia
908 638 932 661 et
955 633 1059 668 gemitus

275 680 353 716 (luti.
367 680 481 716 35.10).
495 681 562 713 Quid
583 681 662 715 igitur
683 688 714 708 ea
729 680 779 707 vita
799 680 901 707 felicius
921 679 980 707 est?
1002 678 1058 706 Non

273 730 315 753 est
333 726 368 752 ibi
386 725 525 752 metuenda
554 730 694 760 paupertas
719 729 746 752 et
766 725 904 760 asgritudo,
923 724 1012 752 nullus
1024 724 1059 751 ibi

273 770 355 803 Ιςείιίι,
367 769 455 797 nullus
465 770 580 803 laeditur,
593 770 681 797 nullus
696 769 781 797 irritat
791 778 841 797 nec
856 770 983 803 irritatur,
999 769 1060 796 nul.

273 814 316 842 lus
330 815 463 847 irascitur,
477 819 522 842 aut
541 815 654 848 invidet,
669 820 714 842 aut
740 816 854 843 absurda
871 816 1061 850 concupiscen-

275 860 308 887 tia
331 860 488 893 exardescit,
517 868 596 888 nemo
621 857 655 888 de
677 860 885 888 necessariorum
913 865 1062 888 commeatu

274 906 368 933 anxius
389 910 441 938 est,
459 913 538 934 nemo
556 913 636 940 super
663 906 818 941 magistratu
844 909 889 933 aut
914 905 1061 940 principatu

274 952 348 979 dolet
361 961 368 979 :
380 952 466 979 omnis
477 952 548 979 enim
561 951 703 979 affectuum
719 952 834 986 procella
847 952 939 979 sedata
960 952 1060 979 exstin-

274 997 372 1032 guitur,
387 997 476 1024 omnia
490 997 515 1024 in
527 1004 602 1032 pace,
616 997 706 1024 lmlitia
724 1001 751 1024 et
762 996 857 1031 gaudio
867 1017 874 1029 ,
886 997 974 1024 omnia
990 1001 1062 1024 tran-

274 1043 354 1078 quilla
369 1046 396 1070 et
408 1050 512 1075 serena,
526 1043 616 1070 omnia
630 1042 698 1074 dies,
711 1042 846 1077 splendor,
865 1042 909 1069 lux
926 1051 933 1069 :
947 1042 1062 1080 non'lux

277 1087 414 1121 hodierna,
433 1087 480 1115 sed
499 1088 550 1115 alia
565 1092 638 1115 tanto
651 1087 702 1115 hac
715 1087 887 1122 splendidior,
903 1093 1002 1123 quanto
1023 1088 1063 1115 lu-

275 1140 355 1161 cerna
363 1133 407 1160 lux
413 1132 477 1160 diei.
489 1132 566 1160 Nulla
579 1132 614 1160 ibi
625 1137 703 1161 nocte
717 1140 803 1168 neque
813 1132 922 1161 nubium
933 1140 1063 1160 concursu

275 1178 444 1212 obscuratur;
456 1185 505 1206 nec
519 1178 603 1212 ardet,
618 1185 667 1206 nec
678 1185 789 1214 corpora
799 1178 895 1206 adurit.
904 1178 979 1206 Nulla
990 1179 1062 1206 enim

277 1232 341 1258 nox,
369 1232 455 1260 neque
478 1232 590 1260 vespera
611 1225 659 1260 ibi,
676 1233 730 1252 non
745 1225 827 1261 frigus
841 1233 891 1254 nec
901 1230 996 1260 aestus,
1010 1234 1063 1254 non

277 1270 327 1296 alia
341 1274 528 1305 tempestatum
542 1270 652 1298 mutatio
664 1277 672 1303 ;
692 1270 738 1298 sed
752 1271 820 1298 alius
838 1271 912 1299 adest
929 1275 1014 1298 status
1026 1275 1065 1298 ta-

278 1315 374 1350 lisque,
385 1315 490 1350 qualem
502 1315 520 1342 ii
533 1315 618 1343 solum
628 1315 784 1350 intelligent,
793 1316 837 1351 qui
848 1315 935 1350 adepti
948 1315 1063 1349 fuerint;

278 1367 331 1388 non
345 1359 398 1387 illic
418 1364 559 1394 senectus,
573 1368 623 1388 nec
648 1362 792 1389 senectutis
818 1361 993 1394 incommoda,
1018 1361 1065 1389 sed

278 1406 377 1439 omnia,
390 1413 449 1441 qua:
460 1406 493 1433 ad
504 1407 699 1441 corruptionem
712 1410 848 1441 spectant,
868 1406 902 1434 de
917 1406 1004 1434 medio
1015 1407 1065 1434 tol-

278 1450 378 1484 luntur,
392 1450 453 1486 quia
466 1450 672 1486 incorruptibilis
685 1451 769 1486 gloria
783 1451 879 1486 ubique
904 1451 1064 1479 dominatur.

277 1496 407 1532 Quodque
433 1497 551 1525 omnium
571 1497 698 1532 optimum
726 1502 786 1531 est,
814 1497 910 1525 Christi
933 1498 1066 1525 consortio

278 1542 399 1570 fruentur
411 1550 471 1570 cum
485 1542 595 1578 angelis,
610 1550 671 1570 eum
682 1542 857 1578 archangelis,
868 1550 928 1570 cum
942 1542 1065 1577 superio-

279 1587 353 1616 ribus
366 1588 549 1623 potestatibus.
571 1587 757 1622 Coutemplare
772 1595 843 1615 nunc
861 1587 963 1620 emtum,
973 1592 1000 1615 et
1022 1595 1064 1619 ea,

280 1642 341 1669 qute
361 1641 441 1669 super
458 1634 539 1661 caelos
556 1637 627 1667 sunt,
642 1633 758 1669 cogitatu
778 1632 935 1661 transcende
951 1640 959 1659 :
981 1633 1066 1667 cogita

280 1679 361 1706 totius
371 1682 507 1718 creaturas
520 1679 782 1711 transmutationem;
798 1685 851 1705 non
864 1678 934 1705 enim
950 1682 978 1704 ut
997 1685 1067 1705 nunc

281 1725 453 1759 cstmanebit,
459 1725 506 1753 sed
513 1724 737 1760 multopulchrior
744 1725 794 1752 erit
801 1729 828 1752 et
835 1724 941 1758 clarior,
950 1729 978 1751 et
984 1731 1068 1759 quan-

282 1781 338 1804 tum
353 1775 462 1811 plumbo
474 1775 599 1810 fulgidins
613 1779 655 1803 est
668 1782 777 1807 aurum,
792 1776 893 1801 tantum
914 1772 964 1800 hac
978 1780 1066 1800 rerum

282 1822 452 1857 prasentium
464 1821 617 1849 conditione
630 1820 797 1856 praestantior
809 1820 859 1847 erit
870 1819 924 1853 illa,
938 1818 1067 1854 quemad-

281 1867 390 1896 modum
402 1867 439 1895 ait
450 1867 542 1895 beatus
553 1866 651 1894 Paulus
663 1874 670 1892 :
688 1865 754 1899 Quia
767 1870 790 1892 et
807 1865 863 1900 ipsa
880 1869 996 1892 creatura
1008 1863 1069 1890 libe-

281 1905 378 1940 rabitur
403 1921 419 1939 ιι
440 1913 558 1940 'um'tute
582 1912 749 1947 corruptionis
777 1911 864 1946 (Rom.
877 1910 905 1938 8.
918 1909 977 1945 2|).
995 1909 1069 1937 Nunc

282 1958 365 1992 enim,
381 1962 470 1993 utpote
495 1956 672 1992 corruptionis
690 1956 832 1991 particeps,
851 1955 933 1983 multa
960 1954 1068 1990 patitur,

283 2011 341 2039 qua
353 2003 459 2039 corpori
478 2003 655 2034 conveniunt;
670 2006 732 2029 tunc
746 2008 809 2028 vero
822 2000 863 2028 his
875 2000 999 2028 omnibus
1019 2007 1070 2027 ex-

285 2053 341 2083 uta,
355 2048 585 2083 ineorruptibilem
600 2047 677 2075 nobis
698 2046 824 2074 decorem
838 2045 983 2073 exhibebit.
997 2044 1071 2078 Quo-

286 2095 356 2122 niam
372 2094 442 2122 enim
460 2098 555 2121 natura
569 2092 779 2127 incorruptibilia
797 2098 909 2127 corpora
930 2094 1070 2125 acceptura

285 2144 334 2172 est,
350 2140 407 2175 ipsa
421 2146 527 2174 quoque
548 2138 654 2166 denmm
682 2137 708 2164 in
734 2137 829 2164 melius
855 2135 1070 2164 commutabitur.

285 2185 362 2213 Nulla
375 2190 439 2212 tunc
451 2185 502 2212 erit
512 2183 608 2212 seditio
622 2187 668 2210 aut
681 2189 767 2218 pugna
783 2190 789 2209 :
805 2189 899 2216 magna
911 2181 1008 2217 quippe
1022 2180 1073 2209 erit

284 2232 312 2258 in
322 2231 405 2258 choro
416 2234 568 2258 sanctorum
580 2228 731 2260 concordia,
752 2228 875 2255 omnibus
885 2235 991 2262 semper
1002 2227 1073 2255 inter

285 2285 314 2305 se
326 2275 563 2304 consentientibus.
574 2274 632 2302 Non
646 2274 700 2301 illic
718 2273 840 2301 diabolus
860 2272 1006 2306 timendus,
1020 2279 1071 2299 non

288 2323 439 2350 dcemonum
459 2321 574 2354 insidiae,
592 2327 646 2348 non
667 2319 796 2355 gehennae
820 2319 999 2352 comminatio,
1022 2325 1075 2346 non

286 2375 369 2401 mors,
383 2374 469 2402 neque
482 2366 598 2394 humana
615 2365 683 2399 hac,
696 2372 782 2400 neque
799 2364 843 2392 illa
854 2364 906 2391 alia
922 2364 1006 2391 multo
1016 2371 1075 2399 gra-

286 2413 360 2444 vior;
376 2411 423 2439 sed
437 2412 524 2439 omnis
540 2410 723 2446 hujuscemodi
746 2414 832 2437 metus
846 2409 949 2437 solutus
965 2413 1017 2437 est.
1037 2409 1076 2437 Ae

286 2457 356 2484 sicut
366 2464 431 2491 puer
443 2456 532 2491 regius
543 2476 551 2488 ,
570 2455 685 2490 primum
705 2454 819 2490 simplici
838 2453 917 2481 modo
931 2453 1074 2488 educatur,

288 2503 428 2531 timoribus
440 2506 519 2537 atque
529 2501 607 2529 minis
617 2505 764 2534 coercetur,
780 2508 814 2528 ne
825 2508 873 2536 per
885 2500 1075 2535 indulgentiam

287 2547 363 2582 pejor
376 2546 480 2581 evadat,
495 2555 578 2582 seque
587 2551 696 2582 paterna
711 2545 847 2582 indignum
857 2545 951 2573 reddat
964 2545 1078 2573 haeredi-

289 2598 358 2625 tate;
374 2596 514 2628 postquam
523 2597 612 2620 autem
625 2592 724 2627 regiam
734 2592 888 2627 dignitatem
902 2591 1013 2627 adeptus
1023 2596 1075 2624 est,

289 2638 331 2666 ftis
343 2638 466 2666 omnibus
475 2637 615 2666 confestim
627 2637 765 2673 depositis,
780 2644 896 2673 purpura
910 2637 1077 2665 diademate—

289 2692 342 2719 que
354 2689 481 2717 ornatus,
491 2691 522 2712 ac
541 2691 683 2712 numeroso
701 2684 826 2712 satellitio
840 2684 969 2718 stipatus,
983 2691 1077 2719 magna

290 2739 350 2759 cum
364 2731 487 2759 libertate
502 2731 642 2767 praesidet,
656 2730 761 2766 abjecto
777 2730 811 2758 ab
832 2731 919 2757 anima
943 2737 990 2757 sua
1009 2734 1078 2757 statu

289 2778 336 2806 illo
351 2777 444 2805 humili
461 2781 541 2813 atque
561 2776 689 2810 demisso,
703 2776 807 2811 aliaque
826 2776 967 2803 substituta
988 2782 1079 2802 rerum

291 2822 442 2852 conditione
460 2831 467 2850 :
489 2824 525 2851 ita
540 2827 602 2851 tunc
623 2822 758 2858 continget
773 2821 871 2849 sanctis
886 2820 1018 2850 omnibus.
1041 2819 1079 2847 Ne

615 123 643 150 S.
661 122 799 151 JOANNIS
817 121 1050 150 CHRYSOSTOTtll
1070 122 1223 151 .\RClllE[‘.
1245 122 1509 151 CONSTANTINOP.

1840 122 1892 151 992

1110 185 1185 213 putes
1199 185 1286 206 autent
1301 180 1357 207 hate
1380 186 1429 207 ceu
1450 177 1563 213 quadam
1579 177 1719 205 verborum
1737 185 1829 212 pompa
1853 187 1892 213 ja-

1107 225 1183 255 ctari,
1199 225 1231 252 ad
1245 230 1361 252 montem
1378 232 1518 260 pergamus
1528 223 1573 251 ubi
1585 222 1707 250 Christus
1721 223 1894 257 transﬁgura-

1109 275 1149 297 tus
1159 275 1199 298 est
1210 280 1216 297 :
1230 270 1439 305 contemplemur
1449 270 1522 297 illum
1533 269 1675 304 splendore
1685 276 1780 303 magno
1791 269 1892 304 fulgen-

1110 321 1161 343 tem
1175 337 1181 349 ,
1197 317 1256 343 licet
1268 322 1354 343 tamen
1370 317 1425 351 ipse
1440 324 1491 342 non
1508 321 1590 343 totum
1607 315 1686 341 futuri
1702 315 1791 341 s:cculi
1806 315 1893 349 splen-

1109 363 1201 388 dorem
1216 362 1373 389 exhibuerit.
1386 362 1448 388 Nam
1459 362 1527 396 quod
1539 361 1757 394 attemperutionc
1770 360 1893 395 quadam,

1110 415 1161 433 non
1175 411 1296 433 accurata
1306 413 1395 433 rerum
1412 406 1644 437 demonstratione,
1661 406 1718 432 talis
1733 406 1893 439 apparuerit.

1111 461 1141 478 ex
1155 452 1218 486 ipsis
1232 452 1399 486 evangelista:
1415 451 1502 477 verbis
1515 450 1673 477 ostenditur.
1683 450 1750 483 Quid
1764 450 1833 477 enim
1843 450 1895 476 ait?

1113 498 1275 531 Rcsplcnduit
1290 498 1353 524 sicut
1366 498 1403 523 sol
1421 496 1525 531 (Matth.
1542 496 1583 522 l7.
1600 496 1638 530 9.).
1655 495 1894 529 lncorruptibiliuut

1111 548 1198 570 autem
1216 550 1356 577 corporum
1370 542 1449 576 gloria
1475 548 1526 568 non
1555 545 1652 567 lautam
1680 541 1775 567 emittit
1798 540 1893 569 lucem.

1111 594 1234 623 quantam
1258 596 1353 622 corpus
1378 587 1427 613 hoc
1452 586 1630 619 corruptibile,
1644 593 1728 619 neque
1744 585 1821 612 talem
1839 588 1894 611 uta

1112 634 1266 661 mortalibus
1280 633 1363 659 oculis
1381 632 1463 659 videri
1479 632 1578 666 possit;
1595 631 1640 658 sed
1654 629 1896 664 iucorruptibilibus

1112 684 1138 707 et
1150 679 1340 706 immortalibus
1354 678 1437 705 oculis
1461 682 1500 704 est
1524 684 1589 710 optes
1608 676 1639 702 ad
1656 677 1712 710 ejus
1735 675 1896 709 contempla-

1114 726 1222 752 tionem.
1240 725 1267 751 ln
1282 729 1371 751 monte
1387 729 1473 750 autem
1488 728 1585 750 tantam
1603 723 1666 757 ipsis
1681 721 1799 755 aperuit,
1814 730 1896 756 quau-

1115 778 1167 799 tam
1195 773 1251 799 sine
1276 772 1411 798 oculorutu
1439 771 1546 797 la‘sioue
1569 769 1636 795 ferre
1657 774 1778 803 poterant
1793 777 1896 803 :ncque

1114 824 1200 846 tamen
1217 818 1348 845 sustinere
1361 821 1512 852 potuerunt,
1528 815 1574 842 sed
1590 815 1741 842 ceciderunt
1762 815 1787 841 in
1804 814 1895 841 faciem

1114 864 1215 891 suam‘.
1227 863 1272 889 Dic
1285 863 1358 894 mihi,
1368 869 1467 896 qnmso,
1481 861 1502 888 si
1512 861 1569 895 quis
1583 865 1607 887 te
1625 860 1649 886 in
1659 860 1744 886 locum
1756 859 1896 893 quemdam

1115 908 1279 943 splendidum
1296 907 1471 938 'indnceret,
1485 906 1529 933 ubi
1554 912 1646 931 omnes
1668 905 1789 931 sederent
1811 904 1897 930 amcis

1116 954 1198 980 induti
1216 954 1341 985 restibus,
1359 953 1424 979 etin
1439 951 1525 978 medio
1547 955 1616 978 caatu
1636 950 1716 976 alium
1735 948 1895 977 ostenderet,

1115 1000 1157 1034 qui
1171 1004 1197 1026 et
1208 1003 1306 1026 vestem
1321 1003 1347 1025 et
1359 998 1453 1032 capitis
1468 1005 1593 1024 coronam
1606 996 1713 1022 haberet
1726 1003 1758 1022 ex
1770 995 1898 1029 lapidibus

1116 1049 1217 1071 tantum
1230 1045 1351 1079 pretiosis
1373 1048 1533 1078 compactas.
1559 1042 1705 1075 deindeque
1731 1040 1899 1074 polliceretur

1117 1095 1142 1116 te
1163 1090 1187 1116 in
1202 1097 1339 1116 numerum
1355 1089 1432 1123 hujus
1449 1088 1537 1122 populi
1556 1087 1748 1120 adscriptut‘um
1762 1093 1836 1116 esse;
1853 1093 1898 1110 ειυς

1117 1143 1167 1162 non
1179 1134 1281 1169 quidvis
1295 1134 1404 1165 faceres,
1420 1138 1446 1159 ut
1455 1133 1506 1159 tale
1517 1132 1676 1167 promissum
1686 1138 1877 1164 consequerere
1888 1130 1898 1154 Τ

1116 1182 1278 1216 Aperi-nunc
1292 1180 1392 1212 oculos,
1409 1184 1435 1206 et
1445 1178 1506 1206 illud
1520 1179 1620 1212 respice
1632 1177 1772 1208 theatrum,
1788 1184 1838 1202 non
1851 1175 1898 1201 hu-

1115 1226 1231 1260 jusmodi
1246 1226 1308 1253 viris
1322 1225 1515 1260 frequentatum
1527 1244 1533 1255 ,
1551 1223 1596 1250 sed
1613 1223 1657 1254 iis,
1671 1222 1713 1256 qui
1738 1226 1764 1248 et
1779 1229 1858 1252 auro,
1875 1226 1900 1245 ιι

1118 1273 1247 1308 lapidibus
1268 1272 1399 1307 pretiosis,
1416 1275 1443 1298 ct
1463 1270 1543 1297 radiis
1556 1269 1695 1299 solaribus,
1710 1272 1737 1295 et
1759 1267 1830 1294 omni
1857 1274 1899 1299 ψιι

1118 1320 1166 1347 sub
1177 1323 1310 1353 aspectum
1324 1317 1393 1345 cadit
1411 1316 1568 1351 splendore,
1583 1315 1659 1348 longe
1671 1313 1804 1348 digniores
1823 1317 1881 1338 sunt
1893 1320 1898 1340 :

1118 1373 1170 1393 non
1184 1364 1333 1392 hominibus
1346 1363 1434 1393 modo,
1451 1361 1497 1389 sed
1513 1361 1590 1388 etiam
1606 1360 1637 1386 iis
1647 1360 1690 1393 qui
1702 1358 1820 1385 homines
1836 1358 1901 1382 ntul-

1119 1416 1144 1437 to
1169 1410 1252 1444 spatio
1274 1408 1443 1439 antecellunt,
1468 1406 1568 1440 angel's
1591 1412 1695 1438 nempe,
1725 1401 1899 1436 archangelis,

1119 1456 1230 1488 thronis,
1245 1454 1478 1485 dominationibus,
1499 1451 1699 1487 principatibus,
1714 1448 1900 1483 potestatibus.

1120 1501 1159 1528 De
1172 1508 1234 1535 rege
1251 1506 1380 1532 namque,
1394 1498 1479 1532 qualis
1493 1497 1528 1523 sit
1541 1503 1574 1522 ne
1588 1494 1676 1522 dicere
1688 1493 1793 1528 quidem
1809 1500 1902 1527 possu-

1119 1553 1192 1577 mus;
1207 1545 1273 1572 adeo
1284 1550 1432 1571 sermonem
1448 1547 1476 1569 et
1489 1545 1604 1568 mentem
1616 1546 1722 1567 omnem
1735 1538 1902 1572 cxceditcjus

1122 1591 1299 1626 pulchritudo,
1316 1589 1429 1624 species,
1445 1587 1579 1623 splendor,
1592 1586 1686 1621 gloria,
1704 1584 1902 1619 majestas,ma-

1119 1636 1278 1672 gnificentia.
1298 1635 1382 1662 Totne
1398 1634 1407 1649 '
1429 1633 1515 1665 bonis,
1534 1632 1576 1659 die
1588 1631 1663 1663 mihi,
1675 1637 1723 1657 nos
1731 1628 1901 1664 privabinmS.

1119 1687 1149 1708 ut
1161 1682 1323 1709 declinemus
1338 1679 1423 1713 exigui
1436 1678 1561 1713 temporis
1577 1676 1712 1704 laborem?
1725 1675 1790 1701 Nam
1812 1674 1833 1700 si
1848 1674 1905 1700 mil-

1120 1728 1168 1754 lies
1180 1726 1297 1761 quotidie
1308 1724 1472 1752 moriendum
1488 1728 1569 1756 esset,
1583 1723 1604 1749 si
1621 1722 1741 1757 gehenna
1755 1721 1810 1754 ipsa
1826 1720 1905 1745 susti-

1121 1773 1206 1800 nenda
1218 1772 1296 1805 foret,
1308 1776 1336 1798 ut
1346 1771 1479 1798 Christum
1493 1771 1518 1797 in
1530 1769 1611 1804 gloria
1625 1776 1670 1795 sua
1680 1767 1828 1794 venientem
1842 1773 1905 1791 eon-

1121 1819 1298 1853 spiceremus,
1323 1822 1350 1844 et
1373 1821 1524 1844 sanctorum
1551 1814 1633 1841 choro
1653 1819 1904 1840 annumeraremur.

1122 1872 1210 1892 nonne
1235 1864 1324 1891 omnia
1348 1863 1392 1889 illa
1419 1861 1526 1889 ferenda
1548 1860 1654 1888 essent?
1666 1858 1733 1886 Audi
1749 1856 1810 1891 quid
1838 1856 1907 1882 (ilt'ﬂl

1122 1911 1214 1938 beatus
1225 1910 1317 1937 Petrus
1332 1918 1338 1935 τ
1353 1909 1449 1935 Bonum
1459 1912 1495 1935 est
1508 1915 1552 1933 nos
1568 1906 1608 1932 hic
1622 1913 1674 1932 esse
1690 1903 1795 1938 (Matth.
1809 1902 1851 1929 17.
1868 1902 1904 1927 tl.

1123 1955 1198 1989 Quod
1212 1955 1235 1982 si
1256 1955 1301 1982 ille
1320 1954 1431 1981 obscura
1457 1951 1571 1987 quadam
1593 1954 1735 1983 conspecta
1760 1947 1906 1974 futurorum

1124 2001 1248 2035 imagine,
1260 2000 1346 2027 omnia
1360 2000 1448 2026 statim
1463 1997 1554 2032 rejecit
1565 1996 1597 2022 ab
1607 1996 1705 2026 animo,
1719 1994 1753 2021 ob
1770 1992 1877 2019 inditam
1894 1998 1907 2015 .1

1125 2048 1168 2075 tali
1180 2046 1281 2074 visione
1296 2045 1458 2079 voluptatem
1469 2043 1544 2078 :quid
1565 2042 1666 2069 dicetur
1680 2039 1785 2075 quando
1797 2038 1851 2072 ipsa
1867 2044 1909 2062 re-

1125 2101 1183 2120 rum
1207 2091 1305 2119 veritas
1331 2090 1426 2121 aderit,
1453 2087 1568 2123 quando,
1583 2086 1681 2120 apertis
1697 2083 1776 2118 regiis
1790 2081 1889 2109 azdibus
1900 2101 1908 2111 ,

1126 2140 1211 2174 ipsum
1222 2144 1310 2172 regem
1324 2134 1477 2169 conspicere
1490 2132 1590 2164 licebit,
1600 2138 1652 2158 non
1666 2129 1734 2156 ultra
1745 2128 1772 2155 in
1783 2127 1910 2161 :enigma-

1127 2173 1162 2218 te,
1178 2191 1264 2218 neque
1279 2190 1327 2217 per
1342 2180 1488 2215 speculum,
1508 2178 1554 2205 sed
1584 2177 1650 2203 facie
1672 2175 1705 2202 ad
1730 2173 1835 2205 facient,
1858 2178 1911 2197 non

1100 2242 1103 2245 ·
1127 2232 1195 2258 ultra
1210 2237 1256 2264 per
1271 2229 1359 2260 fidem,
1372 2226 1417 2254 sed
1428 2233 1474 2260 per
1486 2223 1621 2259 speciem?

1164 2263 1323 2302 ίῖίΑηιὶεδὶο
1334 2273 1403 2308 regni
1414 2270 1519 2299 cwlestis
1533 2269 1631 2305 gravior
1641 2267 1740 2294 azternt's
1752 2263 1911 2292 cruciatibus.

1128 2338 1163 2343 —
1176 2321 1247 2349 Multi
1258 2327 1321 2347 sane
1336 2323 1407 2351 sunt,
1421 2317 1465 2352 qui
1478 2315 1592 2343 absurdo
1604 2313 1703 2348 judicio
1717 2312 1769 2344 usi,
1783 2318 1798 2337 a
1811 2309 1910 2345 gehen-

1129 2375 1161 2395 na
1174 2367 1259 2395 Solum
1271 2365 1376 2392 liberari
1399 2366 1540 2398 peroptant
1557 2369 1562 2386 :
1579 2366 1627 2394 ego
1642 2365 1705 2385 vero
1715 2356 1836 2391 gehenna
1851 2354 1915 2381 mul-

1129 2418 1156 2441 to
1169 2412 1319 2448 graviorem
1333 2417 1392 2437 esse
1406 2415 1511 2443 poenam
1525 2410 1597 2441 puto,
1611 2412 1663 2430 non
1677 2405 1847 2436 assequutum
1856 2406 1916 2426 esse

1130 2446 1241 2494 gloriam
1253 2458 1335 2489 illam,
1348 2455 1425 2489 eique
1449 2453 1492 2488 qui
1516 2451 1576 2478 inde
1602 2448 1729 2477 exciderit
1742 2446 1837 2481 opinor
1863 2451 1916 2470 non

1130 2490 1196 2532 adeo
1204 2502 1346 2538 lugendum
1360 2507 1419 2528 esse
1429 2499 1463 2526 de
1479 2497 1607 2533 gehennm
1622 2494 1699 2521 malis
1709 2513 1716 2526 ,
1730 2497 1760 2519 ut
1773 2491 1806 2518 de
1820 2490 1919 2516 amisso

1131 2536 1255 2579 czelorum
1283 2555 1364 2583 regno
1386 2546 1451 2573 :hic
1479 2544 1549 2571 enim
1574 2546 1615 2569 est
1640 2539 1772 2567 cruciatus
1800 2536 1918 2563 omnium

1132 2594 1330 2624 acerbissimus.
1351 2592 1426 2619 Nunc
1447 2594 1519 2617 certe
1531 2596 1590 2615 cum
1604 2593 1693 2621 regem
1718 2584 1838 2611 videmus
1864 2580 1919 2607 frc-

1131 2643 1222 2678 qucnti
1233 2648 1292 2668 cum
1303 2638 1426 2667 satellitio
1436 2636 1534 2671 regiam
1548 2634 1700 2664 adeuntem,
1717 2630 1828 2657 clientes
1841 2627 1899 2661 ejus
1912 2646 1920 2659 ,

1163 2732 1173 2777 1
1185 2732 1361 2785 simsim;
1371 2723 1522 2786 $73335
1534 2752 1611 2777 locum
1621 2749 1750 2782 quemdam
1758 2746 1922 2782 splendidum,

1134 2792 1233 2819 habent,
1244 2790 1269 2815 in
1281 2790 1407 2814 theatrum.

1168 2813 1268 2847 Vitta;
1277 2813 1302 2845 et
1309 2813 1375 2844 unus
1388 2821 1449 2850 post,
1459 2819 1530 2845 tome,
1539 2813 1638 2844 addunt,
1649 2818 1677 2836 ac
1686 2814 1767 2837 tanta.
