2061 3114
173 153 227 181 293

174 209 318 241 sermonis,
329 209 433 237 consilii
448 214 474 237 et
483 209 573 245 gloriae
583 211 726 246 participes
737 233 744 245 ,
758 213 852 242 beatus
867 215 964 250 praedi-

173 261 278 287 camus,
295 262 397 289 uosque
411 255 534 289 miseros,
550 257 600 283 etsi
615 257 725 285 infinitis
747 259 823 287 bonis
848 262 966 290 abunde-

175 307 246 333 mus,
259 308 372 335 quorum
387 307 495 328 sensum
509 309 561 328 non
573 303 743 337 percipimus,
755 311 847 332 eorum
855 307 966 341 gloriam

177 346 331 378 intuentes;
348 346 453 373 etiamsi
464 353 631 381 compertum
645 349 679 375 sit
693 349 779 382 nobis,
796 350 866 378 hunc
877 352 966 386 splen<

176 391 270 418 dorem
281 391 404 418 faliaccm
417 399 479 419 esse
490 392 653 427 minimeque
662 399 776 428 certum,
793 400 849 422 tum
863 396 897 424 ob
914 397 968 424 bcl-

179 436 213 468 la,
229 441 284 462 tum
298 435 333 463 ob
348 435 458 463 insidias
471 437 668 472 invidiamque,
683 443 738 466 tum
747 440 838 473 etiam,
850 441 921 475 quod
936 442 968 469 iis

178 481 302 508 omnibus
317 482 441 516 sepositis
457 482 514 516 ipse
528 489 576 516 per
600 490 630 509 se
656 490 705 518 pro
727 484 810 512 nihilo
832 485 968 515 habendus

179 527 224 554 sit.
239 527 278 554 Ae
293 528 338 555 ubi
360 527 448 562 agitur
468 527 501 555 de
526 527 599 563 Rege
627 529 821 564 universorum,
846 532 890 566 qui
916 540 967 559 non

180 575 293 605 partem,
309 571 355 598 sed
369 579 463 607 gyrum
488 575 571 598 totum
593 576 670 599 terrm
696 574 822 607 possidet,
847 576 901 602 imo
923 577 968 611 qui

182 622 262 644 totam
274 617 346 645 illam
361 625 448 652 pugno
457 618 642 652 complectitur
652 639 660 652 ,
676 623 703 646 et
715 620 802 654 palmo
816 622 896 648 caelos
910 629 967 648 me-

182 663 254 695 titur,
263 662 307 697 qui
322 667 408 697 portat
422 663 510 690 omnia
533 663 615 690 verbo
627 664 732 691 virtutis
745 672 809 697 sum,
822 666 864 693 cui
875 673 969 694 omnes

182 713 274 743 gentes
288 709 363 743 quasi
377 708 444 736 nihil
453 713 478 736 et
487 709 650 743 quasisaliva
661 714 848 744 computantur
861 719 868 738 :
881 719 968 738 annon

183 754 336 788 putabimus
361 759 510 782 extremum
532 762 592 782 esse
605 755 781 789 supplicium,
795 756 817 783 si
845 756 871 783 in
886 757 969 784 choro

182 800 233 833 ipsi
241 800 339 826 circum
343 800 429 834 posito
438 807 491 826 non
498 800 702 832 constituamur,
715 800 762 828 sed
775 806 816 828 sat
825 802 902 829 nobis
909 809 969 829 esse

182 844 332 877 credemus,
346 844 368 871 si
382 844 530 879 gehennam
542 844 729 880 ell'ugerimus?
750 845 818 879 Quid
833 847 919 873 anima
931 848 970 874 sic

183 889 275 916 aﬂ'ecta
291 889 499 917 miserius‘illex
514 890 585 916 enim
607 890 652 918 ille
681 898 734 918 non
757 891 820 926 iugo
847 892 968 919 alborum

182 938 313 964 mulorum
324 958 331 969 ,
342 945 394 964 non
409 944 491 964 aureo
512 945 592 964 curru
604 941 711 969 νεεῑυε.
726 945 778 965 non
792 946 907 973 purpura
921 946 970 966 nec

181 991 279 1011 corona
292 987 413 1017 ornatus,
428 991 481 1011 non
494 984 543 1017 sic,
560 984 679 1019 inquam,
691 984 857 1019 judicaturus
870 989 968 1012 terram

182 1030 279 1056 veniet.

218 1073 370 1101 Testimonia
391 1075 423 1101 de
437 1074 524 1109 futuro
538 1075 645 1109 judicio.
659 1090 694 1095 —
707 1074 846 1108 Quomodo
865 1076 944 1111 igitur
957 1076 969 1102 τ

182 1119 249 1147 Audi
261 1120 403 1155 prophetas
414 1120 560 1147 clamantes
575 1124 603 1148 et
620 1120 740 1148 dicentes
752 1141 759 1154 ,
772 1125 898 1155 quantum
917 1121 967 1148 ho-

181 1165 299 1193 minibus
313 1166 400 1193 dicere
412 1165 451 1193 fas
465 1170 506 1193 est
518 1174 525 1192 :
539 1166 607 1193 alius
617 1166 723 1201 quidem
736 1167 774 1194 ait
789 1175 796 1194 :
812 1166 878 1194 Deus
888 1167 970 1194 mani-

181 1211 245 1246 feste
256 1211 351 1244 veniet,
364 1210 431 1238 Deus
446 1215 538 1244 noster,
551 1217 574 1238 et
596 1219 646 1238 non
660 1211 740 1238 silebit
757 1220 766 1238 :
779 1212 844 1247 ignis
866 1213 892 1239 in
907 1221 968 1239 con-

181 1259 267 1289 spectu
281 1256 337 1289 ejus
351 1255 493 1282 exat-desset
504 1276 511 1289 ,
526 1260 549 1282 et
562 1256 587 1282 in
599 1256 704 1282 circuitu
718 1257 773 1291 ejus
783 1261 914 1292 tempestas
926 1265 970 1283 rn-

181 1300 234 1326 lida
246 1308 255 1326 :
267 1300 395 1327 advocabit
413 1301 503 1328 oletum
523 1301 653 1328 desursum
662 1321 670 1334 ,
681 1305 705 1329 et
724 1306 816 1329 terram
830 1302 970 1330 discernere

183 1345 303 1379 populum
315 1353 388 1372 suum
400 1345 483 1381 (Psal.
497 1346 542 1373 49.
556 1347 583 1373 5.
594 1345 633 1381 4).
648 1346 727 1374 Isaias
741 1354 803 1375 vero
811 1347 968 1382 supplicium

182 1390 267 1425 ipsum
291 1391 368 1417 nobis
391 1391 513 1425 proponit
531 1391 571 1419 his
590 1391 678 1419 verbis
695 1400 702 1418 :
718 1391 784 1419 Ecce
798 1392 851 1420 dies
865 1391 969 1420 Domini

181 1436 247 1462 venit
269 1436 416 1464 insanabilis
434 1436 527 1471 furoris
547 1442 570 1464 et
591 1438 654 1470 ine,
671 1438 705 1464 ad
726 1438 868 1472 ponendum
890 1443 969 1466 totum

183 1482 266 1510 orbem
281 1487 404 1510 terrarum
417 1483 543 1510 desertum
552 1504 559 1516 ,
573 1488 596 1510 et
611 1485 643 1510 ad
659 1484 813 1518 perdendum
828 1490 969 1519 peccatores

181 1536 212 1555 ex
235 1536 274 1555 eo.
304 1527 373 1555 Nam
393 1528 474 1556 stella:
482 1529 555 1561 cwli,
569 1535 592 1556 et
613 1529 709 1563 Orion,
724 1534 747 1557 et
761 1531 841 1558 omnis
864 1536 968 1558 ornatus

181 1573 236 1600 mli
247 1595 255 1605 ,
272 1574 353 1600 lucent
371 1582 443 1601 suam
455 1583 505 1601 non
519 1575 612 1601 dabunt
627 1583 636 1601 :
651 1580 674 1602 et
689 1576 867 1603 obtenebrescet
885 1576 924 1604 sol
941 1578 968 1604 in

181 1623 269 1644 exortu
279 1627 324 1645 suo
335 1639 342 1651 ,
357 1623 379 1645 et
401 1619 461 1646 luna
482 1628 532 1646 non
547 1619 615 1646 dabit
638 1620 722 1647 lumen
745 1629 827 1648 suum.
842 1621 876 1648 [tt
896 1630 967 1648 man-

181 1663 246 1690 dabo
269 1664 383 1690 universo
407 1664 460 1691 orbi
483 1665 568 1696 mala,
595 1670 618 1691 et
639 1665 723 1700 impiis
745 1671 846 1701 peccata
866 1675 912 1693 sua
926 1672 968 1694 :et

182 1708 285 1741 perdam
307 1710 482 1736 contumeliam
503 1710 664 1744 iniquorum,
685 1715 710 1738 et
728 1712 905 1739 contumeliam
922 1720 967 1739 su-

182 1754 314 1787 perborum
326 1754 464 1782 humiliabo
476 1763 485 1782 :
498 1759 520 1782 et
531 1761 603 1782 erunt
614 1757 658 1789 qui
668 1757 747 1783 relicti
761 1758 863 1792 fuerint.
875 1759 968 1792 pretio-

182 1808 257 1826 siores
271 1809 348 1835 quam
361 1809 452 1828 aurarii
473 1801 597 1828 incoctum
609 1823 616 1835 ,
630 1807 652 1829 et
673 1803 747 1829 homo
770 1803 901 1837 pretiosior
921 1804 967 1830 erit

185 1853 258 1879 quant
271 1845 336 1880 lapis
354 1853 386 1872 ea:
398 1845 505 1880 Suphir.
521 1845 621 1873 Etenim
644 1848 732 1874 cwlum
757 1848 929 1881 concutietur,
945 1853 968 1875 et

183 1894 248 1916 terra
267 1890 460 1916 commovebitur
471 1899 486 1917 a
501 1891 670 1926 fundamentis
686 1893 752 1925 suis,
770 1898 872 1927 propter
894 1895 967 1928 furo-

183 1943 235 1962 rem
247 1935 293 1962 ira:
306 1935 409 1963 Domini
423 1936 550 1969 Sabaoth,
563 1937 590 1964 in
604 1937 644 1964 die
656 1946 705 1972 qua
726 1939 881 1973 superueniet
897 1941 968 1974 furor

183 1981 236 2016 ejus
249 1981 324 2017 (Isai.
339 1982 381 2009 i5.
395 1982 481 2017 915).
495 1982 530 2009 Et
554 1990 658 2010 rursum
668 2003 675 2016 ,
696 1983 840 2017 Fenestraz,
865 1984 965 2019 inquit,

183 2027 213 2053 de
234 2027 297 2054 cado
322 2028 473 2062 aperientur,
496 2032 519 2054 et
555 2029 772 2056 commovebuntur
803 2029 967 2064 ftmdamenta

183 2075 266 2098 terrce:
272 2070 417 2099 turbatione
424 2073 570 2100 turbabitur
577 2077 655 2108 terra,
662 2079 773 2110 egestate
778 2076 869 2110 egebit,
877 2076 963 2110 agita-

184 2117 249 2144 tione
269 2118 404 2152 agitabitur
422 2118 486 2145 sicut
508 2118 589 2146 ebrius
608 2123 632 2146 et
644 2120 780 2155 crapulans
794 2122 967 2148 :concutictur

183 2161 244 2188 sicut
267 2163 395 2198 tugurium
417 2164 557 2198 pomarium
584 2169 651 2192 terra
668 2173 678 2192 :
698 2165 785 2199 cadet,
811 2175 855 2193 nec
878 2168 966 2201 poterit

183 2216 310 2243 resurgere
323 2217 333 2235 :
345 2209 449 2236 invaluit
461 2210 528 2236 enim
541 2218 616 2245 super
629 2219 684 2237 eam
695 2211 823 2246 iniquitas.
837 2212 871 2239 Et
889 2213 966 2239 indu-

184 2258 219 2279 cet
234 2253 300 2280 Deus
310 2262 386 2289 super
398 2260 515 2281 ornatum
525 2255 580 2282 ειείὶ
589 2256 616 2282 in
629 2255 680 2282 alto
691 2265 793 2283 manum
805 2265 877 2284 suam
890 2258 915 2284 in
927 2259 968 2285 die

183 2298 227 2324 illa
237 2318 246 2331 ,
259 2303 283 2325 et
296 2307 372 2334 super
385 2307 464 2333 regna
483 2305 556 2327 terra:
571 2307 581 2328 .'
592 2304 616 2327 et
629 2301 813 2336 congregabth
828 2311 966 2338 congrega-

183 2342 273 2369 tionem
287 2344 342 2378 ejus
362 2344 388 2370 in
402 2352 524 2371 carcerem
536 2365 543 2377 ,
558 2349 582 2371 et
599 2345 730 2373 occludent
754 2347 781 2373 in
804 2348 967 2375 munitionem

183 2387 257 2422 (ιιαί.
270 2388 315 2415 et.
328 2388 434 2424 19-22).
448 2389 590 2417 Malachias
612 2390 675 2418 item
691 2391 733 2419 his
754 2384 869 2420 consona
891 2393 966 2421 locu-

182 2437 223 2461 tus
238 2438 278 2460 est
294 2442 301 2460 :
318 2434 381 2461 Ecce
395 2435 458 2462 venit
474 2435 596 2463 Dominus
609 2437 767 2471 omnipotens
778 2458 784 2470 ,
799 2442 822 2464 et
834 2439 891 2472 quis
912 2447 967 2466 sus-

183 2478 267 2506 tinebit
293 2479 360 2506 diem
383 2481 510 2514 ingressus
529 2481 607 2517 ejus?
621 2486 664 2508 aut
684 2483 739 2517 quis
763 2483 878 2510 subsistet
890 2485 916 2510 in
931 2484 968 2511 ui-

182 2523 250 2550 sione
263 2525 319 2560 ejus
329 2525 342 2552 ?
358 2524 423 2557 Quia
436 2527 490 2561 ipse
503 2526 642 2561 ingreditur
652 2527 715 2554 sicut
729 2527 794 2563 ignis
806 2530 949 2564 conﬂatm-ii
957 2551 965 2564 ,

183 2573 204 2594 et
219 2569 283 2596 sicut
296 2569 372 2596 herba
383 2570 518 2597 lavantium
533 2578 543 2599 :
555 2576 579 2598 ct
589 2572 680 2599 sedebit
692 2573 806 2607 conﬂatis
819 2579 841 2600 et
855 2582 968 2609 purgans

183 2614 254 2649 quasi
263 2619 395 2650 argentum
409 2621 432 2642 et
442 2624 530 2642 aurum
545 2616 668 2652 (.llalat'h.
683 2618 709 2645 5.
718 2617 746 2645 3.
761 2618 798 2655 5).
809 2619 842 2646 Ει
851 2627 966 2652 rursum,

183 2659 267 2693 Ecce,
285 2660 386 2695 inquit,
409 2661 462 2688 dies
475 2660 577 2689 Domini
593 2663 657 2689 venit
668 2671 773 2691 accensa
787 2669 814 2690 ut
828 2667 929 2699 fornax,
946 2670 968 2692 et

183 2706 348 2740 inflammabit
363 2715 414 2734 eos.
430 2707 463 2734 Et
477 2713 548 2735 erunt
560 2717 645 2736 omnes
659 2710 806 2745 alienigena:
820 2719 829 2736 :
844 2715 868 2737 et
879 2719 966 2738 omnes

184 2757 315 2786 operantes
326 2753 412 2788 iniqua
423 2773 430 2787 ,
442 2753 541 2780 arundo
553 2762 562 2780 :
574 2759 597 2782 et
607 2754 724 2781 accendet
736 2763 776 2781 eos
791 2755 843 2782 dies
853 2760 965 2789 ventura,

184 2798 244 2824 dirit
255 2797 379 2825 Dominus
394 2800 560 2834 omnipotens,
575 2808 619 2826 nec
632 2799 803 2834 relinquentur
821 2801 905 2834 radix,
921 2809 966 2828 ne-

186 2850 230 2876 que
242 2845 338 2878 palntes
351 2844 475 2878 (blulach.
487 2845 513 2872 4.
531 2846 566 2880 1).
583 2845 629 2873 Vir
649 2850 736 2873 autem
760 2847 802 2874 ille
819 2847 964 2875 dcaiderim

724 158 769 185 AD
788 157 996 187 TllEODORlJM
1014 159 1157 189 LAPSUM.
1179 161 1198 188 1.

1750 167 1799 194 291

1022 223 1079 243 rum
1092 237 1100 249 ,
1121 216 1257 251 Videbam,
1273 219 1374 255 inquit,
1389 222 1466 248 donec
1486 222 1570 248 throni
1590 221 1667 256 positi
1686 226 1744 248 sunt
1755 241 1764 255 ,
1781 226 1808 247 sl

1020 263 1137 296 antiquus
1150 263 1245 290 dierum
1260 266 1359 292 sedebat
1374 274 1383 292 .'
1396 271 1418 292 et
1431 267 1600 293 vestimentum
1620 266 1674 301 ejus
1688 267 1751 292 sicut
1764 265 1810 291 nix

1021 307 1105 333 album
1117 328 1123 340 ,
1135 309 1242 342 capillus
1254 310 1344 344 capitis
1358 311 1411 345 ejus
1423 311 1495 344 quasi
1507 311 1567 337 lana
1577 310 1671 337 mimdn
1680 318 1691 336 .'
1703 310 1808 336 thronus

1022 352 1076 385 ejus
1089 353 1192 385 ﬂmmna
1204 353 1270 387 ignis
1281 374 1287 385 ,
1302 359 1325 380 et
1338 359 1399 381 rota:
1411 355 1465 390 ejus
1479 355 1543 389 ignis
1555 355 1717 389 inﬂammatis
1729 361 1738 380 :
1754 354 1804 388 ﬂu-

1021 397 1075 423 uius
1093 397 1159 431 ignis
1172 398 1284 424 trahebat
1302 399 1463 433 progrediens
1480 405 1538 426 ante
1559 408 1624 426 eum.
1638 398 1711 426 Mille
1727 398 1807 425 millia

1022 442 1196 469 ministrabant
1215 443 1246 475 ei,
1262 448 1285 469 et
1307 444 1387 470 decies
1411 445 1503 470 millies
1527 444 1592 471 dena
1617 443 1697 470 millia
1719 443 1807 469 adsta-

1021 486 1081 513 bant
1105 487 1131 512 in
1155 492 1287 521 cotrspectu
1301 488 1357 522 ejus
1380 487 1510 514 Iudicium
1522 489 1595 520 sedit,
1610 492 1633 515 et
1649 487 1706 515 libri
1725 487 1806 521 aperti

1024 536 1082 558 sunt
1103 531 1184 566 (Dan.
1207 532 1234 559 7.
1250 532 1276 559 9.
1292 532 1346 568 i0).
1361 533 1394 560 Et
1416 534 1505 567 paucis
1532 533 1711 568 interpositis,
1730 532 1806 558 Vide-

1022 576 1095 608 bam,
1109 577 1207 611 inquit,
1225 578 1252 603 in
1277 578 1370 604 visione
1391 578 1487 610 noctis,
1505 582 1528 605 et
1554 586 1608 604 ecce
1628 586 1684 604 cum
1704 577 1808 604 nubibus

1023 622 1078 649 ταιιί
1089 623 1161 656 quasi
1171 623 1238 657 ﬁlius
1251 623 1358 650 flaminis
1374 624 1472 650 veniens
1485 628 1538 650 erat
1547 644 1555 656 ,
1569 628 1593 650 et
1608 631 1686 657 usque
1695 623 1729 649 ad
1741 624 1807 650 anti-

1021 674 1098 700 quum
1117 667 1213 693 dierum
1235 668 1364 701 pervenit,
1390 673 1414 694 et
1433 676 1518 694 coram
1549 676 1578 694 co
1600 667 1697 694 oblatus
1716 672 1752 694 est
1766 664 1777 694 έ
1787 673 1810 693 et

1023 713 1072 746 ipsi
1086 712 1173 739 datum
1188 717 1224 739 est
1241 713 1391 747 imperium,
1405 714 1486 739 honor
1505 718 1528 739 et
1541 721 1645 747 regnum
1661 720 1670 739 :
1684 717 1706 739 et
1725 720 1810 738 omnes

1023 757 1127 791 populi,
1140 757 1218 784 tribus
1229 762 1251 784 et
1264 757 1358 793 lingutc
1367 758 1416 792 ipsi
1428 759 1545 785 serviunt.
1559 758 1676 784 Potestas
1686 758 1751 793 ejus,
1760 765 1807 792 po-

1022 807 1098 829 testas
1117 804 1282 836 sempiterna.
1298 811 1353 837 qua:
1366 811 1415 829 non
1431 803 1582 837 praeteribit,
1600 808 1623 829 et
1635 811 1740 838 regnum
1753 801 1808 836 ejus

1022 855 1072 874 non
1090 847 1238 874 destruetur.
1255 846 1387 873 Inhorruit
1407 847 1511 882 spiritus
1534 855 1621 879 meus,
1637 855 1681 882 ego
1694 845 1789 873 Daniel
1799 866 1807 878 ,

1021 893 1049 919 in
1060 892 1145 918 habitu
1162 900 1216 919 meo
1227 912 1234 924 ,
1249 896 1271 919 et
1285 893 1391 919 visiones
1406 892 1495 926 capitis
1506 892 1554 919 mei
1574 893 1755 918 conturbabant
1770 900 1808 920 me

1022 937 1076 972 (Ib.
1115 936 1219 971 15-15).
1250 937 1327 964 Tunc
1357 936 1513 972 aperientur
1544 944 1640 964 omnes
1662 937 1807 965 cmlestium

1022 982 1150 1010 fornicum
1170 986 1269 1016 porta};
1285 983 1338 1010 imo
1352 986 1380 1010 et
1394 982 1479 1017 ipsum
1493 983 1588 1009 caelum
1603 990 1620 1009 e
1639 982 1728 1009 medio
1742 987 1808 1009 sun-

1021 1028 1141 1056 ducetur.
1173 1027 1289 1055 Volvetur
1311 1028 1394 1062 enim,
1410 1028 1509 1063 inquit,
1536 1029 1625 1055 ca-tum
1651 1029 1724 1064 quasi
1746 1029 1808 1055 liber

1022 1073 1098 1109 (Isai.
1110 1075 1154 1101 3t.
1166 1074 1193 1109 ι)
1209 1083 1215 1100 :
1234 1074 1314 1101 veluti
1334 1074 1470 1108 cujusdam
1488 1074 1648 1102 tabernaculi
1671 1075 1748 1109 pellis
1767 1079 1808 1100 at-

1021 1126 1072 1153 que
1084 1120 1170 1146 velum
1183 1127 1198 1147 e
1213 1119 1301 1147 medio
1315 1120 1488 1152 contrahitur,
1500 1120 1533 1146 ita
1548 1124 1576 1146 ut
1590 1119 1614 1146 in
1626 1120 1719 1146 melius
1733 1127 1807 1146 coni-

1022 1169 1146 1192 mutetur.
1158 1164 1224 1192 Tum
1237 1165 1324 1192 omnia
1339 1170 1457 1199 stupore,
1474 1165 1584 1192 horrore
1597 1170 1675 1199 atque
1693 1169 1807 1192 tremore

1021 1211 1150 1245 completa
1170 1215 1256 1237 erunt.
1280 1210 1347 1237 Tum
1373 1211 1451 1237 etiam
1476 1215 1562 1237 metus
1583 1210 1676 1245 ingens
1699 1210 1808 1244 angelos

1022 1257 1093 1291 ipsos
1108 1256 1264 1291 occupabit;
1279 1263 1365 1290 neque
1388 1255 1496 1290 angelos
1519 1260 1637 1288 tantum,
1661 1255 1706 1282 sed
1728 1256 1808 1282 etiam

1021 1301 1194 1336 archaugclos
1206 1321 1215 1334 ,
1231 1301 1340 1328 thronos
1352 1322 1358 1333 ,
1379 1301 1573 1328 dominationes
1584 1321 1592 1334 ,
1603 1300 1767 1336 principatus
1781 1304 1810 1327 et

1022 1351 1186 1382 potestates:
1210 1346 1320 1374 Virtutes
1343 1346 1429 1379 enim,
1453 1346 1504 1379 ait,
1526 1346 1645 1373 calorum
1670 1353 1808 1372 commove-

1021 1393 1112 1420 buntur
1122 1391 1227 1428 (Matth.
1236 1392 1282 1419 24.
1295 1392 1352 1426 29),
1365 1392 1425 1426 quia
1436 1392 1551 1426 ipsorum
1573 1391 1695 1419 conservi
1716 1397 1808 1425 pinnas

1020 1439 1106 1467 daturi
1121 1443 1182 1467 sunt
1198 1438 1231 1465 de
1251 1442 1356 1473 peracta
1376 1438 1402 1465 in
1420 1437 1519 1464 mundo
1541 1437 1605 1464 vita.
1619 1437 1685 1464 Nam
1706 1436 1729 1464 si
1746 1443 1807 1463 cum

1020 1484 1054 1512 de
1074 1491 1125 1511 una
1146 1485 1154 1499 ‘
1175 1483 1282 1511 civitate
1294 1482 1420 1518 judicium
1444 1482 1596 1514 instituitur,
1613 1481 1653 1508 his
1667 1481 1808 1516 magistra-

1021 1528 1090 1557 tibus
1103 1549 1110 1562 ,
1129 1529 1314 1556 inhorreseuut
1335 1535 1427 1554 omnes
1450 1527 1528 1554 etiam
1544 1527 1579 1560 ii,
1591 1527 1635 1562 qui
1648 1530 1720 1554 extra
1735 1525 1807 1560 peri-

1019 1574 1108 1602 culum
1126 1578 1201 1606 sunt,
1215 1581 1275 1600 cum
1292 1573 1325 1600 de
1347 1573 1472 1600 universo
1485 1572 1549 1600 orbe
1559 1572 1719 1606 iudicabitur
1731 1578 1746 1598 a
1761 1571 1806 1598 tali

1018 1620 1107 1655 judice
1117 1640 1125 1652 ,
1139 1619 1183 1654 qui
1197 1626 1282 1654 neque
1303 1618 1427 1650 teStibus,
1441 1625 1526 1652 neque
1546 1617 1746 1652 probationibus
1763 1616 1806 1643 in-

1020 1665 1091 1700 diget
1101 1685 1108 1697 ,
1124 1664 1171 1691 sed
1186 1664 1285 1698 absque
1298 1663 1338 1690 his
1353 1664 1475 1691 omnibus
1486 1683 1494 1696 ,
1509 1667 1536 1690 et
1550 1670 1630 1697 opera
1645 1667 1672 1690 et
1682 1662 1762 1690 verba
1775 1667 1803 1688 ct

1019 1711 1192 1746 cogitationes
1214 1710 1239 1737 in
1263 1709 1378 1737 medium
1402 1709 1524 1741 adducit,
1547 1708 1689 1742 omniaque
1708 1715 1757 1735 ceu
1779 1708 1805 1734 in

1020 1757 1134 1792 imagine
1146 1761 1173 1784 et
1191 1755 1361 1790 peccantibus
1385 1759 1412 1783 et
1431 1754 1612 1790 ignorantibus
1626 1753 1805 1782 demonstrat.

1019 1802 1152 1838 quomodo
1164 1802 1220 1830 ﬁeri
1234 1806 1320 1836 potest
1331 1822 1338 1833 ,
1354 1806 1382 1828 ut
1402 1800 1524 1835 quaslibet
1540 1800 1623 1826 virtus
1643 1807 1695 1826 non
1711 1803 1806 1826 tremat

1019 1853 1045 1876 et
1058 1847 1242 1876 concutiatur?
1257 1847 1332 1874 Licet
1345 1846 1415 1874 enim
1431 1845 1526 1872 ﬂuvius
1543 1845 1634 1879 igneus
1649 1851 1700 1871 non
1715 1843 1804 1870 trahe-

1019 1900 1102 1925 retur,
1117 1900 1203 1928 neque
1219 1892 1304 1927 angeli
1325 1891 1461 1919 adstareut
1481 1889 1678 1922 formidabiles;
1695 1889 1744 1916 soli
1759 1895 1806 1915 au-

1020 1944 1072 1967 tem
1101 1938 1222 1966 homines
1246 1937 1399 1970 convocati,
1420 1936 1464 1963 alii
1486 1935 1606 1962 laudibus
1622 1938 1651 1961 et
1668 1933 1806 1969 prmconiis

1019 1985 1236 2016 celebrarentur;
1251 1983 1295 2010 alii
1312 1990 1373 2010 cum
1397 1982 1538 2017 ignominia
1562 1980 1755 2015 abjicercntur,
1772 1986 1805 2006 ne

1020 2030 1140 2059 viderent
1164 2030 1273 2064 gloriam
1301 2029 1346 2056 Dei
1363 2037 1369 2055 :
1386 2027 1522 2054 Tollatur'
1535 2047 1542 2059 ,
1571 2026 1672 2060 inquit,
1694 2024 1803 2060 impius,

1019 2085 1051 2104 ne
1060 2076 1142 2104 videat
1154 2075 1260 2111 gloriam
1273 2073 1392 2105 Domini;
1404 2079 1491 2100 nonne
1502 2071 1593 2106 quavis
1604 2070 1721 2106 gehenna
1732 2076 1805 2096 acer-

1019 2122 1078 2150 bius
1091 2121 1131 2148 \‘cl
1152 2120 1177 2147 id
1201 2119 1302 2151 solum,
1319 2118 1389 2153 quod
1406 2125 1420 2144 a
1437 2117 1517 2144 tantis
1536 2116 1697 2143 excidissent
1709 2114 1784 2142 bonis
1797 2134 1805 2146 ,

1020 2167 1181 2202 abjcctorum
1195 2165 1297 2192 animas
1309 2163 1498 2191 excruciaret?
1520 2161 1584 2189 Illud
1601 2168 1665 2188 vero
1679 2164 1804 2196 quantum

1019 2213 1052 2240 sit
1068 2212 1164 2239 malum
1175 2232 1182 2244 ,
1199 2218 1268 2238 nunc
1281 2209 1385 2245 quidem
1406 2215 1529 2236 sermone
1546 2206 1675 2235 declarari
1695 2205 1785 2240 nequit
1800 2214 1806 2236 ;

1021 2263 1082 2285 tunc
1105 2265 1168 2285 vero
1189 2264 1220 2284 ex
1248 2264 1277 2284 re
1298 2256 1353 2290 ipsa
1375 2254 1512 2282 manifeste
1541 2259 1740 2288 cognoscemus.
1766 2251 1804 2278 Tu

1019 2310 1085 2331 vero
1099 2309 1169 2329 nunc
1183 2302 1224 2329 his
1237 2301 1304 2328 addc
1326 2300 1482 2335 supplicium
1498 2298 1561 2325 illud
1574 2318 1582 2331 ,
1603 2304 1689 2332 neque
1704 2299 1804 2323 tantum

1021 2349 1141 2377 homines
1154 2347 1256 2383 pudore
1269 2346 1392 2378 suﬂ'usos,
1408 2345 1450 2372 vel
1465 2348 1558 2379 operto
1571 2343 1656 2378 capite
1665 2363 1672 2375 ,
1684 2346 1711 2369 et
1723 2341 1806 2368 oculis

1021 2395 1047 2422 in
1067 2398 1165 2422 terram
1179 2392 1289 2424 deﬁxis,
1305 2391 1352 2418 sed
1373 2391 1452 2417 etiam
1475 2394 1573 2416 tractos
1596 2395 1643 2423 per
1662 2387 1730 2414 viam
1748 2394 1807 2421 qua:

1021 2440 1105 2468 tendit
1117 2439 1150 2466 ad
1170 2438 1256 2473 ignem
1270 2458 1277 2471 ,
1291 2441 1319 2465 et
1332 2437 1364 2464 ad
1380 2440 1510 2464 tormenta
1525 2436 1648 2469 abreptos
1660 2455 1668 2468 ,
1681 2433 1808 2461 traditos—

1020 2492 1072 2520 que
1086 2476 1243 2512 immanibus
1257 2481 1431 2517 potestatibus
1445 2489 1452 2508 :
1467 2480 1546 2516 idque
1555 2487 1587 2507 eo
1602 2484 1721 2514 tempore
1732 2498 1741 2513 ,
1754 2486 1808 2514 quo

1021 2535 1191 2563 coronantur,
1205 2529 1373 2557 celebrantur
1388 2527 1535 2562 thronoque
1548 2527 1620 2562 regio
1633 2526 1762 2556 sistuntur
1778 2525 1808 2557 ii,

1020 2577 1064 2612 qui
1080 2577 1147 2604 boua
1161 2579 1271 2611 egerunt
1281 2578 1308 2602 et
1318 2574 1397 2609 gestis
1410 2573 1464 2601 suis
1475 2578 1573 2600 aeterna
1587 2572 1639 2599 vita
1651 2571 1722 2606 digni
1735 2575 1806 2598 sunt.

1057 2623 1100 2650 15.
1113 2621 1222 2649 Calcatis
1236 2619 1362 2656 felicitatis
1376 2618 1541 2654 imago.—Et
1562 2617 1619 2644 hate
1638 2616 1743 2652 quidem
1764 2616 1807 2642 illa

996 2655 1005 2658 -
1021 2667 1081 2695 die:
1096 2674 1156 2703 qua:
1169 2655 1240 2693 vero
1250 2670 1308 2700 post
1319 2664 1407 2692 futura
1420 2667 1482 2691 sunt
1498 2663 1557 2699 quis
1571 2669 1659 2690 sermo
1673 2661 1749 2689 nobis
1761 2668 1807 2688 ex-

1022 2713 1129 2748 primat,
1143 2711 1305 2744 voluptatem
1320 2717 1415 2745 nempe
1429 2716 1461 2736 ex
1471 2707 1567 2736 Christi
1578 2706 1722 2738 consortio,
1738 2705 1807 2732 utili-

1058 2793 1065 2808 ι
1077 2792 1189 2822 Quinque
1210 2794 1272 2822 mss,
1286 2790 1316 2815 de.
1332 2796 1414 2822 parua.
1427 2787 1518 2822 March,
1530 2785 1638 2822 simila-et
1649 2784 1741 2822 μυί-,ές
1752 2790 1804 2822 nnq.

1054 2824 1064 2838 ι
1080 2814 1255 2847 staminis-aviti.
1265 2814 1313 2846 duo
1332 2814 1387 2845 'siss.
1401 2824 1423 2844 lu
1436 2814 1516 2843 uol-cli
1531 2820 1556 2844 ct
1566 2815 1667 2845 reliquis
1686 2815 1751 2845 hac,
1764 2814 1809 2839 tot-

1026 2853 1097 2884 latur,
1111 2856 1169 2882 etc.,
1182 2851 1278 2876 desunt.
