2032 3110
227 136 278 162 293

227 199 329 226 tumn,
356 192 480 227 gaudium
511 193 541 219 ’τ
564 193 658 220 Anima
692 193 790 228 quippe
817 193 851 220 ad
883 194 1017 228 propriam

227 239 336 265 reducta
352 238 525 270 nobilitatem,
537 239 699 273 qundeindc
714 239 854 266 Dominum
868 246 945 265 suutn
959 246 1018 266 cum

228 284 349 311 libertate
363 284 519 318 conspicere
534 284 612 314 valet.
629 289 725 318 quanta
740 284 875 318 voluptate
889 284 1020 310 afficiatur

229 333 255 355 rt
267 334 393 364 quantum
409 329 474 355 lucri
487 328 593 361 referat,
607 329 725 355 enarrari
738 329 829 363 nequit
842 337 848 355 :
873 329 932 355 la'ta
947 329 1018 355 scili-

228 379 280 407 tet,
298 382 349 401 non
361 378 461 401 tanttttn
473 374 542 409 quod
557 374 634 401 bonis
646 374 825 408 prcesentibus
838 374 940 401 fruatur
953 395 960 407 ,
974 373 1020 400 Sed

229 420 298 454 quod
313 423 385 447 certa
397 419 431 446 sit
445 427 475 446 ea
487 427 630 453 numquam
644 419 761 446 desitura
779 427 849 446 esse.
864 419 937 446 llanc
948 424 1021 446 certe

229 465 347 492 laetitiam
369 472 418 492 nec
442 465 530 492 verbis
555 467 705 500 exprimere
720 485 728 498 ,
743 471 792 492 nec
813 469 902 492 mente
925 472 1021 499 capere

232 518 372 546 possumus
405 511 436 538 ἐ
467 511 580 538 obscure
614 515 727 544 tamen,
750 515 879 545 quatenus
911 513 1023 544 possunt

230 564 324 590 magna
341 556 428 591 parvis
441 556 579 588 declarari,
595 564 653 582 eain
668 556 817 583 describere
829 556 944 583 tentabo.
960 556 1022 583 Per-

232 601 378 635 pendamus
391 608 437 628 eos
448 602 493 636 qui
505 601 530 628 in
549 602 672 634 prtesenti
683 601 735 628 vita
751 601 829 636 hujus
841 601 931 628 tuundi
946 609 1021 628 eom-

232 647 318 674 modis
332 646 466 680 fruuntur,
480 646 588 680 divitiis,
605 647 722 682 inquam,
738 648 903 682 magistratu,
918 648 1002 682 gloria
1016 656 1022 674 :

231 699 285 726 quo
305 697 381 726 pacto
396 692 496 719 scilicet
508 692 541 719 de
554 693 622 719 bona
636 692 740 719 fortuna
755 693 939 727 superbientes
952 713 959 725 ,
975 700 1024 719 ne-

225 744 288 770 rque
298 744 326 764 se
340 737 365 764 in
382 742 451 765 terra
467 738 568 772 positos
581 738 762 771 arbitrantur;
781 739 886 766 tametsi
900 739 932 766 iis
949 738 1024 765 bonis

233 785 354 810 fruantur
369 803 375 815 ,
397 791 457 818 quae
472 791 558 818 neque
569 784 637 810 bona
650 791 709 810 esse
722 783 868 810 creduntur
878 804 886 816 ,
901 791 988 818 neque
999 784 1024 809 in

232 836 325 856 uorum
342 829 510 864 posses-sione
530 835 702 865 permanent,
724 830 770 857 sed
785 830 890 857 somnio
904 829 1025 857 velocius

233 875 342 902 avolant
356 885 362 902 :
377 875 447 910 quod
468 875 491 902 si
508 875 641 910 paulisper
660 875 804 910 aliquando
817 875 982 907 consistant,
1000 875 1024 902 in

223 921 358 955 ,ιιι-περιιιί
379 922 464 948 solum
485 921 538 948 vita
561 921 618 948 usui
638 928 698 948 esse
711 926 821 956 possunt
836 942 842 954 ,
856 929 904 948 nec
917 921 1026 948 ulterius

234 967 424 1002 una-progredi
438 968 535 995 valent.
552 967 579 995 Si
589 971 676 994 autem
686 967 838 1002 hujusmodi
854 967 922 994 bona
939 967 1024 995 donti-

234 1020 282 1040 nos
297 1018 369 1040 tanto
391 1014 488 1049 gaudio
507 1013 660 1046 extollunt,
679 1013 741 1049 quid
764 1014 881 1041 futurum
904 1018 980 1048 putas
993 1013 1027 1041 de

233 1059 373 1086 animabus
388 1059 440 1087 illis
454 1080 460 1092 ,
475 1060 610 1087 accersitis
624 1059 656 1087 ad
669 1059 770 1087 infinita
783 1060 826 1087 illa
838 1068 898 1095 qua:
912 1060 937 1087 in
953 1061 1026 1088 cadis

234 1110 297 1132 sunt
316 1105 384 1132 bona
401 1126 408 1138 ,
424 1113 483 1140 qua:
499 1105 576 1132 firma
591 1112 697 1141 semper
717 1109 745 1133 et
771 1106 878 1133 immota
894 1111 1001 1133 manent
1016 1106 1027 1133 ἒ)

235 1149 326 1185 Neque
340 1158 412 1178 care
426 1150 512 1178 solum
529 1151 699 1178 antecellunt
712 1171 719 1183 ,
740 1151 787 1178 sed
802 1151 883 1178 etiam
896 1152 1028 1186 magnitu-

236 1195 298 1223 dine
310 1200 337 1223 et
350 1196 503 1224 conditione
524 1204 576 1224 sua
591 1197 631 1224 ita
653 1197 828 1231 praesentibus
843 1198 1027 1232 prmstantiora

241 1246 299 1271 mut
310 1241 320 1257 ⁵
330 1261 337 1275 ,
363 1246 392 1268 ιιι
405 1242 526 1277 nequein
544 1250 590 1269 cor
606 1243 720 1270 ltomiuis
737 1243 763 1270 id
774 1243 920 1271 ascendere
934 1245 1026 1278 possit.

237 1287 312 1315 Nunc
332 1289 429 1315 ctenim
451 1288 674 1323 quemadmodum
693 1289 720 1316 in
741 1293 818 1317 utero
829 1290 914 1317 infans
928 1311 934 1321 ,
951 1291 1027 1317 sicin

237 1334 288 1361 ltoc
300 1333 400 1361 mundo
411 1335 540 1369 angustiis
551 1335 668 1363 conclusi
679 1335 809 1370 degimus,
824 1343 874 1363 ttee
889 1343 1030 1371 possumus

236 1379 423 1408 futurisacculi
438 1381 608 1416 splendorem
623 1386 651 1409 et
668 1381 826 1410 libertatem
840 1383 961 1410 contueri
979 1391 986 1410 :
1002 1388 1030 1411 at

239 1427 284 1454 ubi
299 1432 391 1462 partus
412 1433 516 1463 tempus
535 1428 674 1456 advenerit
690 1448 697 1461 ,
713 1437 860 1464 omnesque
883 1430 1004 1457 homines
1020 1451 1027 1464 ,

236 1481 303 1508 quos
313 1479 475 1509 susceperat,
485 1474 527 1503 hic
536 1475 649 1502 mundus
657 1474 689 1502 ad
701 1475 771 1502 diem
777 1475 869 1510 judicii
878 1476 1028 1510 protulerit,

236 1519 351 1546 abortiri
366 1519 500 1554 quideme
513 1520 630 1547 tenebris
643 1520 669 1547 in
686 1520 810 1548 tenebras
825 1521 1011 1556 ingredientur
1021 1542 1028 1554 ,

237 1569 264 1592 et
277 1573 309 1592 ex
320 1565 451 1601 angustiis
465 1566 492 1593 in
507 1567 643 1602 angustias
656 1567 807 1602 graviores;
829 1568 926 1595 maturi
940 1573 1028 1595 autem

237 1610 316 1642 fetus,
333 1610 377 1646 qui
391 1611 471 1646 regia:
484 1612 606 1646 imaginis
619 1611 731 1639 formam
746 1617 773 1641 et
788 1618 865 1640 notas
877 1618 1028 1646 servarunt,

241 1655 295 1690 regi
307 1655 449 1689 sistentur,
464 1656 581 1691 illudque
597 1657 773 1685 ministerium
789 1663 930 1693 capessant
941 1678 948 1692 ,
958 1659 1029 1693 quod

238 1700 324 1735 angeli
339 1705 366 1727 et
383 1701 535 1736 archangeli
559 1702 743 1731 universorum
760 1703 814 1730 Deo
829 1703 978 1739 perhibent.
993 1704 1031 1732 Ne

239 1747 328 1780 itaque
338 1745 387 1773 hos
401 1746 569 1774 characteres
582 1768 589 1780 .
602 1755 618 1775 ο
631 1749 715 1776 amice
730 1769 738 1782 ,
756 1756 839 1783 usque
849 1749 875 1776 in
891 1749 970 1777 finem
982 1749 1030 1778 de-

239 1791 295 1818 lere
302 1791 380 1824 velis,
395 1791 442 1820 sed
457 1800 504 1820 eos
514 1794 709 1829 quamprimum
721 1794 883 1823 instauratos
896 1795 922 1823 in
936 1796 1029 1824 melio-

239 1845 296 1864 rem
318 1836 429 1865 formam
451 1838 573 1866 reducas.
596 1839 661 1866 Nam
684 1839 908 1874 pulchritudinem
924 1841 1030 1876 quidem

237 1891 394 1918 corpoream
409 1884 476 1912 intra
488 1889 590 1913 natum
613 1885 710 1913 limites
729 1886 859 1915 conclusit
872 1887 956 1915 Deus:
972 1888 1030 1915 ani-

240 1937 290 1957 ma:
303 1937 368 1957 vero
377 1930 459 1958 decor
467 1930 521 1958 illic
530 1939 545 1958 a
557 1932 715 1959 necessitate
721 1937 745 1959 et
754 1933 881 1960 servitute
892 1933 1030 1967 liberatur,

239 1979 330 2010 utpote
343 1983 472 2011 corporea
489 1976 573 2005 forma
591 1977 668 2013 longe
690 1979 881 2013 prtestantior:
904 1984 983 2015 atque
1006 1981 1030 2007 iu

240 2022 316 2048 nobis
329 2027 356 2049 et
368 2023 394 2050 in
412 2023 457 2050 Dei
478 2030 542 2051 ntttu
554 2023 622 2052 situs
637 2029 678 2052 est
690 2030 770 2053 totus.
787 2025 924 2062 Siquidem
938 2027 1031 2054 Domi—

241 2075 291 2094 nus
306 2074 395 2097 uoster
408 2069 543 2098 beneficus
562 2078 623 2098 cum
642 2071 687 2105 sit,
705 2071 755 2100 hoc
770 2073 888 2100 maxime
901 2073 971 2100 dono
984 2080 1032 2108 ge-

240 2121 290 2141 nus
304 2118 424 2141 nostrum
438 2116 577 2144 exornavit
591 2137 598 2148 .
625 2121 654 2144 ut
673 2125 732 2152 qua:
756 2118 858 2145 minora
885 2122 966 2152 sunt,
982 2126 1032 2146 nec

240 2160 327 2195 magni
343 2160 483 2194 intersunt,
498 2170 547 2190 nec
562 2162 645 2190 refert
663 2163 797 2198 quidpiam
813 2164 835 2191 si
848 2165 1008 2192 intercidant
1023 2186 1030 2199 ,

238 2213 270 2232 ea
287 2211 388 2234 natura:
402 2208 555 2235 necessitati
574 2208 726 2242 addixerit;
744 2217 865 2237 verorum
882 2214 971 2237 autem
985 2210 1033 2238 bo-

240 2259 334 2280 norum
351 2260 398 2280 nos
411 2253 520 2288 opifices
533 2262 592 2282 esse
605 2256 776 2282 concesserit.
798 2256 904 2283 Atenlm
926 2255 949 2283 si
972 2257 1031 2291 pul-

239 2298 398 2326 chritudinis
423 2306 560 2334 corporea:
603 2307 652 2327 nos
688 2300 811 2328 dominos
844 2300 1031 2335 reddidisset,

240 2345 401 2380 superfluam
422 2345 627 2373 sollicitudinem
653 2347 866 2382 suscepissemns
879 2367 886 2380 ,
911 2348 1031 2382 atquein

240 2391 320 2419 rebus
365 2391 540 2420 infructuosis
586 2396 669 2419 totum
708 2397 814 2428 tempus
847 2392 1031 2428 impendisse-

241 2444 311 2470 ntus,
325 2437 421 2464 animae
433 2445 496 2464 cura
510 2445 617 2473 prorsus
631 2437 760 2473 neglecta.

277 2482 397 2518 Corporis
407 2483 570 2520 pulchritudo
577 2485 664 2519 augeri
673 2493 722 2512 non
733 2488 822 2520 potest,
834 2484 927 2513 (minue
936 2494 1035 2520 semper

243 2529 430 2563 potem—Cm)
437 2531 505 2561 enim
511 2536 601 2566 negata
607 2531 680 2559 nobis
686 2531 828 2565 huiusmodi
834 2529 957 2560 facultate
965 2539 1033 2559 nunc

241 2575 329 2602 omnia
340 2574 476 2605 faciamus,
488 2576 575 2606 omnia
587 2576 736 2609 moliamur,
748 2585 778 2604 ac
788 2585 848 2604 cum
861 2585 950 2604 venint
960 2585 1031 2605 assc-

242 2621 286 2656 qui
301 2621 594 2656 specicmnequeamus,
606 2622 744 2657 pigmentis
753 2622 823 2649 illam
833 2622 910 2650 nobis
917 2622 1033 2650 vindice-

242 2674 311 2699 nnis,
327 2673 359 2693 ac
371 2666 514 2699 coloribus,
528 2667 651 2701 picturis,
666 2667 821 2702 capiilorum
840 2667 1030 2700 concinnitate,

274 2737 284 2772 ξ
302 2739 364 2772 test,
374 2736 500 2772 gaudium,
513 2735 584 2772 aliqui
591 2736 692 2772 addunt,
696 2736 883 2772 jttcunditatctn.

275 2769 285 2783 ι
302 2753 504 2792 ὲῖἕέζιεῖῗέρὲῗὲ
513 2753 921 2798 iiiiili'JE"iiiStiﬁ§1f-Jn‘iii'Siiil‘iiut
935 2769 970 2793 sic
988 2768 1031 2793 ha-

242 2798 312 2827 bent,
328 2803 371 2823 ιιι
405 2799 483 2825 verbis
500 2798 647 2831 exprimere,
680 2805 724 2824 nec
745 2802 830 2824 mente.
861 2799 963 2825 obscuri:
994 2803 1032 2826 ta-

244 2835 372 2853 πδιἫ..-..

275 2860 285 2875 ⁸
300 2859 370 2886 Serti.
383 2865 407 2885 ct
415 2861 462 2886 duo
475 2865 525 2885 Mss.
540 2860 636 2890 addunt,
649 2861 700 2891 ttta,
713 2865 775 2890 post,
785 2865 845 2886 sunt.

583 135 610 162 S.
631 133 769 163 IOANNIS
788 133 1026 164 CHRYSOSTOMI
1046 136 1201 164 AllClllEl’.
1223 136 1489 165 CONSTANTINOP.

1811 134 1863 162 295

1074 193 1185 220 vestium
1213 193 1326 224 amictu.
1349 192 1485 220 ocuiorum
1506 193 1619 220 artificio
1640 192 1751 227 aliisque
1777 196 1864 220 multis

1074 238 1203 265 machinis
1211 237 1303 265 falsam
1313 238 1533 273 pulcltritudinem
1542 237 1864 272 ementiamur,quodnam

1074 282 1190 309 studium
1204 283 1299 309 anim-1*
1313 287 1339 310 et
1353 283 1432 310 rebus
1445 283 1561 310 honestis
1573 290 1749 317 poneremus,
1764 283 1786 309 si
1803 290 1864 310 cor-

1074 333 1124 362 ,‘as
1139 329 1165 355 in
1186 329 1321 363 pulchram
1338 329 1449 356 formam
1469 333 1572 355 mutare
1591 328 1747 362 possemus?
1759 328 1864 356 Nullam

1076 373 1186 400 fortasse
1198 374 1275 400 aliam
1291 382 1398 408 operam
1414 374 1609 408 susciperemus
1623 374 1642 405 ‘,
1657 374 1679 400 si
1695 373 1754 400 lucc
1768 378 1864 400 nostris

1076 418 1209 446 facultatis
1223 424 1293 446 esset
1306 440 1313 452 ,
1329 420 1375 446 sed
1391 424 1473 446 totum
1488 427 1705 446 consumeremus
1723 424 1825 453 tempus
1839 425 1866 446 ιιι

1076 473 1180 493 serram
1193 466 1301 492 infinitis
1310 466 1474 492 ornamentis
1482 466 1679 497 deenraremus,
1689 466 1751 492 dum
1759 465 1864 492 domina

1077 511 1136 546 plus
1148 519 1227 546 quant
1242 512 1293 538 vile
1307 511 1466 545 mancipium
1482 511 1506 537 in
1527 511 1694 537 deformitate
1713 515 1741 537 et
1757 511 1867 545 segnitie

1074 557 1186 592 jaceret.
1206 557 1262 590 Qua
1274 557 1307 584 de
1328 565 1406 584 causa
1430 558 1515 588 Deus,
1532 556 1653 590 adempta
1673 556 1770 583 infelici
1786 564 1866 589 cura,

1078 603 1197 630 melioris
1213 603 1250 629 rei
1263 608 1346 630 artem
1362 603 1438 629 nobis
1454 602 1567 634 indidit;
1582 603 1615 629 ita
1629 606 1657 628 nt
1669 603 1711 636 qui
1727 609 1824 636 corpus
1834 609 1867 629 ex

1078 649 1188 677 deformi
1200 649 1308 683 elegans
1319 648 1430 675 reddere
1441 656 1493 675 non
1505 652 1601 682 potest,
1616 647 1731 680 is-possit
1741 647 1867 679 animam,

1080 694 1182 722 etiamsi
1196 695 1221 721 in
1235 698 1380 721 extremam
1395 693 1590 720 deformitatem
1601 693 1741 725 deciderit,
1755 693 1781 719 in
1794 700 1868 720 Sum-

1079 748 1149 767 tnam
1172 739 1393 774 pulchritudinem
1416 739 1563 771 reducere,
1586 738 1708 773 adeoque
1727 738 1868 765 amabilem

1076 786 1272 821 jucundamque
1283 785 1393 813 reddere
1403 805 1409 817 ,
1427 789 1455 811 ιιι
1468 792 1520 811 non
1535 785 1609 819 probi
1624 788 1725 811 tantum
1741 784 1787 810 viri
1801 805 1808 815 ,
1822 784 1869 811 sed

1079 833 1158 860 etiam
1173 833 1290 859 omnium
1306 832 1360 859 lter
1376 835 1402 859 et
1424 832 1493 859 Deus
1509 831 1534 857 in
1555 831 1612 865 ejus
1627 831 1869 864 concupiscentiam

1079 878 1169 905 veniat
1186 886 1193 904 :
1208 877 1430 912 quemadmodum
1446 881 1472 903 rt
1488 877 1622 911 psalmista
1637 876 1670 903 de
1689 876 1734 903 illa
1752 876 1871 911 pulchri-

1081 923 1171 951 tudine
1180 924 1294 958 loquitur
1304 931 1310 949 :
1323 923 1357 949 Et
1365 923 1520 958 concupiscet
1531 930 1576 949 rex
1584 922 1696 949 decorem
1707 927 1775 948 tuum
1785 920 1870 957 (Psul.

1079 969 1113 996 44
1124 990 1131 1002 ,
1147 970 1201 1005 t2).
1214 971 1308 996 Annon
1323 968 1397 995 vides
1413 969 1438 995 in
1455 968 1625 1003 lupanaribus
1637 967 1771 994 deformes
1785 971 1813 994 et
1823 967 1872 994 im-

1080 1015 1210 1050 pudcntes
1226 1015 1351 1042 mulieres
1365 1022 1398 1042 ne
1414 1022 1426 1040 a
1443 1013 1633 1048 gladiatoribus
1647 1013 1765 1048 quidem,
1781 1014 1871 1048 fugiti-

1080 1061 1131 1094 vis,
1145 1065 1172 1088 et
1185 1061 1217 1088 iis
1229 1061 1273 1095 qui
1285 1069 1345 1088 cum
1359 1060 1451 1088 bestiis
1462 1059 1613 1095 depugnant
1626 1080 1633 1092 ,
1650 1059 1769 1091 admitti;
1784 1059 1805 1086 si
1821 1067 1872 1094 qua

1080 1115 1144 1134 vero
1157 1107 1191 1134 sit
1204 1107 1330 1139 formosa,
1347 1106 1460 1141 ingenua
1473 1110 1500 1132 et
1516 1105 1677 1139 pudibunda,
1689 1112 1748 1139 qua:
1761 1105 1872 1132 calami-

1081 1158 1135 1181 tate
1157 1153 1271 1188 quadam
1295 1153 1320 1179 in
1344 1153 1423 1179 talem
1447 1152 1569 1178 inciderit
1592 1151 1777 1178 necessitatem
1791 1171 1798 1182 ,
1813 1157 1873 1177 eam

1081 1207 1191 1226 uxorem
1202 1199 1300 1226 ducere
1312 1206 1344 1225 ne
1359 1198 1429 1225 viros
1442 1197 1548 1232 quidem
1562 1203 1672 1232 magnos
1687 1201 1713 1223 et
1727 1195 1875 1230 splendide

1081 1246 1194 1272 fortuna:
1208 1244 1387 1272 erubescere?
1401 1243 1476 1277 Quod
1492 1243 1513 1270 si
1527 1247 1598 1270 tanta
1610 1247 1651 1269 est
1666 1242 1736 1276 apud
1752 1241 1875 1268 homines

1081 1290 1272 1323 misericordia,
1280 1294 1307 1317 et
1317 1289 1500 1324 tantusglorite
1508 1293 1718 1323 contemptus,ut
1725 1295 1796 1322 saepe
1804 1287 1872 1318 ilias,

1082 1344 1141 1371 qua:
1153 1336 1178 1363 itt
1191 1336 1291 1362 fornice
1302 1334 1444 1370 ignominia
1455 1339 1516 1361 sunt
1527 1333 1637 1365 affectat,
1648 1333 1681 1360 ab
1692 1333 1737 1359 illa
1748 1333 1875 1359 servitute

1083 1381 1196 1408 liherent
1207 1400 1215 1414 ,
1231 1384 1258 1408 et
1279 1387 1327 1415 pro
1342 1379 1498 1414 coniugibus
1517 1378 1633 1406 habeant
1649 1387 1655 1405 :
1671 1383 1769 1412 quanto
1789 1378 1875 1411 major

1082 1426 1151 1461 apud
1172 1426 1257 1453 Deum
1268 1425 1319 1452 erit
1338 1432 1399 1459 erga
1419 1424 1536 1456 animas,
1558 1431 1617 1458 qua:
1636 1430 1683 1458 per
1706 1423 1874 1458 tyrannidem

1081 1472 1179 1500 diaboli
1200 1480 1216 1499 a
1238 1472 1325 1507 prisca
1346 1471 1390 1498 illa
1414 1470 1551 1498 nobilitate
1571 1470 1582 1485 ¹
1606 1470 1632 1496 ἱιι
1655 1468 1794 1504 prmscntis
1815 1469 1876 1494 vita:

1083 1519 1194 1554 lupanar
1216 1518 1332 1545 reducta:
1354 1517 1434 1544 sunt?
1457 1515 1614 1550 llujusmodi
1636 1514 1756 1548 exempla
1776 1514 1876 1548 passim

1082 1565 1152 1600 apud
1165 1564 1308 1600 prophetas
1320 1563 1447 1598 reperias,
1459 1569 1520 1589 cum
1533 1560 1678 1588 Jerusalem
1690 1560 1874 1593 allaqnuntur,

1082 1619 1140 1646 qua:
1155 1611 1244 1645 utique
1259 1610 1284 1636 itt
1307 1609 1506 1636 fornicationem
1524 1606 1670 1638 inciderat,
1687 1605 1739 1632 imo
1759 1603 1875 1631 fornica-

1084 1658 1181 1684 tionem
1202 1656 1265 1683 nuvi
1299 1655 1415 1692 generis,
1436 1652 1662 1690 quemadmodum
1677 1650 1715 1677 ait
1729 1649 1852 1677 Ezechiel
1869 1659 1878 1676 :

1085 1702 1206 1728 Omnibus
1218 1701 1388 1728 meretricibus
1397 1701 1491 1727 dantur
1501 1697 1635 1729 mercedes,
1649 1701 1675 1723 tu
1686 1703 1742 1723 vero
1754 1696 1878 1722 nterceitce

1083 1747 1170 1778 dabas,
1187 1751 1209 1773 et
1224 1746 1294 1781 apud
1306 1750 1329 1772 te
1341 1746 1437 1772 diverso
1452 1745 1526 1772 modo
1541 1744 1638 1780 agitur,
1654 1750 1728 1777 quatit
1742 1742 1811 1776 apud
1825 1749 1876 1768 αι·-

1084 1796 1148 1819 teras
1162 1791 1275 1828 (Ezcclt.
1291 1791 1333 1819 16.
1347 1792 1381 1819 55
1391 1791 1412 1827 ).
1429 1791 1463 1818 Et
1476 1791 1553 1823 alius,
1568 1788 1663 1817 Sedisti
1679 1791 1825 1822 exspectans
1836 1794 1878 1813 eos

1084 1843 1211 1873 tamquam
1233 1838 1320 1864 cornix
1335 1837 1430 1864 deserta
1445 1836 1454 1851 ⁵
1468 1835 1533 1872 (Jer.
1549 1836 1574 1862 5.
1587 1835 1606 1862 2
1617 1835 1638 1869 ).
1652 1833 1724 1860 Hanc
1738 1832 1826 1866 itaque
1839 1834 1878 1859 sic

1085 1882 1239 1910 fornicatam
1251 1890 1354 1910 rursum
1367 1887 1460 1909 evocat
1469 1881 1547 1908 Deus.
1559 1878 1664 1907 Etenim
1675 1877 1815 1912 captivitas
1826 1884 1878 1903 tton

1086 1934 1137 1956 tam
1149 1929 1182 1956 ad
1196 1929 1337 1956 vindictam
1349 1927 1492 1959 acciderat,
1504 1934 1582 1962 quam
1593 1926 1626 1953 ad
1638 1924 1842 1952 conversionem
1853 1927 1879 1949 et

1084 1975 1308 2003 emendationem.
1319 1974 1455 2009 Siquidem
1466 1973 1489 2001 si
1500 1981 1546 2000 eos
1557 1980 1664 2008 prorsus
1675 1970 1767 1998 ulcisci
1779 1969 1879 1995 voluis-

1084 2026 1125 2049 Sel.
1138 2022 1216 2054 Deus,
1229 2029 1281 2048 non
1290 2021 1440 2048 reduxisset
1450 2020 1569 2050 domum,
1582 2026 1632 2045 nec
1643 2018 1736 2045 urbem
1747 2016 1877 2050 majorem

1085 2071 1111 2094 et
1117 2066 1333 2101 splendidiorem,
1341 2074 1389 2093 nec
1396 2065 1522 2099 templutn
1530 2063 1619 2091 itidem
1627 2063 1712 2090 denuo
1719 2063 1874 2090 excitassz-t:

1085 2113 1141 2140 Erit
1151 2113 1226 2145 enim,
1238 2113 1284 2143 ait,
1294 2112 1376 2147 gloria
1388 2111 1477 2138 domus
1487 2110 1563 2145 hujus
1573 2109 1706 2136 novissima
1717 2108 1878 2143 praestantior

1086 2159 1168 2194 priore
1182 2158 1258 2195 (Agg.
1268 2158 1361 2194 2.10).
1373 2157 1452 2191 Quod
1467 2157 1489 2183 si
1504 2157 1573 2183 Deus
1588 2162 1658 2190 smpe
1671 2159 1877 2189 conspurcatam

1086 2203 1193 2230 libidine
1211 2211 1225 2230 a
1246 2203 1399 2238 paenitentia
1416 2209 1469 2229 non
1481 2201 1610 2234 exclusit,
1624 2201 1706 2227 multo
1720 2201 1803 2234 magis
1819 2199 1877 2226 ani-

1086 2257 1155 2276 niam
1168 2254 1239 2276 tttatn
1250 2248 1452 2283 amplexabitur,
1465 2254 1523 2281 qua:
1534 2253 1604 2273 nunc
1615 2246 1727 2280 pritttum
1740 2245 1814 2279 lapsa
1827 2250 1876 2271 est.

1086 2295 1169 2322 Nemo
1180 2295 1263 2326 enitn,
1275 2301 1353 2321 nemo
1365 2300 1500 2327 corporea:
1511 2295 1613 2319 amator
1623 2291 1726 2323 format,
1738 2295 1880 2325 quantum-

1086 2342 1150 2369 libet
1170 2342 1294 2372 ittsanus,
1311 2344 1382 2366 tanta
1399 2339 1492 2365 amica:
1510 2346 1566 2365 sua:
1579 2336 1675 2364 "ardet
1687 2335 1881 2370 concupiscen-

1088 2389 1133 2420 tia,
1148 2392 1248 2422 quanto
1262 2385 1350 2412 studio
1365 2385 1436 2412 Deus
1449 2384 1598 2411 animarum
1614 2386 1764 2409 nostrarum
1779 2381 1881 2415 appetit

1086 2434 1197 2461 salutetur
1214 2442 1220 2460 :
1233 2432 1303 2467 quod
1318 2437 1372 2458 tum
1386 2439 1418 2458 ex
1433 2431 1464 2457 iis
1474 2437 1533 2465 qua:
1544 2428 1663 2464 quotidie
1675 2428 1810 2460 accidunt,
1823 2433 1880 2454 tum

1087 2489 1118 2507 ex
1129 2481 1276 2507 divinarum
1287 2478 1481 2513 Scripturarum
1491 2476 1568 2504 dictis
1578 2475 1667 2502 videre
1679 2475 1749 2502 licet.
1762 2474 1881 2501 Observa

1088 2531 1139 2553 tam
1154 2526 1179 2553 in
1194 2526 1251 2560 ipso
1261 2524 1384 2552 Jeretnim
1397 2523 1516 2556 exordio,
1532 2530 1609 2558 quam
1624 2522 1687 2549 alibi
1701 2522 1799 2556 passim
1811 2520 1881 2555 apud

1087 2573 1240 2609 prophetas,
1255 2571 1388 2607 quomodo
1398 2570 1540 2605 despectus
1552 2574 1577 2596 et
1590 2568 1752 2602 contemptui
1764 2567 1880 2599 habitus,

1088 2626 1192 2648 rursum
1209 2619 1288 2645 instet
1305 2622 1332 2644 et
1344 2616 1486 2643 amicitiam
1505 2623 1597 2642 eorum
1611 2636 1618 2647 ,
1633 2615 1677 2649 qui
1697 2613 1731 2640 ab
1751 2621 1781 2640 se
1796 2612 1881 2639 aversi

1087 2668 1193 2695 fuerattt
1205 2686 1212 2699 ,
1226 2665 1349 2700 exquirat
1362 2672 1368 2690 :
1384 2663 1455 2699 quod
1465 2663 1545 2690 etiam
1560 2663 1615 2697 ipse
1630 2663 1655 2688 in
1671 2661 1822 2696 Evangeliis
1836 2659 1880 2687 dc-

1120 2769 1126 2783 ¹
1146 2766 1215 2792 Snvil.
1227 2771 1252 2792 et
1261 2765 1358 2797 quidam
1372 2769 1427 2797 uss.
1440 2764 1539 2797 addunt.
1550 2763 1574 2788 in
1584 2763 1638 2797 rita.

1119 2800 1129 2814 ¹
1145 2798 1215 2822 savii.
1226 2802 1250 2822 et
1262 2793 1324 2821 unus
1335 2796 1400 2824 (:od.,
1413 2794 1536 2820 nobiiitate
1545 2798 1567 2819 rt
1579 2793 1673 2818 (fet-ove.

1120 2831 1131 2846 ³
1146 2829 1217 2854 Sm'il.
1227 2834 1252 2853 et
1260 2833 1363 2859 quatitur
1372 2823 1435 2855 Mss“
1446 2827 1530 2851 inruit
1540 2826 1564 2850 in
1577 2827 1611 2850 de.
1619 2828 1671 2850 crto
1681 2823 1742 2849 soils.

1122 2864 1133 2877 δ
1148 2863 1231 2889 Deest,
1243 2866 1302 2888 sua,
1312 2860 1335 2883 ia
1348 2860 1438 2890 aliquot
1448 2861 1501 2882 Lis.
