2061 3114
302 135 351 162 ’297

304 195 388 221 claret
401 193 441 222 his
460 194 546 222 verbis
563 203 570 222 :
586 195 725 223 Jerusalem
738 217 744 229 ,
761 196 899 224 Jerusalem
910 218 917 229 ,
932 206 988 233 qua
999 198 1091 225 occidis

302 240 455 274 prophetas,
468 245 492 267 et
511 241 610 276 lapidas
627 249 668 268 eos
680 242 723 276 qui
741 243 774 269 ad
792 247 815 270 te
830 243 899 270 missi
912 248 983 276 sunt,
999 244 1093 278 quoties

304 286 370 312 uolui
380 293 532 321 congregare
544 287 612 322 ﬁlios
626 292 692 321 tuos,
703 289 913 322 quemadmodum
925 290 1020 325 gallina
1031 299 1092 318 con-

302 336 389 366 gregat
400 332 483 366 pullos
493 341 552 359 suos
562 333 608 360 sub
617 334 682 367 alas,
695 339 718 361 et
728 335 843 362 noluistis
856 335 961 371 (Matt/1.
971 337 1016 365 25.
1028 337 1093 372 57)?

304 377 337 403 Et
348 377 444 404 Paulus
459 378 484 404 in
497 377 611 413 Epistola
625 379 657 406 ad
670 380 821 408 Corinthios
830 381 954 410 dicebat:
968 382 1093 415 Quoniam

304 421 371 448 Deus
392 427 446 449 erat
464 423 490 449 in
508 422 624 457 Christo,
642 425 763 452 mundum
782 427 946 454 reconcilians
964 428 1027 460 sibi,
1043 436 1093 455 non

303 472 421 500 reputans
433 468 484 495 illis
497 469 588 496 delicta
603 470 726 505 ipsorum,
740 477 763 498 et
776 473 858 507 posuit
870 475 896 500 in
909 474 980 502 nobis
993 475 1092 502 verbum

303 514 522 542 reconciliationis.
539 514 591 542 Pro
604 515 703 549 Christo
724 526 782 553 ergo
800 519 924 554 legatione
944 521 1091 556 fungimur,

304 563 422 593 (linquant
436 558 489 585 Deo
501 560 649 587 exhortante
659 570 703 596 per
715 571 770 589 nos.
785 562 949 591 Obsecramus
962 574 1008 600 pro
1019 566 1093 593 Chri-

304 610 351 635 sto,
363 606 558 633 rcconciliamini
570 606 624 634 Deo
635 608 672 643 (2.
687 607 746 635 Cor.
758 610 784 636 5.
799 610 842 638 19.
855 611 912 647 20).
927 612 989 640 Haec
999 612 1032 640 ad
1044 621 1094 640 nos

305 656 376 676 nunc
389 649 458 677 dicta
470 656 560 685 putato
574 661 581 678 :
594 660 644 680 non
656 654 728 681 enim
739 655 910 684 incredulitas
921 661 1033 692 tantum,
1046 659 1093 687 sed

305 695 383 722 etiam
398 697 451 723 vita
467 697 600 725 immunda
615 699 734 729 odiosam
752 700 820 728 hanc
834 702 997 730 inimicitiam
1019 705 1093 732 exci-

306 745 361 767 tare
375 746 461 776 potest
474 751 480 768 :
494 741 563 769 Nam
575 744 698 778 sapientia
709 746 802 778 carnis,
813 746 907 781 inquit,
917 748 1047 776 inimicitia
1058 754 1094 777 est

307 785 360 812 Dm
375 785 385 820 (
396 785 472 813 Rom.
487 789 513 814 8.
528 788 543 815 7
556 790 576 823 ).
593 789 763 818 Destruamus
778 792 857 826 igitur
869 792 920 820 hoc
933 799 1047 828 septum,
1062 801 1095 822 ac

307 833 443 858 uiruamus
458 837 642 869 mortuumque
658 843 797 870 ponamus,
810 842 838 864 ut
853 837 956 866 beatam
972 841 1094 867 reconci-

304 875 441 904 liationem
454 876 648 913 adipiscamur,
664 885 691 908 ut
704 881 845 910 redduntur
859 884 954 911 iterum
968 885 1095 914 amabiles

309 927 331 948 et
348 921 537 951 desiderabiles
549 924 613 952 Dco.

354 977 398 1003 lt.
424 977 577 1005 Theodorus
593 978 747 1007 Hermione:
762 988 851 1007 amore
864 985 968 1015 captus.
986 995 1022 1001 —
1037 980 1100 1008 Scio

318 1028 344 1050 te
360 1030 433 1050 nunc
448 1023 610 1052 Hermioues
626 1026 742 1053 formam
756 1026 861 1058 mirari,
872 1026 994 1061 nihilque
1005 1026 1032 1053 in
1047 1029 1100 1053 ter-

317 1068 357 1096 ris
382 1068 443 1103 ejus
460 1069 666 1104 pulchritudine
681 1078 730 1105 par
747 1078 809 1099 esse
829 1075 935 1106 putare.
961 1070 1060 1099 Verum
1076 1071 1100 1098 si

317 1114 394 1147 velis,
411 1123 428 1142 ο
444 1115 541 1147 amice,
563 1119 639 1142 tanto
664 1116 709 1143 illa
735 1116 885 1151 elegantior
906 1120 933 1143 et
961 1116 1100 1151 pulchrior

317 1160 383 1192 eris,
394 1160 585 1195 quantoluteis
601 1169 691 1188 aurea:
702 1165 809 1189 statuae.
822 1161 888 1188 Nam
907 1162 929 1188 si
942 1162 967 1188 in
983 1168 1099 1196 corpore

321 1205 494 1240 pulchritudo
513 1206 660 1233 multorum
681 1207 788 1234 animos
804 1207 841 1234 ita
860 1206 984 1242 percellit
1000 1210 1028 1233 et
1055 1214 1102 1233 ex-

317 1252 392 1284 citat,
417 1251 527 1286 quando
549 1259 580 1279 ea
599 1252 626 1279 in
643 1252 734 1279 anima
752 1251 901 1283 refulserit,
919 1251 983 1286 quid
1012 1252 1103 1285 huius-

317 1297 388 1324 modi
403 1293 508 1332 spei-ie‘;
525 1304 556 1324 ac
569 1296 763 1332 pulchritudini
783 1297 873 1324 simile
894 1297 996 1324 fuerit?
1012 1296 1102 1331 Siqui-

315 1342 377 1370 dem
391 1343 472 1377 hujus
488 1342 700 1377 pulchritudinis
716 1342 871 1370 substantia
885 1342 954 1369 nihil
967 1341 1041 1368 aliud
1051 1344 1103 1373 est,

313 1394 395 1421 quam
410 1387 545 1421 phlegma,
560 1386 683 1421 sanguis,
703 1386 812 1418 humor,
822 1386 895 1418 bilis,
909 1390 936 1413 et
951 1386 1004 1413 cibi
1016 1384 1103 1412 mansi

314 1438 426 1458 succus.
443 1430 492 1458 His
513 1431 613 1466 quippe
636 1431 719 1459 rebus
735 1431 819 1464 oculi,
844 1439 920 1466 genae
943 1434 971 1458 et
998 1430 1102 1464 reliqua

313 1477 434 1504 membra
460 1476 609 1512 irrigantur
629 1476 725 1512 :quod
749 1477 774 1505 si
798 1477 986 1512 irrigationem
1011 1476 1104 1511 huius-

313 1521 385 1548 modi
407 1529 422 1548 a
448 1525 543 1549 ventre
557 1525 583 1549 et
598 1529 613 1548 a
625 1521 719 1556 iecore
738 1526 946 1557 promauantem
963 1530 1016 1550 non
1033 1530 1102 1558 quo-

313 1567 379 1594 tidie
387 1567 534 1602 accipiant,
543 1572 606 1595 cute
617 1567 948 1601 indecoremarcescente,
956 1569 1098 1604 oculisque

313 1613 462 1648 depressis,
478 1613 534 1641 oris
550 1613 656 1648 species
675 1617 730 1640 tota
750 1614 882 1642 continuo
900 1614 1000 1641 avolat.
1016 1613 1055 1641 ita
1071 1618 1101 1641 ut

312 1659 335 1687 si
355 1659 524 1690 consideres,
545 1666 606 1694 quae
625 1659 800 1694 pulchritudo
826 1660 891 1688 insit
915 1659 1014 1692 oculis,
1041 1667 1102 1694 qua:

313 1708 386 1730 recte
400 1703 562 1738 compositis
573 1704 698 1736 naribus,
712 1711 773 1740 quae
788 1705 896 1739 corpori
912 1709 939 1732 et
953 1705 1041 1740 genis,
1057 1705 1098 1731 ni-

312 1748 349 1774 hil
365 1748 437 1775 aliud
454 1755 517 1776 esse
528 1749 652 1783 corporis
666 1749 899 1784 pulchritudinem
915 1750 1004 1783 dicas,
1017 1757 1099 1785 quam

312 1794 488 1829 Sepulchrum
509 1794 665 1822 dealbatum
688 1804 694 1822 :
712 1799 788 1822 tanta
803 1803 903 1830 nempe
924 1796 1000 1824 intus
1020 1795 1100 1823 sorde

314 1840 425 1875 plenum
452 1844 502 1868 est.
522 1839 625 1868 Deinde
645 1848 766 1875 pannum
792 1842 815 1868 si
833 1841 934 1869 videris
955 1841 1099 1869 intinctum

312 1885 468 1920 huiusmodi
490 1886 583 1919 rebus,
607 1886 707 1921 pituita
730 1887 857 1914 videlicet
878 1891 925 1914 aut
950 1887 1046 1919 fluore,
1065 1893 1100 1915 ne

310 1929 440 1956 extremis
453 1929 561 1964 quidem
574 1930 666 1965 digitis
680 1931 850 1966 contingere,
868 1931 923 1958 imo
944 1939 994 1958 nec
1011 1932 1099 1966 respi-

310 1982 371 2002 cere
386 1974 470 2002 audes
489 1985 494 2002 :
516 1979 544 2002 et
559 1979 649 2003 tamen
671 1976 828 2011 huiusmodi
849 1984 940 2004 rerum
958 1977 1097 2004 conclavia

309 2025 335 2047 et
353 2021 501 2056 apothecas
516 2022 627 2056 plurimi
645 2022 732 2050 facis?
746 2022 780 2049 At
793 2023 967 2058 pulchritudo
983 2026 1028 2050 tua
1042 2031 1097 2051 non

310 2066 467 2101 huiusmodi
486 2072 555 2100 erat,
576 2068 623 2095 sed
642 2068 678 2095 ita
697 2069 874 2103 praestantior
897 2069 954 2102 illa,
979 2073 1008 2096 ut
1034 2069 1097 2097 cceli

309 2116 409 2140 terram
425 2114 611 2147 antecellunt;
632 2114 686 2141 imo
701 2114 778 2142 curiis
792 2114 860 2150 ipsis
877 2114 962 2142 multo
976 2115 1096 2149 splendi-

309 2157 370 2184 dior
390 2161 416 2184 et
435 2157 541 2185 melior.
557 2158 683 2185 Animam
705 2159 806 2194 quippe
827 2158 958 2187 nudatam
979 2167 1095 2195 corpore

308 2205 387 2226 nemo
399 2199 527 2228 hactenus
550 2201 615 2229 vidit
635 2212 641 2230 :
664 2203 771 2233 aliunde
785 2209 871 2234 tamen
891 2207 950 2242 eius
972 2208 1018 2236 tibi
1033 2211 1094 2244 pul-

306 2243 483 2272 chritudinem
510 2245 694 2276 demonstrare
716 2250 842 2285 tentabo,
866 2259 881 2279 a
907 2243 1038 2288 potentiisr
1053 2255 1096 2282 ni-

307 2288 402 2316 mirum
428 2290 583 2325 maioribus.
598 2294 666 2321 Audi
687 2294 767 2329 igitur
780 2297 914 2331 quomodo
925 2299 1010 2326 virum
1022 2299 1094 2327 desi-

307 2333 440 2362 deriorum
451 2335 573 2364 ‘illarum
585 2337 667 2366 decor
681 2341 836 2374 perculscrit
846 2351 852 2368 :
862 2350 922 2370 cum
932 2344 1013 2372 vellet
1023 2345 1094 2373 enim

306 2386 396 2426 earum
419 2380 642 2414 pulchritudinem
663 2384 808 2420 declarare,
823 2394 872 2415 nec
887 2394 977 2423 posset
998 2397 1096 2426 corpus

307 2423 348 2452 his
361 2425 447 2453 simile
461 2428 590 2462 reperire,
602 2429 635 2456 ad
646 2431 805 2459 metallicam
816 2434 954 2461 materiam
965 2423 1093 2472 confugit,

306 2477 391 2505 neque
412 2471 453 2499 his
475 2477 627 2508 contentus,
651 2476 760 2511 fulguris
776 2478 944 2512 splendorem
960 2481 986 2509 in
1001 2471 1093 2510 excin-

306 2519 376 2553 plum
391 2519 489 2548 attulit.
505 2520 562 2548 Etsi
583 2526 671 2549 autem
691 2523 744 2550 illm
761 2531 813 2552 non
829 2533 924 2560 puram
944 2527 1094 2562 nudamque

304 2564 478 2593 substantiam
501 2574 575 2594 suam
598 2568 771 2602 ostenderint,
795 2569 842 2597 sed
864 2570 977 2599 obscure
999 2572 1094 2600 admo-

304 2609 379 2644 dum,
394 2619 425 2638 ac
441 2612 512 2639 velut
526 2613 551 2640 in
567 2613 678 2646 umbris,
700 2616 735 2642 ita
750 2619 838 2642 tamen
858 2616 1091 2651 resplenduerunt,

305 2661 333 2683 ut
348 2665 394 2684 eas
407 2665 536 2693 apparere
548 2660 690 2687 verisimile
700 2665 741 2688 est
750 2669 810 2689 cum
825 2669 904 2690 omne
914 2663 1091 2691 velamentum

304 2707 435 2730 remotum
451 2703 539 2732 fuerit.
555 2705 619 2733 Tale
632 2706 765 2742 quidpiam
777 2707 811 2736 de
825 2708 1022 2743 pulchritudine
1036 2709 1093 2737 ani-

307 2812 314 2818 .
325 2782 344 2819 ,θ
352 2785 426 2819 ¹υῐωδ
434 2782 552 2819 eodexnet
562 2784 631 2819 savii.
650 2785 674 2819 in
690 2786 810 2819 margine,
824 2786 924 2812 tentabo.
942 2787 1008 2819 [nde
1019 2787 1093 2819 igitur

305 2813 331 2836 ill
342 2813 526 2848 demonstrabo?
537 2821 553 2848 tt
566 2815 700 2848 _cteleslilm_s
723 2813 838 2846 potentia.
853 2822 878 2842 Et
900 2817 958 2842 audi
977 2813 1093 2848 quaniodo

305 2843 525 2870 Mcrnaturalt’bus
537 2845 655 2871 initiatum
667 2843 743 2871 cirum
755 2847 929 2874 desideriorum
943 2867 947 2873 .
964 2867 969 2873 .
983 2843 988 2872 ἶ
1000 2866 1007 2872 .
1022 2869 1027 2874 .

885 141 929 168 Αἰ)
949 140 1159 169 TllEODORUM
1181 141 1324 171 LAPSEM.
1344 144 1364 172 Γ.

1882 145 1933 174 938

1151 208 1201 228 ma:
1215 202 1330 237 cogitare
1342 206 1455 238 oportet.
1471 201 1562 235 Erunt,
1579 203 1671 238 inquit,
1685 203 1748 230 sicut
1762 205 1844 240 angeli
1860 204 1933 239 (Luc.

1149 248 1196 276 20.
1209 248 1265 284 36).
1282 249 1308 276 lu
1323 249 1479 284 corporibus
1490 257 1595 284 quoque
1608 257 1650 282 ea,
1664 257 1722 285 qum
1734 249 1831 277 leviora
1845 254 1871 277 et
1894 255 1934 277 te-

1149 293 1242 320 nuiora
1258 299 1331 327 sunt,
1344 302 1455 330 qumque
1468 302 1514 330 per
1526 295 1593 321 viam
1606 294 1725 322 feruntur
1734 294 1768 321 ad
1780 294 1934 329 incorporea

1148 338 1312 371 tendentem,
1327 340 1404 374 longe
1415 340 1599 374 pra‘stantiora
1617 344 1643 367 et
1655 340 1816 367 mirabiliora
1830 340 1935 367 cmteris

1149 383 1288 411 habentur.
1303 384 1402 412 Caelum
1418 385 1496 420 igitur
1509 386 1598 419 terris,
1617 385 1684 421 ignis
1697 385 1784 420 aquis,
1797 386 1879 413 stellae
1898 385 1934 412 la-

1148 429 1252 463 pidibus
1275 431 1415 464 pretiosis,
1439 431 1517 466 longe
1546 431 1706 466 speciosiora
1729 436 1791 458 sunt
1810 440 1816 458 :
1840 431 1933 458 iridcm

1151 475 1234 502 multo
1249 476 1341 510 magis,
1365 484 1442 511 quam
1457 477 1549 509 violas,
1567 484 1643 504 rosas
1656 482 1820 512 cteterosque
1841 484 1934 504 omnes

1151 526 1229 548 terra:
1245 520 1325 549 ﬂores
1337 522 1508 549 admiramur.
1524 522 1551 549 lu
1563 530 1664 549 summa
1684 523 1706 549 si
1727 531 1819 557 posses
1839 523 1934 550 anima:

1151 565 1375 601 pulchritudinem
1397 567 1480 594 oculis
1502 567 1639 601 corporeis
1663 568 1780 600 intueri,
1805 575 1933 602 corporea

1149 611 1205 638 lucc
1228 612 1348 647 exempla
1371 612 1517 646 derideres,
1543 620 1626 647 us:1ue
1640 612 1706 639 adeo
1725 614 1837 640 tenuiter
1860 613 1936 640 nobis

1149 657 1244 685 anima:
1267 658 1378 685 formam
1402 658 1579 693 decoremque
1599 657 1743 685 delineant.
1758 658 1806 690 Ne,
1832 666 1932 693 quaeso.

1151 703 1228 730 talem
1246 704 1450 738 possessionem,
1469 709 1494 732 et
1512 703 1664 738 huiusmodi
1686 704 1838 732 felicitatem
1854 705 1936 739 negli-

1148 757 1241 784 gamus
1261 759 1268 776 :
1291 757 1351 777 cum
1374 750 1488 777 maxime
1510 749 1593 778 facilis
1609 750 1685 777 nobis
1706 750 1794 778 aditus
1808 751 1841 778 ad
1864 751 1936 778 illam

1148 793 1369 828 pulchritudinem
1384 795 1461 822 detur
1471 803 1518 830 per
1528 803 1601 830 spem
1616 795 1786 822 futurorum‘.
1796 795 1937 823 Nomenta-

1148 848 1222 867 neum
1237 841 1313 874 enim,
1335 842 1428 876 inquit,
1445 848 1468 868 et
1487 842 1539 869 leve
1563 842 1732 869 tribulationis
1754 847 1845 870 nostra
1859 850 1946 877 supra-

1147 885 1250 912 modum
1263 886 1288 913 in
1300 886 1460 920 sublimitate,
1472 892 1592 914 teter-num
1604 886 1693 922 glorise
1700 887 1799 922 pondus
1808 892 1936 922 operatur,

1149 938 1199 958 non
1211 931 1436 966 contemplantibus
1455 931 1525 958 nobis
1539 939 1595 967 quit
1606 932 1732 964 videnlur,
1747 933 1789 959 sed
1809 940 1866 968 grue
1886 940 1937 959 non

1147 976 1283 1004 videntur:
1303 985 1359 1011 quae
1377 977 1443 1004 enim
1466 978 1579 1004 videntur
1603 978 1750 1012 temporalia
1774 983 1832 1004 sunt
1848 986 1858 1010 ,'
1881 986 1938 1013 qua:

1148 1027 1230 1048 autem
1242 1030 1291 1049 non
1305 1023 1429 1055 videntur,
1450 1028 1543 1050 trterna
1557 1023 1594 1059 (2.
1611 1022 1669 1050 Cor.
1683 1024 1709 1050 4.
1735 1023 1790 1058 17).
1815 1023 1892 1057 Quod
1914 1024 1937 1051 si

1149 1067 1342 1099 tribulationes,
1358 1075 1423 1102 quas
1434 1067 1513 1101 nosti,
1526 1068 1598 1095 leves
1610 1068 1712 1095 vocavit
1723 1068 1816 1096 beatus
1826 1068 1935 1101 Paulus,

1148 1112 1208 1146 quia
1222 1119 1274 1139 non
1290 1112 1431 1147 respicitur
1442 1112 1475 1140 ad
1488 1120 1518 1140 ea
1530 1120 1589 1148 qua:
1604 1112 1738 1145 videntur,
1753 1113 1836 1140 multo
1852 1111 1936 1140 levius

1148 1162 1175 1184 et
1190 1157 1293 1185 facilius
1314 1158 1365 1185 erit
1383 1157 1518 1186 libidinem
1542 1158 1646 1186 sedare.
1662 1157 1783 1185 Nondum
1809 1158 1881 1185 enim
1903 1157 1936 1185 ad

1149 1203 1266 1238 pericula
1282 1207 1307 1231 te
1323 1203 1367 1230 illa
1380 1211 1518 1237 vocamus,
1532 1211 1584 1231 non
1599 1203 1632 1231 ad
1648 1208 1747 1231 mortes
1757 1203 1946 1239 quotidianus,

1148 1256 1201 1276 non
1216 1249 1248 1275 ad
1263 1249 1352 1284 plagas
1367 1249 1530 1284 frequentes,
1551 1249 1671 1282 verbera,
1693 1250 1807 1282 vincula,
1823 1249 1936 1276 inimici-

1149 1294 1199 1321 tias
1213 1301 1272 1321 cum
1288 1294 1352 1321 orbe
1367 1299 1509 1327 terrarum,
1531 1301 1582 1321 non
1598 1294 1632 1321 ad
1645 1294 1704 1321 odia
1717 1294 1945 1326 domesticorum,.

1150 1346 1203 1366 non
1226 1339 1259 1367 ad
1274 1339 1376 1374 vigilias
1400 1339 1564 1374 frequentes,
1587 1339 1680 1374 longas
1700 1340 1936 1374 peregrinationes,

1148 1383 1298 1420 naufragia,
1318 1385 1448 1412 latronum
1472 1385 1604 1418 incursus,
1619 1389 1792 1419 cognatorum
1818 1384 1937 1416 insidias,

1148 1430 1255 1458 dolores
1265 1432 1411 1458 amicorum
1426 1439 1522 1463 causa;
1538 1438 1590 1458 nou
1611 1430 1644 1458 ad
1659 1431 1765 1463 famem,
1780 1430 1874 1465 frigus,
1888 1439 1937 1457 nu-

1148 1477 1266 1509 ditatem,
1281 1477 1459 1510 exuslionem,
1475 1476 1627 1510 maestitiam
1646 1483 1694 1511 pro
1711 1477 1790 1503 rebus
1803 1476 1859 1503 sive
1875 1476 1935 1508 tuis,

1148 1522 1204 1550 sive
1215 1530 1267 1549 non
1284 1522 1345 1550 tuis.
1365 1521 1436 1549 Nihil
1460 1522 1554 1548 horum
1575 1522 1629 1556 iam
1644 1521 1807 1556 postulamus
1828 1530 1836 1555 ;
1850 1522 1895 1549 sed
1912 1522 1937 1548 id

1148 1569 1232 1596 solum
1243 1576 1376 1604 rogamus,
1388 1576 1403 1595 a
1417 1568 1557 1596 maledicta
1567 1568 1695 1595 servitute
1709 1567 1805 1596 liberes
1816 1572 1852 1601 te,
1862 1573 1890 1596 et
1905 1569 1937 1595 ad

1149 1615 1287 1650 pristinam
1309 1614 1459 1642 libertatem
1482 1619 1635 1646 revertare,
1656 1619 1742 1641 tecum
1767 1618 1892 1648 reputans
1911 1617 1938 1640 et

1148 1660 1264 1687 libidinis
1276 1667 1379 1694 poenas,
1396 1664 1423 1687 et
1438 1659 1554 1687 debitum
1565 1659 1684 1695 pristium
1695 1659 1784 1686 virtuti
1804 1663 1855 1686 tua:
1871 1666 1938 1693 pra:-

1148 1706 1241 1732 mium.
1253 1705 1319 1732 Nam
1342 1705 1413 1740 quod
1429 1705 1557 1732 increduli
1570 1705 1640 1732 circa
1657 1704 1877 1732 resurrectionem
1892 1711 1937 1731 se-

1148 1751 1236 1787 gniter
1250 1750 1337 1778 all'ecti
1360 1751 1422 1784 sint,
1439 1758 1489 1778 nec
1512 1758 1637 1785 umquam
1652 1749 1714 1777 inde
1732 1754 1831 1776 metum
1854 1749 1938 1776 susci-

1148 1797 1231 1832 piant,
1245 1796 1310 1824 nihil
1323 1802 1396 1824 certe
1417 1797 1514 1824 mirum
1528 1800 1569 1824 est
1583 1805 1590 1823 :
1607 1796 1655 1823 sed
1677 1795 1748 1831 quod
1763 1803 1811 1822 nos
1833 1794 1878 1830 qui
1903 1793 1937 1822 de

1149 1842 1243 1870 futuris
1258 1843 1341 1878 magis
1363 1850 1441 1878 quam
1463 1842 1497 1870 de
1518 1842 1695 1877 praesentibus
1717 1841 1796 1869 rebus
1818 1842 1936 1876 persuasi

1148 1894 1250 1921 sumus,
1270 1892 1324 1915 tam
1337 1888 1434 1916 misere
1447 1887 1584 1923 degamus,
1600 1892 1654 1915 tam
1669 1886 1832 1919 calamitose,
1848 1886 1936 1914 nullo-

1148 1940 1200 1968 que
1213 1940 1292 1961 sensu
1307 1940 1339 1960 ex
1355 1941 1446 1961 earum
1466 1932 1594 1960 memoria
1606 1932 1763 1963 afliciamur,
1783 1932 1831 1960 sed
1850 1931 1876 1959 in
1891 1939 1937 1959 ex-

1150 1983 1261 2006 tremam
1285 1978 1414 2006 incuriam
1429 1977 1593 2010 delabamur,
1609 1977 1635 2004 id
1657 1983 1722 2004 sane
1735 1977 1858 2004 amentiae
1879 1976 1936 2011 ple-

1149 2032 1211 2052 num
1225 2028 1276 2052 est.
1291 2024 1319 2052 Si
1332 2025 1403 2052 enim
1419 2031 1468 2052 nos
1486 2023 1578 2051 fideles
1589 2023 1682 2051 eadem
1697 2030 1756 2058 qum
1769 2022 1888 2050 infideles
1899 2022 1936 2049 illi

1149 2069 1269 2102 facimus,
1281 2070 1336 2097 imo
1347 2069 1524 2096 miserabilius
1535 2075 1613 2103 quam
1625 2068 1663 2095 illi
1674 2067 1759 2095 all'ecti
1773 2067 1935 2102 sumus(non

1148 2114 1244 2142 desunt
1252 2115 1322 2143 enim
1334 2115 1402 2142 inter
1410 2114 1479 2148 illos,
1487 2114 1530 2149 qui
1540 2113 1654 2141 humana
1665 2114 1761 2140 virtute
1769 2113 1934 2148 claruerint):

1148 2167 1208 2195 quae
1223 2159 1298 2187 nobis
1313 2160 1365 2187 erit
1387 2159 1545 2192 consolatio,
1560 2166 1620 2194 qua:
1633 2158 1740 2185 demum
1748 2157 1846 2186 venia?
1861 2157 1935 2185 Multi

1149 2204 1256 2240 quidem
1267 2208 1429 2232 mercatores
1440 2203 1604 2239 naufragium
1615 2203 1686 2238 passi
1700 2210 1754 2230 non
1766 2203 1854 2230 animo
1871 2210 1936 2230 con-

1148 2250 1330 2285 ciderunt,sed
1342 2251 1434 2278 eadem
1447 2250 1568 2277 institere
1578 2249 1629 2282 via;
1641 2256 1799 2284 quamquam
1810 2248 1836 2276 id
1846 2248 1935 2276 damni

1148 2305 1200 2325 non
1215 2305 1248 2325 ex
1262 2297 1373 2332 segnitie
1387 2297 1506 2324 evenerit
1518 2296 1567 2323 sibi
1583 2316 1591 2329 ,
1604 2295 1651 2323 sed
1666 2296 1689 2322 vi
1706 2298 1844 2322 ventorum
1863 2303 1870 2322 :
1887 2302 1934 2322 nos

1147 2349 1247 2377 autem,
1267 2343 1363 2379 quibus
1386 2343 1420 2370 de
1441 2343 1512 2371 bono
1536 2342 1589 2370 ﬁne
1603 2349 1710 2376 semper
1732 2349 1840 2377 sperare
1862 2341 1933 2375 licet,

1147 2397 1206 2417 cum
1227 2389 1310 2424 probe
1337 2389 1462 2422 sciamus,
1488 2396 1573 2424 neque
1596 2388 1773 2424 naufragium,
1789 2388 1935 2423 nequede-

1149 2435 1264 2463 trimenti
1277 2435 1406 2470 quidlibet
1416 2435 1505 2462 invitis
1519 2433 1596 2462 nobis
1610 2433 1786 2462 obventurum
1800 2441 1871 2467 esse,
1887 2441 1935 2461 an-

1148 2489 1201 2509 non
1213 2489 1270 2508 rem
1282 2480 1483 2516 aggrediemur?
1493 2487 1582 2507 annon
1602 2479 1734 2512 eamdem,
1749 2486 1828 2514 quam
1850 2479 1933 2514 prius,

1148 2531 1323 2554 mercaturam
1348 2533 1524 2559 resumemus,
1545 2525 1591 2554 sed
1609 2525 1697 2560 supini
1720 2525 1850 2553 consertis
1864 2525 1932 2560 apud

1147 2581 1196 2601 nos
1220 2573 1342 2601 manibus
1362 2573 1530 2608 iacebimus?
1548 2572 1583 2600 Et
1604 2573 1703 2600 utinam
1725 2571 1794 2607 apud
1809 2579 1858 2599 nos
1874 2577 1932 2598 tan-

1148 2624 1214 2653 tum,
1240 2624 1266 2647 ct
1281 2627 1334 2647 non
1348 2620 1427 2648 etiam
1443 2624 1534 2647 contra
1545 2626 1605 2651 nos,
1620 2617 1690 2653 quod
1704 2622 1804 2653 aperta:
1823 2617 1932 2645 insania:

1146 2669 1197 2692 est.
1213 2664 1279 2692 Nam
1295 2665 1318 2692 si
1331 2665 1390 2700 quis
1413 2665 1484 2700 pugil
1504 2664 1605 2692 omisso
1623 2663 1787 2696 adversario,
1811 2662 1837 2690 in
1851 2667 1932 2697 caput

1146 2719 1222 2739 suum
1239 2718 1332 2738 manus
1344 2714 1512 2740 converteret
1526 2710 1672 2744 faciemque
1692 2716 1767 2736 suam
1782 2707 1932 2735 contunde-

1139 2762 1197 2793 _ret,
1212 2764 1300 2784 annon
1314 2764 1375 2784 eum
1386 2757 1454 2784 inter
1468 2755 1582 2783 furiosos
1596 2753 1851 2782 annumeraremus‘l
1864 2753 1932 2786 Sup-

1179 2815 1184 2827 '
1196 2814 1284 2844 Regius
1294 2820 1356 2838 unus
1364 2813 1440 2838 addit:
1449 2815 1475 2837 Et
1487 2812 1549 2845 quod
1561 2811 1605 2836 hoc
1618 2817 1701 2845 rerum
1710 2814 1753 2845 est,
1765 2808 1932 2845 audit'aulum

1145 2843 1206 2870 illud
1216 2840 1280 2870 nobis
1293 2840 1529 2870 deiiwnstrantmt'iis
1542 2849 1595 2874 gnte
1603 2843 1636 2867 ml
1647 2842 1777 2868 (crint/rios
1786 2840 1873 2867 scibit.
