2061 3114
220 139 268 168 301

217 204 320 230 venre,
337 196 363 224 id
376 204 430 224 non
441 197 584 225 luunanum
599 201 649 230 est,
664 196 712 225 sed
725 196 834 224 omnino
844 197 1003 224 Satanicum.

217 242 420 270 Anitnadvcrtas
433 242 503 269 enim
518 241 651 277 quomodo
663 249 708 276 per
719 242 873 276 prophetam
887 241 935 267 hoc
947 241 1005 275 plus

216 296 295 324 quam
311 288 374 315 illud
393 287 570 323 reprehendat
588 287 660 315 Deus
676 297 682 314 :
698 288 731 313 Et
747 287 810 319 dixi,
827 287 920 321 inquit,
933 291 1003 320 past-

214 343 291 370 quam
303 334 426 367 fornicata
441 338 477 360 est
489 333 528 359 liis
540 333 662 364 ciuilibus,
675 333 709 359 ad
726 341 764 359 me
773 337 902 364 reuertere,
917 337 939 358 et
954 340 1003 358 non

215 388 312 407 reversa
332 383 368 405 est
389 378 454 412 (λεν.
476 379 502 405 '5.
524 379 561 413 7).
578 377 612 404 Et
629 378 690 404 alibi
710 385 815 404 rursum
834 381 862 404 ut
882 377 1004 404 ostendat

215 434 293 461 quam
307 432 455 460 propensus
475 424 509 451 sit
527 423 561 450 ad
583 428 701 450 nostram
722 423 847 454 salutem,
860 423 920 457 quia
944 426 1004 457 post

215 472 298 498 multa
308 471 403 498 delicta
413 469 588 504 promiserant
596 477 626 496 se
634 472 705 495 recta
716 469 757 495 via
770 468 931 500 inccssuros,
942 475 1002 494 cum

215 517 240 544 id
256 516 382 547 audisset,
399 515 437 542 ait
451 524 458 541 :
471 514 533 546 Quis
546 514 614 540 dabit
629 518 655 539 ut
671 514 705 540 ita
718 513 767 540 sint
782 513 859 539 corda
872 520 956 538 eorum
976 512 1002 538 in

215 562 275 596 ipsis
289 565 315 587 ut
330 561 431 586 timeant
440 567 488 592 me,
501 563 525 586 et
538 559 680 585 custodiant
692 557 812 584 ntandata
822 565 876 583 mea
887 557 1002 583 omnibus

214 608 302 634 diebus
314 607 375 638 suis,
391 610 418 631 ut
440 607 499 631 bene
514 605 546 631 sit
559 604 593 631 eis
616 609 638 630 et
660 604 720 637 ﬁliis
736 611 822 630 eorum
838 603 862 629 in
881 602 1001 629 saeculum

214 652 302 688 (Deut.
314 652 341 678 5.
355 651 421 686 29)?
437 651 469 677 Et
481 649 584 685 Moyses
597 649 669 683 ipsos
682 648 844 683 compellans
859 647 915 674 lucc
931 647 1001 674 dice-

214 698 258 723 bat
272 706 279 724 :
298 696 329 723 Et
343 703 418 727 nunc,
440 695 532 727 Israel,
555 694 615 729 quid
635 694 760 720 Domitius
775 693 842 720 Deus
862 693 922 728 petit
937 701 953 718 α
967 697 999 724 te,

215 742 262 768 nisi
277 746 303 767 ut
314 742 400 767 timeas
414 740 549 767 Dominum
562 739 644 766 Deum
655 744 733 771 tuum,
747 743 770 765 et
782 738 893 764 ambules
908 738 933 764 in
947 746 1001 764 oni-

214 786 286 813 nibus
300 786 344 812 viis
359 786 423 821 ejus,
436 789 460 812 et
473 785 563 820 diligas
576 785 661 819 ipsum
675 783 762 819 (Deut.
781 783 825 810 10.
838 783 904 818 12)?
918 782 998 818 Igitur

213 831 256 865 qui
274 831 374 865 expetit
388 838 402 856 a
419 830 494 857 nobis
508 829 612 862 amari,
631 833 657 856 et
676 832 784 864 propter
803 828 852 855 hoc
868 828 932 854 nihil
947 835 1000 854 non

213 878 274 911 agit,
286 878 330 912 qui
350 884 384 904 nc
402 876 455 903 lilio
475 876 581 911 quidem
605 883 654 902 suo
667 875 701 902 ob
721 881 838 901 amorem
855 874 938 901 nostri
955 881 1000 907 pe-

214 924 306 958 percit,
322 931 352 950 ac
364 922 457 957 quovis
471 927 588 956 tempore
602 925 631 949 ut
648 928 708 948 cum
721 920 766 948 illo
785 920 997 953 reconcilicmur,

213 977 267 996 rem
283 968 333 996 sibi
349 968 539 1003 optatissimam
552 966 641 999 habet,
655 968 699 1001 qui
713 967 767 993 lieri
779 966 863 1000 possit
874 969 901 991 ut
915 965 1000 999 pomi-

213 1018 297 1042 tcntes
318 1022 371 1040 non
392 1013 512 1040 admittat
534 1017 561 1040 et
580 1012 765 1047 amplexetur?
787 1011 854 1038 Audi
875 1011 936 1046 quid
952 1019 1000 1046 per

213 1059 368 1094 prophetam
382 1058 468 1086 dicat:
481 1058 528 1085 Dic
544 1063 579 1090 tu,
596 1058 641 1090 ait,
655 1057 796 1092 iniquitates
815 1061 871 1083 tuas
885 1056 954 1091 prior
977 1057 999 1090 ⁸,

211 1111 237 1133 ιιι
252 1104 485 1141 justiﬁeerisUsai.
508 1105 551 1132 45.
566 1104 622 1139 26).
644 1103 671 1130 id
693 1110 767 1135 vero,
781 1110 834 1138 quo
848 1102 998 1130 vehementi

213 1152 240 1178 in
251 1159 310 1178 eum
329 1158 419 1177 amore
432 1150 585 1184 ﬂagremus,
600 1149 700 1183 expetit
716 1156 731 1175 a
744 1147 832 1175 nobis.
845 1147 910 1174 Cum
926 1147 997 1175 enim

211 1198 234 1224 is
246 1197 290 1231 qui
301 1200 388 1228 atnat,
403 1196 437 1222 ab
450 1196 483 1222 iis
496 1196 541 1230 qui
553 1199 676 1222 amantur
687 1194 856 1221 contumeliis
869 1193 979 1220 aﬂ‘ectus
989 1214 996 1226 ,

211 1251 264 1270 non
278 1247 363 1269 tamen
378 1241 522 1275 exstinguit
533 1248 670 1272 amorem;
685 1247 737 1266 non
757 1239 806 1266 alia
819 1239 854 1266 dc
871 1246 951 1266 causa
965 1239 998 1266 il-

211 1289 274 1314 latas
290 1287 463 1314 contumelias
476 1286 503 1312 in
518 1286 633 1313 medium
651 1284 739 1312 afferri
760 1284 864 1317 studet,
878 1291 956 1318 quam
969 1289 998 1312 ut

210 1334 403 1362 vehementiam
418 1334 517 1361 amoris
531 1334 571 1361 sui
584 1333 733 1366 declarans,
747 1333 780 1360 ad
796 1333 936 1360 arctiorcm
951 1340 997 1360 eos

209 1387 235 1409 et
249 1381 375 1416 majorem
387 1371 554 1408 dilectionem
567 1379 711 1414 pertrahat.
726 1379 752 1407 Si
765 1383 853 1406 autem
864 1379 997 1406 confessio

210 1432 376 1462 peccatorum
392 1430 491 1453 tantum
502 1425 579 1452 all‘ert
593 1425 691 1458 solatii,
706 1425 789 1452 multo
803 1424 888 1460 majus
903 1424 997 1452 afferet

209 1481 299 1500 eorum
310 1480 358 1508 per
370 1472 437 1499 bona
448 1479 528 1507 opera
539 1471 647 1498 ablutio.
657 1471 792 1506 Siquidem
807 1471 856 1498 nisi
867 1472 903 1498 ita
914 1474 994 1504 esset,

208 1519 255 1546 scd
270 1519 351 1546 semel
366 1519 467 1546 aversis
484 1526 498 1544 a
514 1521 585 1545 recta
602 1518 643 1544 via
657 1517 689 1544 ad
704 1517 814 1552 pristina
829 1517 941 1544 reditum
954 1517 995 1544 iu-

210 1563 380 1595 tcmludcret,
401 1570 480 1590 nemo
502 1563 587 1597 plane,
611 1562 662 1590 nisi
685 1562 753 1590 forte
772 1562 924 1597 paucissimi
945 1569 993 1589 nu-

208 1618 291 1644 mero,
311 1610 337 1637 in
352 1617 463 1644 regnum
478 1609 602 1636 caelorum
617 1608 815 1644 ingrederetur;
831 1607 903 1643 alqui
926 1615 994 1643 pra:-

207 1655 333 1683 clariorcs
347 1655 426 1682 fuisse
445 1662 491 1682 eos
506 1655 679 1690 reperiemus,
694 1654 738 1689 qui
760 1654 831 1688 prius
847 1653 916 1689 lapsi
939 1653 997 1681 fue-

209 1707 277 1729 rant.
291 1701 340 1736 Qui
354 1702 426 1729 cuim
438 1709 560 1736 magnam
576 1701 602 1727 in
618 1700 695 1727 malis
708 1700 832 1734 operibus
846 1699 994 1726 vehemen-

210 1747 270 1773 tiam
290 1747 476 1778 adhibuerant,
496 1746 616 1773 eamdem
637 1749 728 1779 postea
748 1745 776 1771 in
795 1744 872 1772 bouis
885 1744 995 1778 agendis

209 1793 385 1825 exhibebunt,
401 1797 492 1827 utpote
511 1792 556 1827 qui
576 1792 660 1819 sciant
680 1792 786 1826 quantis
806 1791 859 1817 sint
875 1790 994 1818 obstricti

209 1838 304 1866 debitis
317 1848 324 1865 :
341 1838 410 1873 quod
424 1843 450 1865 et
463 1838 583 1865 Christus
598 1837 752 1869 declaravit,
767 1837 873 1872 quando
892 1836 994 1864 Simoni

209 1887 276 1912 circa
292 1885 429 1912 mulierem
451 1884 627 1919 loquebatur:
643 1883 730 1916 Vides,
746 1884 796 1915 ait,
820 1884 885 1910 hanc
904 1883 995 1910 mulie-

210 1931 280 1957 rcm?
292 1930 390 1957 Intraui
403 1931 428 1956 in
443 1930 544 1956 dontum
560 1935 639 1963 tuain,
652 1937 742 1964 aquam
754 1929 857 1964 pedibus
874 1929 933 1956 meis
945 1937 995 1955 non

210 1976 300 2002 dt’dlltt'
315 1983 325 2002 :
339 1976 392 2002 luet:
405 1980 486 2002 autem
500 1975 616 2010 (acrymis
628 1976 718 2009 rigavit
731 1974 806 2009 pedes
822 1982 898 2006 meos,
915 1979 938 2001 et
953 1982 996 2000 ca-

211 2021 278 2056 pillis
288 2021 339 2048 suis
354 2021 432 2048 tersit.
447 2021 568 2047 Usculunt
581 2020 642 2046 mihi
655 2029 705 2047 non
720 2020 829 2052 dedisti;
841 2020 894 2046 Itazc
911 2024 995 2046 autent

211 2075 240 2093 α
252 2075 300 2101 quo
316 2066 416 2098 intravi,
432 2074 480 2092 non
498 2065 602 2092 cessarit
621 2064 732 2091 osculari
746 2064 819 2099 pedes
840 2072 917 2091 meos.
933 2064 995 2091 Olco

210 2116 284 2146 caput
299 2119 381 2138 meum
398 2120 446 2138 non
466 2111 560 2137 tinxisti
578 2118 587 2137 .'
605 2111 658 2137 Ιιατ
676 2115 759 2136 autent
778 2114 904 2144 unguento
924 2110 995 2136 una-it

211 2158 283 2193 pede:
296 2165 374 2184 meas.
389 2155 497 2191 Propter
510 2155 578 2192 quod
590 2156 645 2182 dico
661 2155 715 2188 tibi,
732 2155 891 2182 remittuntur
900 2154 923 2180 ei
936 2162 994 2189 pec-

210 2207 265 2229 cata
279 2211 326 2229 sua
345 2202 435 2235 multa,
449 2202 508 2236 quia
522 2201 608 2228 dilexit
624 2201 741 2227 multum.
755 2199 802 2226 Cui
818 2204 900 2226 autem
913 2200 996 2225 minus

211 2248 350 2279 dimittitur,
363 2248 444 2274 minus
458 2246 551 2281 diligit.
566 2245 636 2272 Dixit
646 2251 729 2272 autent
743 2245 775 2272 ad
790 2244 861 2271 illam
877 2252 886 2271 .'
901 2243 996 2271 Remit-

211 2297 295 2320 luntur
307 2293 349 2320 tibi
365 2297 466 2328 peccata
481 2292 554 2328 (Luc.
571 2292 597 2318 7.
610 2291 716 2326 44-48).

245 2339 288 2367 16.
305 2339 405 2366 Idcirco
418 2338 539 2366 diabolus
555 2345 652 2372 gnarus
667 2344 723 2368 eos,
737 2336 780 2371 qui
796 2336 911 2371 ingentia
927 2336 994 2362 mala

212 2389 404 2420 lerpetrarunt,
415 2383 457 2411 ubi
467 2383 580 2418 primum
586 2382 713 2416 cmperint
721 2381 859 2416 patuiterc,
868 2380 893 2408 id
901 2387 996 2415 magno

210 2432 295 2459 studio
302 2438 392 2466 agere,
399 2434 489 2465 utpote
497 2429 619 2457 conscios
628 2428 785 2455 delictorum
793 2434 911 2459 suorum,
922 2426 997 2453 timet

210 2482 237 2504 ct
253 2476 375 2504 formidat
391 2483 424 2502 ne
438 2474 544 2510 quando
565 2482 620 2501 rem
635 2473 816 2501 exordiantur.
835 2471 900 2498 Nam
920 2475 995 2506 post-

207 2530 286 2557 quam
303 2521 446 2556 cmperint,
462 2519 591 2547 contineri
610 2519 678 2545 ultra
692 2521 842 2552 nequeunt,
860 2523 892 2543 ac
912 2515 998 2550 pomi-

209 2569 290 2596 t~utia
303 2568 376 2603 quasi
389 2567 448 2602 igne
460 2565 593 2600 succensi,
605 2573 669 2592 auro
683 2571 747 2599 puro
763 2563 882 2598 put-iores
896 2562 998 2588 anitnas

209 2623 270 2643 suas
283 2614 412 2647 efﬁciunt,
427 2612 588 2640 conscientia
609 2618 704 2645 nempe
716 2617 747 2637 ac
761 2609 888 2636 memoria
904 2615 997 2642 pecca-

210 2667 296 2688 torum
319 2667 427 2687 suorum
446 2659 520 2694 quasi
546 2661 626 2685 vento
647 2656 761 2692 quodam
785 2654 948 2681 validissimo
970 2653 996 2680 in

209 2706 336 2734 virtutis'
352 2709 455 2741 portum
478 2703 594 2739 impulsi.
611 2703 699 2737 anue
720 2701 746 2729 in
769 2708 798 2728 rc
818 2704 943 2735 prmstant
967 2699 998 2727 iis

242 2783 251 2798 '
268 2785 327 2806 nos
345 2784 408 2810 Mss,
422 2778 465 2804 Dic
475 2782 501 2803 tu
520 2778 624 2810 primum
645 2775 781 2810 iniquitates
792 2778 852 2799 tuas.
871 2775 906 2799 sic
926 2774 997 2798 etiam

210 2813 289 2840 ἐστὶι,
302 2811 346 2836 sed
360 2808 412 2842 pro,
424 2808 541 2842 primum,
555 2809 637 2842 habet.
649 2808 723 2842 prior.
791 2835 806 2842 _.
818 2835 821 2840 '

242 2835 371 2872 iWtjuartuoi'
381 2835 429 2866 uti
444 2841 506 2871 loco,
518 2840 618 2869 virtutis,
629 2835 726 2868 habent,
741 2835 852 2868 apatliia'.

799 140 844 166 AD
863 140 1072 168 TllEOl)ORUM
1091 142 1236 171 LAPSUM.
1258 145 1278 172 Ι.

1798 154 1849 181 50⁵2

1060 199 1104 233 qui
1120 208 1261 236 numquam
1273 204 1436 237 ceciderunt,
1448 207 1517 241 quod
1529 208 1627 242 iuniore
1637 214 1744 238 utantur
1752 214 1848 241 alaeri-

1058 249 1121 277 tate,
1136 247 1156 272 si
1169 252 1279 281 tantum,
1297 255 1323 277 ut
1335 251 1388 285 jam
1403 252 1467 286 dixi,
1480 261 1536 281 rem
1553 257 1748 290 aggrediantur.

1093 290 1249 338 (inuitantis
1258 296 1356 323 initium
1367 298 1485 332 arduum,
1497 306 1585 327 cwtera
1596 301 1711 337 deinceps
1720 304 1846 338 faciliora.

1055 349 1090 354 —
1102 335 1167 363 Nam
1182 338 1232 365 hoc
1244 347 1326 373 opus,
1344 342 1387 369 hic
1401 343 1474 372 labor
1486 351 1526 372 est
1537 367 1544 378 ,
1562 355 1638 380 posse
1650 335 1784 376 introitum
1801 359 1847 385 pc-

1057 385 1124 432 tere,
1135 390 1166 410 ac
1177 385 1304 413 vestibula
1316 389 1476 421 pmnitentia-
1485 393 1647 427 contingere,
1659 395 1846 432 inimicumque

1056 427 1165 455 multum
1181 430 1324 464 spirantem
1340 437 1366 460 et
1380 434 1521 464 instantem
1541 437 1675 472 depellere
1689 446 1767 475 atque
1782 427 1845 476 pio-

1054 477 1184 501 sternere.
1198 476 1298 504 Deinde
1313 486 1375 506 vero
1391 488 1442 507 non
1457 486 1556 510 tantum
1571 484 1617 512 illc
1634 486 1749 514 furorem
1770 489 1846 515 exhi-

1054 517 1135 551 bebit,
1151 521 1232 548 semel
1245 528 1385 557 superatus
1399 529 1426 552 et
1438 533 1487 560 qua
1500 533 1573 562 parte
1588 529 1681 558 fortior
1695 537 1751 559 erat
1774 533 1847 568 deje-

1053 569 1111 612 clus
1120 574 1126 590 :
1136 573 1185 593 nos
1199 573 1286 595 autent
1299 570 1434 598 alacritate
1448 580 1578 609 resumpta
1589 577 1698 610 majore,
1709 578 1844 612 pulchrum

1055 609 1106 637 hoc
1119 612 1232 640 stadium
1248 613 1371 642 facillime
1384 616 1566 647 deeurrcmus.
1588 609 1779 655 Aggrediamur
1794 625 1845 652 ita-

1054 663 1106 690 que
1120 657 1232 685 rcditum
1246 679 1253 690 ,
1278 668 1446 690 recurramus
1460 664 1486 690 in
1507 665 1639 693 civitatem
1663 668 1796 696 ctL-lcstcm
1817 671 1843 697 in

1052 709 1130 735 quam
1147 703 1282 739 adscripti,
1299 706 1342 734 ubi
1353 707 1450 741 degere
1461 709 1527 743 jussi
1539 718 1639 738 sumus.
1651 712 1715 739 Nam
1726 713 1760 740 de
1771 715 1846 742 nobis

1054 747 1117 794 ipsis
1132 748 1275 783 desperare
1291 759 1342 778 non
1366 753 1390 779 id
1404 753 1489 780 solum
1504 755 1579 783 affert
1601 758 1662 784 mali
1675 777 1682 790 ,
1704 758 1773 793 quod
1789 760 1845 794 ejus

1053 792 1126 843 urbis
1140 799 1229 843 portas
1244 796 1320 823 nobis
1333 797 1505 832 intercludat,
1523 808 1571 828 nec
1590 802 1660 836 quot]
1674 803 1700 830 in
1713 792 1842 838 majorem

1051 839 1190 872 segnitiem
1207 844 1234 867 et
1248 847 1429 877 contemptum
1442 844 1572 879 deducat,
1583 847 1629 874 sed
1645 848 1715 882 quod
1731 849 1756 876 iu
1772 849 1842 876 i-‘uro-

1052 890 1107 910 rcm
1123 892 1172 912 nos
1188 887 1335 914 satanicum
1351 889 1466 923 αι·]ἱρὶιιι.
1482 891 1584 918 Etenim
1597 892 1717 921 diabolus
1731 896 1843 923 nonalia

1052 927 1085 974 de
1099 936 1178 956 causa
1191 931 1250 958 talis
1265 933 1348 960 evasit
1362 954 1369 966 ,
1387 942 1465 968 quam
1480 936 1540 970 quia
1554 945 1667 972 primum
1683 939 1841 974 desperavit.

1051 973 1210 1010 demumquc
1226 985 1257 1004 ex
1272 978 1457 1013 desperatione
1479 981 1504 1007 in
1520 982 1648 1010 insaniam
1670 973 1776 1012 decidit.
1792 986 1843 1014 Ubi

1052 1021 1164 1054 primum
1176 1023 1246 1050 enim
1270 1024 1357 1052 anima
1381 1033 1455 1060 spem
1480 1028 1574 1055 salutis
1592 1030 1698 1062 amisit,
1715 1039 1749 1058 ne
1763 1032 1843 1060 sentit

1051 1065 1157 1099 quidem
1171 1068 1283 1101 amplius
1299 1077 1350 1104 quo
1367 1075 1442 1104 pacto
1461 1079 1579 1107 przeceps
1594 1078 1695 1107 agatur,
1711 1079 1737 1102 et
1751 1077 1839 1103 omnia

1051 1116 1142 1140 contra
1170 1114 1282 1141 salutent
1307 1117 1440 1150 propriam
1463 1118 1516 1151 agit
1529 1123 1556 1145 et
1571 1119 1644 1146 dicit.
1660 1121 1698 1148 Ae
1712 1122 1840 1155 quemad-

1051 1157 1158 1184 modum
1173 1158 1265 1186 furiosi
1282 1161 1324 1187 ubi
1350 1162 1432 1188 scmcl
1446 1170 1459 1188 a
1475 1169 1539 1190 sana
1562 1169 1650 1192 tuente
1673 1165 1840 1201 exciderunt,

1051 1202 1115 1230 nihil
1128 1203 1219 1231 timent
1232 1225 1238 1237 ,
1266 1205 1338 1231 nullo
1349 1206 1448 1240 pudore
1463 1211 1586 1235 tenentur
1598 1230 1604 1241 ,
1621 1209 1666 1237 sed
1679 1211 1735 1237 sino
1751 1211 1840 1239 formi<

1049 1247 1111 1275 dine
1125 1249 1213 1276 omnia
1235 1249 1364 1284 audent’,
1379 1259 1428 1278 nec
1450 1252 1537 1286 ignem
1560 1261 1609 1281 nec
1621 1262 1693 1282 mare
1707 1264 1756 1283 nec
1775 1264 1841 1290 prte-

1049 1294 1137 1328 eipitia
1150 1294 1223 1322 adire
1237 1296 1443 1330 pertimescunt;
1459 1298 1496 1325 sic
1511 1302 1539 1326 et
1557 1299 1572 1325 ii
1588 1300 1631 1333 qui
1646 1300 1839 1335 desperationis

1049 1339 1157 1367 vesania
1179 1341 1293 1375 correpti
1316 1346 1397 1374 sunt,
1420 1343 1599 1371 intolerabiles
1611 1345 1707 1373 deinde
1722 1346 1747 1373 iu
1762 1355 1841 1375 (mmo

1049 1384 1178 1412 malormn
1192 1393 1276 1420 genus
1289 1386 1431 1415 decurrunt
1443 1397 1449 1420 ;
1464 1393 1490 1415 et
1504 1389 1553 1416 nisi
1577 1397 1649 1417 mors
1661 1399 1708 1418 cos
1720 1391 1754 1418 ab
1769 1392 1839 1419 insa-

1048 1430 1091 1456 nia
1104 1435 1131 1457 et
1145 1431 1243 1465 impetu
1268 1438 1409 1466 coerceat,
1432 1433 1570 1462 innumera
1593 1435 1642 1462 sibi
1666 1436 1729 1469 ip~.is
1750 1438 1838 1470 gravia

1048 1479 1210 1510 perpetrant.
1224 1476 1310 1510 Quare
1325 1476 1444 1509 obsecro,
1459 1482 1600 1512 antequam
1612 1480 1697 1506 abilla
1711 1480 1840 1508 ebrietate

1048 1521 1126 1548 altius
1140 1521 1313 1556 dcmcrgaris,
1330 1523 1471 1557 resipiscas
1485 1527 1512 1550 ct
1526 1524 1728 1559 expcrgisearis.
1744 1525 1837 1552 diabo-

1048 1565 1178 1601 licamque
1198 1567 1268 1593 illam
1283 1567 1416 1602 crapulam
1439 1569 1573 1600 excutias;
1590 1569 1659 1603 quod
1673 1570 1695 1596 si
1710 1569 1733 1596 id
1750 1570 1839 1597 confc-

1047 1611 1108 1638 stim
1121 1619 1199 1646 agerc
1215 1620 1266 1640 non
1277 1613 1373 1648 possis,
1390 1614 1488 1640 sensim
1501 1618 1527 1640 et
1538 1614 1661 1648 paulatim
1673 1614 1762 1642 facias.
1775 1616 1837 1643 Mihi

1047 1661 1118 1684 certe
1131 1657 1208 1692 longe
1222 1657 1324 1684 facilius
1334 1658 1447 1692 videtur,
1469 1663 1497 1686 ut
1509 1659 1541 1686 ab
1553 1660 1676 1687 omnibus
1688 1660 1766 1688 simul
1779 1661 1839 1696 qui-

1047 1701 1095 1729 bus
1108 1702 1277 1737 compiicaris
1291 1703 1397 1731 funibus
1412 1704 1573 1732 abstractutn
1589 1709 1614 1733 te
1629 1707 1653 1733 in
1675 1707 1837 1741 pmniteutim

1047 1749 1212 1783 gymnasium
1223 1749 1376 1777 transferas.
1389 1750 1416 1777 Si
1433 1755 1519 1777 tamen
1530 1751 1574 1778 tibi
1584 1752 1694 1779 arduum
1707 1752 1836 1786 videatur,

1048 1798 1077 1821 ut
1094 1795 1207 1822 volucris
1223 1796 1292 1823 viam
1305 1796 1338 1823 ad
1358 1797 1467 1823 meliora
1481 1797 1621 1824 ducentem
1635 1797 1714 1825 adeas
1725 1819 1732 1830 ,
1758 1799 1837 1825 modo

1048 1848 1103 1867 rem
1119 1841 1247 1875 suscipias
1257 1846 1283 1868 et
1293 1841 1412 1869 obtincas
1419 1842 1498 1869 vitam
1509 1847 1646 1869 teteruam.
1662 1843 1745 1870 Etiam
1758 1849 1837 1879 atque

1047 1886 1126 1913 etiam
1141 1893 1205 1921 rogo
1214 1890 1242 1913 et
1254 1887 1365 1914 obsecro
1379 1895 1426 1922 per
1437 1888 1572 1922 pristinam
1588 1893 1657 1915 tuam
1670 1889 1837 1924 probitatem,

1048 1939 1094 1965 per
1109 1931 1230 1959 fiduciam
1242 1932 1323 1965 illam,
1336 1933 1463 1960 teiterum
1477 1933 1612 1960 videamus
1623 1934 1648 1961 in
1660 1934 1704 1961 illo
1712 1935 1836 1967 culmine,

1048 1977 1073 2003 in
1086 1977 1130 2004 illa
1140 1978 1345 2011 perseverantia.
1355 1978 1480 2006 Miserere
1495 1980 1643 2014 eorum,qui
1655 1984 1763 2015 propter
1775 1985 1799 2008 te
1811 1981 1836 2008 iu

1047 2022 1232 2050 ollendiculum
1244 2023 1417 2058 impegerunt,
1429 2025 1472 2059 qui
1485 2022 1552 2059 lapsi
1566 2030 1637 2059 sunt,
1650 2026 1691 2053 vcl
1701 2027 1837 2061 segniores

1047 2069 1145 2101 effecti,
1161 2069 1206 2104 qui
1219 2069 1253 2096 de
1266 2069 1372 2097 virtutis
1382 2070 1423 2097 via
1437 2071 1621 2105 despcrarunt.
1637 2071 1711 2099 Nunc
1730 2072 1836 2107 quidem

1048 2114 1153 2141 tristitia
1166 2114 1276 2142 fratrum
1290 2115 1400 2142 chorum
1413 2120 1540 2150 occupat.
1557 2116 1677 2151 voluptas
1701 2123 1788 2144 autem
1809 2122 1837 2145 ct

1049 2159 1137 2186 latitia
1152 2160 1296 2187 infidelium
1311 2165 1486 2193 cunventum,
1502 2168 1551 2188 nec
1564 2169 1616 2188 non
1635 2161 1761 2195 juvcnum
1781 2162 1838 2189 otio

1047 2206 1206 2233 deditorum.
1217 2206 1244 2234 Si
1254 2210 1341 2234 autem
1354 2207 1386 2234 ad
1397 2212 1546 2234 accuratam
1558 2207 1627 2234 illam
1637 2208 1696 2235 vita:
1707 2209 1836 2236 rationem

1047 2253 1175 2285 redieris,
1189 2252 1349 2280 contrarium
1364 2252 1479 2285 accidet,
1496 2257 1637 2288 nostraque
1655 2252 1797 2288 ignominia
1810 2254 1836 2280 in

1048 2299 1215 2326 adversarios
1239 2303 1293 2326 tota
1316 2299 1326 2315 ³
1345 2299 1533 2326 derivabitur:
1555 2306 1603 2325 nos
1626 2303 1714 2326 autem
1737 2299 1831 2326 ﬁducia

1051 2345 1132 2371 multa
1148 2345 1268 2372 instructi
1284 2345 1394 2377 erimus,
1412 2348 1438 2371 te
1455 2344 1547 2378 majori
1563 2343 1703 2378 splendore
1722 2351 1836 2371 corona-

1049 2395 1104 2417 tum
1132 2389 1357 2425 prmdicatumque
1379 2389 1509 2417 videntes.
1530 2389 1608 2415 Tales
1627 2389 1696 2415 enim
1720 2389 1836 2416 victoria:

1049 2436 1177 2471 majorem
1193 2436 1282 2464 ferunt
1295 2442 1319 2464 et
1333 2436 1444 2471 gloriam
1461 2439 1487 2463 et
1500 2435 1671 2470 voluptatem.
1693 2435 1750 2462 Νοιι
1764 2435 1835 2462 enim

1050 2482 1176 2517 prteclare
1196 2487 1330 2517 gestorum
1351 2487 1452 2509 tantum
1476 2481 1625 2509 mercedem
1641 2481 1766 2516 recipies,
1789 2481 1836 2508 scd

1050 2529 1127 2556 etiam
1140 2528 1252 2555 aliorum
1264 2527 1453 2555 cohortationis
1463 2531 1490 2554 et
1501 2527 1698 2558 consolationis,
1711 2526 1737 2553 in
1747 2534 1835 2553 exem-

1051 2575 1120 2609 ptum
1140 2575 1311 2609 conspicuum
1330 2573 1449 2608 positus;
1474 2577 1504 2600 ut
1518 2572 1541 2599 si
1560 2572 1619 2606 quis
1633 2572 1659 2598 in
1675 2572 1746 2606 paria
1767 2571 1835 2598 mala

1049 2620 1197 2652 delabatur,
1219 2622 1340 2653 resurgat
1355 2619 1448 2645 iterum
1461 2639 1467 2650 ,
1481 2623 1508 2645 et
1521 2617 1554 2644 ad
1575 2617 1711 2644 meliorem
1735 2616 1833 2650 frugem

1049 2675 1078 2694 se
1089 2665 1208 2701 recipiat.
1227 2665 1267 2693 Ne
1283 2669 1383 2693 tantum
1404 2664 1470 2691 lucri
1493 2668 1663 2696 contemnas,
1686 2670 1770 2698 neque
1791 2662 1833 2689 de-

1082 2801 1089 2815 ι
1108 2797 1176 2822 Savll.
1188 2800 1213 2821 et
1221 2796 1269 2821 duo
1280 2795 1333 2820 Cod.
1347 2798 1410 2826 post,
1421 2793 1517 2824 mittent,
1533 2791 1629 2820 addunt,
1643 2792 1664 2814 et
1674 2787 1774 2820 ﬁtcitmt.

1081 2831 1090 2845 ⁸
1108 2834 1133 2854 ιιι
1144 2826 1213 2853 savii.
1227 2827 1352 2858 omittitur,
1365 2828 1420 2851 tota.
