2061 3114
280 138 331 169 303

279 198 360 224 duras
370 196 470 223 animas
480 200 584 223 nostras
597 203 656 223 eum
671 195 775 222 tristitia
789 195 820 222 ad
835 195 944 229 inferos,
961 195 1006 223 sed
1024 196 1063 223 fac

278 243 457 276 respiremus,
474 246 501 269 et
515 241 638 269 nebulam
652 242 775 274 tristitiae,
789 249 848 276 qua:
870 242 906 268 ιιιί
925 249 1002 268 causa
1018 249 1066 268 nos

278 293 398 321 occupat,
410 287 581 314 excutiamus.
596 286 669 313 Nune
683 284 752 313 enim
765 287 870 314 damnis
881 287 978 313 nostris
989 288 1064 313 omis-

275 333 323 364 sis,
335 333 499 360 calamitates
509 333 675 368 deploramus
692 338 759 359 tuas.
781 333 856 366 Quod
870 333 891 360 si
907 333 1063 368 resipiscere

277 379 341 406 velis
365 382 391 405 ct
411 378 502 405 oculos
525 379 648 412 aperire,
675 383 753 412 atque
774 379 899 413 aiigcliczc
929 379 1029 406 militia:
1053 380 1061 395 ¹

275 423 468 456 connumerari,
482 427 508 450 et
527 431 575 450 nos
589 432 602 450 a
618 424 687 451 luctu
701 425 807 459 eripies,
823 430 849 451 et
865 432 984 459 magnam
999 433 1061 459 pec-

273 474 390 496 catorum
409 474 560 496 nostrorum
583 475 684 505 partem
703 471 850 505 :ilislerges.
870 470 946 503 Quod
972 475 1060 497 autem

273 515 428 550 contingat,
450 517 552 550 eosqiii
575 524 621 550 per
638 517 818 550 pmiiitentiam
843 517 956 543 restituti
979 520 1058 548 sunt,

270 561 412 588 admodum
434 561 622 596 resplendet-0,
638 567 664 588 et
678 569 750 596 sa‘pe
766 562 859 596 magis,
883 569 961 596 quam
982 561 998 588 ii
1013 561 1058 595 qui

270 615 412 642 numquam
427 608 493 643 lapsi
514 612 576 634 sunt
588 629 594 638 .
612 608 636 634 id
650 616 681 634 ex
696 608 842 642 Scripturis
856 607 950 634 divinis
971 607 1056 641 palam

269 653 390 679 fecimus.
406 653 450 680 Sic
470 658 496 680 et
511 654 641 688 publicani
662 658 688 680 et
710 653 863 679 meretrices
883 660 991 686 regnum
1011 652 1057 679 Dei

269 699 413 732 possident,
422 699 458 726 sic
467 707 498 726 cit
511 699 659 726 novissimis
669 699 741 725 multi
753 699 842 734 primis
851 703 1055 733 anteponuntur.

305 744 347 770 17.
369 743 484 771 Historia
506 745 684 777 adolescentis,
704 745 747 779 qui
767 746 853 779 lapsus
870 746 972 779 resipui!
986 750 1055 778 post-

265 797 304 815 ea.
326 804 361 809 -—
377 789 495 816 Narrabo
510 790 566 822 tibi,
582 798 639 824 qua:
652 796 744 817 nostra
757 796 876 825 tempore
887 791 1055 825 contigerunt.

265 841 292 863 ct
306 843 418 870 quorum
435 835 492 870 ipse
514 837 588 864 testis
611 844 670 863 esse
691 837 816 870 potueris.
838 837 911 864 Nosti
928 837 1052 871 juvenem

265 881 337 908 illum
352 881 433 908 filium
444 881 552 913 Urbani,
567 881 731 914 l’limuicciii,
745 882 788 915 qui
804 883 956 909 immaturus
968 883 1053 910 adhuc

264 927 376 961 pupillus
388 927 493 959 mansit,
509 928 636 961 pecuniis,
653 927 781 954 famulitii)
792 932 817 954 et
830 928 900 962 agris
910 928 1050 955 admodum

262 972 415 999 instructus.
434 973 456 999 ls
470 973 583 1007 primum
599 973 640 999 ubi
657 973 710 999 ludi
728 974 858 1007 magistris
872 974 978 1009 longum
993 975 1051 1001 vale

262 1018 382 1049 dixisset.
401 1018 486 1051 posito
500 1018 714 1051 Spicmlidissiiiio
727 1019 834 1050 amictu,
853 1024 960 1053 totoque
972 1019 1050 1053 liiijus

262 1065 322 1092 vita:
338 1063 406 1091 fastu
420 1085 426 1095 ,
443 1069 550 1099 repente
566 1065 660 1091 vestitu
674 1072 702 1091 se
721 1065 812 1091 viliore
825 1065 939 1092 contexit
953 1074 960 1097 ;
976 1070 999 1092 et
1017 1066 1049 1092 ad

261 1111 388 1137 montium
408 1111 576 1138 solitudinem
602 1111 744 1144 secedens,
768 1113 900 1146 egregiam
927 1112 1049 1139 exhibuit

259 1155 472 1191 philiiSiipbiam,
499 1164 550 1182 non
573 1156 717 1183 secundum
743 1158 828 1184 :rlatis
854 1157 978 1189 modum,
1001 1158 1047 1185 sed

259 1202 363 1236 qualem
387 1207 474 1236 posset
490 1202 529 1228 vir
550 1202 679 1237 quispiam
701 1211 810 1236 magnus
825 1207 849 1230 et
866 1203 1045 1230 admirandus.

260 1246 359 1274 Deinde
370 1255 444 1274 sacra
458 1247 643 1282 mysteriorum
655 1247 802 1274 initiatione
817 1248 948 1282 dignatus,
965 1249 1047 1275 multo

258 1292 341 1327 magis
356 1293 381 1319 iii
399 1293 493 1319 virtute
509 1300 662 1328 progressus
672 1298 729 1326 est;
751 1295 785 1320 ita
801 1299 827 1320 ιιι
842 1301 934 1320 omnes
949 1294 1047 1328 gaudi:-

259 1342 318 1364 ri-iit
331 1337 437 1372 Dcoqiie
453 1338 564 1373 gloriam
579 1338 726 1371 referrent,
743 1339 812 1374 quod
835 1339 860 1366 iii
872 1339 969 1366 divitiis
982 1339 1046 1366 cdii-

255 1388 345 1416 catus,
367 1384 446 1411 claris
467 1385 550 1411 atavis
563 1389 636 1412 ortus
656 1384 851 1420 adiiiodumque
872 1385 1043 1419 adolescens,

256 1430 406 1464 proculcata
418 1430 556 1458 confestim
570 1431 629 1458 vita:
645 1438 750 1466 pompa,
761 1431 792 1458 ad
806 1439 895 1458 verum
912 1431 1043 1466 fastigium

255 1476 428 1504 ascendisset.
445 1477 510 1503 Cum
527 1477 577 1504 lioc
592 1477 617 1504 in
633 1482 701 1504 statu
717 1483 787 1504 esset
800 1499 806 1509 ,
821 1483 845 1504 et
865 1478 982 1504 omnium
998 1478 1044 1504 ad-

255 1524 422 1551 mirationem
438 1528 575 1557 m0verct,
599 1529 769 1558 corruptores
790 1523 896 1559 quidam
918 1524 963 1559 qui
983 1523 1043 1559 jure

252 1571 420 1606 cognationis
441 1571 500 1604 ejus
519 1578 608 1598 eniam
629 1569 780 1602 habebant,
796 1570 827 1596 ad
843 1570 968 1604 pristinos
981 1577 1042 1598 cum

255 1618 348 1644 flectus
364 1617 535 1644 reduxerunt.
554 1617 669 1652 R-rjectis
684 1618 761 1652 igitur
773 1617 860 1645 denuo
871 1617 993 1644 omnibus
1003 1637 1010 1649 ,
1027 1625 1041 1644 a

254 1663 387 1690 montibus
402 1663 428 1689 in
445 1663 560 1690 medium
582 1663 665 1690 torum
678 1671 706 1690 sc
722 1663 848 1694 contulit,
870 1667 897 1690 et
909 1671 978 1698 equo
994 1671 1039 1690 vc-

252 1714 310 1736 etus
326 1708 507 1743 faiiiulitioqiic
527 1708 609 1734 inuito
635 1709 765 1743 stipatus,
786 1709 825 1734 sic
847 1712 927 1734 totam
949 1708 1040 1735 urbem

252 1754 390 1783 circuibat.
402 1761 450 1780 nec
460 1753 492 1779 ad
504 1761 593 1779 satiant
605 1753 692 1780 redire
704 1758 818 1779 mentem
831 1753 943 1779 volebat.
955 1752 1039 1779 Nimia

251 1801 349 1835 quippe
365 1800 497 1834 voluptate
512 1807 672 1831 succensus,
689 1799 714 1826 in
731 1799 861 1826 absurdus
875 1807 978 1826 amores
995 1807 1040 1825 ue-

250 1846 367 1873 eeswario
382 1845 540 1880 perpellitur
555 1854 560 1872 :
578 1853 708 1879 uenisque
724 1850 779 1871 erat
793 1853 824 1872 cv
844 1845 876 1871 iis
888 1845 932 1879 qui
946 1845 971 1870 in
985 1852 1041 1871 me-

250 1891 295 1918 dio
310 1891 493 1922 versabantur,
510 1891 571 1925 quin
588 1891 644 1926 ejus
661 1891 772 1917 salutem
783 1890 945 1924 deploratam
958 1889 1039 1917 bibe-

251 1943 309 1969 ret;
328 1941 398 1963 tanta
417 1937 489 1964 illum
513 1937 694 1964 circumdabat
708 1937 872 1964 adulatorum
889 1937 980 1969 turba,
996 1937 1038 1964 eiii

250 1983 411 2010 accedebant
425 1988 562 2018 parentum
575 1983 817 2017 orbitas,juveiitus
826 1987 853 2010 et
863 1991 926 2018 epes
939 1985 1037 2010 mulce.

249 2031 298 2064 Qui
315 2035 402 2057 autem
416 2031 503 2057 omnia
519 2029 592 2057 facile
608 2031 693 2057 solent
708 2030 877 2062 calumniari,
895 2030 1038 2065 reprelien-

248 2077 344 2104 deliant
359 2084 406 2103 eos
416 2077 459 2112 qui
476 2076 509 2103 ab
525 2077 598 2104 initio
617 2076 690 2103 illuni
706 2076 738 2102 ad
751 2077 800 2103 lioe
812 2077 872 2103 vitm
887 2084 970 2110 genus
984 2081 1038 2102 Ira-

247 2123 402 2154 duxissent,
426 2122 602 2155 dicebantque
617 2130 676 2148 cuni
693 2126 719 2148 et
738 2130 750 2147 a
773 2122 951 2156 spiritiialibiis
965 2121 1038 2148 defc-

247 2168 332 2200 cissc,
348 2173 375 2195 et
389 2168 426 2194 rei
441 2167 561 2194 faiuiliari
577 2173 667 2201 postea
682 2167 799 2194 inutilem
817 2167 887 2198 fore,
902 2175 960 2194 cum
976 2172 1037 2194 ante

247 2219 350 2249 tempus
364 2222 377 2240 a
390 2214 524 2241 literarum
540 2213 627 2240 studio
645 2213 793 2245 resiliissct,
809 2213 960 2247 nullumque
976 2214 1037 2240 inde

245 2261 362 2288 frui-tnui
374 2260 518 2295 dueei'perc
532 2259 670 2294 potuisset.
686 2259 750 2285 Cum
764 2258 790 2285 lii
807 2266 945 2285 srriiiones
956 2259 1037 2293 jacta-

248 2312 341 2334 reiitur
356 2307 506 2340 multusque
521 2310 730 2339 consequeretur
744 2305 759 2331 lt
772 2305 804 2331 de
820 2305 913 2339 pudor,
929 2305 1034 2340 quidam

244 2352 332 2380 sancti
356 2352 403 2378 \‘it'i
429 2352 474 2386 qui
501 2358 686 2385 szi-peniinicro
710 2351 786 2376 talem
813 2351 926 2385 prmdam
949 2352 1034 2378 venali

244 2398 366 2429 fuerant,
384 2401 410 2424 et
435 2397 598 2431 experientia
620 2396 701 2430 probe
725 2395 888 2427 didicerant,
917 2405 948 2422 ne
964 2397 1033 2424 circa

244 2445 304 2473 illos
329 2443 435 2478 quidem
460 2442 656 2478 desperandum
676 2450 735 2469 esse
755 2443 804 2475 iis,
827 2443 870 2477 qui
886 2443 972 2469 divitia
987 2451 1034 2478 spe

242 2494 306 2517 sunt
322 2488 443 2516 instructi
454 2509 461 2521 ,
478 2489 651 2515 observantes
672 2496 731 2515 eam
754 2488 875 2520 as.~iilue,
891 2489 912 2515 si
928 2489 1032 2524 quando

245 2535 366 2563 viderent
376 2534 402 2561 iu
417 2534 474 2562 foro
485 2556 492 2568 ,
509 2534 670 2561 accedebant
682 2539 707 2561 et
720 2534 947 2569 aiuplei-tebaiitiir
960 2543 1030 2562 eum.

246 2583 275 2609 lii
289 2581 418 2616 principio
432 2581 537 2616 quidem
555 2581 598 2608 ille
616 2589 631 2608 e
648 2581 752 2608 sublimi
768 2590 836 2616 equo
851 2587 941 2608 vectus
961 2582 1032 2617 ipsus

244 2629 414 2662 insi-quentes
424 2627 530 2662 oblique
543 2627 726 2661 alloquebatur
739 2635 745 2651 ε
763 2631 831 2654 tanta
846 2632 903 2654 erat
916 2628 1030 2662 primum

244 2673 406 2709 impudentia
431 2673 555 2700 hominis.
582 2673 617 2700 At
639 2672 675 2699 illi
701 2673 880 2699 iui~terieorilia
901 2678 1031 2701 etamorc

243 2720 369 2748 commoti
380 2741 388 2753 ,
402 2719 588 2746 contumeliam
612 2719 763 2753 liujiixniodi
779 2728 830 2746 non
845 2725 984 2752 curantes,
999 2727 1031 2747 eo

242 2766 328 2794 solum
339 2765 504 2801 spectabant,
517 2769 544 2792 ut
554 2773 650 2800 agnum
664 2765 731 2799 lupis
742 2765 944 2793 subti'aliereut:
960 2766 1029 2801 quod

273 2853 282 2870 ³
300 2856 364 2878 Unus
375 2853 429 2878 (:ud.
442 2857 465 2878 et
477 2853 546 2878 savii.
557 2854 578 2878 iii
589 2855 706 2884 margine,
719 2856 740 2878 et
753 2852 848 2878 cii-itali.

648 140 676 168 S.
696 137 833 168 JOANNIS
847 137 1085 170 CilRYSOSTOMI
1097 141 1253 173 ARCHIEF.
1275 146 1539 178 CONSTANTINOP.

1859 157 1906 187 δυι

1122 203 1148 224 et
1169 207 1216 233 per
1231 202 1382 235 patientiam
1409 205 1585 239 perfecerunt.
1608 207 1727 237 Tandem
1748 212 1817 240 enim
1839 215 1908 243 velut

1121 253 1150 270 ev
1165 247 1277 280 quadam
1291 251 1405 277 amentia
1420 260 1542 280 reversus
1554 275 1561 286 ,
1575 255 1608 282 de
1621 256 1725 283 assidua
1739 266 1831 287 eorum
1845 270 1906 289 cura

1119 291 1215 318 rubore
1231 293 1361 327 suffusus,
1377 296 1399 323 si
1419 299 1525 332 quando
1545 301 1616 334 ipsos
1639 303 1730 336 procul
1750 305 1907 334 accedentes

1118 336 1230 370 videret,
1246 340 1334 366 statim
1347 341 1455 376 abcqiio
1465 344 1612 378 desiliebat,
1622 347 1798 384 demissiSque
1810 353 1904 386 oculis,

1117 388 1208 409 eorum
1223 385 1324 431 inouita
1340 394 1399 413 cuiu
1425 388 1532 416 silentio
1549 391 1688 425 audiebat,
1710 401 1742 422 ac
1763 403 1905 431 progressu

1117 429 1244 462 temporis
1271 431 1399 464 majorem
1430 433 1493 467 ipsis
1518 438 1694 466 reverentiam
1722 429 1904 478 honoremque

1115 473 1357 523 exliibiiit.-_Sicque
1371 478 1417 505 Dei
1438 481 1521 514 gratia
1540 483 1666 516 paulatim
1688 493 1748 512 cum
1762 487 1796 513 ab
1809 473 1901 523 Illljl'lS-

1113 518 1183 544 modi
1207 521 1307 548 retibus
1333 523 1483 556 expcditutii
1497 547 1504 557 ,
1527 528 1644 560 pristinzu
1665 531 1800 559 solitudini
1823 518 1902 568 atque

1114 565 1287 600 plrilosopliiic
1302 569 1484 597 reddiderunt.
1506 572 1579 599 Nune
1594 574 1700 602 demum
1720 581 1793 604 tanto
1808 565 1899 613 splen-

1111 610 1176 638 dnre
1191 613 1278 644 fulsit,
1294 619 1321 641 ut
1334 616 1444 649 pristina
1460 618 1517 652 ejus
1531 619 1582 646 vita
1596 641 1602 651 ,
1619 621 1640 647 si
1656 610 1828 658 comparetur
1839 633 1898 654 cuin

1111 665 1140 683 ca
1157 666 1206 692 qua
1224 664 1281 692 post
1296 660 1396 695 lapsum
1412 663 1525 696 claruit,
1543 665 1616 692 niliili
1632 666 1752 696 habenda
1766 670 1896 698 videatur.

1110 703 1176 729 Cum
1189 705 1258 731 enim
1270 707 1452 740 experimento
1466 710 1601 738 didicisset
1611 720 1669 746 qure
1680 719 1751 742 esset
1762 715 1894 751 iilecebra,

1109 750 1257 785 absumptis
1267 753 1291 780 in
1305 761 1448 789 egenorum
1458 765 1521 784 usus
1532 760 1650 792 pecuniis
1661 763 1793 796 omnibus,
1805 750 1896 798 hujus;

1108 796 1178 822 modi
1192 797 1262 824 curis
1276 800 1415 833 expeditus
1425 822 1431 832 ,
1447 809 1552 829 omnem
1568 805 1764 835 insidiatoribus
1777 796 1896 842 prti'cidit

1107 842 1274 870 occasionem
1291 854 1297 871 :
1320 850 1345 871 et
1365 853 1433 874 nunc
1447 847 1472 874 iu
1489 848 1530 875 illa
1542 857 1599 884 qum
1613 850 1685 878 ducit
1698 853 1730 880 ad
1743 855 1837 882 caelum
1854 856 1894 883 via

1107 894 1263 921 progressus
1276 890 1308 916 ad
1325 891 1428 919 virtutis
1441 894 1542 928 apicem
1557 895 1663 924 demum
1680 900 1808 932 pervenit.

1142 932 1293 968 liuiuplum
1311 935 1392 963 aliud.
1412 953 1444 957 —
1463 940 1497 965 At
1513 940 1556 967 ille
1571 942 1677 976 quidem
1688 963 1695 975 ,
1712 944 1817 978 juvenis
1831 954 1892 974 cum

1105 984 1186 1011 esset,
1200 979 1288 1014 lapsus
1302 987 1341 1008 est
1362 987 1389 1009 et
1407 985 1519 1012 surrexit
1534 995 1541 1013 :
1555 986 1622 1014 alitis
1637 996 1700 1015 vero
1712 990 1818 1024 quidam
1833 999 1892 1026 post

1105 1024 1201 1050 multos
1224 1026 1248 1051 in
1268 1027 1319 1053 vita
1336 1029 1469 1056 eremitica
1485 1031 1612 1066 sudores,
1632 1041 1684 1061 uno
1699 1040 1798 1063 tantum
1818 1024 1891 1065 socio

1103 1071 1182 1097 vitam
1203 1073 1347 1106 angelicam
1372 1082 1513 1108 emensus,
1537 1085 1596 1104 cum
1608 1079 1663 1114 jam
1679 1081 1710 1107 ad
1727 1088 1889 1111 senectutem

1102 1117 1255 1150 accederet,
1272 1120 1361 1147 nescio
1374 1129 1426 1156 quo
1440 1128 1516 1158 pacto
1529 1130 1628 1152 satana:
1643 1129 1758 1155 versutia
1774 1130 1888 1158 cireum-

1101 1168 1196 1190 vcutiis
1207 1184 1213 1196 ,
1236 1169 1262 1191 et
1275 1166 1344 1200 quod
1360 1168 1496 1196 remissius
1511 1176 1601 1205 ageret
1616 1172 1682 1200 dans
1697 1175 1795 1202 aditum
1811 1178 1888 1204 inali-

1099 1216 1166 1243 giio,
1194 1210 1218 1236 iii
1239 1212 1480 1248 concupiscentiam
1500 1217 1638 1245 mulierum
1659 1219 1748 1254 lapsus
1768 1226 1827 1255 est,
1844 1224 1887 1258 qui

1101 1259 1188 1282 tamen
1199 1277 1206 1288 ,
1224 1265 1255 1283 cx
1271 1266 1323 1292 quo
1338 1261 1511 1288 monasticam
1523 1262 1601 1290 vitam
1618 1265 1728 1298 inierat,
1744 1275 1886 1303 numquam

1100 1303 1237 1330 mulierem
1253 1305 1362 1332 viderat.
1383 1306 1416 1333 Et
1436 1308 1520 1341 primo
1542 1309 1648 1344 quidem
1669 1313 1886 1342 contubernalem

1099 1348 1225 1382 rogabat,
1247 1350 1296 1377 sibi
1315 1359 1422 1379 earncin
1437 1358 1464 1380 ct
1482 1354 1570 1382 vinum
1586 1356 1764 1390 ministraret,
1777 1360 1886 1394 adjectis

1098 1395 1175 1421 niiuis
1196 1403 1224 1422 se
1235 1417 1242 1429 ,
1259 1397 1308 1424 nisi
1324 1397 1349 1424 id
1363 1398 1516 1432 impetraret
1529 1421 1535 1433 ,
1551 1401 1576 1428 iu
1593 1403 1677 1430 forum
1696 1403 1885 1434 descensurum

1098 1447 1167 1467 ομςο.
1184 1441 1259 1475 Quod
1277 1450 1327 1469 non
1343 1451 1375 1470 ex
1389 1443 1523 1472 desiderio
1537 1448 1654 1474 carnium
1668 1448 1781 1482 diccbat,
1798 1451 1843 1478 sed
1858 1457 1886 1479 ut

1098 1485 1158 1512 iiine
1177 1495 1267 1514 ausam
1282 1489 1411 1523 arriperet
1429 1490 1572 1518 descensus
1596 1493 1621 1519 iu
1644 1494 1744 1521 urbem.
1763 1495 1807 1522 ille
1822 1504 1886 1524 vero

1096 1533 1191 1560 anxius
1211 1541 1241 1560 ac
1263 1535 1357 1561 timens
1373 1544 1420 1568 ne,
1436 1536 1458 1563 si
1473 1537 1498 1563 id
1513 1538 1670 1574 denegaret,
1689 1541 1714 1568 in
1728 1542 1812 1576 majus
1831 1544 1884 1571 cri-

1096 1589 1156 1608 men
1170 1589 1230 1608 eum
1245 1583 1389 1618 eonjieeret
1401 1604 1408 1616 ,
1426 1584 1484 1619 ejus
1498 1587 1596 1620 optatui
1619 1587 1722 1615 abunde
1744 1589 1882 1617 satisfecit.

1096 1627 1143 1653 llic
1164 1631 1251 1655 autem
1267 1633 1296 1655 ut
1315 1629 1379 1656 vidit
1402 1630 1498 1658 frustra
1514 1632 1626 1659 cessisse
1649 1633 1771 1660 callidum
1793 1635 1883 1662 cousi-

1096 1673 1176 1706 lium,
1204 1673 1371 1709 impudenter
1397 1676 1502 1704 demum
1520 1685 1600 1712 agens
1623 1680 1816 1707 simulationem
1834 1681 1882 1708 dc-

1095 1720 1173 1752 teait,
1200 1725 1226 1747 ct
1250 1721 1316 1748 dixit
1338 1730 1447 1750 necesse
1463 1731 1570 1757 prorsus
1591 1732 1650 1751 esse
1668 1725 1716 1752 sibi
1741 1726 1766 1753 in
1790 1726 1880 1754 urbem

1095 1765 1236 1799 pt'tiﬁttlacl.
1263 1766 1311 1793 L'lii
1337 1773 1425 1794 autem
1451 1769 1639 1796 animadvertit
1661 1770 1705 1797 ille
1731 1779 1760 1797 se
1785 1771 1880 1798 frustra

1094 1811 1188 1842 obtriti,
1201 1812 1304 1839 tandem
1316 1813 1426 1845 dimisit,
1437 1819 1463 1841 et
1474 1815 1564 1848 procul
1577 1821 1703 1850 sequutus
1713 1817 1879 1850 observabatl

1093 1864 1142 1891 qua
1167 1857 1199 1883 de
1224 1866 1301 1885 causa
1324 1859 1508 1886 desectidcret.
1532 1860 1580 1888 Ubi
1597 1862 1661 1888 vidit
1684 1862 1828 1897 iiigreiisum
1855 1865 1879 1891 iii

1094 1902 1212 1935 lupanar,
1228 1912 1326 1936 gnarus
1349 1913 1408 1931 eum
1424 1913 1482 1932 cum
1500 1911 1659 1934 scorto-rem
1679 1907 1800 1935 habuisse
1812 1930 1818 1938 ,
1835 1918 1879 1936 ex-

1092 1953 1236 1981 Specuivit;
1261 1954 1287 1976 et
1302 1955 1440 1983 postquam
1463 1951 1484 1977 is
1499 1952 1614 1978 absurdo
1632 1952 1763 1979 desnlerio
1784 1959 1879 1988 potitus

1092 2002 1214 2028 egressus
1229 2000 1268 2021 est
1281 2017 1288 2028 ,
1311 1997 1412 2030 supinis
1432 2004 1491 2024 cum
1509 1998 1629 2024 manibus
1645 2000 1766 2032 excepit;
1782 2004 1806 2027 ct
1820 2007 1878 2026 ani-

1093 2040 1211 2073 plexatus
1226 2047 1397 2077 amanter-que
1413 2043 1596 2077 exosculatus,
1614 2044 1678 2071 uiliil
1693 2046 1833 2080 ubjiirgans
1844 2047 1878 2072 ob

1093 2085 1201 2118 facinus,
1213 2088 1320 2121 rogabat
1332 2093 1444 2120 tantum,
1454 2093 1480 2115 ut
1492 2095 1629 2124 postquam
1637 2091 1877 2125 εοεποιψὶιομιιιῑιιιιι

1091 2138 1167 2158 suam
1183 2131 1333 2165 expleverat
1346 2155 1352 2165 ,
1378 2133 1402 2160 iu
1423 2134 1572 2160 solitudinis
1586 2135 1745 2163 domicilium
1768 2137 1876 2164 rediret.

1091 2175 1137 2203 llic
1152 2185 1216 2203 vero
1230 2177 1264 2203 ob
1279 2183 1375 2204 tantam
1389 2180 1616 2207 mansuetudinem
1632 2181 1732 2215 pudore
1746 2181 1876 2214 suffusus,

1090 2223 1232 2257 animoque
1254 2225 1406 2258 perculsus,
1433 2230 1460 2252 ct
1482 2226 1515 2253 de
1537 2226 1656 2254 facinore
1683 2234 1877 2262 compunctus.

1091 2268 1175 2302 ipsum
1205 2269 1229 2295 iu
1259 2276 1375 2296 montem
1407 2276 1514 2298 euntem
1541 2272 1662 2306 sequitur
1689 2281 1695 2299 :
1724 2273 1766 2299 ubi
1793 2273 1877 2300 virum

1090 2320 1183 2349 rogat,
1207 2323 1235 2342 sc
1261 2317 1285 2342 iu
1310 2317 1392 2343 altera
1418 2318 1512 2344 cellula
1537 2318 1692 2349 concludat,
1716 2323 1743 2346 et
1764 2319 1878 2345 occlusis

1089 2360 1214 2388 doiiiieiiii
1247 2361 1346 2388 foribus
1366 2383 1374 2395 ,
1408 2363 1482 2390 statis
1513 2363 1607 2390 diebus
1639 2364 1688 2390 sibi
1723 2372 1816 2398 panem
1851 2367 1879 2389 et

1088 2414 1182 2440 aquam
1211 2405 1345 2440 pra-beat»,
1372 2415 1403 2434 ac
1432 2409 1643 2443 perquirentibiis
1670 2409 1828 2444 re~poudeat
1848 2417 1877 2435 se

1088 2452 1290 2480 olidoruiivisse.
1330 2453 1473 2480 Postulatis
1511 2455 1654 2481 asseutitiir
1688 2455 1799 2485 sueiiis;
1833 2455 1878 2482 ille

1087 2503 1175 2524 autem
1203 2498 1336 2530 inclusus,
1358 2499 1472 2526 assiduis
1493 2500 1600 2534 jejuniis
1621 2521 1627 2532 ,
1649 2501 1769 2535 precibus
1789 2505 1814 2527 et
1837 2501 1876 2527 la-

1088 2545 1185 2578 eryiiiis
1197 2545 1292 2571 anima:
1303 2545 1395 2572 sordes
1407 2545 1558 2580 abstci‘gerc
1581 2546 1700 2572 curabat.
1713 2545 1769 2572 Neu
1794 2546 1878 2572 multo

1087 2596 1175 2616 amem
1191 2590 1281 2624 elapso
1298 2594 1417 2624 tempore
1429 2610 1435 2622 ,
1451 2597 1509 2617 cum
1523 2590 1628 2617 siccitas
1648 2592 1781 2623 regionem
1796 2598 1876 2617 occu-

1087 2640 1160 2670 paret
1170 2655 1178 2668 ,
1191 2643 1335 2670 omnesque
1349 2635 1441 2661 incola-
1452 2636 1476 2661 iu
1494 2643 1608 2662 nimi-ore
1619 2636 1756 2669 «legerent.
1769 2635 1877 2670 quidam

1087 2690 1133 2717 per
1146 2689 1267 2709 somnum
1281 2682 1371 2716 jussus
1388 2686 1428 2708 est
1441 2681 1514 2708 abire
1524 2686 1549 2708 et
1563 2682 1646 2708 vii-uni
1658 2682 1728 2708 illum
1745 2682 1876 2708 inclusum

1086 2728 1244 2760 obsecrare,
1259 2733 1288 2754 ut
1299 2732 1450 2762 precaretur
1465 2733 1491 2755 et
1516 2727 1662 2754 siccitatem
1689 2728 1813 2755 auferret.
1831 2727 1876 2754 ille

1086 2775 1195 2803 amicis‘
1209 2774 1396 2800 comitantibus
1423 2773 1598 2808 proficiscitur
1613 2782 1620 2800 :
1640 2773 1685 2808 qui
1705 2774 1789 2808 primo
1803 2773 1874 2800 illius

1117 2858 1126 2870 ι
1144 2858 1194 2885 fro,
1208 2852 1300 2884 amicis,
1314 2854 1412 2878 Saviiius
1422 2857 1446 2878 ct
1457 2853 1504 2877 duo
1516 2857 1580 2883 3135.,
1591 2852 1655 2878 altis.
