2061 3114
115 168 168 196 505

116 225 217 252 socium
233 221 371 249 dumtaxat
388 218 561 249 invenerunt,
573 216 698 243 sciscitati
714 220 801 242 autem
816 214 902 242 edidi-

117 273 211 298 ceruttt
225 268 313 301 ipsum
328 264 436 292 obiisse.
447 263 507 290 Rati
520 269 549 290 se
562 261 689 296 deceptos
700 268 759 288 esse
769 280 776 292 ,
789 260 822 287 ad
848 267 906 294 pre-

118 323 162 343 ces
187 315 284 341 iterum
299 314 498 341 convertuntur,
514 314 541 336 et
562 315 653 336 rursus
669 307 695 334 in
713 307 791 334 simili
806 306 908 332 visione

118 359 229 391 eadem,
245 365 305 392 qua:
333 357 425 392 prius,
444 355 591 382 audierunt.
605 353 680 380 Tunc
700 360 760 379 ettm
784 353 828 386 qui
846 358 908 378 vere

119 405 332 432 dissimulaverat
342 423 350 435 ,
363 400 539 428 obseerabant
548 399 651 426 ostendi
665 398 715 425 sibi
727 398 823 430 virum,
836 396 908 423 afﬁr-

121 456 225 478 mantes
249 456 301 475 non
324 447 439 478 obiisse,
454 444 500 472 sed
527 444 614 471 adhuc
630 443 729 470 vivere.
747 442 792 469 llis
812 440 909 468 auditis

121 495 180 527 ille,
195 500 255 520 cum
275 492 376 518 videret
398 497 450 517 non
469 496 546 523 posse
567 493 638 515 stare
659 491 782 522 pactum.
797 485 858 512 illos
875 485 908 511 ad

121 543 242 567 sanctum
261 537 348 564 virum
374 534 504 562 adducit:
532 538 558 560 et
594 531 695 566 pariete
722 533 812 560 dtruto
843 529 908 565 (ad-

123 585 188 611 itum
203 583 273 610 enim
295 588 400 608 onmem
426 579 617 612 obstruxerat),
638 578 749 612 ingrcssi
767 583 861 603 omnes
883 579 908 602 ct

123 629 155 656 ad
169 627 250 664 pedes
259 627 316 661 ejus
326 625 466 660 prostrati,
477 631 536 658 qua:
549 623 615 650 facta
630 621 735 649 fuerant
752 620 908 648 renuntian-

125 679 181 706 tes,
215 672 344 706 rogabant
366 674 504 704 urgentem
526 668 623 695 famem
647 668 655 683 ‘
682 667 834 701 depelleret.
864 665 910 692 Ille

125 718 238 752 primum
257 715 374 748 obstitit,
390 722 420 741 se
434 721 448 740 a
462 713 509 740 tali
528 713 621 740 ﬁducia
642 712 720 746 longe
734 712 827 738 abesse
846 718 909 745 pro-

125 763 210 790 fessus
225 771 232 789 :
247 769 307 788 nam
318 762 353 788 ita
364 764 500 795 peccatum
513 767 588 786 suum
600 759 634 786 ob
646 758 737 786 oculos
751 757 911 789 habebat,ac

125 809 147 836 si
161 816 246 843 nuper
263 807 421 834 admisisset.
437 804 554 832 Tandem
566 808 805 832 commemorantes
823 802 910 828 omnia

125 860 185 887 qua:
209 852 259 879 sibi
284 852 465 885 contigerant,
493 853 680 884 persuaserunt
703 853 732 875 ut
759 851 865 874 oraret:
885 850 912 873 et

125 905 184 924 cum
209 901 329 932 precatus
354 901 438 928 esset,
452 895 557 922 siccitas
575 893 680 921 desiit.‘
693 893 757 927 Quae
770 900 832 920 vero
853 899 913 927 per-

127 943 211 970 tinent
224 942 256 969 ad
269 942 393 976 juvenem
408 941 496 974 illum,
510 941 553 975 qui
572 945 650 968 antea
672 939 816 974 discipulus
830 939 911 967 Joan-

129 988 171 1014 nis
186 988 232 1014 lilii
246 987 367 1014 Zebedwi
382 986 483 1018 fuerat,
501 990 590 1020 postea
601 989 690 1012 autem
705 985 784 1019 longo
794 989 913 1018 tempore

126 1032 259 1059 latronum
281 1032 333 1058 dux
354 1031 418 1063 fuit,
431 1030 526 1058 deinde
544 1030 628 1058 sacris
639 1030 708 1058 beati
722 1030 770 1057 viri
791 1029 914 1057 manibus

126 1084 233 1113 captus,
249 1086 264 1106 a
283 1078 431 1106 recessibus
444 1082 471 1106 et
481 1077 614 1112 speluncis
630 1077 760 1104 latronum
776 1076 809 1103 ad
821 1075 913 1111 pristi-

127 1131 190 1150 nam
203 1124 328 1150 virtutem
344 1123 438 1155 rediit,
456 1124 511 1157 ipse
524 1130 576 1149 non
591 1122 714 1156 ignoras,
726 1121 773 1149 sed
797 1129 849 1149 non
864 1121 914 1148 nti-

127 1177 178 1196 nus
191 1177 270 1203 qnam
286 1176 333 1196 nos
349 1169 405 1196 hmo
417 1169 506 1195 omnia
516 1167 597 1202 probe
618 1167 687 1194 nosti
698 1176 703 1193 :
714 1171 795 1202 teque
818 1166 915 1201 smpius

128 1213 218 1241 audivi
229 1213 402 1240 admirantem
417 1213 487 1240 illius
502 1212 730 1239 mansuetudinem
743 1232 750 1244 ,
764 1210 834 1246 quod
856 1218 916 1238 cru-

128 1264 217 1286 entam
231 1263 309 1286 antea
324 1259 459 1286 dexteram
472 1259 639 1286 exosculatus
656 1258 690 1285 sit
703 1258 807 1285 haerens
818 1258 842 1284 in
857 1265 916 1284 am-

130 1305 210 1339 plexu
222 1304 398 1331 adolescentis
408 1324 416 1336 ,
431 1304 521 1339 sicque
534 1304 606 1330 illutn
622 1304 655 1331 ad
670 1304 756 1338 priora
772 1303 914 1330 reduxerit.

166 1350 211 1377 18.
230 1350 327 1378 Beatus
354 1350 418 1377 item
441 1350 537 1377 l’aulus
570 1350 742 1383 Onesimum,
777 1349 915 1384 inutilem,

130 1395 292 1429 transfugam
302 1399 330 1422 et
348 1394 433 1422 furem
443 1416 450 1428 ,
465 1395 537 1422 illum
547 1416 555 1428 ,
569 1395 674 1429 inquam
685 1416 692 1428 ,
707 1402 759 1422 non
773 1395 851 1422 modo
861 1403 918 1421 am-

131 1440 264 1474 plectitur,
279 1440 383 1475 quando
394 1445 510 1468 mutatus
522 1446 562 1467 est
573 1461 579 1473 ,
596 1440 643 1468 sed
656 1441 734 1468 etiam
755 1440 847 1468 borum
861 1440 918 1475 ejus

131 1489 223 1519 rogat.
238 1485 313 1512 illum
328 1486 527 1519 resipisccntem
541 1485 598 1518 pari
613 1485 710 1512 habeat
727 1485 827 1512 ltouore
838 1490 918 1520 atque

132 1534 323 1563 prmreptorcm
335 1530 415 1563 ipsius
425 1550 432 1562 ,
448 1529 489 1556 Itis
500 1529 588 1556 verbis
602 1536 681 1556 usus:
696 1529 802 1556 Obsecro
825 1534 848 1556 te
872 1538 918 1565 pro

132 1583 186 1601 tneo
199 1575 270 1608 ﬁlio,
284 1583 355 1609 quem
378 1576 452 1610 genui
473 1576 499 1601 in
518 1575 637 1608 vinculis,
657 1575 789 1608 Onesimo,
815 1577 856 1611 qui
876 1575 919 1602 tibi

131 1619 270 1654 aliquando
283 1619 381 1646 inutilis
390 1620 437 1654 fuit
446 1640 453 1652 ,
469 1628 534 1646 nunc
546 1626 628 1647 autent
639 1625 662 1647 et
673 1621 734 1647 milii
746 1626 768 1647 ct
779 1621 822 1647 tibi
834 1620 917 1654 utilis,

132 1672 206 1698 quem
219 1664 302 1690 remisi
324 1664 385 1690 tibi:
397 1669 423 1690 tu
437 1669 520 1690 autent
531 1664 603 1690 illum
613 1685 620 1697 ,
631 1665 657 1691 id
672 1669 707 1691 est
730 1673 784 1691 mea
805 1665 899 1692 uiscera
910 1685 918 1697 ,

132 1710 240 1744 suscipe.
259 1709 337 1741 Quem
352 1717 395 1744 ego
417 1710 542 1736 nolueram
553 1718 649 1736 mecum
658 1710 766 1737 detinere
777 1730 785 1742 ,
795 1715 822 1736 ut
836 1718 882 1744 pro
897 1715 920 1736 te

134 1754 198 1780 mihi
214 1754 366 1780 ministraret
376 1754 401 1779 in
410 1753 517 1782 vinculis
525 1753 673 1789 Evangelii:
687 1755 741 1781 sine
758 1755 861 1781 consilio
874 1763 920 1781 au-

134 1803 183 1825 tem
197 1804 239 1826 tuo
261 1799 323 1825 nihil
340 1800 405 1826 uolui
427 1801 524 1834 facere,
538 1801 574 1826 uti
599 1808 629 1826 ne
645 1800 709 1827 velut
726 1808 756 1827 ea:
778 1801 921 1827 necessitate

134 1844 227 1870 bonum
254 1849 323 1870 tuum
348 1849 424 1877 esset,
440 1844 483 1870 sed
508 1845 684 1871 voluntarium.
710 1843 829 1871 Forsitan
855 1844 920 1871 enim

133 1890 191 1916 ideo
207 1890 318 1917 discessit
331 1890 364 1916 ad
376 1896 472 1924 tempus
481 1911 487 1921 ,
501 1895 527 1916 ut
541 1895 660 1916 (sternunt
684 1890 755 1917 illum
782 1890 902 1924 reciperes
912 1909 919 1921 ,

133 1943 186 1962 non
194 1936 252 1970 jam
267 1940 292 1961 ut
305 1944 414 1967 servum,
426 1936 469 1962 sed
482 1944 528 1969 pro
540 1943 608 1962 servo
618 1935 772 1962 carissimum
785 1937 889 1970 fratrem
898 1935 919 1967 ⁸,

134 1981 247 2007 maxime
264 1981 325 2006 nti/ti
336 1989 344 2007 :
358 1986 452 2016 quanto
467 1985 549 2007 autent
561 1981 640 2016 magis
653 1981 697 2008 tibi
707 2002 714 2014 ,
731 1986 754 2008 et
767 1981 793 2007 in
810 1988 885 2007 carne
897 1985 921 2007 et

133 2025 160 2052 in
172 2026 298 2052 Domino?
309 2026 340 2053 Si
350 2034 407 2061 ergo
420 2026 494 2052 habes
503 2034 541 2052 me
552 2027 656 2058 sociant,
666 2027 762 2060 suscipe
773 2026 844 2052 illum
855 2026 918 2052 sicut

135 2080 177 2098 me
193 2071 316 2107 (Philem.
343 2071 374 2098 10
387 2087 398 2093 -
414 2072 469 2106 18).
489 2072 528 2098 Ad
544 2071 694 2099 Corinthios
717 2072 778 2098 item
800 2071 918 2098 scribens

133 2117 171 2144 ait
185 2127 193 2144 :
211 2116 252 2143 Ne
265 2118 363 2149 iterum,
376 2125 431 2143 cum
451 2125 552 2150 uenero,
568 2118 664 2152 lugeam
685 2118 776 2144 multos
790 2125 821 2143 ea;
838 2117 868 2143 iis
880 2117 922 2152 qni

134 2167 195 2188 ante
209 2166 378 2196 peccaverunt,
389 2167 410 2188 et
421 2170 469 2188 non
480 2167 580 2197 egerunt
588 2163 754 2197 paenitentiam
762 2162 799 2198 (2.
808 2162 865 2188 Cor.
878 2162 920 2188 12.

133 2206 168 2233 21
182 2212 206 2233 et
220 2207 263 2234 13.
274 2207 312 2241 2).
328 2207 360 2233 Et
376 2212 490 2234 rursum:
511 2206 582 2233 Sicut
604 2207 726 2242 praedixi,
742 2207 831 2233 iterum
853 2215 921 2242 prte-

134 2253 195 2278 ἀίω
208 2272 215 2284 ,
226 2252 290 2286 quod
304 2252 325 2278 si
339 2260 427 2278 venero
441 2253 529 2278 iterum
541 2273 548 2284 ,
558 2261 607 2278 non
623 2261 734 2288 paream.
747 2252 839 2280 Viden'
854 2261 920 2288 quos

134 2295 241 2331 lugeat,
256 2297 349 2331 quibus
373 2304 425 2323 non
440 2297 546 2331 parcat?
561 2297 617 2324 Non
633 2298 664 2324 iis
678 2298 722 2332 qui
738 2303 920 2332 peccaverunt,

134 2342 184 2368 sed
197 2342 229 2368 iis
239 2342 282 2376 qui
298 2342 478 2376 paenitentiam
499 2350 550 2370 non
575 2349 699 2377 egerunt;
716 2352 801 2379 neque
822 2345 923 2379 simpli-

133 2387 204 2413 citer
219 2387 252 2413 iis
262 2387 306 2421 qui
325 2387 504 2420 paenitentiam
525 2395 576 2414 non
598 2393 726 2423 egerunt,
753 2389 799 2416 sed
822 2390 854 2416 iis
878 2390 921 2424 qui

132 2432 222 2459 semel
236 2437 264 2459 et
278 2433 372 2459 iterum
387 2433 477 2459 moniti
489 2433 672 2468 obtemperare
691 2435 841 2462 noluerunt.
856 2435 922 2462 lllttd

131 2478 221 2509 enim,
237 2476 350 2504 Praedixi
361 2498 367 2509 ,
382 2483 404 2504 et
417 2478 525 2513 praedico
537 2483 563 2504 ut
574 2487 683 2514 pra’serts
694 2500 701 2512 ,
712 2480 820 2507 secundo
830 2485 853 2507 et
866 2481 922 2507 alts-

130 2531 177 2549 ens
200 2523 301 2555 scribo,
315 2522 378 2549 nihil
391 2522 461 2549 aliud
485 2523 582 2551 indicat
593 2545 599 2556 ,
614 2532 692 2559 quam
707 2525 732 2551 id
746 2526 814 2559 quod
827 2526 920 2560 nejam

131 2568 208 2594 inter
220 2575 269 2595 nos
282 2568 385 2595 eveniat
399 2568 636 2602 pertimescendum
657 2574 706 2597 est.
723 2570 830 2597 Etiamsi
852 2572 922 2598 enim

131 2611 238 2640 Paulus
251 2613 296 2647 qui
308 2617 369 2640 tunc
383 2612 525 2641 Corinthiis
538 2615 759 2648 comminabatur,
774 2624 826 2643 non
841 2616 920 2649 adsit,

131 2657 181 2684 sed
195 2657 273 2684 adest
290 2657 411 2686 Christus
421 2678 429 2691 ,
443 2659 487 2693 qui
502 2663 564 2687 tunc
576 2667 624 2694 per
646 2661 731 2695 ipsum
756 2661 919 2696 loquebatur.

165 2724 175 2740 ¹
192 2723 297 2755 Aliquot
309 2723 377 2752 Mss.
389 2724 482 2748 turbam
493 2725 632 2755 depelleret.

163 2755 176 2769 ²
192 2754 240 2786 Hic
260 2756 329 2778 notat
347 2755 372 2778 in
387 2756 497 2785 margine
517 2756 672 2786 Colbertinus
695 2763 766 2784 unus,
785 2758 836 2786 Τῆς
853 2758 927 2786 αὐτῆς

128 2785 430 2819 ιπορξαςμέιξνηταιιιαὶ
448 2786 556 2817 Κλήμης.
576 2785 690 2818 Ejusdem
702 2786 812 2812 historia
825 2787 927 2812 mentio-

129 2814 261 2844 nem'facit
273 2814 345 2840 etiam
355 2814 472 2840 Clemens.

164 2845 176 2861 ³
186 2845 265 2870 Savil.
277 2846 304 2870 in
315 2846 426 2877 margine
437 2849 464 2872 et
475 2853 537 2871 unus
548 2847 638 2878 codex,
660 2847 817 2874 carissimum
829 2846 916 2873 tilium.

683 160 728 186 At)
746 159 956 187 TllEOUUﬂUM
976 158 1119 186 LAl’SUll.
1140 157 1160 186 Ι.

945 2608 959 2617 ι

1695 157 1746 184 auri

957 216 995 241 Ac
1010 215 1031 241 si
1047 215 1177 242 obstinate
1191 222 1402 250 perseveremus,
1418 222 1469 242 non
1484 219 1574 248 parcet
1592 215 1667 242 nobis
1678 235 1685 247 ,
1699 215 1746 242 sed

958 257 1091 289 percutiet
1097 257 1174 292 plaga
1182 265 1277 293 magna
1285 264 1311 286 et
1318 260 1360 287 hic
1366 266 1390 288 et
1399 261 1425 288 in
1434 261 1523 288 futttro
1531 263 1641 289 saeculo.
1650 261 1752 289 Pricae—

957 307 1080 328 canemus
1091 302 1273 336 igiturfaciem
1280 304 1337 339 ejus
1349 305 1377 331 in
1385 306 1642 342 confessione(Psal.
1653 307 1698 334 91.
1711 307 1750 342 2);

961 345 1132 374 eﬁ‘undamus
1142 347 1168 374 in
1178 355 1326 384 conspectu
1341 351 1400 385 ejus
1409 353 1491 379 corda
1501 356 1606 380 nostra.
1616 352 1751 382 Peecasti,

959 389 1058 424 inquit,
1073 399 1104 418 ne
1115 392 1199 419 addas
1216 393 1321 426 iterum,
1332 397 1399 422 etde
1409 397 1542 430 prioribus
1562 398 1613 424 tuis
1629 397 1751 430 supplico

960 440 1051 475 (Ereti.
1067 440 1112 467 2L
1130 441 1173 476 l);
1188 445 1215 467 et
1227 448 1331 468 rursum
1345 462 1351 474 ,
1363 440 1453 468 Justus
1467 447 1597 469 accusator
1607 443 1648 469 sui
1658 447 1694 470 est
1718 443 1745 469 in

960 486 1083 519 principio
1106 486 1226 512 sermonis
1253 486 1344 521 (Prov.
1362 486 1477 520 18.17).
1496 487 1534 514 Ne
1561 492 1746 521 exspectctnus

960 530 1039 565 igitur
1059 535 1240 558 accusatorem
1253 552 1260 561 .
1276 531 1322 558 sed
1343 531 1400 566 ejus
1423 535 1512 566 partes
1534 537 1725 566 prtevertamus
1737 553 1745 565 ,

960 583 1044 610 coque
1068 575 1156 603 officio
1178 576 1293 610 judieem
1314 575 1391 603 nobis
1412 576 1571 610 pacatiorem
1594 576 1744 605 reddamus.

961 621 998 648 Te
1006 621 1111 656 quidem
1127 626 1232 656 peccata
1239 621 1360 648 confiteri
1369 626 1422 654 tua,
1436 625 1514 654 teque
1524 622 1647 648 ntiserum
1656 622 1747 648 admo-

960 665 1023 692 dum
1037 665 1159 693 arbitrari
1168 670 1333 700 compertum
1343 663 1426 692 habeo
1436 673 1544 697 ;verum
1553 673 1604 692 non
1613 665 1638 693 id
1648 670 1748 693 tantunt
1782 690 1785 691 ,

961 711 1077 745 requiro,
1087 712 1164 745 cupio
1177 716 1265 738 autent
1277 716 1304 737 ut
1318 718 1472 746 persuasum
1485 711 1593 744 habeas,
1602 716 1627 738 te
1641 711 1691 738 hac
1703 719 1749 738 ra-
1788 710 1790 712 ’

962 756 1033 782 tione
1049 763 1126 790 posse
1137 756 1266 790 justitiam
1280 757 1394 791 aSSequi.
1406 755 1536 789 Quamdiu
1544 756 1614 783 enim
1629 755 1748 783 inutilem

962 801 1039 827 talem
1048 800 1239 828 confessionem
1247 800 1378 834 edideris,
1394 801 1496 828 etiamsi
1508 801 1619 835 teipsum
1630 809 1748 835 accuses,

962 854 1015 874 non
1027 847 1124 881 poteris
1134 855 1258 881 umquam
1268 847 1293 873 in
1305 851 1438 881 posterum
1448 854 1461 873 a
1476 847 1590 881 peccatis
1601 847 1749 874 discedere.

962 892 1045 919 Nemo
1060 892 1130 918 enim
1151 888 1293 926 quidquam
1321 891 1398 918 facict
1421 900 1481 919 cum
1504 893 1640 919 alacritate
1659 897 1686 919 et
1698 893 1750 920 rittt

963 938 1132 972 congruenti,
1151 939 1199 965 nisi
1214 939 1286 973 prius
1302 946 1456 973 persnasutn
1480 939 1588 972 habeat,
1605 947 1660 966 rem
1678 939 1750 966 utili-

964 983 1009 1010 tati
1025 983 1074 1010 sibi
1091 984 1156 1010 fore.
1172 983 1307 1018 Siquidem
1323 984 1344 1010 is
1357 984 1400 1017 qui
1420 985 1543 1016 seminat,
1558 989 1696 1018 postquam
1710 991 1752 1011 se-

965 1037 1024 1056 men
1038 1029 1143 1063 sparsit,
1156 1029 1204 1056 nisi
1220 1037 1332 1056 messem
1343 1033 1487 1064 exspectet,
1504 1037 1644 1064 numquam
1659 1034 1751 1057 metet.

964 1074 1028 1108 Quis
1041 1075 1113 1102 enim
1126 1082 1249 1109 umquam
1274 1075 1394 1102 laborare
1414 1074 1510 1102 frustra
1536 1075 1615 1108 velit,
1630 1075 1694 1102 nihil
1718 1083 1750 1103 ex

965 1119 1055 1146 labore
1074 1119 1135 1146 boni
1165 1120 1396 1154 eonseqnuturus?
1425 1120 1470 1147 Sic
1490 1128 1552 1155 ergo
1572 1120 1616 1155 qui
1640 1121 1752 1148 seminat

966 1164 1059 1196 verba,
1072 1165 1212 1200 laerymas,
1229 1165 1433 1198 confessionem,
1448 1166 1498 1193 nisi
1514 1166 1582 1192 bona
1603 1173 1650 1201 spe
1671 1166 1752 1194 fultus

967 1209 992 1236 id
1007 1209 1097 1242 faciat,
1110 1218 1123 1236 a
1139 1210 1252 1244 peccatis
1265 1210 1392 1237 desistere
1406 1219 1458 1238 non
1473 1211 1578 1245 poterit,
1596 1215 1686 1246 utpote
1701 1212 1749 1239 de-

966 1255 1124 1290 sperationis
1138 1255 1207 1281 tnalo
1222 1255 1362 1283 cohibitus.
1379 1255 1430 1282 Sed
1443 1257 1666 1290 quemadmodum
1686 1258 1755 1291 agri.

967 1300 1024 1328 cola
1043 1300 1087 1327 ille
1110 1301 1153 1335 qui
1177 1301 1210 1328 de
1238 1306 1367 1335 proventu
1389 1300 1521 1328 fructuum
1546 1301 1685 1337 desperat,
1703 1310 1755 1330 non

967 1346 1069 1374 Curabit
1083 1353 1114 1373 ea
1129 1353 1267 1373 removere
1281 1354 1339 1380 quzc
1352 1347 1471 1381 frugibus
1484 1347 1561 1374 noxia
1577 1351 1638 1374 sunt
1655 1355 1662 1373 :
1680 1347 1714 1374 ita
1729 1352 1756 1375 et

968 1391 1012 1419 ille
1026 1392 1070 1426 qui
1091 1398 1138 1426 per
1157 1391 1289 1426 lacrymas
1309 1391 1505 1418 confessionem
1529 1392 1666 1425 seminat,
1689 1392 1755 1419 nihil

968 1440 1113 1471 expectans
1129 1435 1189 1463 inde
1203 1435 1280 1469 lucri,
1295 1436 1445 1470 neutiquam
1458 1437 1556 1471 poterit
1571 1444 1601 1463 ea
1614 1445 1755 1465 removere

968 1490 1027 1517 qum
1048 1481 1209 1516 pteniteut‘tm
1221 1481 1330 1508 exitiosa
1343 1486 1414 1509 sunt.
1429 1482 1613 1509 Paenitentiam
1628 1489 1693 1510 vero
1707 1482 1756 1510 de-

969 1528 1046 1554 struit
1072 1526 1165 1553 iisdem
1191 1526 1216 1553 in
1235 1526 1350 1560 peccatis
1374 1527 1579 1560 perseverantia.
1609 1526 1697 1559 Unus,
1715 1528 1756 1554 itt-

969 1572 1036 1606 quit,
1049 1571 1178 1605 wdi/ieans
1199 1576 1222 1598 et
1246 1579 1311 1598 unus
1331 1571 1471 1603 dash-oens,
1497 1572 1557 1605 quid
1583 1572 1673 1599 lucrati
1699 1577 1757 1599 sunt

970 1622 1059 1652 praeter
1073 1616 1195 1643 laborent?
1210 1616 1259 1649 Qui
1272 1616 1413 1651 baptizatur
1427 1625 1443 1642 (ι
1454 1621 1551 1643 mortuo
1564 1617 1572 1650 (
1584 1617 1601 1644 i.
1617 1625 1643 1644 e.
1656 1625 1670 1644 a
1687 1622 1756 1644 tactu

970 1664 1066 1691 mortui
1080 1663 1089 1698 )
1104 1668 1127 1690 et
1142 1671 1227 1690 rursus
1240 1664 1319 1698 tangit
1330 1663 1412 1694 illum.
1424 1663 1484 1698 quid
1504 1663 1663 1690 emolumenti
1685 1663 1757 1690 habet

970 1710 1109 1736 exlavacro
1122 1716 1168 1735 suo
1181 1708 1189 1743 (
1201 1707 1282 1735 Eccli.
1302 1709 1346 1735 51.
1362 1708 1426 1743 50)?
1441 1709 1486 1736 Sic
1500 1708 1581 1735 homo
1600 1709 1643 1743 qui
1655 1709 1758 1743 jejunat

970 1762 984 1780 a
1000 1754 1113 1789 peccatis
1136 1754 1209 1785 suis,
1225 1758 1252 1780 ct
1265 1754 1359 1780 iterum
1385 1761 1539 1789 progressus
1560 1754 1652 1782 eadem
1663 1754 1757 1781 admit.

972 1800 1017 1826 tit:
1034 1801 1092 1834 quis
1102 1800 1159 1833 ejus
1173 1807 1266 1834 preces
1275 1799 1398 1826 exaudiet
1411 1799 1422 1825 ’ἶ
1438 1800 1469 1827 Et
1485 1807 1602 1832 rursum,
1614 1798 1664 1832 Qui
1676 1807 1758 1826 rever-

971 1846 1041 1878 titur,
1057 1845 1151 1879 inquit,
1167 1853 1183 1871 a
1193 1845 1293 1879 justitia
1301 1846 1326 1871 in
1342 1851 1545 1880 peccatum,eunt
1556 1845 1679 1872 Dominus
1692 1854 1759 1881 prm-

974 1895 1045 1925 parat
1057 1890 1091 1917 ad
1102 1890 1216 1925 gladith
1228 1889 1319 1926 (Eecli.
1339 1891 1384 1918 26.
1400 1891 1456 1926 27).
1471 1892 1514 1924 Et,
1532 1891 1604 1918 Sicut
1616 1892 1686 1918 canis
1699 1900 1757 1918 cum

972 1944 1083 1962 reuersus
1103 1936 1179 1970 fuerit
1199 1935 1232 1962 ad
1246 1936 1363 1962 vomitum
1378 1956 1385 1968 ,
1411 1936 1513 1963 odiosas
1538 1936 1649 1971 efﬁcitur,
1677 1937 1712 1963 sic
1736 1941 1759 1962 et

971 1981 1091 2015 insipiens
1123 1981 1220 2008 malitia
1246 1990 1292 2008 sua
1318 1989 1429 2008 reversus
1461 1981 1495 2008 ad
1522 1986 1648 2016 peccatum
1682 1990 1756 2008 suum

974 2026 1075 2062 (Prov.
1091 2027 1135 2053 26.
1147 2027 1174 2053 Η
1192 2027 1212 2061 ).

1008 2072 1050 2100 19.
1070 2072 1132 2105 Qua:
1145 2073 1176 2099 sit
1200 2073 1308 2099 conditio
1331 2081 1395 2100 certe
1415 2073 1657 2107 poenitentia—Ne
1672 2074 1759 2109 itaque

973 2123 1109 2152 peccatum
1122 2118 1194 2153 quasi
1211 2123 1348 2145 accusator
1362 2120 1398 2146 tui
1417 2123 1516 2146 tantum
1534 2120 1674 2147 amtunties
1689 2140 1696 2152 ,
1711 2120 1757 2147 sed

974 2169 1104 2199 tamquam
1124 2165 1167 2198 qui
1182 2171 1231 2199 per
1251 2164 1411 2199 pmnitcntia:
1432 2165 1538 2192 moduni
1552 2165 1690 2199 justificari
1711 2165 1760 2193 de-

973 2209 1055 2241 beas;
1076 2209 1115 2236 sic
1127 2209 1196 2236 enim
1215 2210 1313 2243 poteris
1328 2210 1442 2236 animam
1465 2209 1636 2238 confitentem
1659 2210 1760 2245 pudore

973 2255 1098 2288 afﬁcere,
1126 2263 1159 2283 ne
1187 2255 1254 2282 ultra
1275 2255 1299 2282 itt
1323 2255 1415 2283 eadem
1430 2256 1573 2283 relabatur.
1597 2256 1663 2283 Nam
1676 2255 1759 2283 vehe-

973 2306 1076 2328 menter
1094 2308 1123 2328 se
1144 2301 1270 2328 damnare
1285 2300 1455 2335 proﬁteriqtte
1478 2305 1654 2336 peccatorem,
1677 2301 1756 2328 etiam

973 2354 1033 2373 cttm
1044 2346 1192 2373 inﬁdelibus
1206 2353 1347 2373 commune
1360 2350 1411 2373 est.
1436 2346 1510 2373 Multi
1527 2354 1639 2380 namque
1651 2353 1666 2372 a
1679 2353 1758 2373 scena

974 2391 1023 2418 viri
1034 2395 1061 2418 et
1074 2391 1210 2424 mulieres,
1226 2392 1270 2426 qui
1294 2392 1408 2418 maxime
1423 2391 1611 2425 turpitudinem
1625 2399 1698 2418 suam
1714 2398 1758 2418 se-

973 2445 1033 2464 cum
1053 2441 1185 2472 reputant,
1201 2444 1260 2464 sese
1271 2437 1382 2464 miseros
1397 2438 1541 2472 prardicaut
1555 2445 1562 2464 :
1575 2441 1602 2464 at
1617 2446 1669 2464 tton
1682 2437 1758 2464 colli—

973 2486 1047 2509 mant
1065 2482 1097 2509 ad
1120 2490 1211 2509 verum
1237 2489 1356 2517 scopum.
1374 2483 1461 2516 Quare
1482 2482 1546 2509 illud
1575 2490 1627 2509 non
1643 2483 1759 2510 vocarim

973 2527 1190 2554 confessionem:
1216 2535 1302 2562 neque
1323 2527 1393 2554 enim
1419 2535 1479 2554 cum
1509 2528 1605 2555 anima:
1630 2535 1761 2563 compun-

973 2574 1061 2600 ctione
1074 2594 1082 2606 ,
1095 2580 1155 2600 cum
1167 2573 1341 2600 amaritudine
1355 2573 1542 2609 laerymarum,
1556 2581 1616 2601 cum
1630 2575 1691 2602 vita:
1704 2583 1762 2602 mu-

974 2620 1072 2646 tatione
1092 2624 1198 2654 peccata
1223 2626 1269 2645 sua
1285 2619 1423 2646 enuntiant
1437 2627 1444 2651 ;
1459 2619 1505 2646 sed
1528 2620 1573 2647 alii
1600 2621 1706 2656 quidem
1729 2629 1761 2649 eo

974 2664 1079 2691 nomine
1092 2663 1118 2690 id
1139 2668 1228 2698 agunt.
1244 2668 1272 2690 ut
1287 2663 1415 2698 ejusmodi
1429 2664 1544 2692 eattdore
1557 2666 1688 2693 sermonis
1703 2671 1761 2700 glo-

974 2711 1039 2738 riam
1061 2713 1234 2743 aucupentur.
1263 2709 1435 2736 Peccatornm
1462 2711 1531 2737 enim
1552 2712 1665 2745 gravitas
1681 2711 1761 2745 longe

974 2754 1025 2782 alia
1039 2757 1148 2789 apparet
1169 2760 1229 2780 cum
1249 2753 1316 2780 alter
1334 2761 1363 2781 ea
1381 2754 1538 2787 denuntiat,
1557 2763 1634 2790 quam
1657 2763 1716 2782 cum
1739 2764 1761 2782 ts

980 2799 1036 2833 ipse
1050 2799 1094 2833 qui
1109 2796 1238 2832 peccavit.
1250 2798 1300 2824 Alii
1312 2802 1399 2825 autent
1412 2799 1435 2825 vi
1455 2799 1648 2833 desperationis
1662 2800 1688 2826 in
1703 2805 1760 2826 stu-

976 2852 1065 2881 parem
1082 2849 1107 2870 et
1129 2842 1266 2876 segnitiem
1291 2843 1353 2878 lapsi
1368 2863 1375 2877 ,
1391 2849 1417 2871 et
1439 2845 1547 2878 gloriam
1563 2845 1696 2871 hominum
1710 2844 1759 2872 do-
