  <div class='ocr_page' id='page_1' title='image "/cluster/home/n/w/nwhite01/storage/ocr_20150623/47-48/njp.32101077772612/267.png"; bbox 0 0 2061 3114; ppageno 0'>
   <div class='ocr_carea' id='block_1_1' title="bbox 281 140 332 168">
    <p class='ocr_par' dir='ltr' id='par_1_1' title="bbox 281 140 332 168">
     <span class='ocr_line' id='line_1_1' title="bbox 281 140 332 168; baseline -0.02 0"><span class='ocrx_word' id='word_1_1' title='bbox 281 140 332 168; x_wconf 74' lang='grc'><strong>307</strong></span> 
     </span>
    </p>
   </div>
   <div class='ocr_carea' id='block_1_2' title="bbox 282 196 1072 232">
    <p class='ocr_par' dir='ltr' id='par_1_2' title="bbox 282 196 1072 232">
     <span class='ocr_line' id='line_1_2' title="bbox 282 196 1072 232; baseline 0.001 -9"><span class='ocrx_word' id='word_1_2' title='bbox 282 197 435 232; x_wconf 73' lang='lat' dir='ltr'><strong>spieientes,</strong></span> <span class='ocrx_word' id='word_1_3' title='bbox 448 205 508 224; x_wconf 87' lang='lat' dir='ltr'><strong>cuttt</strong></span> <span class='ocrx_word' id='word_1_4' title='bbox 533 196 695 232; x_wconf 88' lang='lat' dir='ltr'><strong>intpudentia</strong></span> <span class='ocrx_word' id='word_1_5' title='bbox 711 203 804 231; x_wconf 76' lang='lat' dir='ltr'><strong>magna</strong></span> <span class='ocrx_word' id='word_1_6' title='bbox 820 200 927 231; x_wconf 86' lang='lat' dir='ltr'><strong>peccata</strong></span> <span class='ocrx_word' id='word_1_7' title='bbox 948 204 995 224; x_wconf 90' lang='lat' dir='ltr'><strong>sua</strong></span> <span class='ocrx_word' id='word_1_8' title='bbox 1011 205 1072 232; x_wconf 90' lang='lat' dir='ltr'><strong>per-</strong></span> 
     </span>
    </p>
   </div>
   <div class='ocr_carea' id='block_1_3' title="bbox 283 241 1071 278">
    <p class='ocr_par' dir='ltr' id='par_1_3' title="bbox 283 241 1071 278">
     <span class='ocr_line' id='line_1_3' title="bbox 283 241 1071 278; baseline 0 -9"><span class='ocrx_word' id='word_1_9' title='bbox 283 243 344 271; x_wconf 84' lang='lat' dir='ltr'><strong>inde</strong></span> <span class='ocrx_word' id='word_1_10' title='bbox 364 248 444 278; x_wconf 88' lang='lat' dir='ltr'><strong>atque</strong></span> <span class='ocrx_word' id='word_1_11' title='bbox 471 243 554 269; x_wconf 84' lang='lat' dir='ltr'><strong>aliena</strong></span> <span class='ocrx_word' id='word_1_12' title='bbox 576 242 697 268; x_wconf 88' lang='lat' dir='ltr'><strong>omnibus</strong></span> <span class='ocrx_word' id='word_1_13' title='bbox 713 241 885 276; x_wconf 83' lang='lat' dir='ltr'><strong>proclamant.</strong></span> <span class='ocrx_word' id='word_1_14' title='bbox 902 241 987 268; x_wconf 81' lang='lat' dir='ltr'><strong>Nolim</strong></span> <span class='ocrx_word' id='word_1_15' title='bbox 1008 250 1071 270; x_wconf 86' lang='lat' dir='ltr'><strong>sane</strong></span> 
     </span>
    </p>
   </div>
   <div class='ocr_carea' id='block_1_4' title="bbox 280 287 1072 322">
    <p class='ocr_par' dir='ltr' id='par_1_4' title="bbox 280 287 1072 322">
     <span class='ocr_line' id='line_1_4' title="bbox 280 287 1072 322; baseline 0 -7"><span class='ocrx_word' id='word_1_16' title='bbox 280 295 308 315; x_wconf 84' lang='lat' dir='ltr'><strong>te</strong></span> <span class='ocrx_word' id='word_1_17' title='bbox 333 297 365 316; x_wconf 85' lang='lat' dir='ltr'><strong>ex</strong></span> <span class='ocrx_word' id='word_1_18' title='bbox 389 289 493 316; x_wconf 89' lang='lat' dir='ltr'><strong>illorum</strong></span> <span class='ocrx_word' id='word_1_19' title='bbox 519 295 630 315; x_wconf 86' lang='lat' dir='ltr'><strong>numero</strong></span> <span class='ocrx_word' id='word_1_20' title='bbox 653 295 732 320; x_wconf 87' lang='lat' dir='ltr'><strong>esse,</strong></span> <span class='ocrx_word' id='word_1_21' title='bbox 760 287 801 314; x_wconf 87' lang='lat' dir='ltr'><strong>vel</strong></span> <span class='ocrx_word' id='word_1_22' title='bbox 828 295 860 314; x_wconf 78' lang='lat' dir='ltr'><strong>cx</strong></span> <span class='ocrx_word' id='word_1_23' title='bbox 887 288 1072 322; x_wconf 89' lang='lat' dir='ltr'><strong>desperatione</strong></span> 
     </span>
    </p>
   </div>
   <div class='ocr_carea' id='block_1_5' title="bbox 280 333 1070 369">
    <p class='ocr_par' dir='ltr' id='par_1_5' title="bbox 280 333 1070 369">
     <span class='ocr_line' id='line_1_5' title="bbox 280 333 1070 369; baseline 0 -8"><span class='ocrx_word' id='word_1_24' title='bbox 280 335 471 361; x_wconf 71' lang='lat' dir='ltr'><strong>confessionem</strong></span> <span class='ocrx_word' id='word_1_25' title='bbox 507 334 603 366; x_wconf 87' lang='lat' dir='ltr'><strong>cdere,</strong></span> <span class='ocrx_word' id='word_1_26' title='bbox 633 333 679 361; x_wconf 91' lang='lat' dir='ltr'><strong>sed</strong></span> <span class='ocrx_word' id='word_1_27' title='bbox 708 341 767 360; x_wconf 90' lang='lat' dir='ltr'><strong>eum</strong></span> <span class='ocrx_word' id='word_1_28' title='bbox 792 333 859 361; x_wconf 82' lang='lat' dir='ltr'><strong>bona</strong></span> <span class='ocrx_word' id='word_1_29' title='bbox 895 342 963 369; x_wconf 87' lang='lat' dir='ltr'><strong>spe,</strong></span> <span class='ocrx_word' id='word_1_30' title='bbox 983 335 1070 362; x_wconf 85' lang='lat' dir='ltr'><strong>omni-</strong></span> 
     </span>
    </p>
   </div>
   <div class='ocr_carea' id='block_1_6' title="bbox 280 380 1072 416">
    <p class='ocr_par' dir='ltr' id='par_1_6' title="bbox 280 380 1072 416">
     <span class='ocr_line' id='line_1_6' title="bbox 280 380 1072 416; baseline -0.001 -9"><span class='ocrx_word' id='word_1_31' title='bbox 280 389 330 416; x_wconf 85' lang='lat' dir='ltr'><strong>que</strong></span> <span class='ocrx_word' id='word_1_32' title='bbox 353 386 454 408; x_wconf 86' lang='lat' dir='ltr'><strong>resecta</strong></span> <span class='ocrx_word' id='word_1_33' title='bbox 484 381 676 415; x_wconf 87' lang='lat' dir='ltr'><strong>desperationis</strong></span> <span class='ocrx_word' id='word_1_34' title='bbox 704 380 794 407; x_wconf 84' lang='lat' dir='ltr'><strong>radice</strong></span> <span class='ocrx_word' id='word_1_35' title='bbox 823 381 985 407; x_wconf 70' lang='lat' dir='ltr'><strong>contrarium</strong></span> <span class='ocrx_word' id='word_1_36' title='bbox 1010 380 1072 407; x_wconf 78' lang='lat' dir='ltr'><strong>huic.</strong></span> 
     </span>
    </p>
   </div>
   <div class='ocr_carea' id='block_1_7' title="bbox 279 426 1069 461">
    <p class='ocr_par' dir='ltr' id='par_1_7' title="bbox 279 426 1069 461">
     <span class='ocr_line' id='line_1_7' title="bbox 279 426 1069 461; baseline -0.001 -8"><span class='ocrx_word' id='word_1_37' title='bbox 279 427 395 453; x_wconf 75' lang='lat' dir='ltr'><strong>studium</strong></span> <span class='ocrx_word' id='word_1_38' title='bbox 412 426 548 453; x_wconf 80' lang='lat' dir='ltr'><strong>exhibere.</strong></span> <span class='ocrx_word' id='word_1_39' title='bbox 563 426 690 461; x_wconf 80' lang='lat' dir='ltr'><strong>Qua-nam</strong></span> <span class='ocrx_word' id='word_1_40' title='bbox 714 432 799 454; x_wconf 87' lang='lat' dir='ltr'><strong>mater</strong></span> <span class='ocrx_word' id='word_1_41' title='bbox 812 431 839 454; x_wconf 87' lang='lat' dir='ltr'><strong>et</strong></span> <span class='ocrx_word' id='word_1_42' title='bbox 852 427 927 454; x_wconf 81' lang='lat' dir='ltr'><strong>radix</strong></span> <span class='ocrx_word' id='word_1_43' title='bbox 942 426 1069 461; x_wconf 87' lang='lat' dir='ltr'><strong>despera-</strong></span> 
     </span>
    </p>
   </div>
   <div class='ocr_carea' id='block_1_8' title="bbox 281 473 1069 507">
    <p class='ocr_par' dir='ltr' id='par_1_8' title="bbox 281 473 1069 507">
     <span class='ocr_line' id='line_1_8' title="bbox 281 473 1069 507; baseline 0.001 -8"><span class='ocrx_word' id='word_1_44' title='bbox 281 473 359 499; x_wconf 93' lang='lat' dir='ltr'><strong>tionis</strong></span> <span class='ocrx_word' id='word_1_45' title='bbox 374 473 433 500; x_wconf 84' lang='lat' dir='ltr'><strong>cst?</strong></span> <span class='ocrx_word' id='word_1_46' title='bbox 448 473 554 507; x_wconf 79' lang='lat' dir='ltr'><strong>Ignavia</strong></span> <span class='ocrx_word' id='word_1_47' title='bbox 578 482 585 500; x_wconf 88' lang='lat'><strong>:</strong></span> <span class='ocrx_word' id='word_1_48' title='bbox 608 473 661 500; x_wconf 88' lang='lat' dir='ltr'><strong>into</strong></span> <span class='ocrx_word' id='word_1_49' title='bbox 686 481 738 501; x_wconf 89' lang='lat' dir='ltr'><strong>non</strong></span> <span class='ocrx_word' id='word_1_50' title='bbox 755 473 829 501; x_wconf 80' lang='lat' dir='ltr'><strong>radix</strong></span> <span class='ocrx_word' id='word_1_51' title='bbox 849 473 928 500; x_wconf 89' lang='lat' dir='ltr'><strong>modo</strong></span> <span class='ocrx_word' id='word_1_52' title='bbox 949 478 1069 506; x_wconf 82' lang='lat' dir='ltr'><strong>vocetur.</strong></span> 
     </span>
    </p>
   </div>
   <div class='ocr_carea' id='block_1_9' title="bbox 279 518 1069 553">
    <p class='ocr_par' dir='ltr' id='par_1_9' title="bbox 279 518 1069 553">
     <span class='ocr_line' id='line_1_9' title="bbox 279 518 1069 553; baseline 0 -8"><span class='ocrx_word' id='word_1_53' title='bbox 279 518 325 545; x_wconf 86' lang='lat' dir='ltr'><strong>sed</strong></span> <span class='ocrx_word' id='word_1_54' title='bbox 346 519 425 545; x_wconf 84' lang='lat' dir='ltr'><strong>etiam</strong></span> <span class='ocrx_word' id='word_1_55' title='bbox 441 519 527 545; x_wconf 73' lang='lat' dir='ltr'><strong>nutrix</strong></span> <span class='ocrx_word' id='word_1_56' title='bbox 548 524 574 545; x_wconf 88' lang='lat' dir='ltr'><strong>et</strong></span> <span class='ocrx_word' id='word_1_57' title='bbox 596 523 689 546; x_wconf 87' lang='lat' dir='ltr'><strong>mater.</strong></span> <span class='ocrx_word' id='word_1_58' title='bbox 715 519 942 553; x_wconf 75' lang='lat' dir='ltr'><strong>Quemadmodum</strong></span> <span class='ocrx_word' id='word_1_59' title='bbox 960 519 1029 546; x_wconf 86' lang='lat' dir='ltr'><strong>enim</strong></span> <span class='ocrx_word' id='word_1_60' title='bbox 1045 519 1069 545; x_wconf 87' lang='lat' dir='ltr'><strong>itt</strong></span> 
     </span>
    </p>
   </div>
   <div class='ocr_carea' id='block_1_10' title="bbox 280 563 1071 598">
    <p class='ocr_par' dir='ltr' id='par_1_10' title="bbox 280 563 1071 598">
     <span class='ocr_line' id='line_1_10' title="bbox 280 563 1071 598; baseline -0.001 -8"><span class='ocrx_word' id='word_1_61' title='bbox 280 564 339 590; x_wconf 79' lang='lat' dir='ltr'><strong>lana</strong></span> <span class='ocrx_word' id='word_1_62' title='bbox 355 565 440 590; x_wconf 89' lang='lat' dir='ltr'><strong>tineas</strong></span> <span class='ocrx_word' id='word_1_63' title='bbox 455 564 539 598; x_wconf 78' lang='lat' dir='ltr'><strong>gignit</strong></span> <span class='ocrx_word' id='word_1_64' title='bbox 553 564 689 598; x_wconf 76' lang='lat' dir='ltr'><strong>corruptio</strong></span> <span class='ocrx_word' id='word_1_65' title='bbox 702 584 708 595; x_wconf 85' lang='lat'><strong>,</strong></span> <span class='ocrx_word' id='word_1_66' title='bbox 724 572 783 598; x_wconf 67' lang='lat' dir='ltr'><strong>qum</strong></span> <span class='ocrx_word' id='word_1_67' title='bbox 799 568 889 598; x_wconf 89' lang='lat' dir='ltr'><strong>postea</strong></span> <span class='ocrx_word' id='word_1_68' title='bbox 912 564 945 590; x_wconf 90' lang='lat' dir='ltr'><strong>ab</strong></span> <span class='ocrx_word' id='word_1_69' title='bbox 960 563 1012 590; x_wconf 82' lang='lat' dir='ltr'><strong>illis</strong></span> <span class='ocrx_word' id='word_1_70' title='bbox 1025 571 1071 589; x_wconf 89' lang='lat' dir='ltr'><strong>au-</strong></span> 
     </span>
    </p>
   </div>
   <div class='ocr_carea' id='block_1_11' title="bbox 282 610 1071 645">
    <p class='ocr_par' dir='ltr' id='par_1_11' title="bbox 282 610 1071 645">
     <span class='ocr_line' id='line_1_11' title="bbox 282 610 1071 645; baseline -0.001 -8"><span class='ocrx_word' id='word_1_71' title='bbox 282 616 359 644; x_wconf 76' lang='lat' dir='ltr'><strong>getur</strong></span> <span class='ocrx_word' id='word_1_72' title='bbox 371 619 377 637; x_wconf 87' lang='lat'>:</span> <span class='ocrx_word' id='word_1_73' title='bbox 391 611 429 637; x_wconf 89' lang='lat' dir='ltr'><strong>sic</strong></span> <span class='ocrx_word' id='word_1_74' title='bbox 445 611 524 637; x_wconf 86' lang='lat' dir='ltr'><strong>etiam</strong></span> <span class='ocrx_word' id='word_1_75' title='bbox 539 610 581 638; x_wconf 88' lang='lat' dir='ltr'><strong>hic</strong></span> <span class='ocrx_word' id='word_1_76' title='bbox 601 610 704 645; x_wconf 72' lang='lat' dir='ltr'><strong>ignavia</strong></span> <span class='ocrx_word' id='word_1_77' title='bbox 719 610 931 644; x_wconf 76' lang='lat' dir='ltr'><strong>desperationem</strong></span> <span class='ocrx_word' id='word_1_78' title='bbox 948 610 1029 643; x_wconf 84' lang='lat' dir='ltr'><strong>parit,</strong></span> <span class='ocrx_word' id='word_1_79' title='bbox 1044 613 1071 637; x_wconf 87' lang='lat' dir='ltr'><strong>ct</strong></span> 
     </span>
    </p>
   </div>
   <div class='ocr_carea' id='block_1_12' title="bbox 282 655 1070 690">
    <p class='ocr_par' dir='ltr' id='par_1_12' title="bbox 282 655 1070 690">
     <span class='ocr_line' id='line_1_12' title="bbox 282 655 1070 690; baseline -0.001 -8"><span class='ocrx_word' id='word_1_80' title='bbox 282 662 372 690; x_wconf 86' lang='lat' dir='ltr'><strong>postea</strong></span> <span class='ocrx_word' id='word_1_81' title='bbox 388 664 403 682; x_wconf 89' lang='lat' dir='ltr'><strong>a</strong></span> <span class='ocrx_word' id='word_1_82' title='bbox 416 655 601 690; x_wconf 76' lang='lat' dir='ltr'><strong>desperatione</strong></span> <span class='ocrx_word' id='word_1_83' title='bbox 621 656 708 687; x_wconf 80' lang='lat' dir='ltr'><strong>alitur,</strong></span> <span class='ocrx_word' id='word_1_84' title='bbox 726 660 752 682; x_wconf 91' lang='lat' dir='ltr'><strong>et</strong></span> <span class='ocrx_word' id='word_1_85' title='bbox 774 655 859 682; x_wconf 80' lang='lat' dir='ltr'><strong>amba:</strong></span> <span class='ocrx_word' id='word_1_86' title='bbox 883 660 975 682; x_wconf 89' lang='lat' dir='ltr'><strong>ntutuo</strong></span> <span class='ocrx_word' id='word_1_87' title='bbox 994 662 1070 681; x_wconf 80' lang='lat' dir='ltr'><strong>exsc-</strong></span> 
     </span>
    </p>
   </div>
   <div class='ocr_carea' id='block_1_13' title="bbox 280 702 1070 737">
    <p class='ocr_par' dir='ltr' id='par_1_13' title="bbox 280 702 1070 737">
     <span class='ocr_line' id='line_1_13' title="bbox 280 702 1070 737; baseline -0.001 -8"><span class='ocrx_word' id='word_1_88' title='bbox 280 702 407 729; x_wconf 88' lang='lat' dir='ltr'><strong>crandunt</strong></span> <span class='ocrx_word' id='word_1_89' title='bbox 422 702 472 729; x_wconf 77' lang='lat' dir='ltr'><strong>sibi</strong></span> <span class='ocrx_word' id='word_1_90' title='bbox 486 706 629 737; x_wconf 85' lang='lat' dir='ltr'><strong>procurant</strong></span> <span class='ocrx_word' id='word_1_91' title='bbox 644 703 851 735; x_wconf 77' lang='lat' dir='ltr'><strong>incrementum,</strong></span> <span class='ocrx_word' id='word_1_92' title='bbox 868 709 918 729; x_wconf 87' lang='lat' dir='ltr'><strong>nec</strong></span> <span class='ocrx_word' id='word_1_93' title='bbox 941 702 1070 728; x_wconf 87' lang='lat' dir='ltr'><strong>modicam</strong></span> 
     </span>
    </p>
   </div>
   <div class='ocr_carea' id='block_1_14' title="bbox 280 747 1071 783">
    <p class='ocr_par' dir='ltr' id='par_1_14' title="bbox 280 747 1071 783">
     <span class='ocr_line' id='line_1_14' title="bbox 280 747 1071 783; baseline -0.001 -8"><span class='ocrx_word' id='word_1_94' title='bbox 280 749 459 776; x_wconf 84' lang='lat' dir='ltr'><strong>accessionem</strong></span> <span class='ocrx_word' id='word_1_95' title='bbox 474 748 590 783; x_wconf 88' lang='lat' dir='ltr'><strong>capiunt.</strong></span> <span class='ocrx_word' id='word_1_96' title='bbox 612 747 639 775; x_wconf 90' lang='lat' dir='ltr'><strong>Si</strong></span> <span class='ocrx_word' id='word_1_97' title='bbox 654 749 711 782; x_wconf 88' lang='lat' dir='ltr'><strong>quis</strong></span> <span class='ocrx_word' id='word_1_98' title='bbox 725 748 805 782; x_wconf 83' lang='lat' dir='ltr'><strong>igitur</strong></span> <span class='ocrx_word' id='word_1_99' title='bbox 818 747 928 774; x_wconf 84' lang='lat' dir='ltr'><strong>alteram</strong></span> <span class='ocrx_word' id='word_1_100' title='bbox 949 748 1071 782; x_wconf 81' lang='lat' dir='ltr'><strong>pra-sein-</strong></span> 
     </span>
    </p>
   </div>
   <div class='ocr_carea' id='block_1_15' title="bbox 280 793 1070 828">
    <p class='ocr_par' dir='ltr' id='par_1_15' title="bbox 280 793 1070 828">
     <span class='ocr_line' id='line_1_15' title="bbox 280 793 1070 828; baseline -0.001 -8"><span class='ocrx_word' id='word_1_101' title='bbox 280 794 336 826; x_wconf 84' lang='lat' dir='ltr'><strong>dat,</strong></span> <span class='ocrx_word' id='word_1_102' title='bbox 352 794 486 820; x_wconf 86' lang='lat' dir='ltr'><strong>residuam</strong></span> <span class='ocrx_word' id='word_1_103' title='bbox 501 794 612 821; x_wconf 80' lang='lat' dir='ltr'><strong>alteram</strong></span> <span class='ocrx_word' id='word_1_104' title='bbox 628 793 706 820; x_wconf 79' lang='lat' dir='ltr'><strong>facile</strong></span> <span class='ocrx_word' id='word_1_105' title='bbox 722 793 819 828; x_wconf 88' lang='lat' dir='ltr'><strong>poterit</strong></span> <span class='ocrx_word' id='word_1_106' title='bbox 833 801 971 827; x_wconf 86' lang='lat' dir='ltr'><strong>superare.</strong></span> <span class='ocrx_word' id='word_1_107' title='bbox 987 793 1070 819; x_wconf 89' lang='lat' dir='ltr'><strong>Nutu-</strong></span> 
     </span>
    </p>
   </div>
   <div class='ocr_carea' id='block_1_16' title="bbox 280 838 1072 873">
    <p class='ocr_par' dir='ltr' id='par_1_16' title="bbox 280 838 1072 873">
     <span class='ocr_line' id='line_1_16' title="bbox 280 838 1072 873; baseline 0.001 -10"><span class='ocrx_word' id='word_1_108' title='bbox 280 846 358 873; x_wconf 90' lang='lat' dir='ltr'><strong>qnatn</strong></span> <span class='ocrx_word' id='word_1_109' title='bbox 371 839 442 866; x_wconf 88' lang='lat' dir='ltr'><strong>ettitn</strong></span> <span class='ocrx_word' id='word_1_110' title='bbox 458 838 502 873; x_wconf 87' lang='lat' dir='ltr'><strong>qui</strong></span> <span class='ocrx_word' id='word_1_111' title='bbox 522 846 574 864; x_wconf 90' lang='lat' dir='ltr'><strong>non</strong></span> <span class='ocrx_word' id='word_1_112' title='bbox 591 838 717 872; x_wconf 83' lang='lat' dir='ltr'><strong>torpescit</strong></span> <span class='ocrx_word' id='word_1_113' title='bbox 733 839 757 864; x_wconf 87' lang='lat' dir='ltr'><strong>itt</strong></span> <span class='ocrx_word' id='word_1_114' title='bbox 772 838 983 873; x_wconf 77' lang='lat' dir='ltr'><strong>desperationem</strong></span> <span class='ocrx_word' id='word_1_115' title='bbox 1000 838 1072 864; x_wconf 83' lang='lat' dir='ltr'><strong>labe-</strong></span> 
     </span>
    </p>
   </div>
   <div class='ocr_carea' id='block_1_17' title="bbox 281 884 1070 918">
    <p class='ocr_par' dir='ltr' id='par_1_17' title="bbox 281 884 1070 918">
     <span class='ocr_line' id='line_1_17' title="bbox 281 884 1070 918; baseline 0.001 -9"><span class='ocrx_word' id='word_1_116' title='bbox 281 888 334 916; x_wconf 92' lang='lat' dir='ltr'><strong>tur,</strong></span> <span class='ocrx_word' id='word_1_117' title='bbox 352 891 438 918; x_wconf 87' lang='lat' dir='ltr'><strong>neque</strong></span> <span class='ocrx_word' id='word_1_118' title='bbox 450 884 492 918; x_wconf 89' lang='lat' dir='ltr'><strong>qui</strong></span> <span class='ocrx_word' id='word_1_119' title='bbox 507 884 587 910; x_wconf 84' lang='lat' dir='ltr'><strong>alitur</strong></span> <span class='ocrx_word' id='word_1_120' title='bbox 601 891 648 918; x_wconf 86' lang='lat' dir='ltr'><strong>spe</strong></span> <span class='ocrx_word' id='word_1_121' title='bbox 662 884 741 914; x_wconf 87' lang='lat' dir='ltr'><strong>bona.</strong></span> <span class='ocrx_word' id='word_1_122' title='bbox 757 891 805 911; x_wconf 91' lang='lat' dir='ltr'><strong>nec</strong></span> <span class='ocrx_word' id='word_1_123' title='bbox 816 884 933 910; x_wconf 87' lang='lat' dir='ltr'><strong>anittttttn</strong></span> <span class='ocrx_word' id='word_1_124' title='bbox 953 884 1070 918; x_wconf 84' lang='lat' dir='ltr'><strong>despon—</strong></span> 
     </span>
    </p>
   </div>
   <div class='ocr_carea' id='block_1_18' title="bbox 280 929 1072 964">
    <p class='ocr_par' dir='ltr' id='par_1_18' title="bbox 280 929 1072 964">
     <span class='ocr_line' id='line_1_18' title="bbox 280 929 1072 964; baseline 0 -9"><span class='ocrx_word' id='word_1_125' title='bbox 280 930 337 963; x_wconf 78' lang='lat' dir='ltr'><strong>det,</strong></span> <span class='ocrx_word' id='word_1_126' title='bbox 352 937 467 964; x_wconf 88' lang='lat' dir='ltr'><strong>unquam</strong></span> <span class='ocrx_word' id='word_1_127' title='bbox 484 929 581 964; x_wconf 90' lang='lat' dir='ltr'><strong>poterit</strong></span> <span class='ocrx_word' id='word_1_128' title='bbox 604 929 629 956; x_wconf 88' lang='lat' dir='ltr'><strong>itt</strong></span> <span class='ocrx_word' id='word_1_129' title='bbox 643 930 781 964; x_wconf 77' lang='lat' dir='ltr'><strong>segnitiem</strong></span> <span class='ocrx_word' id='word_1_130' title='bbox 797 929 902 956; x_wconf 83' lang='lat' dir='ltr'><strong>cadere.</strong></span> <span class='ocrx_word' id='word_1_131' title='bbox 919 929 969 956; x_wconf 82' lang='lat' dir='ltr'><strong>Par</strong></span> <span class='ocrx_word' id='word_1_132' title='bbox 983 929 1072 964; x_wconf 89' lang='lat' dir='ltr'><strong>itaque</strong></span> 
     </span>
    </p>
   </div>
   <div class='ocr_carea' id='block_1_19' title="bbox 282 975 1070 1010">
    <p class='ocr_par' dir='ltr' id='par_1_19' title="bbox 282 975 1070 1010">
     <span class='ocr_line' id='line_1_19' title="bbox 282 975 1070 1010; baseline -0.001 -7"><span class='ocrx_word' id='word_1_133' title='bbox 282 976 346 1003; x_wconf 87' lang='lat' dir='ltr'><strong>illud</strong></span> <span class='ocrx_word' id='word_1_134' title='bbox 368 976 473 1007; x_wconf 81' lang='lat' dir='ltr'><strong>divelle,</strong></span> <span class='ocrx_word' id='word_1_135' title='bbox 487 980 515 1002; x_wconf 87' lang='lat' dir='ltr'><strong>et</strong></span> <span class='ocrx_word' id='word_1_136' title='bbox 526 976 619 1010; x_wconf 79' lang='lat' dir='ltr'><strong>jugnm</strong></span> <span class='ocrx_word' id='word_1_137' title='bbox 640 976 776 1010; x_wconf 78' lang='lat' dir='ltr'><strong>confringe</strong></span> <span class='ocrx_word' id='word_1_138' title='bbox 788 996 794 1006; x_wconf 86' lang='lat'><strong>,</strong></span> <span class='ocrx_word' id='word_1_139' title='bbox 812 976 911 1002; x_wconf 83' lang='lat' dir='ltr'><strong>variam</strong></span> <span class='ocrx_word' id='word_1_140' title='bbox 926 975 984 1002; x_wconf 87' lang='lat' dir='ltr'><strong>dico</strong></span> <span class='ocrx_word' id='word_1_141' title='bbox 1000 976 1070 1002; x_wconf 90' lang='lat' dir='ltr'><strong>illam</strong></span> 
     </span>
    </p>
   </div>
   <div class='ocr_carea' id='block_1_20' title="bbox 280 1021 1072 1056">
    <p class='ocr_par' dir='ltr' id='par_1_20' title="bbox 280 1021 1072 1056">
     <span class='ocr_line' id='line_1_20' title="bbox 280 1021 1072 1056; baseline -0.001 -7"><span class='ocrx_word' id='word_1_142' title='bbox 280 1026 307 1049; x_wconf 87' lang='lat' dir='ltr'><strong>ct</strong></span> <span class='ocrx_word' id='word_1_143' title='bbox 320 1029 425 1056; x_wconf 78' lang='lat' dir='ltr'><strong>gravem</strong></span> <span class='ocrx_word' id='word_1_144' title='bbox 438 1021 625 1055; x_wconf 78' lang='lat' dir='ltr'><strong>cogitationem</strong></span> <span class='ocrx_word' id='word_1_145' title='bbox 637 1030 643 1048; x_wconf 88' lang='lat'><strong>:</strong></span> <span class='ocrx_word' id='word_1_146' title='bbox 658 1029 745 1056; x_wconf 87' lang='lat' dir='ltr'><strong>neque</strong></span> <span class='ocrx_word' id='word_1_147' title='bbox 761 1022 830 1048; x_wconf 88' lang='lat' dir='ltr'><strong>enim</strong></span> <span class='ocrx_word' id='word_1_148' title='bbox 847 1021 890 1048; x_wconf 78' lang='lat' dir='ltr'><strong>illa</strong></span> <span class='ocrx_word' id='word_1_149' title='bbox 903 1029 962 1056; x_wconf 80' lang='lat' dir='ltr'><strong>qua:</strong></span> <span class='ocrx_word' id='word_1_150' title='bbox 973 1025 1072 1048; x_wconf 82' lang='lat' dir='ltr'><strong>utram-</strong></span> 
     </span>
    </p>
   </div>
   <div class='ocr_carea' id='block_1_21' title="bbox 288 1066 1073 1101">
    <p class='ocr_par' dir='ltr' id='par_1_21' title="bbox 288 1066 1073 1101">
     <span class='ocr_line' id='line_1_21' title="bbox 288 1066 1073 1101; baseline 0.001 -8"><span class='ocrx_word' id='word_1_151' title='bbox 288 1074 340 1100; x_wconf 88' lang='lat' dir='ltr'><strong>que</strong></span> <span class='ocrx_word' id='word_1_152' title='bbox 359 1067 556 1101; x_wconf 71' lang='lat' dir='ltr'><strong>complectitur,</strong></span> <span class='ocrx_word' id='word_1_153' title='bbox 572 1067 649 1094; x_wconf 90' lang='lat' dir='ltr'><strong>unius</strong></span> <span class='ocrx_word' id='word_1_154' title='bbox 671 1071 711 1094; x_wconf 87' lang='lat' dir='ltr'><strong>est</strong></span> <span class='ocrx_word' id='word_1_155' title='bbox 727 1066 836 1099; x_wconf 58' lang='lat' dir='ltr'><strong>format,</strong></span> <span class='ocrx_word' id='word_1_156' title='bbox 861 1067 907 1094; x_wconf 86' lang='lat' dir='ltr'><strong>sed</strong></span> <span class='ocrx_word' id='word_1_157' title='bbox 931 1067 1029 1094; x_wconf 85' lang='lat' dir='ltr'><strong>variam</strong></span> <span class='ocrx_word' id='word_1_158' title='bbox 1045 1071 1073 1094; x_wconf 87' lang='lat' dir='ltr'><strong>et</strong></span> 
     </span>
    </p>
   </div>
   <div class='ocr_carea' id='block_1_22' title="bbox 281 1111 1072 1147">
    <p class='ocr_par' dir='ltr' id='par_1_22' title="bbox 281 1111 1072 1147">
     <span class='ocr_line' id='line_1_22' title="bbox 281 1111 1072 1147; baseline 0 -9"><span class='ocrx_word' id='word_1_159' title='bbox 281 1112 460 1139; x_wconf 75' lang='lat' dir='ltr'><strong>ontnitnodatn</strong></span> <span class='ocrx_word' id='word_1_160' title='bbox 476 1112 592 1146; x_wconf 87' lang='lat' dir='ltr'><strong>speciem</strong></span> <span class='ocrx_word' id='word_1_161' title='bbox 608 1112 723 1147; x_wconf 67' lang='lat' dir='ltr'><strong>pra-fert.</strong></span> <span class='ocrx_word' id='word_1_162' title='bbox 738 1112 865 1145; x_wconf 69' lang='lat' dir='ltr'><strong>Qumnam</strong></span> <span class='ocrx_word' id='word_1_163' title='bbox 879 1117 920 1139; x_wconf 87' lang='lat' dir='ltr'><strong>est</strong></span> <span class='ocrx_word' id='word_1_164' title='bbox 933 1111 1072 1139; x_wconf 78' lang='lat' dir='ltr'><strong>illa?Con-</strong></span> 
     </span>
    </p>
   </div>
   <div class='ocr_carea' id='block_1_23' title="bbox 281 1158 1072 1193">
    <p class='ocr_par' dir='ltr' id='par_1_23' title="bbox 281 1158 1072 1193">
     <span class='ocr_line' id='line_1_23' title="bbox 281 1158 1072 1193; baseline -0.001 -7"><span class='ocrx_word' id='word_1_165' title='bbox 281 1158 360 1192; x_wconf 76' lang='lat' dir='ltr'><strong>tingit</strong></span> <span class='ocrx_word' id='word_1_166' title='bbox 371 1158 513 1192; x_wconf 81' lang='lat' dir='ltr'><strong>aliquando</strong></span> <span class='ocrx_word' id='word_1_167' title='bbox 534 1159 705 1192; x_wconf 72' lang='lat' dir='ltr'><strong>ptenitentem</strong></span> <span class='ocrx_word' id='word_1_168' title='bbox 724 1158 805 1185; x_wconf 88' lang='lat' dir='ltr'><strong>ntnlta</strong></span> <span class='ocrx_word' id='word_1_169' title='bbox 820 1163 892 1185; x_wconf 90' lang='lat' dir='ltr'><strong>recte</strong></span> <span class='ocrx_word' id='word_1_170' title='bbox 907 1163 931 1185; x_wconf 88' lang='lat' dir='ltr'><strong>et</strong></span> <span class='ocrx_word' id='word_1_171' title='bbox 944 1158 1072 1193; x_wconf 73' lang='lat' dir='ltr'><strong>prmclare</strong></span> 
     </span>
    </p>
   </div>
   <div class='ocr_carea' id='block_1_24' title="bbox 281 1203 1072 1238">
    <p class='ocr_par' dir='ltr' id='par_1_24' title="bbox 281 1203 1072 1238">
     <span class='ocr_line' id='line_1_24' title="bbox 281 1203 1072 1238; baseline 0 -8"><span class='ocrx_word' id='word_1_172' title='bbox 281 1211 359 1238; x_wconf 82' lang='lat' dir='ltr'><strong>agere</strong></span> <span class='ocrx_word' id='word_1_173' title='bbox 375 1213 381 1230; x_wconf 90' lang='lat'>:</span> <span class='ocrx_word' id='word_1_174' title='bbox 401 1203 558 1238; x_wconf 86' lang='lat' dir='ltr'><strong>interimque</strong></span> <span class='ocrx_word' id='word_1_175' title='bbox 579 1211 594 1230; x_wconf 88' lang='lat' dir='ltr'><strong>a</strong></span> <span class='ocrx_word' id='word_1_176' title='bbox 608 1203 684 1230; x_wconf 85' lang='lat' dir='ltr'><strong>bonis</strong></span> <span class='ocrx_word' id='word_1_177' title='bbox 695 1203 820 1238; x_wconf 88' lang='lat' dir='ltr'><strong>operibus</strong></span> <span class='ocrx_word' id='word_1_178' title='bbox 840 1203 893 1230; x_wconf 86' lang='lat' dir='ltr'><strong>labi</strong></span> <span class='ocrx_word' id='word_1_179' title='bbox 912 1211 958 1238; x_wconf 91' lang='lat' dir='ltr'><strong>per</strong></span> <span class='ocrx_word' id='word_1_180' title='bbox 970 1204 1072 1238; x_wconf 71' lang='lat' dir='ltr'><strong>peccati</strong></span> 
     </span>
    </p>
   </div>
   <div class='ocr_carea' id='block_1_25' title="bbox 285 1248 1072 1285">
    <p class='ocr_par' dir='ltr' id='par_1_25' title="bbox 285 1248 1072 1285">
     <span class='ocr_line' id='line_1_25' title="bbox 285 1248 1072 1285; baseline -0.001 -10"><span class='ocrx_word' id='word_1_181' title='bbox 285 1249 348 1285; x_wconf 36' lang='lat' dir='ltr'><strong>ipsis</strong></span> <span class='ocrx_word' id='word_1_182' title='bbox 363 1253 436 1277; x_wconf 86' lang='lat' dir='ltr'><strong>recte</strong></span> <span class='ocrx_word' id='word_1_183' title='bbox 460 1248 536 1276; x_wconf 89' lang='lat' dir='ltr'><strong>factis</strong></span> <span class='ocrx_word' id='word_1_184' title='bbox 559 1249 686 1283; x_wconf 80' lang='lat' dir='ltr'><strong>gravitate</strong></span> <span class='ocrx_word' id='word_1_185' title='bbox 700 1249 790 1283; x_wconf 82' lang='lat' dir='ltr'><strong>paria:</strong></span> <span class='ocrx_word' id='word_1_186' title='bbox 807 1253 834 1275; x_wconf 91' lang='lat' dir='ltr'><strong>et</strong></span> <span class='ocrx_word' id='word_1_187' title='bbox 851 1249 901 1275; x_wconf 89' lang='lat' dir='ltr'><strong>ltoc</strong></span> <span class='ocrx_word' id='word_1_188' title='bbox 918 1249 1032 1276; x_wconf 84' lang='lat' dir='ltr'><strong>maxime</strong></span> <span class='ocrx_word' id='word_1_189' title='bbox 1046 1248 1072 1275; x_wconf 81' lang='lat' dir='ltr'><strong>in</strong></span> 
     </span>
    </p>
   </div>
   <div class='ocr_carea' id='block_1_26' title="bbox 282 1294 1071 1329">
    <p class='ocr_par' dir='ltr' id='par_1_26' title="bbox 282 1294 1071 1329">
     <span class='ocr_line' id='line_1_26' title="bbox 282 1294 1071 1329; baseline -0.003 -8"><span class='ocrx_word' id='word_1_190' title='bbox 282 1295 494 1329; x_wconf 81' lang='lat' dir='ltr'><strong>desperatimtem</strong></span> <span class='ocrx_word' id='word_1_191' title='bbox 516 1294 626 1328; x_wconf 86' lang='lat' dir='ltr'><strong>injicere</strong></span> <span class='ocrx_word' id='word_1_192' title='bbox 646 1294 735 1326; x_wconf 80' lang='lat' dir='ltr'><strong>valet;</strong></span> <span class='ocrx_word' id='word_1_193' title='bbox 762 1301 792 1320; x_wconf 87' lang='lat' dir='ltr'><strong>ac</strong></span> <span class='ocrx_word' id='word_1_194' title='bbox 811 1294 834 1320; x_wconf 85' lang='lat' dir='ltr'><strong>si</strong></span> <span class='ocrx_word' id='word_1_195' title='bbox 858 1301 889 1320; x_wconf 89' lang='lat' dir='ltr'><strong>ea</strong></span> <span class='ocrx_word' id='word_1_196' title='bbox 923 1301 982 1327; x_wconf 73' lang='lat' dir='ltr'><strong>qua:</strong></span> <span class='ocrx_word' id='word_1_197' title='bbox 1005 1300 1071 1319; x_wconf 90' lang='lat' dir='ltr'><strong>con-</strong></span> 
     </span>
    </p>
   </div>
   <div class='ocr_carea' id='block_1_27' title="bbox 287 1338 1074 1373">
    <p class='ocr_par' dir='ltr' id='par_1_27' title="bbox 287 1338 1074 1373">
     <span class='ocr_line' id='line_1_27' title="bbox 287 1338 1074 1373; baseline -0.001 -7"><span class='ocrx_word' id='word_1_198' title='bbox 287 1345 388 1367; x_wconf 78' lang='lat' dir='ltr'><strong>structa</strong></span> <span class='ocrx_word' id='word_1_199' title='bbox 405 1339 508 1367; x_wconf 76' lang='lat' dir='ltr'><strong>fuerant</strong></span> <span class='ocrx_word' id='word_1_200' title='bbox 519 1339 606 1367; x_wconf 85' lang='lat' dir='ltr'><strong>diruta</strong></span> <span class='ocrx_word' id='word_1_201' title='bbox 619 1340 689 1373; x_wconf 76' lang='lat' dir='ltr'><strong>sint,</strong></span> <span class='ocrx_word' id='word_1_202' title='bbox 705 1345 732 1367; x_wconf 94' lang='lat' dir='ltr'><strong>et</strong></span> <span class='ocrx_word' id='word_1_203' title='bbox 755 1339 849 1367; x_wconf 80' lang='lat' dir='ltr'><strong>frustra</strong></span> <span class='ocrx_word' id='word_1_204' title='bbox 872 1339 984 1366; x_wconf 87' lang='lat' dir='ltr'><strong>cesserit</strong></span> <span class='ocrx_word' id='word_1_205' title='bbox 997 1338 1074 1365; x_wconf 88' lang='lat' dir='ltr'><strong>labor</strong></span> 
     </span>
    </p>
   </div>
   <div class='ocr_carea' id='block_1_28' title="bbox 283 1385 1071 1421">
    <p class='ocr_par' dir='ltr' id='par_1_28' title="bbox 283 1385 1071 1421">
     <span class='ocr_line' id='line_1_28' title="bbox 283 1385 1071 1421; baseline -0.001 -8"><span class='ocrx_word' id='word_1_206' title='bbox 283 1387 309 1413; x_wconf 93' lang='lat' dir='ltr'><strong>in</strong></span> <span class='ocrx_word' id='word_1_207' title='bbox 323 1387 374 1413; x_wconf 84' lang='lat' dir='ltr'><strong>illis</strong></span> <span class='ocrx_word' id='word_1_208' title='bbox 387 1385 506 1421; x_wconf 79' lang='lat' dir='ltr'><strong>agendis.</strong></span> <span class='ocrx_word' id='word_1_209' title='bbox 521 1385 632 1420; x_wconf 86' lang='lat' dir='ltr'><strong>Oportet</strong></span> <span class='ocrx_word' id='word_1_210' title='bbox 645 1390 733 1413; x_wconf 88' lang='lat' dir='ltr'><strong>autetn</strong></span> <span class='ocrx_word' id='word_1_211' title='bbox 749 1386 799 1413; x_wconf 88' lang='lat' dir='ltr'><strong>ltoc</strong></span> <span class='ocrx_word' id='word_1_212' title='bbox 821 1390 909 1412; x_wconf 78' lang='lat' dir='ltr'><strong>mente</strong></span> <span class='ocrx_word' id='word_1_213' title='bbox 930 1389 1053 1420; x_wconf 83' lang='lat' dir='ltr'><strong>reputare</strong></span> <span class='ocrx_word' id='word_1_214' title='bbox 1063 1406 1071 1418; x_wconf 91' lang='lat'><strong>,</strong></span> 
     </span>
    </p>
   </div>
   <div class='ocr_carea' id='block_1_29' title="bbox 283 1431 1073 1466">
    <p class='ocr_par' dir='ltr' id='par_1_29' title="bbox 283 1431 1073 1466">
     <span class='ocr_line' id='line_1_29' title="bbox 283 1431 1073 1466; baseline -0.001 -8"><span class='ocrx_word' id='word_1_215' title='bbox 283 1437 309 1458; x_wconf 91' lang='lat' dir='ltr'><strong>et</strong></span> <span class='ocrx_word' id='word_1_216' title='bbox 331 1431 399 1458; x_wconf 92' lang='lat' dir='ltr'><strong>hanc</strong></span> <span class='ocrx_word' id='word_1_217' title='bbox 422 1431 607 1466; x_wconf 79' lang='lat' dir='ltr'><strong>cogitationem</strong></span> <span class='ocrx_word' id='word_1_218' title='bbox 629 1431 786 1466; x_wconf 85' lang='lat' dir='ltr'><strong>depellere:</strong></span> <span class='ocrx_word' id='word_1_219' title='bbox 809 1432 933 1465; x_wconf 88' lang='lat' dir='ltr'><strong>quoniam</strong></span> <span class='ocrx_word' id='word_1_220' title='bbox 956 1431 978 1458; x_wconf 88' lang='lat' dir='ltr'><strong>si</strong></span> <span class='ocrx_word' id='word_1_221' title='bbox 1000 1436 1073 1458; x_wconf 86' lang='lat' dir='ltr'><strong>recte</strong></span> 
     </span>
    </p>
   </div>
   <div class='ocr_carea' id='block_1_30' title="bbox 283 1476 1071 1511">
    <p class='ocr_par' dir='ltr' id='par_1_30' title="bbox 283 1476 1071 1511">
     <span class='ocr_line' id='line_1_30' title="bbox 283 1476 1071 1511; baseline 0 -8"><span class='ocrx_word' id='word_1_222' title='bbox 283 1476 410 1504; x_wconf 86' lang='lat' dir='ltr'><strong>factorum</strong></span> <span class='ocrx_word' id='word_1_223' title='bbox 423 1484 572 1503; x_wconf 87' lang='lat' dir='ltr'><strong>mensuram</strong></span> <span class='ocrx_word' id='word_1_224' title='bbox 585 1496 592 1508; x_wconf 82' lang='lat'><strong>,</strong></span> <span class='ocrx_word' id='word_1_225' title='bbox 609 1477 737 1510; x_wconf 69' lang='lat' dir='ltr'><strong>aequalem</strong></span> <span class='ocrx_word' id='word_1_226' title='bbox 758 1477 873 1510; x_wconf 78' lang='lat' dir='ltr'><strong>peccatis</strong></span> <span class='ocrx_word' id='word_1_227' title='bbox 884 1498 890 1508; x_wconf 88' lang='lat'><strong>,</strong></span> <span class='ocrx_word' id='word_1_228' title='bbox 906 1485 965 1511; x_wconf 79' lang='lat' dir='ltr'><strong>qua:</strong></span> <span class='ocrx_word' id='word_1_229' title='bbox 981 1480 1071 1511; x_wconf 86' lang='lat' dir='ltr'><strong>postea</strong></span> 
     </span>
    </p>
   </div>
   <div class='ocr_carea' id='block_1_31' title="bbox 283 1521 1074 1556">
    <p class='ocr_par' dir='ltr' id='par_1_31' title="bbox 283 1521 1074 1556">
     <span class='ocr_line' id='line_1_31' title="bbox 283 1521 1074 1556; baseline 0 -8"><span class='ocrx_word' id='word_1_230' title='bbox 283 1522 424 1549; x_wconf 89' lang='lat' dir='ltr'><strong>commissa</strong></span> <span class='ocrx_word' id='word_1_231' title='bbox 434 1527 508 1554; x_wconf 88' lang='lat' dir='ltr'><strong>sunt,</strong></span> <span class='ocrx_word' id='word_1_232' title='bbox 521 1529 573 1548; x_wconf 90' lang='lat' dir='ltr'><strong>non</strong></span> <span class='ocrx_word' id='word_1_233' title='bbox 584 1521 731 1556; x_wconf 86' lang='lat' dir='ltr'><strong>depositam</strong></span> <span class='ocrx_word' id='word_1_234' title='bbox 742 1521 898 1554; x_wconf 83' lang='lat' dir='ltr'><strong>habeamus,</strong></span> <span class='ocrx_word' id='word_1_235' title='bbox 912 1522 977 1549; x_wconf 85' lang='lat' dir='ltr'><strong>nihil</strong></span> <span class='ocrx_word' id='word_1_236' title='bbox 989 1522 1074 1556; x_wconf 90' lang='lat' dir='ltr'><strong>prohi-</strong></span> 
     </span>
    </p>
   </div>
   <div class='ocr_carea' id='block_1_32' title="bbox 283 1567 1072 1603">
    <p class='ocr_par' dir='ltr' id='par_1_32' title="bbox 283 1567 1072 1603">
     <span class='ocr_line' id='line_1_32' title="bbox 283 1567 1072 1603; baseline -0.001 -8"><span class='ocrx_word' id='word_1_237' title='bbox 283 1568 355 1595; x_wconf 87' lang='lat' dir='ltr'><strong>bebit</strong></span> <span class='ocrx_word' id='word_1_238' title='bbox 375 1568 516 1603; x_wconf 89' lang='lat' dir='ltr'><strong>quominus</strong></span> <span class='ocrx_word' id='word_1_239' title='bbox 536 1569 641 1602; x_wconf 87' lang='lat' dir='ltr'><strong>penitus</strong></span> <span class='ocrx_word' id='word_1_240' title='bbox 655 1568 845 1602; x_wconf 78' lang='lat' dir='ltr'><strong>deprimantur.</strong></span> <span class='ocrx_word' id='word_1_241' title='bbox 861 1569 895 1595; x_wconf 86' lang='lat' dir='ltr'><strong>At</strong></span> <span class='ocrx_word' id='word_1_242' title='bbox 917 1572 988 1596; x_wconf 86' lang='lat' dir='ltr'><strong>recte</strong></span> <span class='ocrx_word' id='word_1_243' title='bbox 1002 1567 1072 1594; x_wconf 88' lang='lat' dir='ltr'><strong>facta</strong></span> 
     </span>
    </p>
   </div>
   <div class='ocr_carea' id='block_1_33' title="bbox 283 1613 1074 1648">
    <p class='ocr_par' dir='ltr' id='par_1_33' title="bbox 283 1613 1074 1648">
     <span class='ocr_line' id='line_1_33' title="bbox 283 1613 1074 1648; baseline 0 -8"><span class='ocrx_word' id='word_1_244' title='bbox 283 1614 326 1640; x_wconf 92' lang='lat' dir='ltr'><strong>illa</strong></span> <span class='ocrx_word' id='word_1_245' title='bbox 342 1619 405 1640; x_wconf 90' lang='lat' dir='ltr'><strong>sunt</strong></span> <span class='ocrx_word' id='word_1_246' title='bbox 424 1613 505 1640; x_wconf 89' lang='lat' dir='ltr'><strong>veluti</strong></span> <span class='ocrx_word' id='word_1_247' title='bbox 530 1613 625 1640; x_wconf 81' lang='lat' dir='ltr'><strong>thorax</strong></span> <span class='ocrx_word' id='word_1_248' title='bbox 647 1613 734 1645; x_wconf 85' lang='lat' dir='ltr'><strong>fortis,</strong></span> <span class='ocrx_word' id='word_1_249' title='bbox 749 1613 793 1648; x_wconf 88' lang='lat' dir='ltr'><strong>qui</strong></span> <span class='ocrx_word' id='word_1_250' title='bbox 808 1617 913 1640; x_wconf 89' lang='lat' dir='ltr'><strong>acutntn</strong></span> <span class='ocrx_word' id='word_1_251' title='bbox 935 1613 1074 1640; x_wconf 87' lang='lat' dir='ltr'><strong>acerbum-</strong></span> 
     </span>
    </p>
   </div>
   <div class='ocr_carea' id='block_1_34' title="bbox 285 1659 1074 1694">
    <p class='ocr_par' dir='ltr' id='par_1_34' title="bbox 285 1659 1074 1694">
     <span class='ocr_line' id='line_1_34' title="bbox 285 1659 1074 1694; baseline 0 -8"><span class='ocrx_word' id='word_1_252' title='bbox 285 1667 337 1694; x_wconf 85' lang='lat' dir='ltr'><strong>que</strong></span> <span class='ocrx_word' id='word_1_253' title='bbox 352 1659 433 1686; x_wconf 84' lang='lat' dir='ltr'><strong>tclum</strong></span> <span class='ocrx_word' id='word_1_254' title='bbox 453 1659 573 1693; x_wconf 84' lang='lat' dir='ltr'><strong>reprimit</strong></span> <span class='ocrx_word' id='word_1_255' title='bbox 587 1667 620 1686; x_wconf 90' lang='lat' dir='ltr'><strong>ne</strong></span> <span class='ocrx_word' id='word_1_256' title='bbox 635 1667 700 1693; x_wconf 81' lang='lat' dir='ltr'><strong>opus</strong></span> <span class='ocrx_word' id='word_1_257' title='bbox 714 1667 790 1686; x_wconf 90' lang='lat' dir='ltr'><strong>sttunt</strong></span> <span class='ocrx_word' id='word_1_258' title='bbox 806 1659 940 1694; x_wconf 85' lang='lat' dir='ltr'><strong>perficiat,</strong></span> <span class='ocrx_word' id='word_1_259' title='bbox 957 1659 1003 1686; x_wconf 86' lang='lat' dir='ltr'><strong>sed</strong></span> <span class='ocrx_word' id='word_1_260' title='bbox 1018 1659 1074 1694; x_wconf 85' lang='lat' dir='ltr'><strong>ipse</strong></span> 
     </span>
    </p>
   </div>
   <div class='ocr_carea' id='block_1_35' title="bbox 284 1704 1073 1739">
    <p class='ocr_par' dir='ltr' id='par_1_35' title="bbox 284 1704 1073 1739">
     <span class='ocr_line' id='line_1_35' title="bbox 284 1704 1073 1739; baseline -0.001 -8"><span class='ocrx_word' id='word_1_261' title='bbox 284 1705 413 1732; x_wconf 79' lang='lat' dir='ltr'><strong>discissus</strong></span> <span class='ocrx_word' id='word_1_262' title='bbox 431 1705 542 1731; x_wconf 88' lang='lat' dir='ltr'><strong>tnnltntn</strong></span> <span class='ocrx_word' id='word_1_263' title='bbox 567 1705 675 1739; x_wconf 72' lang='lat' dir='ltr'><strong>periculi</strong></span> <span class='ocrx_word' id='word_1_264' title='bbox 699 1709 818 1732; x_wconf 77' lang='lat' dir='ltr'><strong>remmet</strong></span> <span class='ocrx_word' id='word_1_265' title='bbox 843 1712 858 1731; x_wconf 73' lang='grc' dir='ltr'><strong>ιι</strong></span> <span class='ocrx_word' id='word_1_266' title='bbox 872 1711 994 1738; x_wconf 83' lang='lat' dir='ltr'><strong>carpere.</strong></span> <span class='ocrx_word' id='word_1_267' title='bbox 1009 1704 1073 1731; x_wconf 87' lang='lat' dir='ltr'><strong>Nam</strong></span> 
     </span>
    </p>
   </div>
   <div class='ocr_carea' id='block_1_36' title="bbox 285 1750 1075 1785">
    <p class='ocr_par' dir='ltr' id='par_1_36' title="bbox 285 1750 1075 1785">
     <span class='ocr_line' id='line_1_36' title="bbox 285 1750 1075 1785; baseline 0.003 -9"><span class='ocrx_word' id='word_1_268' title='bbox 285 1752 329 1785; x_wconf 89' lang='lat' dir='ltr'><strong>qui</strong></span> <span class='ocrx_word' id='word_1_269' title='bbox 344 1758 403 1778; x_wconf 90' lang='lat' dir='ltr'><strong>cum</strong></span> <span class='ocrx_word' id='word_1_270' title='bbox 424 1751 515 1777; x_wconf 89' lang='lat' dir='ltr'><strong>multis</strong></span> <span class='ocrx_word' id='word_1_271' title='bbox 533 1755 587 1778; x_wconf 92' lang='lat' dir='ltr'><strong>tum</strong></span> <span class='ocrx_word' id='word_1_272' title='bbox 613 1751 690 1778; x_wconf 87' lang='lat' dir='ltr'><strong>bonis</strong></span> <span class='ocrx_word' id='word_1_273' title='bbox 708 1757 761 1777; x_wconf 87' lang='lat' dir='ltr'><strong>tttm</strong></span> <span class='ocrx_word' id='word_1_274' title='bbox 781 1750 859 1778; x_wconf 88' lang='lat' dir='ltr'><strong>malis</strong></span> <span class='ocrx_word' id='word_1_275' title='bbox 871 1751 995 1785; x_wconf 89' lang='lat' dir='ltr'><strong>operibus</strong></span> <span class='ocrx_word' id='word_1_276' title='bbox 1013 1751 1075 1778; x_wconf 89' lang='lat' dir='ltr'><strong>illuc</strong></span> 
     </span>
    </p>
   </div>
   <div class='ocr_carea' id='block_1_37' title="bbox 285 1795 1074 1831">
    <p class='ocr_par' dir='ltr' id='par_1_37' title="bbox 285 1795 1074 1831">
     <span class='ocr_line' id='line_1_37' title="bbox 285 1795 1074 1831; baseline -0.003 -7"><span class='ocrx_word' id='word_1_277' title='bbox 285 1797 412 1828; x_wconf 90' lang='lat' dir='ltr'><strong>abscedit,</strong></span> <span class='ocrx_word' id='word_1_278' title='bbox 429 1797 538 1824; x_wconf 86' lang='lat' dir='ltr'><strong>habebit</strong></span> <span class='ocrx_word' id='word_1_279' title='bbox 559 1797 657 1831; x_wconf 86' lang='lat' dir='ltr'><strong>aliquid</strong></span> <span class='ocrx_word' id='word_1_280' title='bbox 682 1797 771 1824; x_wconf 84' lang='lat' dir='ltr'><strong>solatii</strong></span> <span class='ocrx_word' id='word_1_281' title='bbox 788 1797 813 1823; x_wconf 93' lang='lat' dir='ltr'><strong>in</strong></span> <span class='ocrx_word' id='word_1_282' title='bbox 838 1795 986 1830; x_wconf 84' lang='lat' dir='ltr'><strong>supplicio,</strong></span> <span class='ocrx_word' id='word_1_283' title='bbox 1008 1801 1035 1822; x_wconf 91' lang='lat' dir='ltr'><strong>et</strong></span> <span class='ocrx_word' id='word_1_284' title='bbox 1048 1796 1074 1823; x_wconf 94' lang='lat' dir='ltr'><strong>in</strong></span> 
     </span>
    </p>
   </div>
   <div class='ocr_carea' id='block_1_38' title="bbox 287 1842 1073 1877">
    <p class='ocr_par' dir='ltr' id='par_1_38' title="bbox 287 1842 1073 1877">
     <span class='ocr_line' id='line_1_38' title="bbox 287 1842 1073 1877; baseline -0.001 -8"><span class='ocrx_word' id='word_1_285' title='bbox 287 1843 464 1875; x_wconf 67' lang='lat' dir='ltr'><strong>cruciatibus;</strong></span> <span class='ocrx_word' id='word_1_286' title='bbox 487 1843 530 1877; x_wconf 92' lang='lat' dir='ltr'><strong>qui</strong></span> <span class='ocrx_word' id='word_1_287' title='bbox 552 1848 641 1870; x_wconf 87' lang='lat' dir='ltr'><strong>autem</strong></span> <span class='ocrx_word' id='word_1_288' title='bbox 671 1842 799 1869; x_wconf 76' lang='lat' dir='ltr'><strong>bonarum</strong></span> <span class='ocrx_word' id='word_1_289' title='bbox 827 1849 936 1875; x_wconf 82' lang='lat' dir='ltr'><strong>operum</strong></span> <span class='ocrx_word' id='word_1_290' title='bbox 960 1849 1073 1875; x_wconf 69' lang='lat' dir='ltr'><strong>expers,</strong></span> 
     </span>
    </p>
   </div>
   <div class='ocr_carea' id='block_1_39' title="bbox 285 1886 1074 1922">
    <p class='ocr_par' dir='ltr' id='par_1_39' title="bbox 285 1886 1074 1922">
     <span class='ocr_line' id='line_1_39' title="bbox 285 1886 1074 1922; baseline -0.005 -7"><span class='ocrx_word' id='word_1_291' title='bbox 285 1888 351 1915; x_wconf 84' lang='lat' dir='ltr'><strong>mala</strong></span> <span class='ocrx_word' id='word_1_292' title='bbox 367 1891 466 1922; x_wconf 84' lang='lat' dir='ltr'><strong>tantum</strong></span> <span class='ocrx_word' id='word_1_293' title='bbox 489 1894 579 1914; x_wconf 76' lang='lat' dir='ltr'><strong>serum</strong></span> <span class='ocrx_word' id='word_1_294' title='bbox 596 1887 682 1914; x_wconf 71' lang='lat' dir='ltr'><strong>defert</strong></span> <span class='ocrx_word' id='word_1_295' title='bbox 694 1908 701 1918; x_wconf 89' lang='lat'><strong>,</strong></span> <span class='ocrx_word' id='word_1_296' title='bbox 716 1886 768 1913; x_wconf 90' lang='lat' dir='ltr'><strong>dici</strong></span> <span class='ocrx_word' id='word_1_297' title='bbox 787 1887 875 1920; x_wconf 89' lang='lat' dir='ltr'><strong>nequit</strong></span> <span class='ocrx_word' id='word_1_298' title='bbox 892 1891 988 1920; x_wconf 88' lang='lat' dir='ltr'><strong>quanta</strong></span> <span class='ocrx_word' id='word_1_299' title='bbox 1013 1893 1074 1920; x_wconf 88' lang='lat' dir='ltr'><strong>pas-</strong></span> 
     </span>
    </p>
   </div>
   <div class='ocr_carea' id='block_1_40' title="bbox 284 1932 1074 1966">
    <p class='ocr_par' dir='ltr' id='par_1_40' title="bbox 284 1932 1074 1966">
     <span class='ocr_line' id='line_1_40' title="bbox 284 1932 1074 1966; baseline -0.001 -7"><span class='ocrx_word' id='word_1_300' title='bbox 284 1941 362 1960; x_wconf 83' lang='lat' dir='ltr'><strong>surus</strong></span> <span class='ocrx_word' id='word_1_301' title='bbox 375 1933 408 1960; x_wconf 88' lang='lat' dir='ltr'><strong>sit</strong></span> <span class='ocrx_word' id='word_1_302' title='bbox 420 1954 427 1966; x_wconf 89' lang='lat'><strong>,</strong></span> <span class='ocrx_word' id='word_1_303' title='bbox 441 1933 473 1960; x_wconf 91' lang='lat' dir='ltr'><strong>ad</strong></span> <span class='ocrx_word' id='word_1_304' title='bbox 487 1937 616 1960; x_wconf 64' lang='lat' dir='ltr'><strong>a‘ternum</strong></span> <span class='ocrx_word' id='word_1_305' title='bbox 632 1932 789 1966; x_wconf 86' lang='lat' dir='ltr'><strong>supplicium</strong></span> <span class='ocrx_word' id='word_1_306' title='bbox 805 1932 950 1965; x_wconf 74' lang='lat' dir='ltr'><strong>ablegaws.</strong></span> <span class='ocrx_word' id='word_1_307' title='bbox 970 1932 1074 1959; x_wconf 76' lang='lat' dir='ltr'><strong>Etenim</strong></span> 
     </span>
    </p>
   </div>
   <div class='ocr_carea' id='block_1_41' title="bbox 286 1979 1073 2015">
    <p class='ocr_par' dir='ltr' id='par_1_41' title="bbox 286 1979 1073 2015">
     <span class='ocr_line' id='line_1_41' title="bbox 286 1979 1073 2015; baseline -0.001 -8"><span class='ocrx_word' id='word_1_308' title='bbox 286 1981 338 2008; x_wconf 90' lang='lat' dir='ltr'><strong>illic</strong></span> <span class='ocrx_word' id='word_1_309' title='bbox 352 1981 535 2015; x_wconf 82' lang='lat' dir='ltr'><strong>appendentur</strong></span> <span class='ocrx_word' id='word_1_310' title='bbox 547 1988 626 2015; x_wconf 87' lang='lat' dir='ltr'><strong>opera</strong></span> <span class='ocrx_word' id='word_1_311' title='bbox 654 1979 722 2006; x_wconf 83' lang='lat' dir='ltr'><strong>mala</strong></span> <span class='ocrx_word' id='word_1_312' title='bbox 736 2001 743 2012; x_wconf 87' lang='lat'><strong>,</strong></span> <span class='ocrx_word' id='word_1_313' title='bbox 758 1987 818 2006; x_wconf 90' lang='lat' dir='ltr'><strong>cum</strong></span> <span class='ocrx_word' id='word_1_314' title='bbox 829 1979 887 2006; x_wconf 89' lang='lat' dir='ltr'><strong>aliis</strong></span> <span class='ocrx_word' id='word_1_315' title='bbox 901 1988 953 2006; x_wconf 86' lang='lat' dir='ltr'><strong>non</strong></span> <span class='ocrx_word' id='word_1_316' title='bbox 969 1980 1073 2012; x_wconf 86' lang='lat' dir='ltr'><strong>talibus,</strong></span> 
     </span>
    </p>
   </div>
   <div class='ocr_carea' id='block_1_42' title="bbox 285 2024 1074 2060">
    <p class='ocr_par' dir='ltr' id='par_1_42' title="bbox 285 2024 1074 2060">
     <span class='ocr_line' id='line_1_42' title="bbox 285 2024 1074 2060; baseline -0.004 -7"><span class='ocrx_word' id='word_1_317' title='bbox 285 2031 311 2053; x_wconf 82' lang='lat' dir='ltr'><strong>et</strong></span> <span class='ocrx_word' id='word_1_318' title='bbox 328 2027 349 2053; x_wconf 86' lang='lat' dir='ltr'><strong>si</strong></span> <span class='ocrx_word' id='word_1_319' title='bbox 370 2028 426 2053; x_wconf 75' lang='lat' dir='ltr'><strong>htec</strong></span> <span class='ocrx_word' id='word_1_320' title='bbox 439 2032 569 2060; x_wconf 88' lang='lat' dir='ltr'><strong>postrema</strong></span> <span class='ocrx_word' id='word_1_321' title='bbox 585 2026 686 2052; x_wconf 87' lang='lat' dir='ltr'><strong>lancem</strong></span> <span class='ocrx_word' id='word_1_322' title='bbox 704 2025 862 2060; x_wconf 77' lang='lat' dir='ltr'><strong>deprimant,</strong></span> <span class='ocrx_word' id='word_1_323' title='bbox 877 2033 929 2051; x_wconf 89' lang='lat' dir='ltr'><strong>non</strong></span> <span class='ocrx_word' id='word_1_324' title='bbox 945 2024 1074 2051; x_wconf 83' lang='lat' dir='ltr'><strong>tnodiCam</strong></span> 
     </span>
    </p>
   </div>
   <div class='ocr_carea' id='block_1_43' title="bbox 285 2070 1077 2106">
    <p class='ocr_par' dir='ltr' id='par_1_43' title="bbox 285 2070 1077 2106">
     <span class='ocr_line' id='line_1_43' title="bbox 285 2070 1077 2106; baseline -0.004 -7"><span class='ocrx_word' id='word_1_325' title='bbox 285 2073 398 2099; x_wconf 74' lang='lat' dir='ltr'><strong>salutem</strong></span> <span class='ocrx_word' id='word_1_326' title='bbox 410 2072 520 2099; x_wconf 75' lang='lat' dir='ltr'><strong>afferent</strong></span> <span class='ocrx_word' id='word_1_327' title='bbox 537 2072 637 2098; x_wconf 69' lang='lat' dir='ltr'><strong>auctori</strong></span> <span class='ocrx_word' id='word_1_328' title='bbox 655 2080 662 2098; x_wconf 91' lang='lat'><strong>:</strong></span> <span class='ocrx_word' id='word_1_329' title='bbox 683 2079 768 2106; x_wconf 88' lang='lat' dir='ltr'><strong>neque</strong></span> <span class='ocrx_word' id='word_1_330' title='bbox 785 2075 883 2097; x_wconf 80' lang='lat' dir='ltr'><strong>tantum</strong></span> <span class='ocrx_word' id='word_1_331' title='bbox 902 2071 953 2097; x_wconf 81' lang='lat' dir='ltr'><strong>vim</strong></span> <span class='ocrx_word' id='word_1_332' title='bbox 971 2070 1077 2097; x_wconf 85' lang='lat' dir='ltr'><strong>habebit</strong></span> 
     </span>
    </p>
   </div>
   <div class='ocr_carea' id='block_1_44' title="bbox 288 2116 1076 2152">
    <p class='ocr_par' dir='ltr' id='par_1_44' title="bbox 288 2116 1076 2152">
     <span class='ocr_line' id='line_1_44' title="bbox 288 2116 1076 2152; baseline 0 -9"><span class='ocrx_word' id='word_1_333' title='bbox 288 2117 415 2144; x_wconf 80' lang='lat' dir='ltr'><strong>malorum</strong></span> <span class='ocrx_word' id='word_1_334' title='bbox 427 2125 536 2152; x_wconf 84' lang='lat' dir='ltr'><strong>operum</strong></span> <span class='ocrx_word' id='word_1_335' title='bbox 552 2125 629 2148; x_wconf 84' lang='lat' dir='ltr'><strong>noxa,</strong></span> <span class='ocrx_word' id='word_1_336' title='bbox 646 2122 672 2143; x_wconf 94' lang='lat' dir='ltr'><strong>ut</strong></span> <span class='ocrx_word' id='word_1_337' title='bbox 683 2124 742 2143; x_wconf 87' lang='lat' dir='ltr'><strong>cum</strong></span> <span class='ocrx_word' id='word_1_338' title='bbox 760 2116 792 2142; x_wconf 86' lang='lat' dir='ltr'><strong>de</strong></span> <span class='ocrx_word' id='word_1_339' title='bbox 809 2117 865 2142; x_wconf 89' lang='lat' dir='ltr'><strong>loco</strong></span> <span class='ocrx_word' id='word_1_340' title='bbox 877 2123 924 2142; x_wconf 87' lang='lat' dir='ltr'><strong>suo</strong></span> <span class='ocrx_word' id='word_1_341' title='bbox 937 2116 1076 2143; x_wconf 83' lang='lat' dir='ltr'><strong>deturbare</strong></span> 
     </span>
    </p>
   </div>
   <div class='ocr_carea' id='block_1_45' title="bbox 287 2161 1077 2196">
    <p class='ocr_par' dir='ltr' id='par_1_45' title="bbox 287 2161 1077 2196">
     <span class='ocr_line' id='line_1_45' title="bbox 287 2161 1077 2196; baseline 0 -8"><span class='ocrx_word' id='word_1_342' title='bbox 287 2162 385 2196; x_wconf 77' lang='lat' dir='ltr'><strong>possit;</strong></span> <span class='ocrx_word' id='word_1_343' title='bbox 407 2163 428 2189; x_wconf 91' lang='lat' dir='ltr'><strong>si</strong></span> <span class='ocrx_word' id='word_1_344' title='bbox 444 2167 531 2189; x_wconf 85' lang='lat' dir='ltr'><strong>autent</strong></span> <span class='ocrx_word' id='word_1_345' title='bbox 549 2162 616 2188; x_wconf 87' lang='lat' dir='ltr'><strong>mala</strong></span> <span class='ocrx_word' id='word_1_346' title='bbox 630 2170 709 2196; x_wconf 84' lang='lat' dir='ltr'><strong>opera</strong></span> <span class='ocrx_word' id='word_1_347' title='bbox 722 2161 891 2196; x_wconf 69' lang='lat' dir='ltr'><strong>pratvaleanl,</strong></span> <span class='ocrx_word' id='word_1_348' title='bbox 908 2162 933 2187; x_wconf 94' lang='lat' dir='ltr'><strong>in</strong></span> <span class='ocrx_word' id='word_1_349' title='bbox 950 2161 1077 2196; x_wconf 68' lang='lat' dir='ltr'><strong>geltcnnte</strong></span> 
     </span>
    </p>
   </div>
   <div class='ocr_carea' id='block_1_46' title="bbox 287 2207 1077 2242">
    <p class='ocr_par' dir='ltr' id='par_1_46' title="bbox 287 2207 1077 2242">
     <span class='ocr_line' id='line_1_46' title="bbox 287 2207 1077 2242; baseline 0 -8"><span class='ocrx_word' id='word_1_350' title='bbox 287 2208 374 2242; x_wconf 74' lang='lat' dir='ltr'><strong>ignem</strong></span> <span class='ocrx_word' id='word_1_351' title='bbox 397 2207 568 2242; x_wconf 76' lang='lat' dir='ltr'><strong>deprimunt;</strong></span> <span class='ocrx_word' id='word_1_352' title='bbox 585 2215 616 2234; x_wconf 83' lang='lat' dir='ltr'><strong>eo</strong></span> <span class='ocrx_word' id='word_1_353' title='bbox 631 2207 699 2242; x_wconf 89' lang='lat' dir='ltr'><strong>qttod</strong></span> <span class='ocrx_word' id='word_1_354' title='bbox 714 2208 841 2234; x_wconf 88' lang='lat' dir='ltr'><strong>bonortntt</strong></span> <span class='ocrx_word' id='word_1_355' title='bbox 862 2214 971 2241; x_wconf 84' lang='lat' dir='ltr'><strong>operum</strong></span> <span class='ocrx_word' id='word_1_356' title='bbox 986 2215 1077 2234; x_wconf 82' lang='lat' dir='ltr'><strong>nume-</strong></span> 
     </span>
    </p>
   </div>
   <div class='ocr_carea' id='block_1_47' title="bbox 288 2252 1077 2287">
    <p class='ocr_par' dir='ltr' id='par_1_47' title="bbox 288 2252 1077 2287">
     <span class='ocr_line' id='line_1_47' title="bbox 288 2252 1077 2287; baseline -0.001 -7"><span class='ocrx_word' id='word_1_357' title='bbox 288 2261 332 2280; x_wconf 85' lang='lat' dir='ltr'><strong>rus</strong></span> <span class='ocrx_word' id='word_1_358' title='bbox 343 2260 394 2280; x_wconf 90' lang='lat' dir='ltr'><strong>non</strong></span> <span class='ocrx_word' id='word_1_359' title='bbox 409 2253 431 2279; x_wconf 88' lang='lat' dir='ltr'><strong>is</strong></span> <span class='ocrx_word' id='word_1_360' title='bbox 443 2253 487 2285; x_wconf 83' lang='lat' dir='ltr'><strong>sit,</strong></span> <span class='ocrx_word' id='word_1_361' title='bbox 504 2253 547 2287; x_wconf 90' lang='lat' dir='ltr'><strong>qui</strong></span> <span class='ocrx_word' id='word_1_362' title='bbox 565 2252 647 2286; x_wconf 83' lang='lat' dir='ltr'><strong>possit</strong></span> <span class='ocrx_word' id='word_1_363' title='bbox 665 2252 857 2279; x_wconf 79' lang='lat' dir='ltr'><strong>vehementiori</strong></span> <span class='ocrx_word' id='word_1_364' title='bbox 873 2252 996 2287; x_wconf 90' lang='lat' dir='ltr'><strong>impulsui</strong></span> <span class='ocrx_word' id='word_1_365' title='bbox 1012 2260 1077 2280; x_wconf 78' lang='lat' dir='ltr'><strong>eon-</strong></span> 
     </span>
    </p>
   </div>
   <div class='ocr_carea' id='block_1_48' title="bbox 288 2298 1076 2332">
    <p class='ocr_par' dir='ltr' id='par_1_48' title="bbox 288 2298 1076 2332">
     <span class='ocr_line' id='line_1_48' title="bbox 288 2298 1076 2332; baseline 0 -7"><span class='ocrx_word' id='word_1_366' title='bbox 288 2299 370 2326; x_wconf 75' lang='lat' dir='ltr'><strong>ttario</strong></span> <span class='ocrx_word' id='word_1_367' title='bbox 382 2299 515 2326; x_wconf 82' lang='lat' dir='ltr'><strong>resistere.</strong></span> <span class='ocrx_word' id='word_1_368' title='bbox 530 2298 584 2324; x_wconf 92' lang='lat' dir='ltr'><strong>lloc</strong></span> <span class='ocrx_word' id='word_1_369' title='bbox 595 2305 672 2332; x_wconf 87' lang='lat' dir='ltr'><strong>porro</strong></span> <span class='ocrx_word' id='word_1_370' title='bbox 688 2306 740 2324; x_wconf 89' lang='lat' dir='ltr'><strong>non</strong></span> <span class='ocrx_word' id='word_1_371' title='bbox 755 2298 920 2324; x_wconf 86' lang='lat' dir='ltr'><strong>ratiocinium</strong></span> <span class='ocrx_word' id='word_1_372' title='bbox 937 2298 1016 2325; x_wconf 90' lang='lat' dir='ltr'><strong>modo</strong></span> <span class='ocrx_word' id='word_1_373' title='bbox 1029 2306 1076 2325; x_wconf 92' lang='lat' dir='ltr'><strong>no-</strong></span> 
     </span>
    </p>
   </div>
   <div class='ocr_carea' id='block_1_49' title="bbox 287 2343 1077 2377">
    <p class='ocr_par' dir='ltr' id='par_1_49' title="bbox 287 2343 1077 2377">
     <span class='ocr_line' id='line_1_49' title="bbox 287 2343 1077 2377; baseline 0 -7"><span class='ocrx_word' id='word_1_374' title='bbox 287 2350 372 2370; x_wconf 87' lang='lat' dir='ltr'><strong>strum</strong></span> <span class='ocrx_word' id='word_1_375' title='bbox 391 2343 516 2377; x_wconf 79' lang='lat' dir='ltr'><strong>suggerit,</strong></span> <span class='ocrx_word' id='word_1_376' title='bbox 538 2343 584 2370; x_wconf 85' lang='lat' dir='ltr'><strong>sed</strong></span> <span class='ocrx_word' id='word_1_377' title='bbox 595 2343 675 2370; x_wconf 88' lang='lat' dir='ltr'><strong>etiam</strong></span> <span class='ocrx_word' id='word_1_378' title='bbox 691 2343 777 2369; x_wconf 89' lang='lat' dir='ltr'><strong>divina</strong></span> <span class='ocrx_word' id='word_1_379' title='bbox 799 2343 922 2376; x_wconf 85' lang='lat' dir='ltr'><strong>oracula;</strong></span> <span class='ocrx_word' id='word_1_380' title='bbox 939 2343 995 2377; x_wconf 85' lang='lat' dir='ltr'><strong>ipse</strong></span> <span class='ocrx_word' id='word_1_381' title='bbox 1007 2344 1077 2371; x_wconf 91' lang='lat' dir='ltr'><strong>enim</strong></span> 
     </span>
    </p>
   </div>
   <div class='ocr_carea' id='block_1_50' title="bbox 289 2387 1076 2424">
    <p class='ocr_par' dir='ltr' id='par_1_50' title="bbox 289 2387 1076 2424">
     <span class='ocr_line' id='line_1_50' title="bbox 289 2387 1076 2424; baseline 0 -9"><span class='ocrx_word' id='word_1_382' title='bbox 289 2389 373 2424; x_wconf 86' lang='lat' dir='ltr'><strong>inquit</strong></span> <span class='ocrx_word' id='word_1_383' title='bbox 381 2388 486 2415; x_wconf 57' lang='lat' dir='ltr'><strong>dieddet</strong></span> <span class='ocrx_word' id='word_1_384' title='bbox 494 2388 624 2420; x_wconf 80' lang='lat' dir='ltr'><strong>unicuique</strong></span> <span class='ocrx_word' id='word_1_385' title='bbox 631 2387 767 2413; x_wconf 76' lang='lat' dir='ltr'><strong>secundant</strong></span> <span class='ocrx_word' id='word_1_386' title='bbox 775 2395 850 2421; x_wconf 74' lang='lat' dir='ltr'><strong>onera</strong></span> <span class='ocrx_word' id='word_1_387' title='bbox 860 2388 912 2422; x_wconf 75' lang='lat' dir='ltr'><strong>ejus</strong></span> <span class='ocrx_word' id='word_1_388' title='bbox 920 2387 1076 2424; x_wconf 71' lang='lat' dir='ltr'><strong>(Rant.‘l.6).</strong></span> 
     </span>
    </p>
   </div>
   <div class='ocr_carea' id='block_1_51' title="bbox 289 2433 1079 2468">
    <p class='ocr_par' dir='ltr' id='par_1_51' title="bbox 289 2433 1079 2468">
     <span class='ocr_line' id='line_1_51' title="bbox 289 2433 1079 2468; baseline 0 -7"><span class='ocrx_word' id='word_1_389' title='bbox 289 2436 327 2461; x_wconf 79' lang='lat' dir='ltr'><strong>Ac</strong></span> <span class='ocrx_word' id='word_1_390' title='bbox 341 2442 392 2460; x_wconf 87' lang='lat' dir='ltr'><strong>nott</strong></span> <span class='ocrx_word' id='word_1_391' title='bbox 408 2434 432 2460; x_wconf 90' lang='lat' dir='ltr'><strong>itt</strong></span> <span class='ocrx_word' id='word_1_392' title='bbox 448 2433 568 2467; x_wconf 76' lang='lat' dir='ltr'><strong>geltetnta</strong></span> <span class='ocrx_word' id='word_1_393' title='bbox 583 2433 679 2464; x_wconf 83' lang='lat' dir='ltr'><strong>solum,</strong></span> <span class='ocrx_word' id='word_1_394' title='bbox 696 2433 740 2459; x_wconf 90' lang='lat' dir='ltr'><strong>sed</strong></span> <span class='ocrx_word' id='word_1_395' title='bbox 755 2433 833 2459; x_wconf 82' lang='lat' dir='ltr'><strong>etiam</strong></span> <span class='ocrx_word' id='word_1_396' title='bbox 849 2433 873 2459; x_wconf 88' lang='lat' dir='ltr'><strong>itt</strong></span> <span class='ocrx_word' id='word_1_397' title='bbox 889 2441 970 2468; x_wconf 78' lang='lat' dir='ltr'><strong>regno</strong></span> <span class='ocrx_word' id='word_1_398' title='bbox 985 2434 1079 2461; x_wconf 87' lang='lat' dir='ltr'><strong>discri-</strong></span> 
     </span>
    </p>
   </div>
   <div class='ocr_carea' id='block_1_52' title="bbox 290 2478 1079 2513">
    <p class='ocr_par' dir='ltr' id='par_1_52' title="bbox 290 2478 1079 2513">
     <span class='ocr_line' id='line_1_52' title="bbox 290 2478 1079 2513; baseline 0.001 -8"><span class='ocrx_word' id='word_1_399' title='bbox 290 2480 361 2506; x_wconf 87' lang='lat' dir='ltr'><strong>mina</strong></span> <span class='ocrx_word' id='word_1_400' title='bbox 377 2479 383 2493; x_wconf 88' lang='grc'>¹</span> <span class='ocrx_word' id='word_1_401' title='bbox 399 2478 511 2512; x_wconf 81' lang='lat' dir='ltr'><strong>plurima</strong></span> <span class='ocrx_word' id='word_1_402' title='bbox 533 2478 650 2512; x_wconf 85' lang='lat' dir='ltr'><strong>reperias</strong></span> <span class='ocrx_word' id='word_1_403' title='bbox 671 2487 677 2503; x_wconf 94' lang='lat'><strong><em>:</em></strong></span> <span class='ocrx_word' id='word_1_404' title='bbox 705 2478 859 2511; x_wconf 70' lang='lat' dir='ltr'><strong>Mansionrs,</strong></span> <span class='ocrx_word' id='word_1_405' title='bbox 878 2479 980 2513; x_wconf 85' lang='lat' dir='ltr'><strong>inquit,</strong></span> <span class='ocrx_word' id='word_1_406' title='bbox 994 2479 1079 2506; x_wconf 73' lang='lat' dir='ltr'><strong>multa:</strong></span> 
     </span>
    </p>
   </div>
   <div class='ocr_carea' id='block_1_53' title="bbox 324 2543 1079 2581">
    <p class='ocr_par' dir='ltr' id='par_1_53' title="bbox 324 2543 1079 2581">
     <span class='ocr_line' id='line_1_53' title="bbox 324 2543 1079 2581; baseline 0.004 -14"><span class='ocrx_word' id='word_1_407' title='bbox 324 2546 331 2560; x_wconf 91' lang='grc'>¹</span> <span class='ocrx_word' id='word_1_408' title='bbox 352 2548 408 2581; x_wconf 54' lang='lat' dir='ltr'><strong>lteg.</strong></span> <span class='ocrx_word' id='word_1_409' title='bbox 418 2543 649 2581; x_wconf 34' lang='grc' dir='ltr'><strong>υιιξωιηίΙὶρςσιέῃιὶιζη.</strong></span> <span class='ocrx_word' id='word_1_410' title='bbox 665 2544 955 2581; x_wconf 48' lang='lat' dir='ltr'><strong>Audi/[noqueilnistum</strong></span> <span class='ocrx_word' id='word_1_411' title='bbox 967 2545 1042 2581; x_wconf 62' lang='lat' dir='ltr'><strong>ipsum</strong></span> <span class='ocrx_word' id='word_1_412' title='bbox 1055 2545 1079 2570; x_wconf 80' lang='lat' dir='ltr'><strong>in</strong></span> 
     </span>
    </p>
   </div>
   <div class='ocr_carea' id='block_1_54' title="bbox 290 2575 1078 2610">
    <p class='ocr_par' dir='ltr' id='par_1_54' title="bbox 290 2575 1078 2610">
     <span class='ocr_line' id='line_1_54' title="bbox 290 2575 1078 2610; baseline -0.005 -5"><span class='ocrx_word' id='word_1_413' title='bbox 290 2575 563 2610; x_wconf 56' lang='lat' dir='ltr'><strong>[tt-angelusdicenlenm</strong></span> <span class='ocrx_word' id='word_1_414' title='bbox 574 2575 680 2601; x_wconf 81' lang='lat' dir='ltr'><strong>indamo</strong></span> <span class='ocrx_word' id='word_1_415' title='bbox 693 2575 770 2600; x_wconf 75' lang='lat' dir='ltr'><strong>Patris</strong></span> <span class='ocrx_word' id='word_1_416' title='bbox 786 2575 832 2602; x_wconf 72' lang='lat' dir='ltr'><strong>inci</strong></span> <span class='ocrx_word' id='word_1_417' title='bbox 851 2583 885 2601; x_wconf 74' lang='lat' dir='ltr'><strong>tr;</strong></span> <span class='ocrx_word' id='word_1_418' title='bbox 896 2577 931 2600; x_wconf 75' lang='lat' dir='ltr'><strong>‘ta:</strong></span> <span class='ocrx_word' id='word_1_419' title='bbox 943 2579 994 2600; x_wconf 82' lang='lat' dir='ltr'><strong>sunt</strong></span> <span class='ocrx_word' id='word_1_420' title='bbox 1010 2583 1078 2601; x_wconf 80' lang='lat' dir='ltr'><strong>man-</strong></span> 
     </span>
    </p>
   </div>
   <div class='ocr_carea' id='block_1_55' title="bbox 635 138 1534 173">
    <p class='ocr_par' dir='ltr' id='par_1_55' title="bbox 635 138 1534 173">
     <span class='ocr_line' id='line_1_55' title="bbox 635 138 1534 173; baseline 0.006 -7"><span class='ocrx_word' id='word_1_421' title='bbox 635 138 663 166; x_wconf 88' lang='lat' dir='ltr'><strong>S.</strong></span> <span class='ocrx_word' id='word_1_422' title='bbox 684 139 821 167; x_wconf 74' lang='lat' dir='ltr'><strong>J0.-\.\&#39;.\‘lS</strong></span> <span class='ocrx_word' id='word_1_423' title='bbox 840 139 1078 168; x_wconf 72' lang='lat' dir='ltr'><strong>CllRYSOSTOMl</strong></span> <span class='ocrx_word' id='word_1_424' title='bbox 1099 142 1257 170; x_wconf 75' lang='lat' dir='ltr'><strong>ARCIIIEP.</strong></span> <span class='ocrx_word' id='word_1_425' title='bbox 1269 143 1534 173; x_wconf 69' lang='lat' dir='ltr'><strong>CUNSTANTINOP.</strong></span> 
     </span>
    </p>
   </div>
   <div class='ocr_carea' id='block_1_56' title="bbox 1863 149 1914 179">
    <p class='ocr_par' dir='ltr' id='par_1_56' title="bbox 1863 149 1914 179">
     <span class='ocr_line' id='line_1_56' title="bbox 1863 149 1914 179; baseline -0.02 -1"><span class='ocrx_word' id='word_1_426' title='bbox 1863 149 1914 179; x_wconf 73' lang='lat'><strong>308</strong></span> 
     </span>
    </p>
   </div>
   <div class='ocr_carea' id='block_1_57' title="bbox 1124 199 1915 242">
    <p class='ocr_par' dir='ltr' id='par_1_57' title="bbox 1124 199 1915 242">
     <span class='ocr_line' id='line_1_57' title="bbox 1124 199 1915 242; baseline 0.013 -17"><span class='ocrx_word' id='word_1_427' title='bbox 1124 204 1183 226; x_wconf 79' lang='lat' dir='ltr'><strong>utut</strong></span> <span class='ocrx_word' id='word_1_428' title='bbox 1196 200 1265 234; x_wconf 82' lang='lat' dir='ltr'><strong>apud</strong></span> <span class='ocrx_word' id='word_1_429' title='bbox 1277 199 1381 228; x_wconf 80' lang='lat' dir='ltr'><strong>Patrem</strong></span> <span class='ocrx_word' id='word_1_430' title='bbox 1396 210 1476 229; x_wconf 73' lang='lat' dir='ltr'><strong>meum</strong></span> <span class='ocrx_word' id='word_1_431' title='bbox 1490 200 1577 236; x_wconf 82' lang='lat' dir='ltr'><strong>(Joan.</strong></span> <span class='ocrx_word' id='word_1_432' title='bbox 1593 204 1635 230; x_wconf 79' lang='grc' dir='ltr'><strong>Η.</strong></span> <span class='ocrx_word' id='word_1_433' title='bbox 1653 203 1696 239; x_wconf 69' lang='lat'><strong>2);</strong></span> <span class='ocrx_word' id='word_1_434' title='bbox 1713 210 1749 236; x_wconf 82' lang='lat' dir='ltr'><strong>et.</strong></span> <span class='ocrx_word' id='word_1_435' title='bbox 1763 206 1820 233; x_wconf 77' lang='lat' dir='ltr'><strong>Aha</strong></span> <span class='ocrx_word' id='word_1_436' title='bbox 1834 211 1915 242; x_wconf 73' lang='lat' dir='ltr'><strong>gloria</strong></span> 
     </span>
    </p>
   </div>
   <div class='ocr_carea' id='block_1_58' title="bbox 1123 245 1916 284">
    <p class='ocr_par' dir='ltr' id='par_1_58' title="bbox 1123 245 1916 284">
     <span class='ocr_line' id='line_1_58' title="bbox 1123 245 1916 284; baseline 0.014 -14"><span class='ocrx_word' id='word_1_437' title='bbox 1123 245 1192 276; x_wconf 63' lang='lat' dir='ltr'><strong>nolis,</strong></span> <span class='ocrx_word' id='word_1_438' title='bbox 1205 245 1255 270; x_wconf 78' lang='lat' dir='ltr'><strong>alia</strong></span> <span class='ocrx_word' id='word_1_439' title='bbox 1269 245 1336 272; x_wconf 78' lang='lat' dir='ltr'><strong>(una:</strong></span> <span class='ocrx_word' id='word_1_440' title='bbox 1351 246 1388 280; x_wconf 91' lang='grc'><strong>(1.</strong></span> <span class='ocrx_word' id='word_1_441' title='bbox 1399 246 1453 273; x_wconf 82' lang='lat' dir='ltr'><strong>Cor.</strong></span> <span class='ocrx_word' id='word_1_442' title='bbox 1472 248 1514 275; x_wconf 75' lang='grc'><strong>15.</strong></span> <span class='ocrx_word' id='word_1_443' title='bbox 1525 248 1581 282; x_wconf 71' lang='grc' dir='ltr'><strong>Η).</strong></span> <span class='ocrx_word' id='word_1_444' title='bbox 1598 248 1630 275; x_wconf 82' lang='lat' dir='ltr'><strong>Et</strong></span> <span class='ocrx_word' id='word_1_445' title='bbox 1642 249 1703 284; x_wconf 90' lang='lat' dir='ltr'><strong>quid</strong></span> <span class='ocrx_word' id='word_1_446' title='bbox 1717 251 1811 279; x_wconf 86' lang='lat' dir='ltr'><strong>mirum</strong></span> <span class='ocrx_word' id='word_1_447' title='bbox 1826 253 1847 280; x_wconf 82' lang='lat' dir='ltr'><strong>si</strong></span> <span class='ocrx_word' id='word_1_448' title='bbox 1859 253 1916 281; x_wconf 86' lang='lat' dir='ltr'><strong>ha-c</strong></span> 
     </span>
    </p>
   </div>
   <div class='ocr_carea' id='block_1_59' title="bbox 1124 291 1915 332">
    <p class='ocr_par' dir='ltr' id='par_1_59' title="bbox 1124 291 1915 332">
     <span class='ocr_line' id='line_1_59' title="bbox 1124 291 1915 332; baseline 0.013 -17"><span class='ocrx_word' id='word_1_449' title='bbox 1124 293 1176 316; x_wconf 83' lang='lat' dir='ltr'><strong>iatn</strong></span> <span class='ocrx_word' id='word_1_450' title='bbox 1196 295 1318 317; x_wconf 73' lang='lat' dir='ltr'><strong>accurate</strong></span> <span class='ocrx_word' id='word_1_451' title='bbox 1342 291 1502 324; x_wconf 80' lang='lat' dir='ltr'><strong>distinxerit,</strong></span> <span class='ocrx_word' id='word_1_452' title='bbox 1525 293 1630 327; x_wconf 83' lang='lat' dir='ltr'><strong>quando</strong></span> <span class='ocrx_word' id='word_1_453' title='bbox 1651 295 1754 322; x_wconf 86' lang='lat' dir='ltr'><strong>stellam</strong></span> <span class='ocrx_word' id='word_1_454' title='bbox 1774 305 1878 332; x_wconf 89' lang='lat' dir='ltr'><strong>quoque</strong></span> <span class='ocrx_word' id='word_1_455' title='bbox 1900 307 1915 325; x_wconf 81' lang='lat' dir='ltr'><strong>a</strong></span> 
     </span>
    </p>
   </div>
   <div class='ocr_carea' id='block_1_60' title="bbox 1123 334 1914 377">
    <p class='ocr_par' dir='ltr' id='par_1_60' title="bbox 1123 334 1914 377">
     <span class='ocr_line' id='line_1_60' title="bbox 1123 334 1914 377; baseline 0.013 -17"><span class='ocrx_word' id='word_1_456' title='bbox 1123 334 1199 361; x_wconf 88' lang='lat' dir='ltr'><strong>stella</strong></span> <span class='ocrx_word' id='word_1_457' title='bbox 1215 335 1248 361; x_wconf 88' lang='lat' dir='ltr'><strong>ibi</strong></span> <span class='ocrx_word' id='word_1_458' title='bbox 1264 335 1369 363; x_wconf 72' lang='lat' dir='ltr'><strong>differre</strong></span> <span class='ocrx_word' id='word_1_459' title='bbox 1383 337 1429 363; x_wconf 89' lang='lat' dir='ltr'><strong>ait.</strong></span> <span class='ocrx_word' id='word_1_460' title='bbox 1456 337 1554 364; x_wconf 81' lang='lat' dir='ltr'><strong>florum</strong></span> <span class='ocrx_word' id='word_1_461' title='bbox 1573 339 1660 373; x_wconf 88' lang='lat' dir='ltr'><strong>itaque</strong></span> <span class='ocrx_word' id='word_1_462' title='bbox 1672 341 1756 374; x_wconf 76' lang='lat' dir='ltr'><strong>gnari,</strong></span> <span class='ocrx_word' id='word_1_463' title='bbox 1772 350 1914 377; x_wconf 80' lang='lat' dir='ltr'><strong>numquam</strong></span> 
     </span>
    </p>
   </div>
   <div class='ocr_carea' id='block_1_61' title="bbox 1122 380 1914 423">
    <p class='ocr_par' dir='ltr' id='par_1_61' title="bbox 1122 380 1914 423">
     <span class='ocr_line' id='line_1_61' title="bbox 1122 380 1914 423; baseline 0.01 -16"><span class='ocrx_word' id='word_1_464' title='bbox 1122 380 1156 407; x_wconf 90' lang='lat' dir='ltr'><strong>ab</strong></span> <span class='ocrx_word' id='word_1_465' title='bbox 1170 382 1295 408; x_wconf 75' lang='lat' dir='ltr'><strong>exercitio</strong></span> <span class='ocrx_word' id='word_1_466' title='bbox 1314 382 1442 409; x_wconf 88' lang='lat' dir='ltr'><strong>bonorunt</strong></span> <span class='ocrx_word' id='word_1_467' title='bbox 1459 391 1569 418; x_wconf 89' lang='lat' dir='ltr'><strong>operuttt</strong></span> <span class='ocrx_word' id='word_1_468' title='bbox 1592 386 1762 419; x_wconf 81' lang='lat' dir='ltr'><strong>absistamus,</strong></span> <span class='ocrx_word' id='word_1_469' title='bbox 1777 396 1862 423; x_wconf 86' lang='lat' dir='ltr'><strong>neque</strong></span> <span class='ocrx_word' id='word_1_470' title='bbox 1876 389 1914 416; x_wconf 82' lang='lat' dir='ltr'><strong>la-</strong></span> 
     </span>
    </p>
   </div>
   <div class='ocr_carea' id='block_1_62' title="bbox 1124 425 1914 467">
    <p class='ocr_par' dir='ltr' id='par_1_62' title="bbox 1124 425 1914 467">
     <span class='ocr_line' id='line_1_62' title="bbox 1124 425 1914 467; baseline 0.013 -15"><span class='ocrx_word' id='word_1_471' title='bbox 1124 425 1180 452; x_wconf 92' lang='lat' dir='ltr'><strong>bori</strong></span> <span class='ocrx_word' id='word_1_472' title='bbox 1192 426 1316 454; x_wconf 87' lang='lat' dir='ltr'><strong>cedamus</strong></span> <span class='ocrx_word' id='word_1_473' title='bbox 1335 437 1341 454; x_wconf 89' lang='lat'><strong>:</strong></span> <span class='ocrx_word' id='word_1_474' title='bbox 1365 436 1416 455; x_wconf 90' lang='lat' dir='ltr'><strong>neu</strong></span> <span class='ocrx_word' id='word_1_475' title='bbox 1436 429 1496 464; x_wconf 90' lang='lat' dir='ltr'><strong>quia</strong></span> <span class='ocrx_word' id='word_1_476' title='bbox 1518 430 1550 456; x_wconf 91' lang='lat' dir='ltr'><strong>ad</strong></span> <span class='ocrx_word' id='word_1_477' title='bbox 1567 430 1630 457; x_wconf 88' lang='lat' dir='ltr'><strong>solis</strong></span> <span class='ocrx_word' id='word_1_478' title='bbox 1651 431 1773 467; x_wconf 79' lang='lat' dir='ltr'><strong>lunaeque</strong></span> <span class='ocrx_word' id='word_1_479' title='bbox 1793 434 1914 462; x_wconf 87' lang='lat' dir='ltr'><strong>ordinem</strong></span> 
     </span>
    </p>
   </div>
   <div class='ocr_carea' id='block_1_63' title="bbox 1123 471 1914 514">
    <p class='ocr_par' dir='ltr' id='par_1_63' title="bbox 1123 471 1914 514">
     <span class='ocr_line' id='line_1_63' title="bbox 1123 471 1914 514; baseline 0.013 -17"><span class='ocrx_word' id='word_1_480' title='bbox 1123 471 1269 498; x_wconf 84' lang='lat' dir='ltr'><strong>ascendere</strong></span> <span class='ocrx_word' id='word_1_481' title='bbox 1284 480 1336 500; x_wconf 90' lang='lat' dir='ltr'><strong>non</strong></span> <span class='ocrx_word' id='word_1_482' title='bbox 1351 481 1503 508; x_wconf 88' lang='lat' dir='ltr'><strong>possumus,</strong></span> <span class='ocrx_word' id='word_1_483' title='bbox 1519 475 1655 504; x_wconf 77' lang='lat' dir='ltr'><strong>stellarum</strong></span> <span class='ocrx_word' id='word_1_484' title='bbox 1670 482 1767 504; x_wconf 89' lang='lat' dir='ltr'><strong>statum</strong></span> <span class='ocrx_word' id='word_1_485' title='bbox 1782 479 1914 514; x_wconf 88' lang='lat' dir='ltr'><strong>despicia-</strong></span> 
     </span>
    </p>
   </div>
   <div class='ocr_carea' id='block_1_64' title="bbox 1124 516 1913 557">
    <p class='ocr_par' dir='ltr' id='par_1_64' title="bbox 1124 516 1913 557">
     <span class='ocr_line' id='line_1_64' title="bbox 1124 516 1913 557; baseline 0.013 -16"><span class='ocrx_word' id='word_1_486' title='bbox 1124 523 1192 542; x_wconf 89' lang='lat' dir='ltr'><strong>mus.</strong></span> <span class='ocrx_word' id='word_1_487' title='bbox 1207 516 1274 544; x_wconf 79' lang='lat' dir='ltr'><strong>Nam</strong></span> <span class='ocrx_word' id='word_1_488' title='bbox 1289 517 1310 544; x_wconf 91' lang='lat' dir='ltr'><strong>si</strong></span> <span class='ocrx_word' id='word_1_489' title='bbox 1326 518 1404 545; x_wconf 88' lang='lat' dir='ltr'><strong>talcnt</strong></span> <span class='ocrx_word' id='word_1_490' title='bbox 1421 519 1514 546; x_wconf 89' lang='lat' dir='ltr'><strong>saltem</strong></span> <span class='ocrx_word' id='word_1_491' title='bbox 1528 521 1650 548; x_wconf 91' lang='lat' dir='ltr'><strong>virtutem</strong></span> <span class='ocrx_word' id='word_1_492' title='bbox 1664 521 1871 557; x_wconf 77' lang='lat' dir='ltr'><strong>exhibuerimus,</strong></span> <span class='ocrx_word' id='word_1_493' title='bbox 1889 526 1913 551; x_wconf 91' lang='lat' dir='ltr'><strong>in</strong></span> 
     </span>
    </p>
   </div>
   <div class='ocr_carea' id='block_1_65' title="bbox 1124 562 1913 604">
    <p class='ocr_par' dir='ltr' id='par_1_65' title="bbox 1124 562 1913 604">
     <span class='ocr_line' id='line_1_65' title="bbox 1124 562 1913 604; baseline 0.011 -16"><span class='ocrx_word' id='word_1_494' title='bbox 1124 562 1191 589; x_wconf 65' lang='lat' dir='ltr'><strong>ca‘lo</strong></span> <span class='ocrx_word' id='word_1_495' title='bbox 1201 570 1261 590; x_wconf 86' lang='lat' dir='ltr'><strong>esse</strong></span> <span class='ocrx_word' id='word_1_496' title='bbox 1272 565 1426 598; x_wconf 90' lang='lat' dir='ltr'><strong>poterimus.</strong></span> <span class='ocrx_word' id='word_1_497' title='bbox 1444 565 1509 592; x_wconf 87' lang='lat' dir='ltr'><strong>Etsi</strong></span> <span class='ocrx_word' id='word_1_498' title='bbox 1521 573 1573 592; x_wconf 91' lang='lat' dir='ltr'><strong>non</strong></span> <span class='ocrx_word' id='word_1_499' title='bbox 1587 574 1691 599; x_wconf 85' lang='lat' dir='ltr'><strong>altrum,</strong></span> <span class='ocrx_word' id='word_1_500' title='bbox 1706 575 1758 595; x_wconf 91' lang='lat' dir='ltr'><strong>non</strong></span> <span class='ocrx_word' id='word_1_501' title='bbox 1771 569 1838 603; x_wconf 86' lang='lat' dir='ltr'><strong>lapis</strong></span> <span class='ocrx_word' id='word_1_502' title='bbox 1853 578 1913 604; x_wconf 85' lang='lat' dir='ltr'><strong>pre-</strong></span> 
     </span>
    </p>
   </div>
   <div class='ocr_carea' id='block_1_66' title="bbox 1125 607 1912 647">
    <p class='ocr_par' dir='ltr' id='par_1_66' title="bbox 1125 607 1912 647">
     <span class='ocr_line' id='line_1_66' title="bbox 1125 607 1912 647; baseline 0.011 -14"><span class='ocrx_word' id='word_1_503' title='bbox 1125 607 1208 635; x_wconf 87' lang='lat' dir='ltr'><strong>liosus</strong></span> <span class='ocrx_word' id='word_1_504' title='bbox 1230 608 1367 640; x_wconf 84' lang='lat' dir='ltr'><strong>fuerimus,</strong></span> <span class='ocrx_word' id='word_1_505' title='bbox 1384 611 1484 644; x_wconf 74' lang='lat' dir='ltr'><strong>argenti</strong></span> <span class='ocrx_word' id='word_1_506' title='bbox 1499 611 1592 638; x_wconf 85' lang='lat' dir='ltr'><strong>saltem</strong></span> <span class='ocrx_word' id='word_1_507' title='bbox 1612 612 1721 647; x_wconf 78' lang='lat' dir='ltr'><strong>gradum</strong></span> <span class='ocrx_word' id='word_1_508' title='bbox 1738 613 1866 642; x_wconf 85' lang='lat' dir='ltr'><strong>habentes</strong></span> <span class='ocrx_word' id='word_1_509' title='bbox 1887 616 1912 642; x_wconf 92' lang='lat' dir='ltr'><strong>in</strong></span> 
     </span>
    </p>
   </div>
   <div class='ocr_carea' id='block_1_67' title="bbox 1124 653 1914 692">
    <p class='ocr_par' dir='ltr' id='par_1_67' title="bbox 1124 653 1914 692">
     <span class='ocr_line' id='line_1_67' title="bbox 1124 653 1914 692; baseline 0.01 -13"><span class='ocrx_word' id='word_1_510' title='bbox 1124 653 1296 681; x_wconf 87' lang='lat' dir='ltr'><strong>fundamento</strong></span> <span class='ocrx_word' id='word_1_511' title='bbox 1312 655 1485 682; x_wconf 87' lang='lat' dir='ltr'><strong>manebimus.</strong></span> <span class='ocrx_word' id='word_1_512' title='bbox 1513 655 1540 682; x_wconf 89' lang='lat' dir='ltr'><strong>ld</strong></span> <span class='ocrx_word' id='word_1_513' title='bbox 1563 664 1643 683; x_wconf 89' lang='lat' dir='ltr'><strong>unum</strong></span> <span class='ocrx_word' id='word_1_514' title='bbox 1657 665 1813 692; x_wconf 81' lang='lat' dir='ltr'><strong>caveamus,</strong></span> <span class='ocrx_word' id='word_1_515' title='bbox 1830 667 1863 687; x_wconf 91' lang='lat' dir='ltr'><strong>ne</strong></span> <span class='ocrx_word' id='word_1_516' title='bbox 1880 660 1914 687; x_wconf 85' lang='lat' dir='ltr'><strong>ad</strong></span> 
     </span>
    </p>
   </div>
   <div class='ocr_carea' id='block_1_68' title="bbox 1125 699 1911 738">
    <p class='ocr_par' dir='ltr' id='par_1_68' title="bbox 1125 699 1911 738">
     <span class='ocr_line' id='line_1_68' title="bbox 1125 699 1911 738; baseline 0.009 -13"><span class='ocrx_word' id='word_1_517' title='bbox 1125 699 1194 725; x_wconf 90' lang='lat' dir='ltr'><strong>illam</strong></span> <span class='ocrx_word' id='word_1_518' title='bbox 1211 704 1378 726; x_wconf 88' lang='lat' dir='ltr'><strong>revertamur</strong></span> <span class='ocrx_word' id='word_1_519' title='bbox 1392 702 1542 734; x_wconf 87' lang='lat' dir='ltr'><strong>materiam,</strong></span> <span class='ocrx_word' id='word_1_520' title='bbox 1556 709 1633 736; x_wconf 82' lang='lat' dir='ltr'><strong>quam</strong></span> <span class='ocrx_word' id='word_1_521' title='bbox 1650 703 1726 730; x_wconf 78' lang='lat' dir='ltr'><strong>facile</strong></span> <span class='ocrx_word' id='word_1_522' title='bbox 1739 703 1807 738; x_wconf 78' lang='lat' dir='ltr'><strong>ignis</strong></span> <span class='ocrx_word' id='word_1_523' title='bbox 1822 705 1911 732; x_wconf 48' lang='lat' dir='ltr'><strong>iaceo.</strong></span> 
     </span>
    </p>
   </div>
   <div class='ocr_carea' id='block_1_69' title="bbox 1124 743 1913 782">
    <p class='ocr_par' dir='ltr' id='par_1_69' title="bbox 1124 743 1913 782">
     <span class='ocr_line' id='line_1_69' title="bbox 1124 743 1913 782; baseline 0.008 -12"><span class='ocrx_word' id='word_1_524' title='bbox 1124 743 1172 777; x_wconf 86' lang='lat' dir='ltr'><strong>dit,</strong></span> <span class='ocrx_word' id='word_1_525' title='bbox 1187 752 1252 771; x_wconf 85' lang='lat' dir='ltr'><strong>neve</strong></span> <span class='ocrx_word' id='word_1_526' title='bbox 1263 753 1323 771; x_wconf 89' lang='lat' dir='ltr'><strong>Clllll</strong></span> <span class='ocrx_word' id='word_1_527' title='bbox 1339 746 1443 780; x_wconf 77' lang='lat' dir='ltr'><strong>egregia</strong></span> <span class='ocrx_word' id='word_1_528' title='bbox 1462 745 1577 773; x_wconf 79' lang='lat' dir='ltr'><strong>facinora</strong></span> <span class='ocrx_word' id='word_1_529' title='bbox 1591 747 1671 775; x_wconf 87' lang='lat' dir='ltr'><strong>edere</strong></span> <span class='ocrx_word' id='word_1_530' title='bbox 1687 756 1739 775; x_wconf 90' lang='lat' dir='ltr'><strong>non</strong></span> <span class='ocrx_word' id='word_1_531' title='bbox 1751 749 1879 782; x_wconf 86' lang='lat' dir='ltr'><strong>valemus,</strong></span> <span class='ocrx_word' id='word_1_532' title='bbox 1898 757 1913 776; x_wconf 86' lang='lat' dir='ltr'><strong>a</strong></span> 
     </span>
    </p>
   </div>
   <div class='ocr_carea' id='block_1_70' title="bbox 1123 791 1914 822">
    <p class='ocr_par' dir='ltr' id='par_1_70' title="bbox 1123 791 1914 822">
     <span class='ocr_line' id='line_1_70' title="bbox 1123 791 1914 822; baseline 0.006 -5"><span class='ocrx_word' id='word_1_533' title='bbox 1123 791 1241 818; x_wconf 76' lang='lat' dir='ltr'><strong>minimis</strong></span> <span class='ocrx_word' id='word_1_534' title='bbox 1255 791 1334 818; x_wconf 86' lang='lat' dir='ltr'><strong>etiam</strong></span> <span class='ocrx_word' id='word_1_535' title='bbox 1346 791 1502 819; x_wconf 82' lang='lat' dir='ltr'><strong>absistamus</strong></span> <span class='ocrx_word' id='word_1_536' title='bbox 1519 801 1525 819; x_wconf 87' lang='lat'><strong><em>:</em></strong></span> <span class='ocrx_word' id='word_1_537' title='bbox 1545 792 1570 820; x_wconf 88' lang='lat' dir='ltr'><strong>id</strong></span> <span class='ocrx_word' id='word_1_538' title='bbox 1583 793 1652 820; x_wconf 87' lang='lat' dir='ltr'><strong>enim</strong></span> <span class='ocrx_word' id='word_1_539' title='bbox 1666 799 1792 822; x_wconf 78' lang='lat' dir='ltr'><strong>extrema:</strong></span> <span class='ocrx_word' id='word_1_540' title='bbox 1803 795 1914 822; x_wconf 83' lang='lat' dir='ltr'><strong>demen-</strong></span> 
     </span>
    </p>
   </div>
   <div class='ocr_carea' id='block_1_71' title="bbox 1126 836 1916 870">
    <p class='ocr_par' dir='ltr' id='par_1_71' title="bbox 1126 836 1916 870">
     <span class='ocr_line' id='line_1_71' title="bbox 1126 836 1916 870; baseline 0.008 -9"><span class='ocrx_word' id='word_1_541' title='bbox 1126 836 1169 862; x_wconf 63' lang='lat' dir='ltr'><strong>tite</strong></span> <span class='ocrx_word' id='word_1_542' title='bbox 1182 841 1223 862; x_wconf 88' lang='lat' dir='ltr'><strong>est</strong></span> <span class='ocrx_word' id='word_1_543' title='bbox 1235 845 1241 862; x_wconf 90' lang='lat'><strong>:</strong></span> <span class='ocrx_word' id='word_1_544' title='bbox 1259 836 1328 870; x_wconf 88' lang='lat' dir='ltr'><strong>qttod</strong></span> <span class='ocrx_word' id='word_1_545' title='bbox 1342 837 1410 863; x_wconf 85' lang='lat' dir='ltr'><strong>absit</strong></span> <span class='ocrx_word' id='word_1_546' title='bbox 1422 844 1436 864; x_wconf 87' lang='lat' dir='ltr'><strong>a</strong></span> <span class='ocrx_word' id='word_1_547' title='bbox 1450 838 1535 864; x_wconf 91' lang='lat' dir='ltr'><strong>nobis.</strong></span> <span class='ocrx_word' id='word_1_548' title='bbox 1551 838 1776 870; x_wconf 85' lang='lat' dir='ltr'><strong>Quemadmodum</strong></span> <span class='ocrx_word' id='word_1_549' title='bbox 1792 840 1861 866; x_wconf 90' lang='lat' dir='ltr'><strong>enim</strong></span> <span class='ocrx_word' id='word_1_550' title='bbox 1874 840 1916 867; x_wconf 78' lang='lat' dir='ltr'><strong>di~</strong></span> 
     </span>
    </p>
   </div>
   <div class='ocr_carea' id='block_1_72' title="bbox 1125 882 1913 918">
    <p class='ocr_par' dir='ltr' id='par_1_72' title="bbox 1125 882 1913 918">
     <span class='ocr_line' id='line_1_72' title="bbox 1125 882 1913 918; baseline 0.008 -10"><span class='ocrx_word' id='word_1_551' title='bbox 1125 882 1194 909; x_wconf 71' lang='lat' dir='ltr'><strong>vitia:</strong></span> <span class='ocrx_word' id='word_1_552' title='bbox 1208 890 1343 916; x_wconf 84' lang='lat' dir='ltr'><strong>eorpore:c</strong></span> <span class='ocrx_word' id='word_1_553' title='bbox 1357 888 1486 918; x_wconf 82' lang='lat' dir='ltr'><strong>augentur</strong></span> <span class='ocrx_word' id='word_1_554' title='bbox 1496 892 1555 911; x_wconf 90' lang='lat' dir='ltr'><strong>cum</strong></span> <span class='ocrx_word' id='word_1_555' title='bbox 1569 892 1659 912; x_wconf 89' lang='lat' dir='ltr'><strong>earum</strong></span> <span class='ocrx_word' id='word_1_556' title='bbox 1672 891 1806 913; x_wconf 86' lang='lat' dir='ltr'><strong>amatores</strong></span> <span class='ocrx_word' id='word_1_557' title='bbox 1818 894 1850 913; x_wconf 86' lang='lat' dir='ltr'><strong>tte</strong></span> <span class='ocrx_word' id='word_1_558' title='bbox 1860 888 1913 914; x_wconf 91' lang='lat' dir='ltr'><strong>mi-</strong></span> 
     </span>
    </p>
   </div>
   <div class='ocr_carea' id='block_1_73' title="bbox 1125 928 1914 966">
    <p class='ocr_par' dir='ltr' id='par_1_73' title="bbox 1125 928 1914 966">
     <span class='ocr_line' id='line_1_73' title="bbox 1125 928 1914 966; baseline 0.008 -12"><span class='ocrx_word' id='word_1_559' title='bbox 1125 928 1195 954; x_wconf 90' lang='lat' dir='ltr'><strong>nima</strong></span> <span class='ocrx_word' id='word_1_560' title='bbox 1207 929 1315 963; x_wconf 89' lang='lat' dir='ltr'><strong>quidem</strong></span> <span class='ocrx_word' id='word_1_561' title='bbox 1328 929 1399 956; x_wconf 91' lang='lat' dir='ltr'><strong>lucra</strong></span> <span class='ocrx_word' id='word_1_562' title='bbox 1415 930 1560 965; x_wconf 78' lang='lat' dir='ltr'><strong>negligunt,</strong></span> <span class='ocrx_word' id='word_1_563' title='bbox 1574 931 1613 958; x_wconf 85' lang='lat' dir='ltr'><strong>sic</strong></span> <span class='ocrx_word' id='word_1_564' title='bbox 1633 936 1661 959; x_wconf 84' lang='lat' dir='ltr'><strong>et</strong></span> <span class='ocrx_word' id='word_1_565' title='bbox 1681 932 1833 966; x_wconf 90' lang='lat' dir='ltr'><strong>spirituales</strong></span> <span class='ocrx_word' id='word_1_566' title='bbox 1845 933 1914 960; x_wconf 91' lang='lat' dir='ltr'><strong>divi-</strong></span> 
     </span>
    </p>
   </div>
   <div class='ocr_carea' id='block_1_74' title="bbox 1125 974 1914 1013">
    <p class='ocr_par' dir='ltr' id='par_1_74' title="bbox 1125 974 1914 1013">
     <span class='ocr_line' id='line_1_74' title="bbox 1125 974 1914 1013; baseline 0.008 -13"><span class='ocrx_word' id='word_1_567' title='bbox 1125 974 1177 1000; x_wconf 73' lang='lat' dir='ltr'><strong>tize.</strong></span> <span class='ocrx_word' id='word_1_568' title='bbox 1193 974 1327 1008; x_wconf 88' lang='lat' dir='ltr'><strong>Siquidem</strong></span> <span class='ocrx_word' id='word_1_569' title='bbox 1337 975 1480 1002; x_wconf 88' lang='lat' dir='ltr'><strong>absurdum</strong></span> <span class='ocrx_word' id='word_1_570' title='bbox 1493 981 1543 1009; x_wconf 88' lang='lat' dir='ltr'><strong>est,</strong></span> <span class='ocrx_word' id='word_1_571' title='bbox 1558 977 1601 1004; x_wconf 91' lang='lat' dir='ltr'><strong>ubi</strong></span> <span class='ocrx_word' id='word_1_572' title='bbox 1611 977 1696 1004; x_wconf 82' lang='lat' dir='ltr'><strong>Judex</strong></span> <span class='ocrx_word' id='word_1_573' title='bbox 1710 985 1743 1005; x_wconf 89' lang='lat' dir='ltr'><strong>ne</strong></span> <span class='ocrx_word' id='word_1_574' title='bbox 1752 977 1845 1013; x_wconf 79' lang='lat' dir='ltr'><strong>frigido</strong></span> <span class='ocrx_word' id='word_1_575' title='bbox 1855 980 1914 1013; x_wconf 92' lang='lat' dir='ltr'><strong>qui-</strong></span> 
     </span>
    </p>
   </div>
   <div class='ocr_carea' id='block_1_75' title="bbox 1125 1019 1914 1059">
    <p class='ocr_par' dir='ltr' id='par_1_75' title="bbox 1125 1019 1914 1059">
     <span class='ocr_line' id='line_1_75' title="bbox 1125 1019 1914 1059; baseline 0.008 -14"><span class='ocrx_word' id='word_1_576' title='bbox 1125 1019 1184 1046; x_wconf 86' lang='lat' dir='ltr'><strong>dem</strong></span> <span class='ocrx_word' id='word_1_577' title='bbox 1201 1019 1297 1053; x_wconf 90' lang='lat' dir='ltr'><strong>poculo</strong></span> <span class='ocrx_word' id='word_1_578' title='bbox 1314 1020 1464 1047; x_wconf 88' lang='lat' dir='ltr'><strong>mercedem</strong></span> <span class='ocrx_word' id='word_1_579' title='bbox 1483 1026 1570 1056; x_wconf 77' lang='lat' dir='ltr'><strong>negat,</strong></span> <span class='ocrx_word' id='word_1_580' title='bbox 1587 1029 1636 1049; x_wconf 85' lang='lat' dir='ltr'><strong>nos</strong></span> <span class='ocrx_word' id='word_1_581' title='bbox 1654 1023 1704 1049; x_wconf 88' lang='lat' dir='ltr'><strong>nisi</strong></span> <span class='ocrx_word' id='word_1_582' title='bbox 1724 1024 1820 1050; x_wconf 75' lang='lat' dir='ltr'><strong>eximia</strong></span> <span class='ocrx_word' id='word_1_583' title='bbox 1835 1031 1914 1059; x_wconf 85' lang='lat' dir='ltr'><strong>opera</strong></span> 
     </span>
    </p>
   </div>
   <div class='ocr_carea' id='block_1_76' title="bbox 1124 1065 1914 1101">
    <p class='ocr_par' dir='ltr' id='par_1_76' title="bbox 1124 1065 1914 1101">
     <span class='ocr_line' id='line_1_76' title="bbox 1124 1065 1914 1101; baseline 0.009 -11"><span class='ocrx_word' id='word_1_584' title='bbox 1124 1065 1243 1097; x_wconf 72' lang='lat' dir='ltr'><strong>edamus,</strong></span> <span class='ocrx_word' id='word_1_585' title='bbox 1264 1066 1366 1093; x_wconf 88' lang='lat' dir='ltr'><strong>minora</strong></span> <span class='ocrx_word' id='word_1_586' title='bbox 1389 1074 1442 1094; x_wconf 91' lang='lat' dir='ltr'><strong>non</strong></span> <span class='ocrx_word' id='word_1_587' title='bbox 1462 1075 1565 1095; x_wconf 84' lang='lat' dir='ltr'><strong>curare.</strong></span> <span class='ocrx_word' id='word_1_588' title='bbox 1583 1068 1631 1101; x_wconf 89' lang='lat' dir='ltr'><strong>Qui</strong></span> <span class='ocrx_word' id='word_1_589' title='bbox 1653 1069 1724 1096; x_wconf 86' lang='lat' dir='ltr'><strong>enim</strong></span> <span class='ocrx_word' id='word_1_590' title='bbox 1740 1070 1840 1097; x_wconf 89' lang='lat' dir='ltr'><strong>minora</strong></span> <span class='ocrx_word' id='word_1_591' title='bbox 1863 1077 1914 1098; x_wconf 90' lang='lat' dir='ltr'><strong>non</strong></span> 
     </span>
    </p>
   </div>
   <div class='ocr_carea' id='block_1_77' title="bbox 1127 1111 1914 1148">
    <p class='ocr_par' dir='ltr' id='par_1_77' title="bbox 1127 1111 1914 1148">
     <span class='ocr_line' id='line_1_77' title="bbox 1127 1111 1914 1148; baseline 0.009 -12"><span class='ocrx_word' id='word_1_592' title='bbox 1127 1111 1239 1144; x_wconf 86' lang='lat' dir='ltr'><strong>spernit,</strong></span> <span class='ocrx_word' id='word_1_593' title='bbox 1254 1119 1316 1146; x_wconf 77' lang='lat' dir='ltr'><strong>erga</strong></span> <span class='ocrx_word' id='word_1_594' title='bbox 1329 1112 1441 1138; x_wconf 82' lang='lat' dir='ltr'><strong>maxima</strong></span> <span class='ocrx_word' id='word_1_595' title='bbox 1456 1120 1576 1146; x_wconf 65' lang='lat' dir='ltr'><strong>magnam</strong></span> <span class='ocrx_word' id='word_1_596' title='bbox 1592 1114 1753 1148; x_wconf 82' lang='lat' dir='ltr'><strong>diligentiam</strong></span> <span class='ocrx_word' id='word_1_597' title='bbox 1766 1115 1914 1148; x_wconf 82' lang='lat' dir='ltr'><strong>exhibebit;</strong></span> 
     </span>
    </p>
   </div>
   <div class='ocr_carea' id='block_1_78' title="bbox 1124 1156 1916 1191">
    <p class='ocr_par' dir='ltr' id='par_1_78' title="bbox 1124 1156 1916 1191">
     <span class='ocr_line' id='line_1_78' title="bbox 1124 1156 1916 1191; baseline 0.009 -10"><span class='ocrx_word' id='word_1_598' title='bbox 1124 1156 1169 1189; x_wconf 91' lang='lat' dir='ltr'><strong>qui</strong></span> <span class='ocrx_word' id='word_1_599' title='bbox 1183 1164 1245 1183; x_wconf 88' lang='lat' dir='ltr'><strong>vero</strong></span> <span class='ocrx_word' id='word_1_600' title='bbox 1267 1156 1324 1184; x_wconf 66' lang='lat' dir='ltr'><strong>lttrc</strong></span> <span class='ocrx_word' id='word_1_601' title='bbox 1345 1157 1473 1191; x_wconf 86' lang='lat' dir='ltr'><strong>despicit,</strong></span> <span class='ocrx_word' id='word_1_602' title='bbox 1489 1159 1568 1185; x_wconf 90' lang='lat' dir='ltr'><strong>etiam</strong></span> <span class='ocrx_word' id='word_1_603' title='bbox 1583 1159 1617 1186; x_wconf 86' lang='lat' dir='ltr'><strong>ab</strong></span> <span class='ocrx_word' id='word_1_604' title='bbox 1637 1160 1688 1186; x_wconf 93' lang='lat' dir='ltr'><strong>illis</strong></span> <span class='ocrx_word' id='word_1_605' title='bbox 1699 1159 1804 1187; x_wconf 87' lang='lat' dir='ltr'><strong>demum</strong></span> <span class='ocrx_word' id='word_1_606' title='bbox 1824 1160 1916 1188; x_wconf 76' lang='lat' dir='ltr'><strong>absce-</strong></span> 
     </span>
    </p>
   </div>
   <div class='ocr_carea' id='block_1_79' title="bbox 1125 1201 1915 1240">
    <p class='ocr_par' dir='ltr' id='par_1_79' title="bbox 1125 1201 1915 1240">
     <span class='ocr_line' id='line_1_79' title="bbox 1125 1201 1915 1240; baseline 0.006 -13"><span class='ocrx_word' id='word_1_607' title='bbox 1125 1201 1170 1228; x_wconf 88' lang='lat' dir='ltr'><strong>det</strong></span> <span class='ocrx_word' id='word_1_608' title='bbox 1185 1210 1192 1227; x_wconf 87' lang='lat'><strong>:</strong></span> <span class='ocrx_word' id='word_1_609' title='bbox 1207 1202 1277 1236; x_wconf 89' lang='lat' dir='ltr'><strong>qttod</strong></span> <span class='ocrx_word' id='word_1_610' title='bbox 1293 1210 1326 1229; x_wconf 81' lang='lat' dir='ltr'><strong>ne</strong></span> <span class='ocrx_word' id='word_1_611' title='bbox 1337 1202 1412 1229; x_wconf 88' lang='lat' dir='ltr'><strong>fieret</strong></span> <span class='ocrx_word' id='word_1_612' title='bbox 1421 1203 1500 1230; x_wconf 88' lang='lat' dir='ltr'><strong>etiam</strong></span> <span class='ocrx_word' id='word_1_613' title='bbox 1515 1204 1556 1230; x_wconf 91' lang='lat' dir='ltr'><strong>his</strong></span> <span class='ocrx_word' id='word_1_614' title='bbox 1567 1205 1716 1232; x_wconf 90' lang='lat' dir='ltr'><strong>mercedem</strong></span> <span class='ocrx_word' id='word_1_615' title='bbox 1727 1206 1915 1240; x_wconf 86' lang='lat' dir='ltr'><strong>amplissimam</strong></span> 
     </span>
    </p>
   </div>
   <div class='ocr_carea' id='block_1_80' title="bbox 1125 1247 1915 1285">
    <p class='ocr_par' dir='ltr' id='par_1_80' title="bbox 1125 1247 1915 1285">
     <span class='ocr_line' id='line_1_80' title="bbox 1125 1247 1915 1285; baseline 0.006 -12"><span class='ocrx_word' id='word_1_616' title='bbox 1125 1248 1268 1281; x_wconf 79' lang='lat' dir='ltr'><strong>assignavit</strong></span> <span class='ocrx_word' id='word_1_617' title='bbox 1293 1247 1424 1275; x_wconf 86' lang='lat' dir='ltr'><strong>Christus.</strong></span> <span class='ocrx_word' id='word_1_618' title='bbox 1447 1249 1515 1282; x_wconf 84' lang='lat' dir='ltr'><strong>Quid</strong></span> <span class='ocrx_word' id='word_1_619' title='bbox 1543 1249 1613 1276; x_wconf 85' lang='lat' dir='ltr'><strong>enim</strong></span> <span class='ocrx_word' id='word_1_620' title='bbox 1644 1249 1746 1278; x_wconf 89' lang='lat' dir='ltr'><strong>facilius</strong></span> <span class='ocrx_word' id='word_1_621' title='bbox 1769 1255 1819 1284; x_wconf 87' lang='lat' dir='ltr'><strong>estI</strong></span> <span class='ocrx_word' id='word_1_622' title='bbox 1837 1259 1915 1285; x_wconf 86' lang='lat' dir='ltr'><strong>quam</strong></span> 
     </span>
    </p>
   </div>
   <div class='ocr_carea' id='block_1_81' title="bbox 1125 1293 1915 1332">
    <p class='ocr_par' dir='ltr' id='par_1_81' title="bbox 1125 1293 1915 1332">
     <span class='ocr_line' id='line_1_81' title="bbox 1125 1293 1915 1332; baseline 0.005 -13"><span class='ocrx_word' id='word_1_623' title='bbox 1125 1293 1218 1319; x_wconf 90' lang='lat' dir='ltr'><strong>morbo</strong></span> <span class='ocrx_word' id='word_1_624' title='bbox 1234 1293 1384 1320; x_wconf 84' lang='lat' dir='ltr'><strong>laborantes</strong></span> <span class='ocrx_word' id='word_1_625' title='bbox 1404 1294 1529 1322; x_wconf 79' lang='lat' dir='ltr'><strong>visitare?</strong></span> <span class='ocrx_word' id='word_1_626' title='bbox 1541 1295 1601 1322; x_wconf 90' lang='lat' dir='ltr'><strong>huic</strong></span> <span class='ocrx_word' id='word_1_627' title='bbox 1616 1300 1702 1322; x_wconf 81' lang='lat' dir='ltr'><strong>tamen</strong></span> <span class='ocrx_word' id='word_1_628' title='bbox 1721 1297 1758 1323; x_wconf 92' lang='lat' dir='ltr'><strong>rei</strong></span> <span class='ocrx_word' id='word_1_629' title='bbox 1774 1296 1915 1332; x_wconf 74' lang='lat' dir='ltr'><strong>magnum&#39;</strong></span> 
     </span>
    </p>
   </div>
   <div class='ocr_carea' id='block_1_82' title="bbox 1126 1338 1915 1377">
    <p class='ocr_par' dir='ltr' id='par_1_82' title="bbox 1126 1338 1915 1377">
     <span class='ocr_line' id='line_1_82' title="bbox 1126 1338 1915 1377; baseline 0.006 -13"><span class='ocrx_word' id='word_1_630' title='bbox 1126 1338 1218 1365; x_wconf 87' lang='lat' dir='ltr'><strong>tribuit</strong></span> <span class='ocrx_word' id='word_1_631' title='bbox 1232 1339 1379 1373; x_wconf 74' lang='lat' dir='ltr'><strong>prtemium.</strong></span> <span class='ocrx_word' id='word_1_632' title='bbox 1397 1339 1482 1366; x_wconf 69' lang='lat' dir='ltr'><strong>\‘itatn</strong></span> <span class='ocrx_word' id='word_1_633' title='bbox 1503 1341 1592 1374; x_wconf 89' lang='lat' dir='ltr'><strong>itaque</strong></span> <span class='ocrx_word' id='word_1_634' title='bbox 1611 1341 1799 1375; x_wconf 88' lang='lat' dir='ltr'><strong>sempiternam</strong></span> <span class='ocrx_word' id='word_1_635' title='bbox 1819 1350 1915 1377; x_wconf 85' lang='lat' dir='ltr'><strong>appre-</strong></span> 
     </span>
    </p>
   </div>
   <div class='ocr_carea' id='block_1_83' title="bbox 1127 1382 1916 1422">
    <p class='ocr_par' dir='ltr' id='par_1_83' title="bbox 1127 1382 1916 1422">
     <span class='ocr_line' id='line_1_83' title="bbox 1127 1382 1916 1422; baseline 0.008 -13"><span class='ocrx_word' id='word_1_636' title='bbox 1127 1382 1223 1414; x_wconf 82' lang='lat' dir='ltr'><strong>ltcnde,</strong></span> <span class='ocrx_word' id='word_1_637' title='bbox 1240 1383 1373 1411; x_wconf 83' lang='lat' dir='ltr'><strong>delectare</strong></span> <span class='ocrx_word' id='word_1_638' title='bbox 1391 1385 1418 1411; x_wconf 92' lang='lat' dir='ltr'><strong>in</strong></span> <span class='ocrx_word' id='word_1_639' title='bbox 1433 1385 1554 1416; x_wconf 83' lang='lat' dir='ltr'><strong>Domino.</strong></span> <span class='ocrx_word' id='word_1_640' title='bbox 1572 1390 1600 1412; x_wconf 90' lang='lat' dir='ltr'><strong>et</strong></span> <span class='ocrx_word' id='word_1_641' title='bbox 1617 1386 1734 1420; x_wconf 76' lang='lat' dir='ltr'><strong>supplico</strong></span> <span class='ocrx_word' id='word_1_642' title='bbox 1753 1387 1789 1414; x_wconf 92' lang='lat' dir='ltr'><strong>illi</strong></span> <span class='ocrx_word' id='word_1_643' title='bbox 1804 1396 1810 1414; x_wconf 90' lang='lat'><strong>:</strong></span> <span class='ocrx_word' id='word_1_644' title='bbox 1824 1387 1916 1422; x_wconf 79' lang='lat' dir='ltr'><strong>jttgum</strong></span> 
     </span>
    </p>
   </div>
   <div class='ocr_carea' id='block_1_84' title="bbox 1127 1427 1916 1467">
    <p class='ocr_par' dir='ltr' id='par_1_84' title="bbox 1127 1427 1916 1467">
     <span class='ocr_line' id='line_1_84' title="bbox 1127 1427 1916 1467; baseline 0.005 -12"><span class='ocrx_word' id='word_1_645' title='bbox 1127 1427 1190 1455; x_wconf 88' lang='lat' dir='ltr'><strong>illttd</strong></span> <span class='ocrx_word' id='word_1_646' title='bbox 1205 1435 1287 1456; x_wconf 87' lang='lat' dir='ltr'><strong>suave</strong></span> <span class='ocrx_word' id='word_1_647' title='bbox 1307 1429 1402 1456; x_wconf 83' lang='lat' dir='ltr'><strong>iterum</strong></span> <span class='ocrx_word' id='word_1_648' title='bbox 1424 1430 1539 1464; x_wconf 86' lang='lat' dir='ltr'><strong>suscipe,</strong></span> <span class='ocrx_word' id='word_1_649' title='bbox 1560 1431 1618 1458; x_wconf 88' lang='lat' dir='ltr'><strong>subi</strong></span> <span class='ocrx_word' id='word_1_650' title='bbox 1640 1432 1697 1459; x_wconf 88' lang='lat' dir='ltr'><strong>leve</strong></span> <span class='ocrx_word' id='word_1_651' title='bbox 1717 1439 1793 1466; x_wconf 82' lang='lat' dir='ltr'><strong>anus,</strong></span> <span class='ocrx_word' id='word_1_652' title='bbox 1809 1433 1916 1467; x_wconf 77' lang='lat' dir='ltr'><strong>dignum</strong></span> 
     </span>
    </p>
   </div>
   <div class='ocr_carea' id='block_1_85' title="bbox 1128 1474 1917 1510">
    <p class='ocr_par' dir='ltr' id='par_1_85' title="bbox 1128 1474 1917 1510">
     <span class='ocr_line' id='line_1_85' title="bbox 1128 1474 1917 1510; baseline 0.008 -11"><span class='ocrx_word' id='word_1_653' title='bbox 1128 1474 1257 1508; x_wconf 91' lang='lat' dir='ltr'><strong>principio</strong></span> <span class='ocrx_word' id='word_1_654' title='bbox 1280 1474 1359 1502; x_wconf 85' lang='lat' dir='ltr'><strong>finem</strong></span> <span class='ocrx_word' id='word_1_655' title='bbox 1381 1475 1528 1510; x_wconf 88' lang='lat' dir='ltr'><strong>superadde</strong></span> <span class='ocrx_word' id='word_1_656' title='bbox 1547 1484 1553 1502; x_wconf 94' lang='lat'><strong>:</strong></span> <span class='ocrx_word' id='word_1_657' title='bbox 1577 1484 1611 1504; x_wconf 87' lang='lat' dir='ltr'><strong>ne</strong></span> <span class='ocrx_word' id='word_1_658' title='bbox 1637 1477 1741 1504; x_wconf 85' lang='lat' dir='ltr'><strong>divitias</strong></span> <span class='ocrx_word' id='word_1_659' title='bbox 1761 1482 1848 1504; x_wconf 87' lang='lat' dir='ltr'><strong>tantas</strong></span> <span class='ocrx_word' id='word_1_660' title='bbox 1867 1478 1917 1505; x_wconf 90' lang='lat' dir='ltr'><strong>dif-</strong></span> 
     </span>
    </p>
   </div>
   <div class='ocr_carea' id='block_1_86' title="bbox 1126 1520 1917 1560">
    <p class='ocr_par' dir='ltr' id='par_1_86' title="bbox 1126 1520 1917 1560">
     <span class='ocr_line' id='line_1_86' title="bbox 1126 1520 1917 1560; baseline 0.004 -12"><span class='ocrx_word' id='word_1_661' title='bbox 1126 1520 1208 1549; x_wconf 85' lang='lat' dir='ltr'><strong>ﬂuere</strong></span> <span class='ocrx_word' id='word_1_662' title='bbox 1223 1522 1342 1558; x_wconf 87' lang='lat' dir='ltr'><strong>p-ttiaris.</strong></span> <span class='ocrx_word' id='word_1_663' title='bbox 1358 1522 1423 1550; x_wconf 84' lang='lat' dir='ltr'><strong>Nam</strong></span> <span class='ocrx_word' id='word_1_664' title='bbox 1443 1523 1466 1550; x_wconf 91' lang='lat' dir='ltr'><strong>si</strong></span> <span class='ocrx_word' id='word_1_665' title='bbox 1489 1523 1570 1551; x_wconf 87' lang='lat' dir='ltr'><strong>Deum</strong></span> <span class='ocrx_word' id='word_1_666' title='bbox 1586 1531 1729 1558; x_wconf 83' lang='lat' dir='ltr'><strong>provocare</strong></span> <span class='ocrx_word' id='word_1_667' title='bbox 1747 1533 1851 1560; x_wconf 74' lang='lat' dir='ltr'><strong>pergas,</strong></span> <span class='ocrx_word' id='word_1_668' title='bbox 1871 1533 1917 1552; x_wconf 78' lang='lat' dir='ltr'><strong>eas</strong></span> 
     </span>
    </p>
   </div>
   <div class='ocr_carea' id='block_1_87' title="bbox 1126 1568 1916 1604">
    <p class='ocr_par' dir='ltr' id='par_1_87' title="bbox 1126 1568 1916 1604">
     <span class='ocr_line' id='line_1_87' title="bbox 1126 1568 1916 1604; baseline 0.004 -11"><span class='ocrx_word' id='word_1_669' title='bbox 1126 1574 1220 1594; x_wconf 66' lang='lat' dir='ltr'><strong>omnes</strong></span> <span class='ocrx_word' id='word_1_670' title='bbox 1233 1575 1279 1601; x_wconf 89' lang='lat' dir='ltr'><strong>per</strong></span> <span class='ocrx_word' id='word_1_671' title='bbox 1293 1573 1364 1602; x_wconf 79' lang='lat' dir='ltr'><strong>gesta</strong></span> <span class='ocrx_word' id='word_1_672' title='bbox 1380 1574 1422 1594; x_wconf 93' lang='lat' dir='ltr'><strong>tua</strong></span> <span class='ocrx_word' id='word_1_673' title='bbox 1437 1568 1550 1604; x_wconf 84' lang='lat' dir='ltr'><strong>perdes;</strong></span> <span class='ocrx_word' id='word_1_674' title='bbox 1563 1575 1654 1596; x_wconf 89' lang='lat' dir='ltr'><strong>contra</strong></span> <span class='ocrx_word' id='word_1_675' title='bbox 1667 1577 1730 1596; x_wconf 82' lang='lat' dir='ltr'><strong>vero</strong></span> <span class='ocrx_word' id='word_1_676' title='bbox 1740 1570 1761 1596; x_wconf 93' lang='lat' dir='ltr'><strong>si</strong></span> <span class='ocrx_word' id='word_1_677' title='bbox 1775 1575 1916 1604; x_wconf 85' lang='lat' dir='ltr'><strong>antequam</strong></span> 
     </span>
    </p>
   </div>
   <div class='ocr_carea' id='block_1_88' title="bbox 1127 1613 1917 1650">
    <p class='ocr_par' dir='ltr' id='par_1_88' title="bbox 1127 1613 1917 1650">
     <span class='ocr_line' id='line_1_88' title="bbox 1127 1613 1917 1650; baseline 0.005 -11"><span class='ocrx_word' id='word_1_678' title='bbox 1127 1613 1239 1640; x_wconf 89' lang='lat' dir='ltr'><strong>multum</strong></span> <span class='ocrx_word' id='word_1_679' title='bbox 1250 1613 1464 1648; x_wconf 87' lang='lat' dir='ltr'><strong>damniacccdat,</strong></span> <span class='ocrx_word' id='word_1_680' title='bbox 1481 1619 1507 1642; x_wconf 89' lang='lat' dir='ltr'><strong>et</strong></span> <span class='ocrx_word' id='word_1_681' title='bbox 1521 1620 1624 1649; x_wconf 81' lang='lat' dir='ltr'><strong>segetes</strong></span> <span class='ocrx_word' id='word_1_682' title='bbox 1639 1615 1807 1649; x_wconf 87' lang='lat' dir='ltr'><strong>ittnndentur,</strong></span> <span class='ocrx_word' id='word_1_683' title='bbox 1824 1616 1917 1650; x_wconf 87' lang='lat' dir='ltr'><strong>nequi-</strong></span> 
     </span>
    </p>
   </div>
   <div class='ocr_carea' id='block_1_89' title="bbox 1128 1659 1918 1696">
    <p class='ocr_par' dir='ltr' id='par_1_89' title="bbox 1128 1659 1918 1696">
     <span class='ocr_line' id='line_1_89' title="bbox 1128 1659 1918 1696; baseline 0.004 -11"><span class='ocrx_word' id='word_1_684' title='bbox 1128 1659 1171 1686; x_wconf 75' lang='lat' dir='ltr'><strong>tia:</strong></span> <span class='ocrx_word' id='word_1_685' title='bbox 1182 1659 1291 1686; x_wconf 80' lang='lat' dir='ltr'><strong>canales</strong></span> <span class='ocrx_word' id='word_1_686' title='bbox 1306 1660 1479 1691; x_wconf 78' lang='lat' dir='ltr'><strong>obstruxeris,</strong></span> <span class='ocrx_word' id='word_1_687' title='bbox 1493 1668 1552 1694; x_wconf 70' lang='lat' dir='ltr'><strong>qua:</strong></span> <span class='ocrx_word' id='word_1_688' title='bbox 1565 1661 1666 1695; x_wconf 90' lang='lat' dir='ltr'><strong>perdita</strong></span> <span class='ocrx_word' id='word_1_689' title='bbox 1686 1666 1747 1688; x_wconf 91' lang='lat' dir='ltr'><strong>sunt</strong></span> <span class='ocrx_word' id='word_1_690' title='bbox 1759 1669 1918 1696; x_wconf 85' lang='lat' dir='ltr'><strong>recuperare</strong></span> 
     </span>
    </p>
   </div>
   <div class='ocr_carea' id='block_1_90' title="bbox 1127 1705 1917 1739">
    <p class='ocr_par' dir='ltr' id='par_1_90' title="bbox 1127 1705 1917 1739">
     <span class='ocr_line' id='line_1_90' title="bbox 1127 1705 1917 1739; baseline 0.004 -9"><span class='ocrx_word' id='word_1_691' title='bbox 1127 1705 1236 1738; x_wconf 89' lang='lat' dir='ltr'><strong>poteris,</strong></span> <span class='ocrx_word' id='word_1_692' title='bbox 1252 1705 1335 1739; x_wconf 91' lang='lat' dir='ltr'><strong>iisque</strong></span> <span class='ocrx_word' id='word_1_693' title='bbox 1346 1713 1396 1731; x_wconf 89' lang='lat' dir='ltr'><strong>non</strong></span> <span class='ocrx_word' id='word_1_694' title='bbox 1412 1705 1542 1732; x_wconf 88' lang='lat' dir='ltr'><strong>modicam</strong></span> <span class='ocrx_word' id='word_1_695' title='bbox 1555 1706 1733 1733; x_wconf 71' lang='lat' dir='ltr'><strong>accessionem</strong></span> <span class='ocrx_word' id='word_1_696' title='bbox 1747 1707 1841 1733; x_wconf 83' lang='lat' dir='ltr'><strong>facere.</strong></span> <span class='ocrx_word' id='word_1_697' title='bbox 1853 1706 1917 1739; x_wconf 71' lang='lat' dir='ltr'><strong>Qua:</strong></span> 
     </span>
    </p>
   </div>
   <div class='ocr_carea' id='block_1_91' title="bbox 1128 1750 1916 1785">
    <p class='ocr_par' dir='ltr' id='par_1_91' title="bbox 1128 1750 1916 1785">
     <span class='ocr_line' id='line_1_91' title="bbox 1128 1750 1916 1785; baseline 0.004 -10"><span class='ocrx_word' id='word_1_698' title='bbox 1128 1750 1214 1776; x_wconf 86' lang='lat' dir='ltr'><strong>omnia</strong></span> <span class='ocrx_word' id='word_1_699' title='bbox 1239 1755 1324 1776; x_wconf 88' lang='lat' dir='ltr'><strong>tecum</strong></span> <span class='ocrx_word' id='word_1_700' title='bbox 1348 1755 1474 1784; x_wconf 85' lang='lat' dir='ltr'><strong>reputans</strong></span> <span class='ocrx_word' id='word_1_701' title='bbox 1494 1755 1588 1778; x_wconf 76' lang='lat' dir='ltr'><strong>excute</strong></span> <span class='ocrx_word' id='word_1_702' title='bbox 1612 1751 1767 1785; x_wconf 87' lang='lat' dir='ltr'><strong>pulverem,</strong></span> <span class='ocrx_word' id='word_1_703' title='bbox 1789 1752 1822 1779; x_wconf 89' lang='lat' dir='ltr'><strong>de</strong></span> <span class='ocrx_word' id='word_1_704' title='bbox 1845 1757 1916 1779; x_wconf 80' lang='lat' dir='ltr'><strong>terra</strong></span> 
     </span>
    </p>
   </div>
   <div class='ocr_carea' id='block_1_92' title="bbox 1127 1795 1917 1832">
    <p class='ocr_par' dir='ltr' id='par_1_92' title="bbox 1127 1795 1917 1832">
     <span class='ocr_line' id='line_1_92' title="bbox 1127 1795 1917 1832; baseline 0.005 -11"><span class='ocrx_word' id='word_1_705' title='bbox 1127 1802 1216 1830; x_wconf 80' lang='lat' dir='ltr'><strong>surge,</strong></span> <span class='ocrx_word' id='word_1_706' title='bbox 1233 1800 1259 1822; x_wconf 91' lang='lat' dir='ltr'><strong>et</strong></span> <span class='ocrx_word' id='word_1_707' title='bbox 1273 1796 1326 1822; x_wconf 90' lang='lat' dir='ltr'><strong>eris</strong></span> <span class='ocrx_word' id='word_1_708' title='bbox 1341 1796 1493 1823; x_wconf 81' lang='lat' dir='ltr'><strong>adversario</strong></span> <span class='ocrx_word' id='word_1_709' title='bbox 1503 1795 1676 1824; x_wconf 81' lang='lat' dir='ltr'><strong>formidabilis</strong></span> <span class='ocrx_word' id='word_1_710' title='bbox 1691 1806 1697 1824; x_wconf 88' lang='lat'><strong>:</strong></span> <span class='ocrx_word' id='word_1_711' title='bbox 1714 1797 1770 1832; x_wconf 87' lang='lat' dir='ltr'><strong>ipse</strong></span> <span class='ocrx_word' id='word_1_712' title='bbox 1784 1798 1878 1832; x_wconf 89' lang='lat' dir='ltr'><strong>quippe</strong></span> <span class='ocrx_word' id='word_1_713' title='bbox 1892 1803 1917 1825; x_wconf 80' lang='lat' dir='ltr'><strong>te</strong></span> 
     </span>
    </p>
   </div>
   <div class='ocr_carea' id='block_1_93' title="bbox 1128 1841 1918 1877">
    <p class='ocr_par' dir='ltr' id='par_1_93' title="bbox 1128 1841 1918 1877">
     <span class='ocr_line' id='line_1_93' title="bbox 1128 1841 1918 1877; baseline 0.004 -11"><span class='ocrx_word' id='word_1_714' title='bbox 1128 1841 1280 1874; x_wconf 80' lang='lat' dir='ltr'><strong>prostratit,</strong></span> <span class='ocrx_word' id='word_1_715' title='bbox 1305 1841 1378 1875; x_wconf 89' lang='lat' dir='ltr'><strong>quasi</strong></span> <span class='ocrx_word' id='word_1_716' title='bbox 1406 1849 1457 1868; x_wconf 87' lang='lat' dir='ltr'><strong>non</strong></span> <span class='ocrx_word' id='word_1_717' title='bbox 1475 1846 1663 1869; x_wconf 85' lang='lat' dir='ltr'><strong>surrecturum</strong></span> <span class='ocrx_word' id='word_1_718' title='bbox 1675 1850 1798 1877; x_wconf 88' lang='lat' dir='ltr'><strong>umquam</strong></span> <span class='ocrx_word' id='word_1_719' title='bbox 1815 1851 1820 1869; x_wconf 94' lang='lat'>:</span> <span class='ocrx_word' id='word_1_720' title='bbox 1837 1844 1858 1870; x_wconf 90' lang='lat' dir='ltr'><strong>si</strong></span> <span class='ocrx_word' id='word_1_721' title='bbox 1872 1851 1918 1869; x_wconf 88' lang='lat' dir='ltr'><strong>au-</strong></span> 
     </span>
    </p>
   </div>
   <div class='ocr_carea' id='block_1_94' title="bbox 1129 1886 1918 1920">
    <p class='ocr_par' dir='ltr' id='par_1_94' title="bbox 1129 1886 1918 1920">
     <span class='ocr_line' id='line_1_94' title="bbox 1129 1886 1918 1920; baseline 0.004 -8"><span class='ocrx_word' id='word_1_722' title='bbox 1129 1889 1180 1912; x_wconf 85' lang='lat' dir='ltr'><strong>tem</strong></span> <span class='ocrx_word' id='word_1_723' title='bbox 1197 1890 1221 1912; x_wconf 90' lang='lat' dir='ltr'><strong>te</strong></span> <span class='ocrx_word' id='word_1_724' title='bbox 1232 1893 1338 1913; x_wconf 89' lang='lat' dir='ltr'><strong>rursum</strong></span> <span class='ocrx_word' id='word_1_725' title='bbox 1357 1886 1450 1913; x_wconf 80' lang='lat' dir='ltr'><strong>viderit</strong></span> <span class='ocrx_word' id='word_1_726' title='bbox 1464 1888 1559 1913; x_wconf 80' lang='lat' dir='ltr'><strong>erectis</strong></span> <span class='ocrx_word' id='word_1_727' title='bbox 1579 1891 1670 1914; x_wconf 89' lang='lat' dir='ltr'><strong>cotttra</strong></span> <span class='ocrx_word' id='word_1_728' title='bbox 1692 1888 1828 1920; x_wconf 74' lang='lat' dir='ltr'><strong>manibus,</strong></span> <span class='ocrx_word' id='word_1_729' title='bbox 1845 1888 1918 1915; x_wconf 77' lang='lat' dir='ltr'><strong>inex-</strong></span> 
     </span>
    </p>
   </div>
   <div class='ocr_carea' id='block_1_95' title="bbox 1128 1931 1918 1967">
    <p class='ocr_par' dir='ltr' id='par_1_95' title="bbox 1128 1931 1918 1967">
     <span class='ocr_line' id='line_1_95' title="bbox 1128 1931 1918 1967; baseline 0.003 -10"><span class='ocrx_word' id='word_1_730' title='bbox 1128 1934 1245 1964; x_wconf 84' lang='lat' dir='ltr'><strong>spectata</strong></span> <span class='ocrx_word' id='word_1_731' title='bbox 1259 1939 1288 1958; x_wconf 88' lang='lat' dir='ltr'><strong>re</strong></span> <span class='ocrx_word' id='word_1_732' title='bbox 1303 1931 1440 1966; x_wconf 89' lang='lat' dir='ltr'><strong>perculsus</strong></span> <span class='ocrx_word' id='word_1_733' title='bbox 1452 1952 1458 1964; x_wconf 89' lang='lat'><strong>,</strong></span> <span class='ocrx_word' id='word_1_734' title='bbox 1473 1932 1578 1966; x_wconf 82' lang='lat' dir='ltr'><strong>segnior</strong></span> <span class='ocrx_word' id='word_1_735' title='bbox 1594 1933 1645 1959; x_wconf 90' lang='lat' dir='ltr'><strong>erit</strong></span> <span class='ocrx_word' id='word_1_736' title='bbox 1662 1932 1694 1959; x_wconf 89' lang='lat' dir='ltr'><strong>ad</strong></span> <span class='ocrx_word' id='word_1_737' title='bbox 1713 1937 1739 1959; x_wconf 89' lang='lat' dir='ltr'><strong>te</strong></span> <span class='ocrx_word' id='word_1_738' title='bbox 1751 1932 1838 1960; x_wconf 90' lang='lat' dir='ltr'><strong>denuo</strong></span> <span class='ocrx_word' id='word_1_739' title='bbox 1854 1942 1918 1967; x_wconf 63' lang='lat' dir='ltr'><strong>sup-</strong></span> 
     </span>
    </p>
   </div>
   <div class='ocr_carea' id='block_1_96' title="bbox 1129 1976 1918 2012">
    <p class='ocr_par' dir='ltr' id='par_1_96' title="bbox 1129 1976 1918 2012">
     <span class='ocr_line' id='line_1_96' title="bbox 1129 1976 1918 2012; baseline 0.008 -13"><span class='ocrx_word' id='word_1_740' title='bbox 1129 1976 1319 2009; x_wconf 79' lang='lat' dir='ltr'><strong>plantandum;</strong></span> <span class='ocrx_word' id='word_1_741' title='bbox 1342 1980 1370 2003; x_wconf 88' lang='lat' dir='ltr'><strong>tu</strong></span> <span class='ocrx_word' id='word_1_742' title='bbox 1394 1984 1457 2003; x_wconf 86' lang='lat' dir='ltr'><strong>vero</strong></span> <span class='ocrx_word' id='word_1_743' title='bbox 1483 1977 1582 2003; x_wconf 86' lang='lat' dir='ltr'><strong>firmior</strong></span> <span class='ocrx_word' id='word_1_744' title='bbox 1596 1977 1703 2010; x_wconf 84' lang='lat' dir='ltr'><strong>evades,</strong></span> <span class='ocrx_word' id='word_1_745' title='bbox 1720 1983 1748 2005; x_wconf 89' lang='lat' dir='ltr'><strong>ut</strong></span> <span class='ocrx_word' id='word_1_746' title='bbox 1766 1987 1798 2005; x_wconf 89' lang='lat' dir='ltr'><strong>ne</strong></span> <span class='ocrx_word' id='word_1_747' title='bbox 1817 1979 1918 2012; x_wconf 76' lang='lat' dir='ltr'><strong>plagam</strong></span> 
     </span>
    </p>
   </div>
   <div class='ocr_carea' id='block_1_97' title="bbox 1129 2019 1919 2056">
    <p class='ocr_par' dir='ltr' id='par_1_97' title="bbox 1129 2019 1919 2056">
     <span class='ocr_line' id='line_1_97' title="bbox 1129 2019 1919 2056; baseline 0.006 -10"><span class='ocrx_word' id='word_1_748' title='bbox 1129 2019 1280 2054; x_wconf 87' lang='lat' dir='ltr'><strong>hujusmodi</strong></span> <span class='ocrx_word' id='word_1_749' title='bbox 1294 2021 1382 2048; x_wconf 88' lang='lat' dir='ltr'><strong>denuo</strong></span> <span class='ocrx_word' id='word_1_750' title='bbox 1396 2022 1520 2056; x_wconf 83' lang='lat' dir='ltr'><strong>aceipias.</strong></span> <span class='ocrx_word' id='word_1_751' title='bbox 1539 2023 1640 2049; x_wconf 83' lang='lat' dir='ltr'><strong>Etenim</strong></span> <span class='ocrx_word' id='word_1_752' title='bbox 1653 2024 1672 2049; x_wconf 94' lang='lat' dir='ltr'><strong>si</strong></span> <span class='ocrx_word' id='word_1_753' title='bbox 1684 2024 1795 2050; x_wconf 88' lang='lat' dir='ltr'><strong>aliurunt</strong></span> <span class='ocrx_word' id='word_1_754' title='bbox 1812 2024 1919 2051; x_wconf 52' lang='lat' dir='ltr'><strong>calami.</strong></span> 
     </span>
    </p>
   </div>
   <div class='ocr_carea' id='block_1_98' title="bbox 1130 2067 1917 2103">
    <p class='ocr_par' dir='ltr' id='par_1_98' title="bbox 1130 2067 1917 2103">
     <span class='ocr_line' id='line_1_98' title="bbox 1130 2067 1917 2103; baseline 0.005 -12"><span class='ocrx_word' id='word_1_755' title='bbox 1130 2069 1196 2092; x_wconf 83' lang='lat' dir='ltr'><strong>tates</strong></span> <span class='ocrx_word' id='word_1_756' title='bbox 1208 2073 1255 2092; x_wconf 90' lang='lat' dir='ltr'><strong>nos</strong></span> <span class='ocrx_word' id='word_1_757' title='bbox 1267 2067 1372 2093; x_wconf 85' lang='lat' dir='ltr'><strong>erudire</strong></span> <span class='ocrx_word' id='word_1_758' title='bbox 1382 2072 1501 2101; x_wconf 85' lang='lat' dir='ltr'><strong>possunt,</strong></span> <span class='ocrx_word' id='word_1_759' title='bbox 1514 2069 1595 2095; x_wconf 90' lang='lat' dir='ltr'><strong>ntulto</strong></span> <span class='ocrx_word' id='word_1_760' title='bbox 1614 2069 1697 2102; x_wconf 75' lang='lat' dir='ltr'><strong>magis</strong></span> <span class='ocrx_word' id='word_1_761' title='bbox 1707 2069 1768 2101; x_wconf 66' lang='lat' dir='ltr'><strong>illm,</strong></span> <span class='ocrx_word' id='word_1_762' title='bbox 1781 2077 1845 2103; x_wconf 56' lang='lat' dir='ltr'><strong>quas</strong></span> <span class='ocrx_word' id='word_1_763' title='bbox 1858 2077 1917 2095; x_wconf 77' lang='lat' dir='ltr'><strong>sus-</strong></span> 
     </span>
    </p>
   </div>
   <div class='ocr_carea' id='block_1_99' title="bbox 1130 2110 1919 2148">
    <p class='ocr_par' dir='ltr' id='par_1_99' title="bbox 1130 2110 1919 2148">
     <span class='ocr_line' id='line_1_99' title="bbox 1130 2110 1919 2148; baseline 0.006 -12"><span class='ocrx_word' id='word_1_764' title='bbox 1130 2110 1267 2143; x_wconf 86' lang='lat' dir='ltr'><strong>tinuimus,</strong></span> <span class='ocrx_word' id='word_1_765' title='bbox 1283 2119 1330 2138; x_wconf 86' lang='lat' dir='ltr'><strong>nos</strong></span> <span class='ocrx_word' id='word_1_766' title='bbox 1343 2113 1473 2139; x_wconf 70' lang='lat' dir='ltr'><strong>erudiunt.</strong></span> <span class='ocrx_word' id='word_1_767' title='bbox 1490 2113 1563 2146; x_wconf 87' lang='lat' dir='ltr'><strong>and</strong></span> <span class='ocrx_word' id='word_1_768' title='bbox 1580 2114 1605 2140; x_wconf 91' lang='lat' dir='ltr'><strong>in</strong></span> <span class='ocrx_word' id='word_1_769' title='bbox 1621 2114 1678 2148; x_wconf 87' lang='lat' dir='ltr'><strong>ipso</strong></span> <span class='ocrx_word' id='word_1_770' title='bbox 1700 2115 1787 2148; x_wconf 88' lang='lat' dir='ltr'><strong>capite</strong></span> <span class='ocrx_word' id='word_1_771' title='bbox 1801 2119 1845 2140; x_wconf 86' lang='lat' dir='ltr'><strong>tuo</strong></span> <span class='ocrx_word' id='word_1_772' title='bbox 1857 2122 1919 2148; x_wconf 83' lang='lat' dir='ltr'><strong>pro-</strong></span> 
     </span>
    </p>
   </div>
   <div class='ocr_carea' id='block_1_100' title="bbox 1130 2156 1920 2194">
    <p class='ocr_par' dir='ltr' id='par_1_100' title="bbox 1130 2156 1920 2194">
     <span class='ocr_line' id='line_1_100' title="bbox 1130 2156 1920 2194; baseline 0.006 -12"><span class='ocrx_word' id='word_1_773' title='bbox 1130 2156 1234 2189; x_wconf 82' lang='lat' dir='ltr'><strong>pediem</strong></span> <span class='ocrx_word' id='word_1_774' title='bbox 1250 2164 1292 2183; x_wconf 88' lang='lat' dir='ltr'><strong>me</strong></span> <span class='ocrx_word' id='word_1_775' title='bbox 1305 2156 1420 2183; x_wconf 86' lang='lat' dir='ltr'><strong>visurunt</strong></span> <span class='ocrx_word' id='word_1_776' title='bbox 1436 2163 1570 2192; x_wconf 73' lang='lat' dir='ltr'><strong>exspecto,</strong></span> <span class='ocrx_word' id='word_1_777' title='bbox 1583 2163 1608 2185; x_wconf 90' lang='lat' dir='ltr'><strong>et</strong></span> <span class='ocrx_word' id='word_1_778' title='bbox 1624 2164 1648 2185; x_wconf 90' lang='lat' dir='ltr'><strong>te</strong></span> <span class='ocrx_word' id='word_1_779' title='bbox 1664 2159 1707 2186; x_wconf 83' lang='lat' dir='ltr'><strong>Dei</strong></span> <span class='ocrx_word' id='word_1_780' title='bbox 1722 2166 1784 2186; x_wconf 85' lang='lat' dir='ltr'><strong>nutu</strong></span> <span class='ocrx_word' id='word_1_781' title='bbox 1805 2160 1920 2194; x_wconf 68' lang='grc' dir='ltr'><strong>ενίιιιιάὶ-</strong></span> 
     </span>
    </p>
   </div>
   <div class='ocr_carea' id='block_1_101' title="bbox 1130 2201 1920 2236">
    <p class='ocr_par' dir='ltr' id='par_1_101' title="bbox 1130 2201 1920 2236">
     <span class='ocr_line' id='line_1_101' title="bbox 1130 2201 1920 2236; baseline 0.004 -8"><span class='ocrx_word' id='word_1_782' title='bbox 1130 2201 1230 2228; x_wconf 88' lang='lat' dir='ltr'><strong>diorettt</strong></span> <span class='ocrx_word' id='word_1_783' title='bbox 1251 2201 1378 2234; x_wconf 81' lang='lat' dir='ltr'><strong>futurum,</strong></span> <span class='ocrx_word' id='word_1_784' title='bbox 1394 2208 1420 2229; x_wconf 89' lang='lat' dir='ltr'><strong>et</strong></span> <span class='ocrx_word' id='word_1_785' title='bbox 1436 2208 1534 2230; x_wconf 80' lang='lat' dir='ltr'><strong>tantum</strong></span> <span class='ocrx_word' id='word_1_786' title='bbox 1549 2204 1670 2231; x_wconf 75' lang='lat' dir='ltr'><strong>virtutem</strong></span> <span class='ocrx_word' id='word_1_787' title='bbox 1682 2205 1872 2236; x_wconf 77' lang='lat' dir='ltr'><strong>cxhibiturnm.</strong></span> <span class='ocrx_word' id='word_1_788' title='bbox 1893 2210 1920 2232; x_wconf 85' lang='lat' dir='ltr'><strong>ut</strong></span> 
     </span>
    </p>
   </div>
   <div class='ocr_carea' id='block_1_102' title="bbox 1130 2247 1919 2284">
    <p class='ocr_par' dir='ltr' id='par_1_102' title="bbox 1130 2247 1919 2284">
     <span class='ocr_line' id='line_1_102' title="bbox 1130 2247 1919 2284; baseline 0.005 -11"><span class='ocrx_word' id='word_1_789' title='bbox 1130 2247 1210 2274; x_wconf 80' lang='lat' dir='ltr'><strong>etiam</strong></span> <span class='ocrx_word' id='word_1_790' title='bbox 1226 2248 1283 2275; x_wconf 85' lang='lat' dir='ltr'><strong>aliis</strong></span> <span class='ocrx_word' id='word_1_791' title='bbox 1299 2248 1352 2274; x_wconf 90' lang='lat' dir='ltr'><strong>illic</strong></span> <span class='ocrx_word' id='word_1_792' title='bbox 1365 2249 1523 2282; x_wconf 77' lang='lat' dir='ltr'><strong>[)‘dlf‘Ot‘iltm&#39;l</strong></span> <span class='ocrx_word' id='word_1_793' title='bbox 1537 2249 1633 2276; x_wconf 81' lang='lat' dir='ltr'><strong>valeas.</strong></span> <span class='ocrx_word' id='word_1_794' title='bbox 1650 2250 1761 2277; x_wconf 87' lang='lat' dir='ltr'><strong>Tantum</strong></span> <span class='ocrx_word' id='word_1_795' title='bbox 1777 2258 1810 2278; x_wconf 85' lang='lat' dir='ltr'><strong>ne</strong></span> <span class='ocrx_word' id='word_1_796' title='bbox 1822 2251 1919 2284; x_wconf 66' lang='lat' dir='ltr'><strong>despe-</strong></span> 
     </span>
    </p>
   </div>
   <div class='ocr_carea' id='block_1_103' title="bbox 1130 2294 1919 2327">
    <p class='ocr_par' dir='ltr' id='par_1_103' title="bbox 1130 2294 1919 2327">
     <span class='ocr_line' id='line_1_103' title="bbox 1130 2294 1919 2327; baseline 0.004 -8"><span class='ocrx_word' id='word_1_797' title='bbox 1130 2299 1183 2325; x_wconf 84' lang='lat' dir='ltr'><strong>res,</strong></span> <span class='ocrx_word' id='word_1_798' title='bbox 1199 2300 1284 2327; x_wconf 89' lang='lat' dir='ltr'><strong>neque</strong></span> <span class='ocrx_word' id='word_1_799' title='bbox 1299 2294 1423 2320; x_wconf 86' lang='lat' dir='ltr'><strong>concidas</strong></span> <span class='ocrx_word' id='word_1_800' title='bbox 1439 2294 1506 2321; x_wconf 83' lang='lat' dir='ltr'><strong>:huc</strong></span> <span class='ocrx_word' id='word_1_801' title='bbox 1519 2295 1589 2321; x_wconf 86' lang='lat' dir='ltr'><strong>enim</strong></span> <span class='ocrx_word' id='word_1_802' title='bbox 1606 2295 1651 2321; x_wconf 93' lang='lat' dir='ltr'><strong>tibi</strong></span> <span class='ocrx_word' id='word_1_803' title='bbox 1661 2295 1686 2322; x_wconf 92' lang='lat' dir='ltr'><strong>itt</strong></span> <span class='ocrx_word' id='word_1_804' title='bbox 1702 2296 1773 2322; x_wconf 91' lang='lat' dir='ltr'><strong>omni</strong></span> <span class='ocrx_word' id='word_1_805' title='bbox 1789 2296 1919 2322; x_wconf 70' lang='lat' dir='ltr'><strong>senm-nis</strong></span> 
     </span>
    </p>
   </div>
   <div class='ocr_carea' id='block_1_104' title="bbox 1131 2339 1920 2373">
    <p class='ocr_par' dir='ltr' id='par_1_104' title="bbox 1131 2339 1920 2373">
     <span class='ocr_line' id='line_1_104' title="bbox 1131 2339 1920 2373; baseline 0.004 -9"><span class='ocrx_word' id='word_1_806' title='bbox 1131 2345 1284 2372; x_wconf 78' lang='lat' dir='ltr'><strong>congressu,</strong></span> <span class='ocrx_word' id='word_1_807' title='bbox 1298 2339 1455 2373; x_wconf 90' lang='lat' dir='ltr'><strong>ubicumque</strong></span> <span class='ocrx_word' id='word_1_808' title='bbox 1469 2345 1494 2366; x_wconf 86' lang='lat' dir='ltr'><strong>te</strong></span> <span class='ocrx_word' id='word_1_809' title='bbox 1506 2339 1605 2373; x_wconf 76' lang='lat' dir='ltr'><strong>videro,</strong></span> <span class='ocrx_word' id='word_1_810' title='bbox 1620 2345 1645 2366; x_wconf 89' lang='lat' dir='ltr'><strong>et</strong></span> <span class='ocrx_word' id='word_1_811' title='bbox 1657 2340 1769 2367; x_wconf 88' lang='lat' dir='ltr'><strong>alioruttt</strong></span> <span class='ocrx_word' id='word_1_812' title='bbox 1782 2341 1860 2366; x_wconf 84' lang='lat' dir='ltr'><strong>etiam</strong></span> <span class='ocrx_word' id='word_1_813' title='bbox 1874 2347 1920 2367; x_wconf 81' lang='lat' dir='ltr'><strong>ora</strong></span> 
     </span>
    </p>
   </div>
   <div class='ocr_carea' id='block_1_105' title="bbox 1131 2384 1917 2419">
    <p class='ocr_par' dir='ltr' id='par_1_105' title="bbox 1131 2384 1917 2419">
     <span class='ocr_line' id='line_1_105' title="bbox 1131 2384 1917 2419; baseline 0.003 -10"><span class='ocrx_word' id='word_1_814' title='bbox 1131 2388 1253 2417; x_wconf 82' lang='lat' dir='ltr'><strong>repetere</strong></span> <span class='ocrx_word' id='word_1_815' title='bbox 1283 2391 1335 2410; x_wconf 93' lang='lat' dir='ltr'><strong>non</strong></span> <span class='ocrx_word' id='word_1_816' title='bbox 1357 2384 1487 2410; x_wconf 85' lang='lat' dir='ltr'><strong>cessabo:</strong></span> <span class='ocrx_word' id='word_1_817' title='bbox 1513 2385 1581 2419; x_wconf 84' lang='lat' dir='ltr'><strong>quod</strong></span> <span class='ocrx_word' id='word_1_818' title='bbox 1601 2385 1622 2412; x_wconf 93' lang='lat' dir='ltr'><strong>si</strong></span> <span class='ocrx_word' id='word_1_819' title='bbox 1643 2386 1773 2417; x_wconf 86' lang='lat' dir='ltr'><strong>audiet-is,</strong></span> <span class='ocrx_word' id='word_1_820' title='bbox 1790 2386 1849 2412; x_wconf 92' lang='lat' dir='ltr'><strong>aliis</strong></span> <span class='ocrx_word' id='word_1_821' title='bbox 1862 2393 1917 2412; x_wconf 89' lang='lat' dir='ltr'><strong>ant-</strong></span> 
     </span>
    </p>
   </div>
   <div class='ocr_carea' id='block_1_106' title="bbox 1133 2429 1507 2464">
    <p class='ocr_par' dir='ltr' id='par_1_106' title="bbox 1133 2429 1507 2464">
     <span class='ocr_line' id='line_1_106' title="bbox 1133 2429 1507 2464; baseline 0.005 -9"><span class='ocrx_word' id='word_1_822' title='bbox 1133 2429 1200 2463; x_wconf 88' lang='lat' dir='ltr'><strong>plius</strong></span> <span class='ocrx_word' id='word_1_823' title='bbox 1211 2429 1333 2456; x_wconf 86' lang='lat' dir='ltr'><strong>remediis</strong></span> <span class='ocrx_word' id='word_1_824' title='bbox 1349 2437 1400 2456; x_wconf 87' lang='lat' dir='ltr'><strong>non</strong></span> <span class='ocrx_word' id='word_1_825' title='bbox 1410 2430 1507 2464; x_wconf 71' lang='lat' dir='ltr'><strong>egebis.</strong></span> 
     </span>
    </p>
   </div>
   <div class='ocr_carea' id='block_1_107' title="bbox 1131 2484 1921 2518">
    <p class='ocr_par' dir='ltr' id='par_1_107' title="bbox 1131 2484 1921 2518">
     <span class='ocr_line' id='line_1_107' title="bbox 1131 2484 1921 2518; baseline 0.001 -9"><span class='ocrx_word' id='word_1_826' title='bbox 1131 2484 1344 2518; x_wconf 59' lang='lat' dir='ltr'><strong>sionesajdtpsum</strong></span> <span class='ocrx_word' id='word_1_827' title='bbox 1365 2485 1436 2518; x_wconf 67' lang='lat' dir='ltr'><strong>etiam</strong></span> <span class='ocrx_word' id='word_1_828' title='bbox 1453 2484 1604 2518; x_wconf 57' lang='lat' dir='ltr'><strong>eaApOstolo</strong></span> <span class='ocrx_word' id='word_1_829' title='bbox 1614 2486 1647 2512; x_wconf 80' lang='lat' dir='ltr'><strong>ad</strong></span> <span class='ocrx_word' id='word_1_830' title='bbox 1662 2485 1794 2511; x_wconf 66' lang='lat' dir='ltr'><strong>(munitio:</strong></span> <span class='ocrx_word' id='word_1_831' title='bbox 1805 2484 1921 2511; x_wconf 69' lang='lat' dir='ltr'><strong>scribent:</strong></span> 
     </span>
    </p>
   </div>
   <div class='ocr_carea' id='block_1_108' title="bbox 1132 2515 1560 2548">
    <p class='ocr_par' dir='ltr' id='par_1_108' title="bbox 1132 2515 1560 2548">
     <span class='ocr_line' id='line_1_108' title="bbox 1132 2515 1560 2548; baseline 0.007 -9"><span class='ocrx_word' id='word_1_832' title='bbox 1132 2515 1280 2548; x_wconf 57' lang='lat' dir='ltr'><strong>audiendum</strong></span> <span class='ocrx_word' id='word_1_833' title='bbox 1289 2519 1335 2548; x_wconf 65' lang='lat' dir='ltr'><strong>est.</strong></span> <span class='ocrx_word' id='word_1_834' title='bbox 1348 2525 1357 2541; x_wconf 77' lang='grc' dir='ltr'>ι</span> <span class='ocrx_word' id='word_1_835' title='bbox 1364 2515 1419 2542; x_wconf 77' lang='lat' dir='ltr'><strong>Atia</strong></span> <span class='ocrx_word' id='word_1_836' title='bbox 1429 2515 1560 2548; x_wconf 73' lang='lat' dir='ltr'><strong>gioria....t</strong></span> 
     </span>
    </p>
   </div>
   <div class='ocr_carea' id='block_1_109' title="bbox 1165 2546 1918 2578">
    <p class='ocr_par' dir='ltr' id='par_1_109' title="bbox 1165 2546 1918 2578">
     <span class='ocr_line' id='line_1_109' title="bbox 1165 2546 1918 2578; baseline 0.004 -9"><span class='ocrx_word' id='word_1_837' title='bbox 1165 2547 1257 2578; x_wconf 52' lang='lat' dir='ltr'><strong>flocci.</strong></span> <span class='ocrx_word' id='word_1_838' title='bbox 1276 2546 1345 2578; x_wconf 65' lang='lat' dir='ltr'><strong>savii.</strong></span> <span class='ocrx_word' id='word_1_839' title='bbox 1368 2552 1394 2578; x_wconf 64' lang='lat' dir='ltr'><strong>et.</strong></span> <span class='ocrx_word' id='word_1_840' title='bbox 1415 2546 1466 2570; x_wconf 73' lang='lat' dir='ltr'><strong>tt‘es</strong></span> <span class='ocrx_word' id='word_1_841' title='bbox 1487 2550 1548 2577; x_wconf 52' lang='lat' dir='ltr'><strong>nm,</strong></span> <span class='ocrx_word' id='word_1_842' title='bbox 1568 2547 1639 2578; x_wconf 81' lang='lat' dir='ltr'><strong>Itnjus</strong></span> <span class='ocrx_word' id='word_1_843' title='bbox 1657 2551 1737 2573; x_wconf 70' lang='lat' dir='ltr'><strong>tuum</strong></span> <span class='ocrx_word' id='word_1_844' title='bbox 1753 2547 1787 2573; x_wconf 76' lang='lat' dir='ltr'><strong>rei</strong></span> <span class='ocrx_word' id='word_1_845' title='bbox 1806 2553 1918 2577; x_wconf 73' lang='lat' dir='ltr'><strong>&quot;mgnum</strong></span> 
     </span>
    </p>
   </div>
   <div class='ocr_carea' id='block_1_110' title="bbox 1132 2576 1434 2608">
    <p class='ocr_par' dir='ltr' id='par_1_110' title="bbox 1132 2576 1434 2608">
     <span class='ocr_line' id='line_1_110' title="bbox 1132 2576 1434 2608; baseline 0 -7"><span class='ocrx_word' id='word_1_846' title='bbox 1132 2576 1197 2601; x_wconf 67' lang='lat' dir='ltr'><strong>nobis</strong></span> <span class='ocrx_word' id='word_1_847' title='bbox 1209 2576 1289 2601; x_wconf 69' lang='lat' dir='ltr'><strong>nituit</strong></span> <span class='ocrx_word' id='word_1_848' title='bbox 1301 2577 1434 2608; x_wconf 69' lang='lat' dir='ltr'><strong>preatinnt.</strong></span> 
     </span>
    </p>
   </div>
  </div>
