2061 3114
193 107 248 136 309

759 105 806 133 AD
825 105 1035 134 TIIEODORUM
1057 105 1202 134 LAPSUM.
1233 106 1266 134 ll.

1782 108 1834 136 310

685 216 955 259 EJUSDEM
980 217 1059 258 AD
1088 216 1348 259 EUMDEM

715 304 1303 370 THEODORUM

801 415 939 462 fiber
975 415 1180 463 securibus
1201 409 1232 459 '.

919 499 1103 527 eam»

231 571 256 599 Ι.
270 569 299 598 Si
313 569 391 597 ﬂetus
404 571 513 603 possent
523 571 550 594 et
560 565 674 601 gemitus
687 572 736 600 per
749 565 842 592 literas
854 564 986 597 exhiberi,

196 615 238 644 his
248 615 375 650 repletam
388 613 526 649 epistolam
537 612 570 640 ad
581 616 606 639 te
617 611 760 639 misissem.
774 610 904 645 Equidem
918 610 970 638 lleo
979 631 987 643 ,

196 669 249 690 non
259 660 330 697 quod
343 665 513 695 paternarum
526 665 614 686 rerum
627 656 832 684 sollicitudinem
843 663 930 691 geras,
943 655 990 683 sed

195 707 266 744 quod
278 715 310 734 ex
325 707 434 733 fratrum
444 709 470 732 te
479 704 600 739 catalogo
609 703 752 734 deleveris.
761 702 831 737 quod
842 706 916 737 pacta
929 709 990 729 cum

195 754 303 782 Christo
314 753 377 780 inita
389 751 544 779 calcaveris.
557 750 599 778 Ad
611 750 668 777 haec
681 750 788 782 horreo,
802 756 882 784 super
891 748 933 776 his
940 755 987 775 an-

195 808 253 836 gor,
267 805 405 835 propterea
418 798 499 825 timeo
509 802 535 824 et
544 801 640 830 tremo,
649 803 747 831 gnarus
764 795 858 823 horum
868 799 989 823 contem-

196 851 269 882 ptum
276 853 397 881 magnam
403 844 497 872 aﬂ‘erre
503 843 749 871 candemnationcm
757 842 847 878 iis,qui
854 843 879 870 in
887 849 989 869 sacram

196 892 265 920 hanc
280 892 401 919 militiam
411 889 547 924 adscripti,
566 897 614 924 per
628 889 767 924 segnitiem
782 888 902 915 ordinem
911 895 990 915 smtm

195 936 460 970 deseruerunt.Quod
468 940 556 963 autem
563 932 721 970 supplicium
729 934 760 961 iis
766 933 924 961 destinatum
934 941 991 968 gra-

195 985 254 1011 vius
262 983 350 1016 sit,vel
359 990 391 1010 ex
403 991 432 1010 re
440 982 496 1017 ipsa
505 981 613 1016 planum
624 981 814 1008 est.Privatum
823 981 893 1008 enim
903 979 989 1007 homi-

196 1038 257 1058 nem
270 1037 348 1057 nemo
358 1029 472 1056 deserta:
486 1028 588 1055 militia:
600 1027 765 1055 accusaverit
776 1026 840 1060 ;scd
851 1027 896 1062 qui
906 1026 989 1054 semel

195 1075 273 1104 miles
287 1075 396 1103 effectus
410 1079 472 1108 est,
488 1073 511 1101 si
532 1073 559 1100 in
581 1073 735 1101 desertione
755 1072 969 1107 deprehendatur
980 1092 987 1104 ,

195 1126 315 1150 extremo
328 1120 447 1156 periculo
461 1119 591 1154 subjacet.
604 1118 663 1146 Non
677 1122 720 1146 est.
732 1125 813 1153 grave
825 1138 833 1150 ,
848 1116 990 1145 Theodore

193 1167 349 1201 carissime,
364 1170 510 1194 certantem
524 1165 621 1193 cadere
632 1185 640 1198 ,
653 1163 701 1192 sed
720 1164 747 1191 in
767 1164 842 1198 lapsu
856 1170 966 1191 manere
979 1171 986 1190 :

193 1221 248 1242 non
264 1218 305 1242 est
319 1213 496 1250 perniciosum
511 1215 673 1248 pugnantem
695 1211 830 1239 vulnerari
843 1231 850 1242 ,
866 1210 914 1238 sed
929 1214 990 1245 post

194 1259 322 1287 inflictum
337 1259 432 1286 vulnus
446 1258 591 1293 desperare
604 1261 632 1285 et
645 1257 750 1292 plagam
765 1256 910 1292 negligere.
923 1255 987 1284 Nul-

193 1306 236 1333 lus
251 1309 384 1333 mercator
398 1303 565 1340 naufragium
584 1310 677 1338 passus
687 1323 695 1336 ,
711 1303 862 1338 amissoque
883 1309 965 1330 onere
978 1322 986 1335 ,

193 1352 318 1386 navigare
330 1350 409 1378 desiit
424 1358 430 1377 :
445 1349 491 1377 sed
508 1356 612 1376 rursum
627 1356 702 1376 mare
713 1368 721 1380 ,
737 1348 834 1376 fluctus
845 1367 854 1380 ,
870 1351 988 1374 vastum-

193 1405 245 1432 que
254 1397 362 1432 pelagus
373 1400 492 1431 permeat
504 1415 512 1429 ,
527 1395 691 1429 amissasque
702 1393 827 1428 pecunias
837 1397 986 1428 recuperat.

193 1443 314 1470 Athletas
328 1449 434 1477 quoque
448 1440 569 1468 videmus
584 1444 644 1475 post
659 1439 813 1474 frequentes
832 1438 922 1473 lapsus
942 1446 988 1466 eo-

191 1489 282 1517 ronari
306 1498 313 1517 :
337 1488 414 1516 miles
433 1488 513 1516 etiam
535 1488 630 1522 sa‘pe‘
662 1490 721 1521 post
740 1485 826 1521 fugam
841 1505 848 1518 ,
876 1484 988 1512 bellator

192 1542 317 1564 strenuus
335 1535 440 1568 evasit,
457 1534 600 1568 hostesque
619 1532 778 1567 profligavit.
802 1530 876 1558 Multi
897 1536 987 1558 autem

192 1583 270 1617 quivi
284 1586 478 1609 tormentorum
496 1579 571 1607 fracti
585 1578 720 1606 Christum
736 1581 908 1612 negaverant,
923 1576 986 1603 red-

192 1629 323 1663 integrato
346 1626 491 1655 certamine
516 1624 636 1660 martyrii
656 1631 781 1652 coronam
807 1627 985 1658 reportarunt.

192 1674 268 1708 Quod
282 1674 305 1701 si
320 1680 413 1701 eorum
428 1671 540 1707 quilibet
553 1671 587 1698 ob
600 1670 716 1705 priorem
731 1669 835 1704 plagam
849 1668 988 1703 desperas-

192 1725 252 1754 set,
268 1726 410 1754 numquam
425 1717 593 1751 sequentium
613 1716 745 1743 bonorum
766 1714 879 1741 fructum
894 1721 986 1749 perce-

192 1767 285 1801 pisset.
312 1765 350 1793 lla
369 1769 397 1793 et
417 1771 508 1798 nunc,
537 1763 623 1790 amice
644 1761 784 1789 Theodore
797 1760 818 1793 ³,
845 1768 898 1794 ne,
924 1760 986 1795 quia

192 1813 315 1840 inimicus
330 1816 356 1839 te
371 1818 385 1838 a
401 1811 516 1838 statione
529 1809 663 1845 paululum
674 1807 826 1835 deturbavit
836 1828 844 1839 ,
859 1811 886 1834 te
899 1806 985 1842 ipsum

194 1859 220 1886 in
236 1858 411 1893 przccipitium
420 1857 539 1884 decutias
551 1863 558 1888 ;
574 1855 622 1882 sed
635 1859 741 1882 strenue
755 1854 872 1882 consiste
884 1873 892 1886 ,
907 1858 936 1880 et
953 1853 986 1881 ad

171 1935 175 1939 _
193 1906 280 1933 locum
296 1903 367 1932 unde
379 1903 468 1931 exiisti
481 1902 535 1930 cito
547 1901 663 1936 remigra
680 1909 686 1927 :
704 1907 737 1928 ne
752 1900 851 1935 probro
866 1899 912 1926 tibi
928 1899 986 1926 fore

194 1955 269 1986 putes
284 1950 361 1977 talem
381 1953 441 1984 post
463 1948 566 1983 plagam
589 1951 725 1980 acceptant
747 1945 872 1972 reditum.
895 1944 986 1979 Neque

193 1997 264 2023 enim
280 1994 459 2030 reprehendas
476 1993 587 2020 militem
599 2013 607 2026 ,
619 1999 679 2020 cum
693 1991 726 2019 de
736 1991 828 2026 prmlio
843 1991 987 2018 revertitur

193 2043 348 2069 vulneratus
365 2050 371 2067 :
387 2039 560 2076 opprobrium
579 2046 644 2066 sane
664 2042 705 2065 est
724 2045 797 2064 arma
814 2037 945 2072 projicere
960 2041 987 2064 et

193 2088 286 2125 procul
301 2088 334 2115 ab
349 2087 471 2114 hostibus
493 2085 624 2113 removeri
639 2093 647 2118 ;
666 2083 790 2119 quamdiu
806 2087 894 2110 autem
911 2083 985 2118 quis-

193 2135 263 2170 piam
280 2134 305 2160 in
320 2132 443 2161 conflictu
459 2134 566 2164 manet,
582 2129 687 2157 etiamsi
708 2129 819 2156 feriatur
837 2133 863 2156 et
886 2128 985 2163 paulis-

194 2188 242 2214 per
263 2179 361 2212 cedat,
390 2185 469 2205 nemo
493 2177 527 2204 ita
552 2176 634 2203 durus
658 2181 689 2202 ac
713 2174 816 2202 bellica:
839 2173 985 2208 disciplina:

194 2232 289 2260 expers
312 2227 370 2256 est,
388 2227 416 2251 ut
430 2222 482 2250 hoc
506 2222 545 2249 illi
558 2221 569 2237 ⁵
587 2220 651 2248 vitio
664 2225 760 2249 vertat.
789 2219 846 2247 Non
865 2227 985 2255 pugnan-

195 2273 260 2299 tium
282 2271 380 2306 quippe
402 2274 444 2297 est
462 2276 515 2296 non
538 2268 693 2296 vulnerari:
715 2267 758 2303 qui
782 2270 870 2293 autem
890 2272 986 2300 magno

194 2318 283 2345 animo
305 2317 396 2344 hostes
412 2315 588 2346 adoriuntur,
609 2320 681 2349 smpe
701 2312 831 2340 feriuntur
851 2315 878 2338 ct
897 2311 986 2338 conci-

193 2364 280 2396 dunt,
309 2367 338 2389 ut
360 2361 408 2389 tibi
432 2368 503 2388 nunc
524 2360 654 2394 contigit,
678 2358 723 2393 qui
748 2358 812 2385 dum
835 2360 984 2392 serpentem

194 2408 317 2435 occidere
327 2406 454 2434 nitebaris
462 2427 469 2440 ,
483 2413 575 2433 morsu
585 2405 738 2432 vulneratus
749 2411 787 2430 es.
798 2403 850 2430 Sed
861 2402 965 2430 confide
975 2423 983 2434 ,

194 2454 338 2480 sobrietate
352 2453 486 2487 paululum
497 2451 579 2478 utaris
589 2454 712 2485 oportet,
728 2449 882 2484 nullumque
895 2448 987 2476 vulne-

195 2500 231 2526 ris
245 2499 384 2534 vestigium
397 2497 544 2526 remanebit
560 2506 567 2523 :
584 2497 637 2524 imo
657 2503 721 2524 vero
739 2503 788 2530 per
809 2494 855 2522 Dei
875 2495 986 2529 gratiam

222 2565 229 2580 ¹
238 2565 275 2589 sic
282 2563 363 2588 Morel.
371 2567 397 2588 et
404 2569 467 2587 unus
476 2562 529 2588 cod.
537 2562 612 2590 (ιθὼς
620 2560 682 2586 alius
689 2561 749 2585 item
754 2560 829 2590 Colb.,
837 2559 950 2591 Ejusdem
955 2560 988 2585 ad

194 2595 305 2620 eumdem
316 2593 414 2623 epistola
425 2598 456 2617 II.
464 2592 638 2622 TertiusCulb.,
647 2591 792 2623 ejrasdentud
800 2591 911 2616 eumdem
919 2591 990 2623 Πιερ-

195 2601 305 2620 mmmam
367 2601 414 2619 tota
425 2601 456 2617 Il.
464 2601 638 2622 Τεγιιιιδῌιηλ.⁷
647 2601 791 2623 ejmaemua
800 2601 911 2616 eurmwm
922 2601 988 2615 lllL'U-

195 2628 282 2651 durant
299 2601 477 2650 ammath
488 2624 514 2648 in
529 2624 626 2648 modum
643 2622 750 2653 epistola:
771 2627 852 2647 sermo
866 2621 988 2653 Il.sa\-il.,

194 2657 286 2688 chryso
297 2655 355 2681 ιθηή
364 2656 396 2680 ad
413 2655 524 2688 eumdem
536 2651 683 2688 Theodorum
694 2654 787 2688 lapsum
797 2659 829 2677 ea:
840 2653 929 2684 optima
943 2651 991 2677 rita

195 2684 276 2712 Sermo
290 2691 308 2711 I.
320 2690 366 2710 cur
377 2690 460 2710 autem
471 2685 523 2710 bzcc
535 2684 635 2716 epistola
648 2685 677 2708 ad
688 2684 919 2716 t'lteodorumkqute
930 2690 990 2716 vere

195 2718 301 2743 secunda
308 2721 353 2744 est.
360 2718 436 2747 prima
442 2714 535 2740 locetur
541 2713 563 2740 in
569 2716 627 2739 Edit.
636 2714 744 2744 Savil.,in
750 2715 835 2747 monito
842 2713 931 2747 dictum
936 2713 990 2738 fuit.

225 2753 235 2768 ὶ
244 2748 313 2773 sat-il.
322 2752 347 2772 et
354 2744 499 2772 omnesalss.
506 2747 679 2776 habent,swpe.
686 2748 710 2769 In
718 2744 928 2770 Morel.deesthaec
934 2751 992 2770 vox.

229 2782 239 2796 ³
250 2786 305 2807 \ox,
316 2779 445 2807 Thr-odore,
458 2777 530 2802 deest
541 2778 565 2801 in
576 2777 670 2801 duobus
681 2780 733 2800 Mss.

229 2812 239 2827 ⁸
252 2816 309 2837 \ov.
326 2809 363 2834 illi
372 2827 379 2837 .
393 2816 417 2834 m
437 2809 515 2834 tribus
526 2812 577 2833 Mss.
590 2808 670 2832 deest.
684 2806 744 2832 Infra
764 2806 812 2832 duo
823 2810 875 2832 Mss.
888 2812 936 2831 non
947 2806 991 2831 ha-

199 2842 269 2870 bent.
281 2847 304 2867 ει
315 2840 452 2866 concidunt.

982 2881 1001 2892 ac.

222 2959 252 2970 "\

1043 574 1127 609 ipsius
1141 574 1247 610 maligni
1261 578 1340 609 caput
1349 573 1520 609 confringes;
1534 581 1620 610 neque
1634 578 1659 602 te
1672 576 1811 603 conturbet
1821 597 1829 607 .

1043 620 1114 655 quod
1127 621 1180 648 cito
1191 620 1260 647 etab
1271 621 1328 655 ipso
1338 620 1468 655 principio
1478 620 1644 655 compeditos
1658 621 1749 648 fueris.
1763 621 1837 649 Vidit

1043 665 1116 696 enim
1129 686 1136 699 ,
1151 670 1178 693 et
1190 665 1313 693 celeriter
1326 665 1392 692 vidit
1406 665 1537 701 malignus
1551 665 1596 693 ille
1606 665 1688 692 animi
1702 667 1739 693 tui
1755 666 1837 693 virtu-

1043 715 1096 738 tem
1110 733 1117 744 ,
1127 716 1154 739 et
1164 719 1195 739 ex
1207 712 1298 739 multis
1308 712 1391 747 signis
1403 732 1410 745 ,
1426 716 1456 739 ut
1468 716 1591 739 strenuus
1607 712 1656 739 sibi
1668 712 1836 739 adversarius

1044 758 1115 785 vires
1130 762 1238 792 augeret
1253 756 1370 785 futurum
1386 757 1526 793 prmsensit
1542 767 1549 784 :
1565 765 1627 785 eum
1646 757 1717 785 enim
1732 757 1775 793 qui
1791 757 1836 785 tali

1043 807 1170 838 tantoque
1187 803 1275 830 studio
1294 809 1387 831 contra
1405 811 1433 831 se
1450 803 1492 831 vel
1508 803 1542 831 ab
1564 804 1638 831 initio
1651 808 1772 832 uteretur
1783 826 1790 836 .
1815 805 1838 831 si

1042 853 1227 883 perseveraret
1241 869 1248 882 ,
1263 849 1338 876 facile
1352 856 1381 876 se
1391 848 1585 876 debellaturum
1595 856 1655 877 esse
1665 850 1835 877 existimavit.

1043 894 1156 929 Ideoque
1181 894 1332 927 festinavit,
1355 894 1513 927 excubavit,
1535 899 1658 930 totusque
1677 899 1770 923 contra
1790 901 1835 928 te,

1043 939 1098 967 imo
1113 940 1199 975 potius
1212 945 1306 968 contra
1325 945 1406 975 caput
1422 947 1499 968 suum
1517 940 1659 968 insurrexit
1671 961 1678 972 ,
1701 941 1723 968 si
1747 945 1837 968 tamen

1041 986 1157 1014 volueris
1171 989 1279 1013 strenue
1292 986 1432 1014 obsistere.
1447 986 1511 1019 Quis
1533 986 1603 1013 enim
1624 986 1741 1014 celerem
1764 986 1836 1013 illam

1042 1035 1114 1058 tttam
1128 1052 1134 1063 ,
1146 1031 1279 1058 sinceram
1290 1036 1369 1066 atque
1383 1031 1528 1058 ferventem
1539 1031 1572 1058 ad
1584 1031 1650 1058 bona
1662 1032 1837 1063 mutationem

1041 1084 1094 1104 non
1111 1077 1221 1104 miratus
1237 1082 1277 1104 est
1287 1077 1300 1104 ?
1313 1077 1458 1112 Epularum
1472 1077 1544 1104 enim
1559 1077 1702 1104 oblectatio
1715 1083 1837 1105 contem-

1041 1122 1096 1156 ptui
1111 1127 1187 1154 erat,
1211 1122 1289 1150 luxus
1308 1122 1421 1149 vestium
1437 1122 1648 1157 vilipendebatur
1659 1143 1666 1155 ,
1680 1122 1835 1150 calcabatnr

1040 1167 1123 1195 fastus
1136 1168 1224 1195 omnis
1234 1189 1242 1201 ,
1255 1172 1309 1196 tota
1323 1168 1368 1195 illa
1378 1172 1495 1196 externa;
1506 1167 1681 1203 philosophia
1694 1176 1758 1196 cura
1770 1177 1836 1196 con-

1041 1213 1130 1241 fertim
1145 1214 1171 1241 in
1182 1214 1270 1242 divina
1281 1214 1386 1249 eloquia
1397 1214 1524 1241 translata
1539 1213 1626 1241 fuerat
1640 1223 1647 1241 :
1661 1215 1767 1242 lectioni
1778 1215 1836 1242 dies

1040 1260 1118 1287 solidi
1132 1282 1139 1294 ,
1154 1260 1269 1288 orationi
1284 1264 1376 1287 noctes
1391 1261 1501 1295 integrat
1513 1260 1729 1295 deputabantur:
1745 1266 1835 1296 pater-

1042 1313 1084 1333 nae
1098 1306 1235 1341 dignitatis
1248 1306 1320 1333 nulla
1331 1306 1432 1333 mentio
1445 1327 1452 1339 ,
1465 1305 1616 1334 divitiarum
1628 1307 1700 1334 nulla
1711 1307 1836 1334 recorda.

1040 1352 1078 1380 tio
1092 1361 1099 1379 :
1115 1352 1225 1380 fratrum
1237 1356 1326 1379 autem
1342 1359 1427 1387 genua
1443 1351 1603 1386 complecti,
1624 1358 1770 1387 eorumque
1788 1360 1836 1387 pec

1039 1397 1118 1425 dibus
1132 1405 1274 1425 accurrere
1285 1418 1292 1430 ,
1304 1398 1376 1425 omni
1390 1397 1528 1424 nobilitate
1538 1397 1835 1431 sublimiusjudicabas.

1039 1443 1103 1471 llzec
1116 1443 1275 1470 malevolum
1288 1443 1361 1470 illum
1376 1442 1532 1470 cruciabant
1544 1463 1551 1474 ,
1576 1442 1632 1470 hmc
1651 1443 1684 1470 ad
1704 1444 1835 1472 acriorem

1039 1496 1154 1523 pugnata
1189 1489 1382 1516 conserendam
1414 1488 1580 1515 incitarunt‘
1604 1497 1610 1515 :
1634 1492 1751 1516 attamen
1782 1496 1836 1516 non

1040 1534 1119 1561 letale
1134 1534 1229 1561 vulnus
1240 1534 1345 1561 inﬂixit.
1357 1533 1423 1560 Nam
1434 1534 1456 1561 si
1467 1538 1528 1568 post
1541 1533 1696 1561 diuturnum
1711 1538 1816 1569 tempus
1826 1552 1835 1566 ,

1039 1584 1100 1615 post
1109 1579 1210 1615 jejunia
1226 1579 1307 1606 multa
1319 1600 1327 1614 ,
1344 1579 1416 1606 humi
1430 1579 1587 1606 cubationes
1601 1578 1720 1614 aliasque
1733 1579 1837 1606 exerci-

1039 1625 1155 1653 tationes
1166 1630 1191 1652 te
1201 1625 1358 1660 dejecisset,
1368 1631 1455 1659 neque
1469 1629 1531 1652 tunc
1541 1623 1737 1658 desperandum
1748 1629 1835 1658 esset,

1040 1672 1103 1699 licet
1117 1671 1262 1699 maximum
1276 1670 1402 1698 damnum
1418 1674 1556 1705 putaretur
1570 1673 1630 1704 post
1643 1669 1740 1697 multos
1752 1669 1835 1696 sudo-

1039 1725 1083 1745 res
1094 1738 1101 1750 ,
1116 1717 1220 1745 labores
1230 1721 1256 1744 et
1271 1717 1396 1744 victorias
1409 1716 1444 1743 ita
1461 1716 1593 1751 prosterni
1606 1725 1613 1743 :
1628 1722 1720 1743 verum
1731 1717 1792 1751 quia
1807 1716 1833 1742 in

1039 1764 1098 1799 ipso
1110 1763 1247 1800 procinctu
1260 1763 1413 1791 certaminis
1432 1767 1459 1790 te
1474 1762 1654 1797 supplantavit
1668 1782 1675 1794 ,
1699 1761 1726 1788 id
1745 1761 1833 1789 soluat

1039 1810 1127 1839 effecit
1138 1830 1146 1842 ,
1157 1814 1187 1838 ut
1197 1809 1336 1838 fortiorem
1347 1813 1373 1836 te
1383 1808 1509 1837 redderet
1522 1807 1556 1835 ad
1570 1815 1684 1843 pugnam
1701 1814 1762 1835 cum
1776 1807 1835 1842 ipso

1039 1857 1193 1884 ineundum.
1209 1855 1289 1883 Modo
1306 1855 1378 1882 enim
1401 1859 1428 1882 te
1451 1861 1467 1882 e
1486 1858 1565 1889 portu
1587 1853 1734 1881 solventem
1747 1873 1755 1886 ,
1779 1860 1833 1880 non

1039 1910 1072 1930 ex
1087 1902 1267 1937 negotiatione
1282 1905 1463 1928 revertentem
1475 1921 1483 1933 ,
1499 1907 1550 1927 nec
1563 1903 1685 1926 onustam
1700 1899 1835 1927 mercibus

1039 1955 1133 1975 navem
1150 1947 1322 1975 reducentem
1335 1967 1343 1980 ,
1359 1946 1431 1974 ferus
1445 1945 1490 1973 ille
1502 1945 1589 1980 pirata
1604 1945 1714 1972 adortus
1728 1949 1779 1972 est.
1794 1946 1834 1972 Ac

1038 1993 1261 2029 quemadmodum
1277 1993 1299 2020 si
1313 1993 1372 2028 quis
1388 1999 1548 2027 generosum
1567 1991 1673 2018 leonem
1692 1998 1834 2026 aggressus

1038 2039 1136 2074 pellem
1149 2039 1207 2074 ejus
1222 2038 1308 2065 solum
1324 2037 1420 2065 raserit
1432 2058 1440 2071 ,
1457 2037 1530 2064 illum
1544 2036 1650 2072 quidem
1665 2036 1730 2064 nihil
1742 2037 1814 2064 laedit
1824 2058 1831 2068 ,

1039 2085 1086 2113 sed
1109 2089 1201 2113 contra
1223 2085 1339 2120 seipsum
1363 2084 1461 2112 excitat
1482 2091 1542 2111 eum
1556 2103 1563 2117 ,
1587 2090 1619 2110 ac
1640 2083 1784 2111 firmiorem
1806 2088 1835 2110 et

1039 2135 1117 2167 captu
1131 2131 1307 2158 difficiliorem
1320 2129 1407 2157 reddit
1420 2137 1428 2157 :
1443 2129 1482 2156 sic
1498 2133 1526 2156 et
1543 2129 1692 2156 communis
1710 2129 1830 2156 omnium

1040 2177 1162 2204 inimicus
1176 2183 1237 2204 cum
1249 2176 1330 2203 altam
1346 2174 1466 2210 inﬂigere
1485 2175 1590 2210 plagam
1610 2179 1721 2202 conatus
1739 2180 1812 2202 esset

1040 2231 1055 2250 a
1068 2230 1150 2258 scopo
1162 2222 1269 2257 quidem
1282 2221 1434 2254 aberravit,
1454 2220 1500 2248 sed
1513 2220 1547 2247 ad
1561 2218 1663 2255 vigilias
1682 2224 1710 2248 et
1730 2220 1830 2255 jejuni:

1041 2269 1231 2305 promptiorem
1246 2267 1370 2295 reddidit.

1074 2315 1102 2342 2.
1124 2315 1233 2342 Lubrica
1253 2318 1288 2342 est
1308 2314 1418 2340 humana
1438 2318 1548 2346 natura,
1563 2313 1612 2340 cito
1631 2313 1698 2340 cadit
1711 2334 1717 2345 ,
1732 2313 1780 2340 cito
1792 2320 1832 2340 ro-

1039 2362 1130 2397 curgit.
1143 2376 1179 2381 -
1192 2361 1303 2387 Lubrica
1326 2365 1367 2386 est
1388 2359 1502 2386 humatta
1523 2365 1635 2391 natura,
1655 2358 1709 2385 cito
1729 2358 1833 2394 decipi-

1041 2411 1084 2434 tur
1097 2427 1105 2439 ,
1126 2406 1173 2433 sed
1197 2405 1250 2433 cito
1267 2413 1281 2432 a
1303 2404 1396 2432 fraude
1416 2411 1445 2432 se
1462 2404 1586 2439 expedit;
1607 2408 1634 2431 et
1653 2404 1721 2431 sicut
1741 2405 1833 2432 confe-

1041 2453 1102 2480 stim
1115 2451 1205 2485 cadit,
1226 2452 1262 2479 ita
1283 2450 1422 2478 confestim
1443 2451 1561 2486 erigitur.
1581 2449 1717 2485 Siquidem
1739 2451 1832 2478 beatus

1042 2498 1086 2526 ille
1105 2499 1165 2530 vir,
1190 2497 1316 2525 Davidem
1336 2497 1416 2528 dico,
1438 2497 1482 2532 qui
1502 2497 1604 2525 electus
1626 2497 1673 2524 fuit
1693 2498 1719 2524 itt
1740 2505 1830 2533 regem

1041 2549 1069 2573 et
1093 2541 1269 2580 prophetam,
1291 2552 1352 2572 cum
1375 2543 1458 2571 multa
1482 2543 1609 2578 pragclare
1630 2543 1757 2576 fecisset,
1783 2545 1833 2571 ho-

1039 2591 1140 2618 minem
1154 2598 1184 2618 se
1202 2597 1263 2617 esse
1281 2590 1458 2622 monstravit,
1475 2593 1502 2616 et
1520 2589 1614 2616 aliemc
1631 2589 1723 2616 uxoris
1740 2596 1832 2617 amore

1042 2641 1136 2670 captus
1159 2640 1200 2663 est
1224 2644 1231 2662 :
1257 2642 1306 2662 nec
1330 2635 1364 2662 ibi
1388 2635 1474 2662 solum
1495 2635 1632 2667 constitit,
1656 2634 1703 2662 sed
1724 2639 1832 2669 propter

1043 2681 1286 2716 concupiscentiam
1300 2680 1474 2714 adulterium,
1491 2686 1600 2715 propter
1609 2679 1769 2707 adulterium
1781 2681 1832 2706 ho-

1043 2727 1178 2755 micidium
1192 2727 1322 2762 patravit:
1337 2727 1384 2754 sed
1399 2727 1460 2761 quia
1479 2726 1532 2753 duo
1546 2731 1616 2753 tanta
1632 2725 1738 2753 vulnera
1757 2733 1833 2752 acce-

1045 2779 1136 2810 perat,
1149 2782 1201 2802 non
1215 2773 1274 2802 idco
1288 2774 1394 2801 tertium
1408 2773 1521 2804 addidit;
1536 2773 1583 2800 sed
1598 2772 1686 2800 statim
1701 2773 1733 2799 ad
1748 2772 1832 2799 medi-

1077 2837 1085 2852 ¹
1104 2836 1138 2860 sic
1143 2841 1228 2860 omnes
1240 2838 1291 2859 uss.
1301 2837 1327 2859 et
1337 2833 1406 2858 savii.
1418 2832 1497 2858 Morel.
1507 2839 1574 2864 vero,
1581 2833 1709 2858 duxerunt.
