2061 3114
240 85 290 115 ιιι

243 152 304 171 cum
325 144 456 174 accurrit,
477 146 505 170 et
524 142 698 170 medicamina
719 142 859 177 apposuit,
881 141 1010 176 jejunium
1023 162 1031 175 ,

245 192 390 226 lacrymas,
406 190 499 223 ﬂetus,
516 189 651 215 orationes
665 187 831 223 frequentes,
848 188 945 222 smpius
955 187 1034 214 adhi-

245 237 326 263 bitam
342 236 441 271 peccati
456 234 668 267 confessionem;
685 234 769 269 iisque
784 234 870 261 modis
885 234 967 261 Deum
979 233 1035 268 pla-

244 282 325 313 cavit,
342 282 376 308 ita
390 286 418 308 ut
432 280 465 308 ad
479 281 616 315 pristinam
630 279 787 314 dignitatem
798 278 912 312 rediret,
927 278 994 306 adeo
1007 282 1035 305 ut

241 329 324 356 ctiam
339 332 399 362 post
411 326 568 354 adulterium
579 331 607 354 et
616 326 717 354 eaedem
727 347 734 358 ,
752 326 834 361 patris
846 326 973 353 memoria
987 325 1035 353 lilii

244 370 419 400 iilolnlatriam
428 376 517 406 posset
524 371 744 407 obtegere.Filius
754 371 851 407 quippe
860 371 918 407 ejus
928 371 1035 399 nomine

242 419 367 447 Salomon
382 417 475 446 eodem
485 438 493 451 ,
504 425 557 453 quo
570 423 645 453 pater
654 439 661 451 .
676 419 771 453 laqueo
787 423 881 453 captus
892 422 951 452 est,
964 422 991 445 et
1006 418 1033 445 in

243 465 384 492 mulierum
411 465 524 499 gratiam
550 472 565 492 a
588 469 699 499 paterno
723 465 778 492 Deo
805 465 927 492 recessit.
955 464 1035 492 Vides

242 514 372 545 quantum
385 510 483 537 malum
495 510 530 538 sit
545 510 706 545 voluptatem
722 518 775 538 non
788 510 913 539 cohibere
923 531 931 544 ,
947 515 974 538 et
988 517 1035 537 na-

243 562 309 585 tunc
322 557 498 591 principatum
512 562 676 592 pervertere,
689 558 724 585 ita
737 564 765 586 ut
777 556 818 586 vir
826 557 861 584 sit
872 557 881 572 ¹
893 556 1034 584 mulierum

242 611 346 632 servus.
361 605 436 633 llunc
452 605 541 641 itaque
554 604 724 632 Salomoncm
736 626 743 638 ,
758 605 802 640 qui
821 604 896 640 prius
907 603 994 638 justus
1007 607 1035 631 et

241 650 347 685 sapiens
359 650 444 679 fuerat
456 659 464 683 ;
474 658 535 679 cum
547 649 693 685 periculum
704 654 785 683 esset,
797 657 830 677 ne
843 649 944 684 peccati
954 656 1034 686 causa

242 702 352 730 regnum
364 700 449 723 totum
462 696 613 728 amitteret,
623 695 657 722 ob
671 699 810 730 paternum
824 694 948 722 meritum
963 694 1034 721 Deus

241 745 343 767 sextam
359 741 434 775 regni
448 742 596 776 portionem
608 740 708 767 habere
718 740 849 775 permisit.
864 739 893 767 Si
904 739 952 767 tibi
962 746 1034 766 cura;

242 785 335 813 fuisset
348 790 458 814 externa
479 786 523 813 illa
544 786 710 821 eloquentia,
726 793 838 821 eamque
868 790 960 821 postea
983 785 1032 812 ad-

242 831 350 859 modum
366 832 533 867 negligeres,
547 840 597 868 ego
610 839 675 860 sane
693 837 816 860 revocata
831 832 879 859 tibi
898 832 948 860 fori
958 853 966 866 ,
984 832 1033 859 tri-

241 877 356 909 bunalis,
369 885 529 906 coronarum
544 877 605 906 inde
618 878 850 913 consequentium,
866 885 898 906 ac
913 877 1032 913 pristina

241 922 268 949 in
283 922 414 958 loquendo
443 923 547 951 fiducita
573 924 719 957 memoria,
742 927 836 951 auctor
852 930 939 952 essent
955 927 985 951 ut
998 923 1033 951 ad

242 970 391 1004 praeteritos
404 970 510 998 labores
520 970 638 998 redires:
654 969 869 1005 quandoquidem
883 974 974 997 autem
984 977 1032 1004 pro

240 1015 390 1042 etclestibus
406 1015 556 1049 currimus,
579 1020 800 1049 terrenarumque
821 1022 911 1043 rerum
931 1015 1032 1043 nullam

240 1061 372 1087 rationem
388 1060 517 1088 habemus
526 1080 534 1093 ,
546 1060 657 1088 alterius
676 1060 723 1087 tibi
733 1059 842 1095 judicii,
854 1060 1033 1096 horrendique

240 1105 379 1133 tribunalis
392 1105 554 1133 mentionem
568 1104 638 1133 facio
652 1114 658 1132 :
675 1105 730 1133 Nor
743 1105 836 1141 quippe
854 1113 939 1133 omnes
948 1114 1032 1141 appa-

237 1159 293 1178 rere
317 1156 413 1186 oportet
437 1156 496 1179 ante
514 1152 624 1179 tribunal
640 1152 733 1179 Christi
751 1152 762 1168 ³
778 1152 788 1188 (
803 1152 830 1178 2.
845 1151 904 1179 Cor.
918 1152 945 1179 ὅ.
961 1151 995 1179 l0
1011 1152 1031 1186 ).

239 1197 286 1224 Ille
297 1205 360 1224 vero
373 1202 435 1224 tunc
446 1197 529 1232 judex
541 1197 653 1230 sedebit,
668 1197 713 1233 qui
727 1204 798 1225 nunc
809 1204 824 1224 a
836 1201 863 1225 te
873 1196 1030 1232 despicitur.

239 1243 307 1276 Quid
322 1250 386 1278 ergo
401 1247 462 1270 tunc
476 1243 596 1270 dicemus
605 1263 613 1275 ,
626 1243 670 1270 dic
683 1242 746 1270 mihi
758 1263 765 1275 ,
777 1250 856 1278 quam
878 1242 1032 1270 excusatio-

239 1295 299 1315 nem
315 1288 455 1315 allercmus
466 1309 473 1321 ,
488 1289 509 1315 si
525 1288 550 1315 in
572 1288 616 1315 tali
630 1288 849 1324 praevaricatione
871 1295 1029 1324 persevere-

240 1335 318 1361 mus?
333 1334 405 1369 quid,
421 1342 522 1369 quaeso,
534 1335 672 1362 dicemus?
688 1335 890 1370 negotiorumne
903 1335 1032 1363 sollicitu-

239 1380 329 1408 dinem
342 1381 555 1415 prmtendcmus?
570 1380 623 1409 Sed
635 1388 684 1408 nos
698 1381 754 1416 ipse
768 1381 903 1415 pravertit
917 1381 1009 1409 dicens
1021 1389 1030 1410 :

240 1427 308 1460 Quid
327 1426 438 1461 proderit
456 1426 552 1453 homini
563 1427 585 1454 si
600 1427 722 1454 mundum
740 1427 882 1454 universum
902 1426 1028 1460 lucretur,

238 1473 331 1500 animae
344 1480 402 1500 vero
411 1480 465 1500 sua:
478 1473 654 1499 detrimentum
665 1473 777 1508 patiatur
791 1471 898 1508 (Matth.
910 1472 953 1500 l6.
965 1472 1030 1508 26)?

237 1520 278 1546 An
295 1518 415 1546 dicemus
435 1525 484 1546 nos
498 1518 532 1546 ab
552 1518 612 1546 aliis
632 1518 756 1546 seductos
782 1517 883 1546 fuisse?
907 1518 942 1545 At
962 1517 1029 1545 nihil

237 1564 340 1592 Adamo
355 1565 382 1592 in
401 1563 587 1592 defensionem
600 1564 716 1600 profuit,
737 1563 808 1599 quod
823 1571 932 1592 uxorem
952 1564 1029 1591 incu-

236 1615 309 1638 saret
321 1610 413 1638 dicens
426 1619 433 1637 :
449 1609 562 1644 Mulier,
576 1618 653 1645 quam
671 1610 764 1637 dedisti
786 1618 882 1637 mecum
894 1630 902 1644 ,
918 1610 975 1645 ipsa
989 1618 1030 1637 me

205 1679 207 1681 ,
237 1657 334 1691 decepit
349 1655 425 1692 (Gen.
437 1656 466 1683 5.
482 1655 517 1683 12
531 1655 541 1691 )
555 1663 562 1681 :
579 1655 648 1683 sicut
657 1662 707 1683 nec
720 1655 824 1683 mulieri
834 1655 906 1690 quod
916 1663 1028 1690 serpen-

238 1707 291 1729 tem
306 1706 442 1729 auctorem
456 1701 567 1729 diceret.
581 1700 749 1728 Horrendum
761 1708 827 1728 sane
839 1705 890 1735 est,
904 1708 920 1728 o
930 1701 1029 1729 dilecte

235 1748 396 1779 ‘Ibeodore.
418 1747 534 1775 tribunal
556 1747 637 1780 illud,
659 1747 730 1782 quod
752 1754 802 1775 nee
828 1747 1028 1775 accusatoribus

237 1799 326 1830 egeat,
340 1802 389 1822 nec
400 1798 482 1821 testes
492 1796 628 1828 exspeth
640 1802 647 1821 :
661 1792 791 1828 judicanti
802 1793 873 1821 enim
888 1793 926 1820 illi
939 1793 1028 1820 omnia

238 1841 307 1868 nuda
322 1845 348 1868 et
362 1844 453 1875 aperta
467 1844 538 1873 sunt,
553 1847 603 1867 nec
614 1840 743 1867 factorum
756 1844 869 1873 tantum,
882 1839 931 1867 sed
944 1840 1026 1867 etiam

237 1888 426 1923 cogitationum
441 1894 535 1922 pinnas
545 1886 685 1914 dabimus:
700 1894 761 1914 nam
772 1886 853 1921 jndes
868 1886 912 1913 ille
923 1890 1027 1913 scruta-

235 1941 279 1962 tor
299 1926 490 1969 cogitationum
508 1938 535 1961 et
561 1933 733 1961 consiliorum
751 1932 840 1960 cordis
856 1937 908 1960 est.
923 1933 958 1960 At
972 1932 1028 1960 for-

238 1986 309 2009 tasse
322 1986 425 2008 natura:
439 1981 621 2008 infirmitatem
636 1979 784 2013 obtendes,
799 1979 926 2015 dicesque
944 1984 971 2008 te
983 1979 1027 2014 ju-

236 2034 299 2062 gutn
332 2025 404 2054 ferre
433 2034 485 2054 non
508 2033 597 2061 posse.
619 2025 672 2053 Sed
703 2032 826 2060 quaenam
850 2025 908 2053 haec
931 2025 1027 2053 defen-

236 2073 277 2099 sio
289 2093 296 2104 ,
321 2079 402 2100 suave
421 2071 486 2099 illud
509 2072 602 2107 jugum
627 2070 689 2098 ferri
709 2078 763 2098 non
785 2077 874 2105 posse,
889 2078 940 2099 nec
958 2078 1028 2098 onus

237 2118 295 2146 leve
328 2117 449 2153 portari?
475 2125 509 2144 an
548 2116 636 2152 gravis
663 2123 829 2150 onerosaque
855 2123 899 2144 res
919 2120 960 2144 est
984 2124 1026 2144 re-

235 2165 335 2192 creatio
349 2172 363 2191 a
383 2163 534 2191 laboribus?
543 2163 585 2190 Ad
607 2163 665 2190 haec
680 2163 778 2197 quippe
788 2170 836 2190 nos
845 2167 923 2191 vocat
934 2162 1026 2191 Chris-

236 2215 279 2238 tus
292 2210 384 2238 dicens
396 2219 403 2237 :
423 2209 510 2237 Venite
519 2208 553 2235 ad
562 2216 601 2235 me
612 2216 697 2236 omnes
709 2208 751 2243 qui
762 2208 882 2235 laboratis
894 2213 917 2236 et
929 2210 1027 2236 onerati

236 2258 306 2290 estis,
319 2261 342 2283 et
362 2264 408 2291 ego
432 2256 545 2290 reﬁciam
565 2262 609 2281 nos
624 2254 722 2281 :tollite
734 2255 828 2289 jugunt
850 2263 933 2282 meum
952 2264 1027 2290 super

236 2312 289 2337 vos,
304 2308 326 2330 et
339 2302 427 2329 discite
440 2310 455 2328 a
469 2309 509 2328 me
519 2301 580 2337 quia
592 2300 659 2327 mitis
672 2308 727 2326 sum
737 2305 760 2326 et
771 2300 872 2327 humilis
881 2301 956 2328 corde
967 2302 1025 2336 :ju-

236 2357 295 2384 gum
310 2348 375 2374 enim
388 2354 471 2373 meum
483 2354 559 2373 suave
573 2351 619 2377 est,
634 2349 657 2372 et
671 2353 734 2372 onus
748 2353 830 2372 meum
843 2346 895 2373 leve
909 2346 919 2382 (
930 2346 1024 2375 Matt/1.

236 2396 280 2422 lt.
296 2393 333 2421 28
351 2393 373 2429 ).
387 2392 456 2425 Quid
470 2392 541 2419 enim
557 2391 661 2422 levius,
676 2390 720 2418 die
733 2391 816 2424 mihi,
837 2399 916 2427 quam
934 2393 1024 2426 curis,

235 2440 349 2475 negotiis
359 2460 367 2472 ,
383 2437 522 2466 timoribus
542 2440 622 2473 atque
643 2437 778 2465 laboribus
791 2438 882 2471 eximi,
896 2439 1024 2474 abhujus

236 2487 299 2513 vine
308 2484 431 2512 ﬂuetibus
441 2483 586 2519 segregari,
593 2488 621 2511 et
631 2484 656 2510 in
669 2484 809 2519 tranquillo
820 2489 898 2520 portu
907 2485 1023 2520 degere?

269 2533 297 2559 5.
314 2529 382 2563 Quid
389 2530 415 2556 in
426 2530 472 2556 hac
482 2530 533 2556 vita
541 2529 573 2556 sit
585 2529 810 2564 optabile.—Quid
822 2530 848 2557 in
861 2530 912 2558 hoc
923 2530 1023 2558 mundo

235 2577 338 2605 lelicius
352 2575 399 2602 tibi
416 2575 520 2603 videtur
534 2579 562 2602 et
578 2575 740 2609 optabilius?
754 2575 936 2610 Principatum
950 2575 1021 2603 haud

238 2621 317 2649 dubie
331 2621 404 2649 dices
424 2625 451 2649 ct
472 2620 578 2648 divitias
593 2620 742 2656 bonamque
755 2621 826 2656 apud
841 2621 963 2651 homines
981 2621 1023 2649 fa-

267 2723 275 2755 t
290 2721 386 2755 iubent
400 2720 448 2755 duo
463 2723 565 2755 tttss.,_ut
576 2720 612 2745 air
630 2720 734 2753 sapiens,
744 2724 792 2745 etc.
804 2720 866 2746 inira
877 2728 962 2748 euntes
973 2723 1022 2755 alii,

235 2751 576 2790 υηέάξιδιιιξ.ν9“¹ί⁵ἒ⁰ν.νϊίέἕξ·
585 2782 600 2790 ..
638 2751 662 2790 ,ζ

265 2782 372 2814 "Pergit
383 2784 408 2807 in
419 2782 529 2814 margine
537 2782 622 2818 rsavil,
636 2785 661 2816 _ut
673 2782 773 2818 quisque
785 2782 869 2818 ujferat
877 2790 935 2818 gum
945 2801 952 2814 ,
965 2785 1022 2810 dum

234 2814 258 2839 iu
269 2812 367 2845 corpore
378 2817 448 2845 esset,
458 2812 569 2846 operatus
577 2816 611 2839 est
620 2812 668 2838 sive
678 2812 771 2843 bonum,
780 2812 827 2839 sine
834 2812 933 2839 malum.

596 86 624 114 S.
645 85 784 114 ιοικΝιε
803 85 1029 114 CHRYSOSTOM]

1082 85 1213 116 llClllEP.
1234 76 1502 119 coa‘sraarmor.
1829 95 1882 122 ses

1088 151 1168 171 mam.
1176 144 1227 172 Sed
1235 147 1296 181 quid
1305 147 1346 175 his
1354 149 1530 177 miserabilius
1536 153 1587 183 est,
1594 148 1616 176 si
1624 149 1832 180 Christiaturrum
1849 156 1881 181 li-

1089 187 1181 216 bertati
1192 194 1398 226 comparentur?
1410 194 1475 223 Nam
1490 196 1614 233 princeps
1628 199 1710 228 furori
1723 203 1881 237 populorum

1088 234 1207 283 subjacet
1230 236 1361 274 brutoque
1385 241 1561 271 multitudinis
1583 244 1693 280 impctui
1712 234 1731 280 ,_
1750 234 1881 283 majorum

1089 279 1237 331 principum
1252 283 1351 318 timori,
1365 286 1538 315 sollicitudini
1554 279 1757 325 ergasubditos
1770 302 1776 321 :
1791 279 1823 324 ac
1836 299 1880 331 qui

1089 324 1144 376 heri
1154 327 1277 376 princeps
1285 334 1353 364 erat,
1362 331 1441 360 hodie
1450 333 1567 367 privatus
1575 324 1689 365 chicitur
1698 348 1705 366 :
1717 339 1774 367 haec
1783 324 1883 376 quiplpe

1088 371 1139 397 vita
1154 372 1218 399 nihil
1234 381 1248 400 a
1264 382 1342 402 scena
1359 377 1456 405 dill’ert.
1469 378 1534 406 Nam
1548 386 1574 407 ut
1591 382 1625 408 ibi
1641 383 1683 410 hic
1698 371 1880 419 imperatoris,

1089 417 1133 444 ille
1148 418 1232 452 ducis,
1243 421 1309 448 alter
1323 423 1415 450 militis
1431 424 1521 460 implet
1533 427 1648 455 officium
1660 439 1664 455 :
1676 417 1778 466 vesperi
1792 417 1880 461 autem

1088 472 1138 492 nec
1152 466 1306 500 imperator,
1324 471 1366 503 qui
1382 470 1525 505 imperator
1540 480 1608 506 erat,
1624 484 1673 503 nec
1686 478 1738 504 dux
1754 480 1797 513 qui
1812 481 1877 513 dux,

1088 519 1137 539 nec
1152 513 1227 541 miles
1243 515 1286 549 qui
1302 517 1379 543 miles
1391 523 1466 551 erat,
1483 526 1602 548 remanet
1615 531 1621 548 :
1636 523 1674 550 sic
1688 528 1714 551 et
1729 525 1754 552 in
1768 526 1811 554 die
1824 527 1877 559 illa,

1087 565 1139 585 non
1156 566 1169 585 a
1182 567 1306 594 persona,
1321 563 1368 590 sed
1384 564 1418 590 ab
1432 566 1558 599 operibus
1567 567 1672 603 dignam
1681 572 1794 606 quisque
1808 581 1878 601 iner-

1087 605 1179 632 cedem
1195 608 1315 642 accipiet.
1332 610 1365 636 At
1378 610 1459 645 gloria
1472 612 1595 641 fortassis
1606 615 1631 642 in
1645 617 1731 650 pretio
1744 618 1876 651 habenda,

1087 658 1145 684 qlae
1159 652 1227 679 cadit
1243 658 1376 688 tamquam
1402 656 1451 684 flos
1477 657 1552 686 feni?
1573 661 1607 687 At
1621 660 1720 689 divitia:
1733 683 1740 694 ,
1755 671 1819 697 quas
1833 666 1877 698 qui

1087 698 1224 730 possident
1247 700 1338 727 miseri
1354 702 1551 736 pra‘dicautur?
1567 705 1620 739 Vm,
1640 707 1733 742 inquit,
1750 710 1878 742 diuitibus;

1086 748 1112 770 et
1126 744 1229 777 iterum,
1250 746 1293 773 Va:
1303 748 1345 781 qui
1362 749 1492 783 conﬁdunt
1509 752 1535 778 in
1549 753 1638 779 virtute
1648 763 1703 786 sua,
1720 760 1742 782 et
1756 757 1781 783 in
1793 758 1878 784 mulli-

1086 790 1172 817 tudine
1182 792 1317 819 divitiorun
1328 801 1431 820 suarum
1442 796 1583 830 gloriantur
1594 798 1667 834 (Luc.
1677 800 1875 830 6.2LPsalJ8.

1085 837 1101 863 6
1112 837 1132 872 ).
1160 837 1325 867 Christianus
1349 849 1491 876 numquam
1505 851 1536 870 ex
1560 845 1677 880 principe
1691 847 1807 882 privatus
1820 849 1878 877 cfti-

1085 883 1162 914 citur,
1178 892 1226 911 nec
1240 892 1339 920 pauper
1349 895 1382 914 ex
1394 887 1486 921 divite,
1499 898 1548 917 nec
1563 898 1594 917 ex
1609 892 1725 926 glorioso
1735 895 1875 929 inglorius;

1085 929 1131 955 sed
1155 929 1180 956 in
1196 930 1295 959 divitiis
1317 938 1406 961 manet
1420 935 1499 962 etiam
1515 943 1575 964 cum
1596 939 1739 973 mendicat,
1755 946 1781 968 et
1796 943 1876 975 erigi-

1085 979 1128 1001 tur
1138 983 1197 1002 cnm
1213 985 1273 1005 sese
1286 978 1438 1014 deprimere
1451 983 1557 1017 satagit,
1573 989 1599 1011 et
1616 992 1692 1017 etim,
1712 995 1789 1021 quem
1805 989 1875 1016 obti-

1085 1023 1334 1059 net,principatum,
1346 1034 1398 1054 non
1412 1028 1561 1063 hominum,
1577 1031 1623 1058 sed
1651 1035 1797 1069 principum
1809 1057 1815 1067 ,
1831 1038 1875 1071 qui

1084 1074 1146 1095 sunt
1166 1070 1215 1096 sub
1229 1076 1360 1105 potestate
1382 1075 1494 1102 rectoris
1515 1078 1703 1112 tenebrarum,
1717 1081 1803 1109 nullus
1825 1070 1873 1117 ipsi

1085 1119 1170 1148 potest
1184 1116 1297 1144 auferre.
1322 1118 1449 1153 chitima
1475 1129 1517 1149 res
1536 1128 1577 1150 cst
1600 1125 1751 1160 conjugium
1764 1148 1771 1161 ,
1788 1128 1812 1155 id
1826 1137 1875 1163 ego

1084 1162 1230 1195 coalitcor;
1249 1164 1403 1192 llonorabile
1412 1168 1483 1194 enim
1495 1173 1531 1195 est
1540 1171 1703 1205 rounubimn,
1713 1178 1737 1199 ct
1750 1178 1817 1200 torus
1826 1175 1874 1201 im-

1083 1208 1224 1234 maculato;
1239 1217 1248 1236 .'
1262 1210 1425 1243 fornicatores
1448 1220 1532 1241 autem
1553 1221 1575 1242 et
1599 1217 1728 1245 adulteros
1750 1220 1875 1254 judicabit

1084 1253 1152 1281 Deus
1177 1256 1186 1288 (
1203 1255 1265 1282 Ilcb.
1280 1258 1320 1284 15.
1338 1258 1374 1292 4).
1404 1259 1455 1286 Sed
1472 1261 1517 1288 tibi
1538 1261 1592 1296 jam
1614 1271 1667 1290 non
1683 1269 1723 1291 cst
1746 1253 1873 1301 integrum

1081 1299 1140 1333 jura
1162 1302 1286 1329 connubii
1307 1311 1423 1333 scrvare.
1453 1307 1518 1334 Eum
1547 1309 1632 1341 cnim,
1650 1311 1694 1345 qui
1716 1313 1798 1339 semel
1820 1321 1873 1341 ccc-

1084 1345 1143 1373 lesti
1172 1354 1270 1382 sponso
1293 1350 1401 1383 junctus
1426 1358 1466 1379 est
1482 1374 1488 1385 ,
1515 1355 1537 1380 si
1565 1355 1598 1381 ab
1622 1363 1655 1382 eo
1684 1357 1824 1386 divellatur
1848 1366 1874 1387 et

1083 1401 1192 1421 uxorem
1219 1395 1314 1429 ducat,
1340 1398 1500 1426 adulterium
1533 1402 1656 1430 amittere
1684 1409 1785 1432 certum
1813 1411 1872 1439 est,

1082 1440 1203 1474 quamvis
1228 1442 1323 1469 millies
1346 1443 1396 1470 hoc
1430 1445 1515 1479 ipsum
1543 1449 1647 1482 nuptias
1677 1457 1782 1483 voces;
1821 1452 1874 1478 into

1082 1485 1107 1512 id
1136 1491 1208 1514 tanto
1230 1489 1335 1522 gravius
1357 1490 1489 1519 adulterio
1513 1497 1563 1526 est,
1584 1500 1683 1528 quanto
1706 1498 1874 1530 pra-stantior

1083 1531 1153 1558 Deus
1174 1532 1292 1561 homine.
1308 1534 1346 1561 Nc
1361 1536 1420 1570 quis
1437 1542 1461 1564 te
1473 1537 1588 1574 decipiat
1602 1539 1695 1568 dicens
1713 1551 1718 1568 :
1736 1551 1844 1570 uxorem
1864 1545 1871 1559 '

1081 1576 1179 1604 ducere
1201 1586 1254 1606 non
1279 1585 1351 1607 vetat
1376 1582 1453 1609 Deus.
1476 1583 1503 1610 ld
1526 1592 1575 1619 ego
1598 1593 1703 1621 quoque
1727 1589 1801 1620 novi;
1825 1590 1872 1616 scd

1081 1623 1238 1652 adulterium
1259 1626 1405 1660 prohibuit,
1432 1630 1501 1664 quod
1525 1636 1551 1657 tu
1575 1631 1717 1660 admittere
1741 1635 1872 1663 volebas:

1080 1672 1150 1706 quod
1166 1673 1244 1706 absit,
1259 1679 1288 1701 ut
1309 1676 1432 1703 nimirum
1448 1678 1581 1705 connubio
1601 1679 1722 1715 jungaris
1736 1689 1871 1717 umquam.

1080 1718 1181 1752 Ecquid
1201 1720 1307 1747 miraris
1321 1721 1341 1747 si
1357 1723 1457 1757 nupti:e
1481 1732 1528 1757 pro
1542 1724 1673 1753 adulterio
1698 1732 1870 1762 reputanlur,

1080 1765 1185 1799 quando
1207 1768 1385 1795 contemnitur
1407 1769 1602 1798 Dens?C:ndcs
1625 1772 1658 1799 ad
1677 1772 1804 1808 justitiam
1828 1782 1870 1802 re-

1080 1815 1168 1843 pntata
1180 1816 1230 1845 est,
1247 1816 1273 1838 et
1284 1812 1433 1841 humanitas
1448 1814 1505 1848 plus
1519 1824 1596 1849 quam
1609 1816 1780 1846 homicidium
1795 1820 1870 1847 duin-

1080 1861 1140 1883 nata
1161 1857 1222 1889 fuit;
1239 1859 1363 1892 quoniam
1388 1860 1431 1886 illa
1448 1868 1480 1887 ex
1504 1863 1634 1889 sententia
1660 1863 1716 1896 Dei,
1737 1865 1794 1893 haec
1809 1874 1871 1893 vero

1080 1903 1125 1931 illo
1149 1905 1305 1938 prohibente
1324 1906 1441 1933 exhibita
1457 1912 1507 1934 est.
1524 1908 1557 1935 Et
1580 1909 1687 1937 Phinea:
1702 1912 1809 1945 quidem
1829 1921 1871 1939 rc-

1080 1955 1198 1984 putatum
1213 1956 1253 1978 est
1266 1952 1298 1979 ad
1308 1952 1447 1987 justitiam,
1461 1954 1531 1989 quod
1546 1955 1717 1984 fornicantem
1733 1959 1870 1986 mulierem

1079 2003 1139 2023 cum
1163 2002 1310 2026 scortatore
1337 2000 1514 2033 confodisset;
1540 2001 1647 2029 Saulem
1676 2012 1740 2031 vero
1764 2011 1870 2033 sant-tus

1080 2042 1127 2070 Dei
1142 2043 1259 2076 Samuel,
1275 2045 1300 2071 in
1323 2044 1395 2077 fletu,
1419 2047 1488 2073 luctu
1503 2052 1530 2075 et
1545 2048 1667 2081 precibus
1683 2057 1754 2084 stupe
1776 2059 1871 2085 perno-

1081 2093 1166 2120 ctans,
1183 2096 1234 2116 non
1250 2091 1335 2124 potuit
1346 2099 1360 2117 a
1374 2091 1554 2125 damnatione,
1564 2101 1643 2128 quam
1659 2094 1729 2122 Deus
1742 2096 1869 2124 adversus

1080 2135 1165 2169 ipsum
1183 2137 1414 2170 pronuntiaverat,
1428 2139 1547 2173 eripere;
1562 2140 1623 2174 quia
1638 2149 1727 2175 regem
1741 2142 1869 2177 alienige-

1079 2189 1184 2214 narum,
1201 2189 1278 2216 quem
1300 2183 1417 2210 occisum
1433 2190 1605 2218 oportuerat,
1627 2192 1724 2220 printer
1746 2188 1790 2215 Dei
1806 2197 1867 2216 scuv

1079 2226 1189 2255 tentiam
1206 2227 1290 2254 salute
1310 2228 1428 2255 donavit.
1444 2228 1471 2256 Si
1488 2237 1551 2264 ergo
1571 2230 1721 2259 humanitas
1741 2234 1867 2268 majorem

1079 2280 1157 2307 quam
1172 2273 1259 2300 caades
1280 2273 1479 2302 damnationem
1495 2275 1589 2310 infert,
1605 2278 1665 2312 quia
1680 2278 1734 2305 Deo
1751 2287 1803 2306 non
1818 2280 1866 2306 ob-

1079 2323 1241 2353 temperatur
1257 2329 1263 2346 :
1280 2320 1342 2354 quid
1359 2321 1455 2348 mirum
1472 2322 1494 2348 si
1509 2323 1607 2357 nuptiae
1628 2324 1776 2358 graviorem
1789 2333 1867 2358 quam

1078 2364 1237 2392 adulterium
1250 2366 1448 2394 damnationem
1464 2368 1588 2402 inferant,
1606 2371 1712 2404 quando
1723 2371 1870 2406 despicitur

1078 2411 1216 2437 Christus?
1231 2411 1306 2443 Nam,
1323 2416 1351 2439 ut
1365 2412 1439 2440 initio
1451 2413 1572 2441 dicebam
1589 2425 1595 2442 ι
1612 2416 1633 2442 si
1651 2417 1767 2450 privatus
1779 2425 1868 2451 esses,

1079 2464 1156 2484 nemo
1171 2462 1195 2484 te
1215 2457 1329 2485 deserta:
1349 2459 1452 2487 militiae
1467 2466 1622 2494 accusaret;
1638 2470 1707 2490 nunc
1721 2468 1809 2490 autent
1830 2465 1868 2491 tui

1076 2505 1143 2539 juris
1162 2512 1213 2531 non
1229 2513 1257 2531 es
1280 2506 1410 2539 amplius,
1424 2507 1468 2541 qui
1483 2512 1556 2534 tanto
1578 2508 1731 2543 imperatori
1756 2511 1869 2537 militare

1078 2552 1191 2586 cmpisti.
1206 2552 1309 2579 Etenim
1323 2552 1345 2579 si
1360 2554 1455 2580 mulier
1465 2554 1504 2580 sui
1515 2555 1635 2588 corporis
1646 2560 1803 2590 potestatem
1815 2564 1867 2584 non

1077 2598 1157 2624 habet
1167 2619 1173 2629 ,
1189 2598 1235 2625 sed
1249 2599 1297 2631 vir,
1313 2599 1395 2626 multo
1408 2600 1492 2634 magis
1505 2601 1550 2635 qui
1566 2602 1655 2629 vivunt
1670 2603 1695 2630 iu
1709 2603 1816 2630 Christo
1827 2605 1867 2631 Sui

1077 2644 1196 2678 corporis
1216 2649 1373 2678 potestatem
1396 2653 1448 2672 non
1463 2645 1575 2673 habeant
1592 2647 1628 2682 (l.
1650 2648 1709 2675 Cor.
1725 2649 1749 2675 7.
1765 2650 1802 2682 Δ).
1818 2650 1866 2682 Qui

1079 2697 1148 2715 nunc
1164 2690 1352 2721 contemnitur,
1369 2690 1424 2724 ipse
1444 2692 1539 2725 estqui
1557 2696 1618 2719 tunc
1630 2693 1758 2727 judicabit
1774 2703 1780 2721 :
1797 2694 1866 2721 hunc

1077 2740 1184 2768 semper
1211 2740 1316 2768 cogita,
1349 2743 1452 2762 necnon
1484 2736 1592 2763 fluvium
1632 2739 1705 2765 illttm
1740 2740 1865 2774 igneum;

1108 2818 1116 2830 ‘
1135 2815 1203 2839 savii.
1221 2815 1243 2838 in
1256 2815 1374 2845 margine,
1388 2821 1487 2839 uxorem
1496 2815 1634 2846 legitimam.
