2061 3114
223 175 277 203 313

224 233 348 265 Flavius,
370 231 472 267 inquit,
494 230 582 265 igneus
605 229 719 257 trahebat
743 228 770 256 in
798 232 931 263 conspectu
955 228 1010 263 ejus

223 279 304 314 (Dan.
321 279 348 305 7.
365 277 411 313 10)
428 286 434 304 :
449 278 494 313 qui
515 277 587 305 enim
600 276 682 304 semel
706 276 759 312 igni
781 275 892 303 traditus
909 275 944 303 ab
965 274 1012 302 illo

223 325 312 358 fuerit,
327 324 429 352 nullum
444 327 532 358 potest
545 322 667 358 supplicii
682 329 789 357 sperare
804 321 893 349 tinem.
908 319 943 348 Et
961 320 1012 347 ab-

225 371 313 399 surdae
321 370 428 406 quidem
438 370 498 397 vitae
504 369 654 404 voluptates
667 367 731 395 nihil
745 367 778 395 ab
788 367 890 395 umbris
902 370 929 394 et
938 373 1012 394 som-

223 417 274 445 niis
298 416 446 444 ditl'erunt:
468 415 623 450 priusquam
647 413 719 441 enim
742 416 850 448 peccata
874 411 906 439 ad
932 411 1011 439 linem

223 462 400 494 deducantur,
410 460 551 488 delectatio
557 458 700 493 voluptatis
710 457 885 493 exstinguitur
895 465 902 490 ;
911 456 1012 491 suppli-

223 510 265 536 cia
273 516 336 536 vero
345 508 377 535 iis
387 506 516 535 destinata
531 505 634 533 nullum
643 505 743 533 habent
755 504 907 532 terminum.
917 503 1013 531 Suavi-

225 560 267 582 tas
276 554 319 581 illa
333 553 489 581 brevissima
503 556 555 584 est,
567 551 700 579 cruciatus
709 554 834 578 aeternus.

260 599 336 629 Nihil
347 600 374 626 in
387 599 481 627 mundo
499 598 645 625 stabile.—-
662 597 710 624 Dic
733 596 816 630 mihi,
838 595 902 631 quid
921 595 948 623 in
963 595 1015 623 hoc

224 645 325 675 mundo
343 645 440 674 stabile
462 644 522 672 est?
543 644 584 671 An
606 643 720 676 divitiae,
744 649 805 677 quae
832 649 903 678 saepe
928 649 961 669 ne
981 641 1014 669 ad

225 700 365 728 vesperam
386 691 493 727 quidem
514 697 599 726 usque
618 689 748 717 manent?
760 688 828 716 Num
850 687 952 723 gloria?
967 687 1014 715 sed

225 738 286 766 audi
298 738 399 773 justum
411 736 554 772 quemdam
567 736 654 763 virum
668 735 818 762 dicentem:
838 733 896 761 Vita
908 741 963 761 mea
974 740 1016 760 vc-

225 785 304 812 locior
315 787 352 811 est
370 791 471 810 cursore
487 781 545 818 (Job
565 781 593 810 9.
611 781 669 816 25).
692 780 767 809 Sicut
785 779 855 808 enim
882 779 919 807 illi
940 779 1018 814 prius.l

226 837 305 863 quam
318 828 441 856 steterint
454 827 590 859 exsiliunt,
607 827 642 854 ita
655 830 683 854 et
695 826 754 854 bace
768 825 856 853 evolat
874 828 1014 859 antequam

225 874 324 901 veniat.
336 873 405 901 Nihil
417 873 505 900 anima
517 872 661 907 pretiosius
672 876 714 899 est
727 880 734 898 :
749 870 819 906 quod
833 878 867 898 ne
877 870 895 897 ii
908 870 1014 906 quidem

225 921 359 957 ignorant,
374 921 419 956 qui
434 919 467 948 ad
489 923 639 948 extremum
661 918 820 954 insipientia;
839 917 1014 945 devenerunt.

225 969 323 995 Animis
332 967 396 995 nihil
405 966 557 1002 aquantium
567 987 574 999 ,
587 965 625 993 ait
638 964 743 1001 quidam
757 967 912 993 exterarum
925 967 1013 998 poeta.

224 1013 290 1042 Novi
304 1018 331 1041 te
344 1013 423 1048 longe
444 1011 619 1040 infirmiorem
633 1011 667 1039 ad
681 1014 816 1038 certamen
830 1014 923 1048 coptru
937 1009 1014 1036 mali-

225 1067 305 1094 gnum
316 1058 434 1087 evasisse
450 1067 457 1085 :
470 1058 533 1086 novi
544 1062 572 1085 te
585 1057 611 1084 in
624 1056 711 1084 media
723 1055 888 1090 voluptatum
908 1054 1015 1082 flamma

224 1106 336 1134 versari.
349 1105 402 1134 Sed
415 1106 438 1133 si
451 1105 557 1133 inimico
568 1103 685 1132 dixeris:
699 1101 884 1138 Voluptatibus
897 1100 949 1129 tuis
961 1108 1014 1128 non

225 1151 373 1182 Servimus.
390 1150 509 1179 omnium
529 1149 661 1177 malorum
680 1153 786 1176 tuorum
817 1146 934 1175 radicem
961 1153 1015 1173 non

226 1196 386 1229 adoramus;
411 1197 434 1224 si
458 1202 564 1223 sursum
590 1193 684 1222 oculos
710 1192 855 1225 extuleris,
880 1191 1015 1219 ﬂammam

225 1250 299 1271 nunc
311 1242 432 1271 Salvator
445 1242 566 1270 excutiet
584 1248 683 1275 eosque
697 1239 742 1276 qui
762 1243 788 1267 te
801 1239 827 1266 in
843 1238 931 1274 ignem
948 1244 1014 1265 con-

225 1290 348 1324 iecerunt
369 1288 523 1320 comburet;
545 1287 594 1314 tibi
616 1290 704 1314 autem
724 1285 751 1313 in
773 1284 862 1312 medio
881 1282 1013 1316 fornacis,

226 1335 336 1368 nubem,
349 1341 437 1362 rorem
449 1337 477 1362 et
488 1333 639 1361 sibilantem
654 1338 746 1359 auram
759 1330 861 1362 mittet;
875 1329 910 1357 ita
925 1332 954 1356 ut
966 1335 1015 1356 nec

226 1382 399 1417 cogitationes
420 1388 471 1408 nec
491 1379 682 1408 conscientiam
704 1382 776 1405 tuam
796 1376 865 1412 ignis
883 1375 1015 1409 attingat:

227 1431 328 1456 tantum
344 1435 379 1455 ne
393 1427 506 1461 teipsum
521 1424 658 1453 incendas.
674 1423 778 1451 Atenim
793 1421 874 1450 urbes
887 1419 1014 1452 munitas,

227 1481 293 1509 quas
304 1481 354 1501 nec
374 1472 425 1501 tela
445 1479 495 1500 nec
511 1470 641 1498 machinae
664 1467 844 1496 obsidentium
863 1471 1015 1500 expugnare

227 1523 386 1555 potuerant,
400 1525 472 1553 stupe
484 1517 563 1545 unius
576 1515 726 1544 duorumve
744 1513 840 1542 civium
854 1512 925 1540 intus
940 1510 1016 1538 habi-

227 1564 338 1592 tantium
352 1563 502 1599 proditione
521 1562 596 1590 nullo
616 1560 723 1596 negotio
742 1559 769 1588 in
789 1566 883 1587 manus
898 1557 1015 1585 hostium

226 1611 401 1638 devenerunt.
417 1609 451 1637 Et
464 1616 535 1637 nunc
544 1608 566 1636 si
580 1607 650 1636 nulla
664 1611 691 1646 te
709 1606 781 1634 intus
795 1605 879 1641 posita
891 1603 1016 1639 cogitatio

227 1656 332 1691 prodat,
353 1656 459 1684 etiamsi
472 1660 612 1683 sexcentos
636 1654 702 1682 foris
725 1652 862 1681 machinas
883 1651 1016 1686 malignus

227 1703 272 1731 ille
282 1702 439 1735 admoverit,
452 1702 479 1729 id
492 1702 590 1729 frustra
606 1699 727 1728 tentabit.

262 1749 288 1777 4.
306 1748 382 1776 Multi
393 1748 520 1776 Theodori
534 1747 611 1774 vicem
621 1746 789 1774 dolebant.—
799 1744 896 1773 Multos
910 1751 957 1778 per
970 1742 1017 1770 Dei

228 1796 338 1830 gratiam
355 1801 519 1830 magnosque
532 1793 604 1821 viros
615 1792 708 1825 babes,
725 1791 769 1826 qui
782 1791 867 1818 vicem
884 1794 955 1817 tuam
970 1788 1014 1815 do-

228 1842 293 1873 lent,
306 1842 350 1876 qui
362 1845 388 1869 te
398 1840 583 1871 cohortantur,
597 1843 625 1866 et
635 1845 684 1872 pro
697 1837 785 1865 anima
799 1841 843 1864 tua
857 1834 1015 1866 formidant;

228 1891 348 1915 sanctum
372 1893 470 1921 nempe
492 1886 538 1913 Dei
562 1883 738 1917 Valerium‘,
763 1882 847 1918 ipsius
865 1879 1018 1908 omnimode

229 1933 339 1961 fratrem
360 1932 534 1965 Florentium,
559 1930 721 1965 sapientem,
746 1933 773 1956 et
791 1927 898 1963 quidem
918 1925 1018 1954 Christi

228 1979 369 2015 sapientia,
383 1977 572 2013 Porphyrium,
588 1976 739 2010 multosque
752 1974 829 2001 alios.
845 1973 878 2000 lli
899 1971 1018 2007 quotidie

230 2025 361 2061 lugentes,
376 2025 479 2052 nullum
501 2022 626 2058 precandi
650 2021 730 2049 ﬁnem
750 2020 858 2053 faciunt,
878 2024 906 2047 et
917 2018 1019 2053 jamdiu

230 2077 318 2107 optata
331 2069 487 2106 consequuti
499 2073 601 2102 essent,
623 2068 645 2096 si
664 2067 706 2095 vel
720 2066 854 2102 paululum
879 2069 905 2093 te
919 2064 1019 2092 inimici

231 2118 352 2145 manibus
373 2115 530 2144 subtrahere
543 2115 685 2142 voluisses.
701 2112 840 2146 Quomodo
864 2111 944 2146 igitur
965 2118 1019 2138 non
1038 2140 1041 2142 _

231 2163 374 2192 absurdum
394 2162 483 2192 fuerit.
498 2161 561 2189 dum
575 2160 619 2188 alii
642 2160 676 2187 de
697 2159 781 2186 salute
796 2163 839 2185 tua
857 2164 910 2184 non
923 2156 1019 2190 despe-

232 2214 301 2242 rant,
317 2213 386 2237 etut
408 2208 556 2236 membrum
580 2206 709 2246 recipiant
731 2212 807 2232 suum
829 2203 936 2231 assidue
956 2210 1020 2237 pre-

233 2260 336 2288 cantur,
351 2260 377 2282 te
391 2254 473 2282 semel
490 2254 593 2288 lapsum
605 2252 676 2280 nolle
690 2257 847 2286 resurgere,
863 2248 1019 2283 sedjacere,

234 2309 264 2328 ac
277 2299 468 2336 propemodum
490 2299 596 2327 hostem
614 2298 656 2325 his
670 2297 780 2324 vocibus
799 2295 934 2323 cohortari
948 2303 955 2322 :
971 2293 1021 2321 0c-

234 2347 302 2379 cidc,
318 2351 438 2382 percute.
455 2353 488 2373 ne
501 2345 614 2380 pareas?
631 2343 761 2379 Numquid
774 2342 816 2378 qui
830 2342 908 2373 cadit,
922 2349 971 2368 non
983 2349 1023 2367 re-

235 2398 317 2428 surget
332 2393 397 2429 (Jer.
410 2393 436 2420 8.
451 2392 500 2427 4)?
515 2391 599 2426 inquit
611 2390 729 2418 divinum
745 2388 891 2416 oraculum.
906 2387 944 2414 Tu
959 2394 1023 2414 vero

236 2439 296 2466 huic
310 2445 442 2473 repugnas
454 2441 481 2465 et
493 2436 653 2464 contradicis
670 2444 676 2462 :
689 2442 750 2462 nam
764 2434 866 2469 lapsum
880 2432 1023 2468 desperare

237 2486 301 2512 nihil
312 2484 383 2512 aliud
395 2489 437 2512 est
457 2490 536 2519 quam
553 2482 652 2515 dicere,
666 2481 716 2515 Qui
731 2480 803 2508 cadit
816 2487 869 2507 non
891 2482 1021 2514 resurget.

237 2530 284 2564 Ne,
298 2537 400 2565 qumso,
416 2537 449 2557 ne
461 2535 545 2564 usque
558 2528 626 2555 adeo
639 2527 753 2561 teipsum
767 2525 859 2558 hedas,
874 2532 909 2552 ne
922 2529 1023 2551 tantum

238 2576 313 2604 nobis
323 2575 442 2603 dolorem
462 2574 595 2602 infundas.
610 2572 669 2600 Non
684 2572 744 2600 dico
763 2578 844 2602 nunc,
858 2570 964 2605 quando
975 2576 1024 2596 au-

238 2629 300 2649 num
311 2620 466 2648 vicesimum
488 2619 602 2648 necdum
617 2619 693 2653 agis:
714 2617 763 2645 sed
782 2617 861 2644 etiam
882 2616 905 2642 si
927 2615 1025 2642 multos

238 2674 323 2694 annos
332 2673 457 2694 emensus
471 2673 545 2693 esses
556 2686 563 2698 ,
580 2668 679 2700 etpost
693 2667 812 2691 exactam
826 2662 851 2689 in
866 2661 971 2688 Christo
986 2665 1025 2687 to-

241 2717 292 2739 tam
305 2712 402 2744 vitam,
419 2711 445 2738 in
465 2715 584 2738 extrema
598 2713 734 2736 senectute
754 2708 822 2735 hanc
839 2714 933 2741 passus
953 2712 1025 2733 esses

241 2757 429 2790 calamitatem,
446 2764 479 2784 ne
493 2761 555 2783 tunc
570 2755 676 2790 quidem
690 2752 900 2788 desperandum,
916 2751 961 2779 sed
979 2758 1026 2778 co-

241 2802 375 2838 gitandum
389 2809 449 2830 esse
473 2801 507 2829 de
526 2801 644 2832 latrone,
659 2799 704 2834 qui
728 2799 756 2825 in
778 2805 855 2825 cruce
868 2796 1027 2832 justiﬁcatus

275 2904 281 2919 '
300 2901 381 2934 Sanl.,
396 2899 548 2927 l'haIIcrium.
569 2903 618 2925 Due
628 2902 690 2929 uss,
707 2895 850 2922 I'ltalcrium.

800 169 846 197 AD
866 167 1077 197 THEODORUM
1096 168 1240 197 LAPSUM.
1259 169 1291 197 ll.

1801 172 1850 200 3H

1065 231 1123 260 est,
1146 227 1232 263 deque
1253 228 1302 261 iis,
1326 229 1370 264 qui
1399 229 1537 258 undecima
1561 231 1626 259 hora
1651 233 1767 267 aggressi
1792 239 1852 260 sunt

1066 280 1133 307 opus
1147 277 1174 300 et
1188 273 1269 301 totius
1280 274 1333 302 dici
1355 275 1505 304 mercedem
1519 282 1689 312 acceperunt.
1704 277 1739 305 Ut
1761 282 1849 305 autem

1065 319 1165 347 bonum
1190 327 1243 347 non
1267 325 1309 348 est
1331 325 1398 355 eos,
1425 321 1468 357 qui
1497 321 1524 349 in
1550 327 1670 350 extremo
1701 324 1761 351 vitm
1783 324 1850 359 lapsi
1870 323 1879 358 ί

1066 371 1145 400 sunt,
1170 367 1313 402 desperare
1329 389 1337 402 ,
1367 369 1389 396 si
1422 370 1510 397 tamen
1544 370 1722 405 resipiscam:
1741 370 1776 398 ita
1799 378 1852 398 non

1067 415 1151 440 tutum
1173 417 1214 440 est
1238 412 1288 441 hac
1300 421 1348 449 spe
1369 415 1452 442 teneri
1475 423 1506 443 ac
1529 415 1618 444 dicere
1644 425 1651 444 :
1673 417 1721 445 llic
1745 417 1851 452 quidem

1067 457 1168 485 interea
1196 458 1257 485 vita:
1282 459 1461 494 voluptatibus
1489 460 1575 494 fruar,
1601 466 1737 496 postremo
1761 466 1849 491 autem

1066 504 1140 533 brevi
1165 505 1256 533 labore
1282 506 1362 534 totius
1384 507 1510 542 temporis
1534 507 1683 536 mercedem
1709 509 1848 544 accipiam.

1067 551 1173 579 Memini
1193 559 1308 586 namque
1331 556 1356 579 te
1368 559 1439 588 saepe
1461 552 1569 587 dixisse,
1583 561 1643 581 cum
1658 554 1734 582 multi
1747 559 1773 582 te
1787 555 1852 583 hor-

1067 600 1185 624 tarentur
1197 602 1225 625 ut
1239 605 1329 625 musca
1351 598 1532 633 frequentares
1546 607 1553 625 :
1575 599 1648 633 Quid
1658 607 1731 631 vero,
1742 601 1764 628 si
1779 601 1852 629 brevi

1066 647 1186 678 tempore
1207 642 1276 671 male
1297 643 1377 671 vitam
1398 643 1661 679 obeamiquomodo
1673 644 1751 672 adibo
1777 645 1852 673 illum

1067 688 1111 724 qui
1123 688 1189 716 dixit
1204 697 1211 715 :
1226 688 1268 716 Ne
1279 689 1362 716 tardes
1374 689 1483 716 converti
1493 690 1527 716 ad
1552 689 1697 723 Dominum,
1711 698 1790 726 neque
1800 691 1853 726 dif-

1066 734 1133 769 {eras
1147 734 1179 762 de
1192 734 1232 761 die
1244 735 1270 762 in
1293 735 1359 762 diem
1374 734 1476 771 (Ecrli.
1491 735 1517 764 5.
1530 735 1547 763 8
1561 735 1570 771 )
1585 736 1597 762 ?
1624 735 1698 764 lianc
1717 736 1854 771 cogitatio-

1067 787 1127 807 nem
1140 784 1241 815 repete,
1253 785 1280 808 et
1290 780 1374 808 furem
1388 781 1451 808 time
1463 789 1470 814 ;
1485 781 1522 809 ita
1537 781 1607 809 enim
1618 781 1739 810 Christus
1752 782 1852 810 exitum

1066 833 1098 854 ex
1114 825 1164 853 hac
1173 826 1225 854 vita
1238 830 1358 854 nostrum
1365 832 1451 860 vocat,
1460 834 1494 855 eo
1505 827 1575 863 quod
1589 827 1770 864 ignorantibus
1781 830 1852 857 acci—

1066 874 1121 901 dat.
1143 873 1243 901 Tecum
1267 878 1358 910 reputa
1384 873 1461 910 hujus
1482 875 1544 902 vitae
1569 875 1772 907 sollicitudines,
1797 879 1853 902 tum

1066 919 1175 955 singulis
1183 920 1314 955 proprias,
1327 924 1383 948 tum
1396 921 1516 956 pluribus
1527 928 1692 954 communes,
1706 920 1853 957 principum

1065 969 1177 999 metum,
1189 966 1286 994 civium
1297 965 1475 999 invidiam,de
1495 974 1599 995 summa
1621 974 1710 995 rerum
1730 967 1854 1003 frequens

1066 1011 1224 1046 periculum,
1240 1011 1371 1045 miserias,
1399 1012 1564 1040 adulationes
1586 1013 1707 1047 serviles,
1722 1013 1776 1041 imo
1790 1013 1855 1048 ipsis

1066 1058 1160 1091 servis,
1176 1058 1197 1085 si
1212 1058 1285 1093 probi
1293 1058 1400 1094 quidem
1410 1058 1472 1092 sint,
1488 1058 1618 1094 indignas,
1633 1059 1720 1094 cogita
1734 1059 1854 1086 laborum

1066 1104 1180 1133 fructum
1195 1105 1238 1133 hic
1254 1105 1373 1139 interire.
1401 1112 1455 1140 quo
1473 1105 1536 1140 quid
1559 1105 1735 1134 miserabilius
1754 1105 1854 1133 fuerit?

1065 1151 1139 1180 Multi
1158 1152 1237 1180 etiam
1256 1151 1375 1179 laborum
1397 1151 1510 1179 fructum
1526 1151 1663 1187 percipere
1688 1159 1741 1179 non
1760 1155 1854 1186 potue-

1065 1203 1146 1227 runt:
1162 1199 1208 1226 sed
1237 1191 1377 1234 postquam
1400 1200 1512 1234 primam
1538 1203 1643 1226 aetatem
1662 1198 1804 1226 sudoribus
1828 1204 1855 1227 et

1066 1244 1191 1280 periculis
1200 1244 1404 1280 insumpserant,
1417 1251 1477 1271 cum
1489 1251 1519 1271 se
1533 1243 1682 1272 mercedem
1700 1248 1855 1278 accepturos

1066 1293 1216 1324 sperarent,
1229 1289 1414 1317 abscesserunt
1432 1289 1498 1317 nihil
1512 1296 1602 1317 secum
1617 1289 1771 1317 referentes.
1788 1289 1854 1317 Nam

1066 1335 1089 1363 si
1102 1339 1236 1363 terrenum
1251 1335 1446 1370 imperatorem,
1466 1334 1546 1363 etiam
1558 1339 1619 1370 post
1633 1334 1714 1362 multa
1728 1335 1855 1370 pericula,

1067 1385 1127 1416 post
1141 1381 1252 1416 plurima
1262 1380 1332 1408 bella
1350 1380 1480 1413 confecta,
1494 1381 1537 1408 vix
1551 1380 1632 1409 audet
1645 1381 1775 1416 quispiam
1794 1388 1855 1408 cum

1068 1426 1162 1454 fiducia
1171 1426 1315 1461 respicere,
1326 1426 1459 1461 quomodo
1466 1426 1598 1454 exlestem
1607 1426 1680 1454 illum
1692 1426 1788 1461 poterit
1797 1426 1856 1460 quis

1067 1472 1174 1504 intueri,
1184 1471 1230 1507 qui
1239 1476 1294 1499 toto
1306 1475 1426 1506 tempore
1438 1471 1514 1500 alteri
1525 1471 1631 1505 vixerit,
1640 1471 1716 1499 alteri
1726 1471 1855 1499 militarit?

1102 1517 1129 1545 5.
1146 1517 1187 1544 An
1199 1517 1238 1545 vis
1250 1516 1283 1544 de
1307 1516 1463 1544 domesticis
1475 1516 1557 1550 curis,
1582 1517 1685 1551 uxoris,
1700 1516 1853 1548 liberorum,

1068 1562 1227 1591 famulorum
1238 1562 1366 1598 agamus?
1388 1562 1475 1590 Grave
1482 1566 1524 1590 est
1532 1569 1676 1598 pauperem
1685 1570 1794 1590 uxorem
1804 1562 1856 1590 du-

1065 1608 1149 1641 xisse,
1159 1615 1240 1644 grave
1251 1607 1443 1643 opulentiorem
1459 1616 1466 1636 :
1481 1607 1594 1635 alterum
1614 1607 1685 1635 enim
1708 1607 1855 1641 facultates,

1066 1655 1182 1682 alterum
1199 1653 1249 1681 viri
1262 1653 1445 1681 auctoritatem
1465 1653 1669 1688 libertatemque
1680 1652 1761 1680 laedit.
1775 1652 1858 1680 Mole-

1051 1726 1056 1731 ,
1068 1703 1138 1727 stum
1150 1702 1192 1727 est
1203 1698 1302 1726 liberos
1309 1697 1469 1733 suscepisse,
1477 1697 1618 1725 molestius
1628 1704 1680 1724 non
1689 1697 1838 1732 suscepisse
1848 1705 1856 1724 :

1068 1745 1133 1774 illud
1145 1745 1217 1773 enim
1232 1749 1274 1773 est
1295 1744 1392 1772 frustra
1405 1744 1512 1772 duxisse
1528 1744 1678 1779 coniugem,
1695 1743 1746 1771 hoc
1760 1750 1858 1770 amart:

1069 1791 1188 1820 servituti
1200 1791 1347 1826 subjectum
1357 1798 1428 1818 esse.
1444 1789 1569 1829 ,‘Egrotat
1583 1798 1657 1825 puer,
1674 1789 1735 1817 hinc
1752 1797 1804 1817 non
1823 1789 1859 1816 le.

1068 1837 1109 1865 vis
1118 1836 1230 1864 formido
1245 1845 1251 1863 ε
1265 1836 1420 1863 immaturus
1444 1836 1569 1870 decessit,
1591 1835 1654 1863 hinc
1665 1843 1719 1862 non
1737 1835 1858 1863 consola-

1069 1883 1131 1911 bilis
1144 1883 1221 1910 dolor
1236 1891 1244 1910 :
1259 1882 1292 1910 ad
1304 1882 1423 1918 singulos
1432 1882 1518 1910 aetatis
1528 1882 1635 1918 gradus,
1651 1889 1723 1910 cura:
1734 1882 1768 1910 de
1782 1882 1856 1917 ipsis,

1070 1929 1262 1957 sollicitudines
1274 1934 1302 1957 et
1313 1929 1428 1956 labores.
1446 1928 1514 1962 Quid
1528 1928 1561 1956 de
1581 1928 1786 1956 domesticorum
1807 1928 1859 1955 im-

1070 1975 1201 2011 probitate
1214 1974 1356 2002 dicamus?
1370 1973 1495 2002 Htcceine
1520 1974 1572 2002 vita
1586 1978 1636 2006 est,
1651 1973 1800 2005 Theodore,
1814 1973 1859 2001 ubi

1070 2021 1214 2048 animauna
1223 2021 1249 2047 in
1261 2024 1299 2048 tot
1308 2027 1386 2048 curas
1397 2019 1562 2053 distrahitur,
1575 2023 1614 2047 tot
1631 2019 1724 2049 servit.
1740 2022 1779 2046 tot
1796 2018 1860 2046 vivit

1070 2066 1235 2100 hominibus,
1249 2066 1299 2094 sibi
1325 2066 1486 2101 numquam?
1499 2065 1569 2093 Nihil
1580 2065 1648 2100 apud
1661 2072 1709 2093 nos
1722 2064 1860 2099 hujusmo-

1071 2113 1097 2139 di
1113 2113 1253 2147 reperitur,
1267 2111 1374 2145 dilecte,
1384 2115 1410 2139 te
1425 2115 1519 2139 testem
1539 2110 1653 2146 appello.

1107 2158 1190 2185 Nemo
1215 2157 1277 2186 liber
1299 2161 1344 2189 est,
1365 2157 1414 2184 nisi
1433 2157 1476 2191 qui
1500 2156 1598 2184 Christo
1615 2156 1682 2183 uiuit.
1707 2155 1764 2183 Una
1786 2154 1861 2183 Chri-

1071 2204 1154 2231 stiano
1168 2203 1309 2236 calamitas,
1325 2202 1405 2229 Deum
1421 2201 1557 2235 o/fendere.
1569 2216 1606 2221 —
1617 2201 1802 2236 Breviquippc
1815 2201 1860 2228 illo

1073 2254 1204 2285 tempore,
1227 2257 1280 2285 quo
1294 2257 1327 2277 cx
1338 2248 1460 2276 fluctibus
1486 2255 1622 2284 emergere
1651 2247 1767 2281 voluisti,
1794 2247 1862 2274 nosti

1073 2302 1171 2332 quanta
1182 2297 1283 2328 hetitia,
1299 2300 1397 2330 quanto
1410 2294 1507 2330 gaudio
1520 2294 1660 2321 fruebaris.
1674 2293 1756 2321 Nemo
1767 2293 1864 2329 quippe

1075 2344 1143 2372 liber
1153 2348 1203 2374 est,
1213 2343 1263 2370 nisi
1274 2342 1318 2378 qui
1327 2342 1434 2369 Christo
1444 2341 1534 2368 vivit‘:
1547 2340 1591 2369 hic
1601 2340 1725 2367 omnibus
1736 2339 1864 2367 molestiis

1075 2390 1196 2425 superior
1218 2392 1323 2417 cst:ac
1345 2388 1396 2415 nisi
1418 2387 1539 2422 scipsum.
1561 2385 1658 2414 ledere
1678 2385 1751 2417 velit,
1775 2385 1864 2413 nullus

1076 2439 1143 2467 alius
1153 2438 1179 2465 id
1190 2444 1314 2473 umquam
1326 2436 1423 2472 poterit
1434 2444 1441 2469 ;
1454 2435 1527 2462 nullo
1534 2433 1592 2469 capi
1601 2433 1754 2468 etsuperari
1766 2437 1863 2467 potest,

1077 2492 1129 2512 non
1142 2483 1314 2519 pecuniarum
1337 2482 1440 2517 jactura
1459 2480 1601 2512 cruciatur,
1627 2479 1724 2514 quippe
1738 2478 1782 2514 qui
1795 2477 1864 2505 didi-

1076 2531 1144 2559 cerit
1165 2537 1214 2557 nos
1237 2529 1303 2557 nihil
1323 2528 1350 2556 in
1369 2528 1439 2555 hunc
1451 2528 1462 2543 ’
1481 2525 1609 2553 mundum
1635 2524 1766 2558 attulisse,
1780 2531 1866 2558 neque

1077 2577 1139 2605 inde
1151 2575 1285 2611 quidpiam
1312 2573 1417 2601 auferre
1432 2579 1529 2608 posse;
1546 2579 1599 2606 non
1611 2570 1756 2598 ambitione
1769 2573 1796 2598 et
1809 2569 1867 2604 glo-

1078 2624 1124 2650 ria:
1134 2621 1258 2656 cupidine
1272 2624 1388 2652 tenetur,
1400 2625 1498 2654 gnarus
1508 2617 1738 2645 conversationem
1749 2620 1866 2642 nostram

1080 2670 1105 2696 in
1116 2668 1182 2697 caelo
1195 2675 1268 2695 esse:
1280 2673 1332 2693 non
1342 2664 1467 2693 conviciis
1481 2668 1602 2695 vexatur,
1616 2670 1668 2690 non
1681 2661 1764 2696 plagis
1775 2667 1866 2687 move-

1081 2721 1134 2748 tur;
1143 2722 1194 2741 una
1204 2712 1353 2740 Christiano
1366 2710 1503 2738 calamitas
1515 2709 1599 2736 Deum
1609 2707 1760 2735 olfendere:
1771 2710 1866 2733 caetera

1080 2768 1143 2788 vero
1153 2781 1160 2793 ,
1170 2763 1199 2786 ut
1211 2757 1547 2794 possessionumjacturam
1559 2775 1566 2787 ,
1582 2753 1674 2788 patria:
1687 2752 1869 2785 amissionem,

1113 2830 1120 2844 ι
1139 2831 1203 2851 t‘nus
1213 2826 1291 2851 codex
1304 2832 1310 2849 ί
1325 2830 1373 2850 Α·οη
1382 2828 1415 2849 est
1426 2823 1498 2850 enim.
1509 2828 1554 2847 non
1569 2824 1602 2846 est
1615 2820 1682 2848 liber,
1692 2818 1738 2845 nisi
1755 2821 1806 2851 qut.
1819 2827 1869 2846 ma-

1081 2858 1192 2886 trimonio
1204 2855 1323 2883 hannonis.
1334 2855 1427 2880 (‘ltt't'sto
1439 2854 1502 2886 llil‘il.
1550 2884 1554 2886 _
1681 2882 1693 2886 υ

1116 2890 1126 2907 ²
1142 2882 1206 2920 l'ox,
1219 2888 1297 2919 hunc,
1311 2882 1381 2912 deest
1394 2888 1418 2911 iu
1429 2884 1498 2910 savii.
1513 2887 1538 2909 et
1550 2884 1573 2908 in
1587 2890 1633 2908 uno
1645 2882 1734 2908 codice.
