2061 3114
239 137 291 166 515

241 200 389 223 extremum
403 192 559 228 periculum,
575 191 776 227 neintergravia
787 190 892 226 quidem
902 195 1022 231 reputat;

240 240 361 275 quodque
373 246 465 266 omnes
478 237 597 270 horrent,
607 244 701 275 nempe
714 236 812 266 exitum
826 243 858 262 ex
870 235 919 262 hac
930 236 982 263 vita
997 236 1024 262 in

240 286 329 317 aliam,
342 285 367 312 id
381 285 405 311 ei
434 284 490 318 ipsa
519 284 570 309 vita
596 282 697 309 dulcius
719 286 770 309 est.
797 281 1023 320 Quemadmodum

239 331 308 358 enim
322 331 344 358 si
356 331 415 364 quis
429 330 455 356 in
463 329 517 356 alto
530 327 752 369 seopulo.positus
762 327 954 362 contempletur
966 334 1024 354 ma-

239 385 277 409 rc,
291 382 318 405 et
332 376 508 411 navigantium
521 375 588 401 alios
608 382 623 401 a
646 374 770 402 ﬂuctibus
787 374 905 409 demergi
924 373 1023 407 videat,

237 423 303 449 alios
318 422 343 448 in
359 421 466 448 latentia
481 428 543 448 saxa
557 420 640 453 allidi,
650 420 716 447 alios
730 420 783 447 alio
790 420 896 456 quidem
912 425 1024 448 conten-

239 469 344 499 dentes,
359 468 426 495 alios
440 472 528 499 autem
542 473 570 495 ut
592 468 694 497 vinctos
708 468 733 494 vi
758 473 896 498 ventorum
918 468 1023 501 abduci,

237 513 334 540 nmltos
344 512 422 540 undis
433 512 520 546 obrui,
531 513 598 540 alios
611 520 658 548 pro
678 512 781 547 navigio
802 518 829 540 et
845 514 1025 548 gubernaculo

235 559 355 585 manibus
368 559 453 585 solum
468 558 515 591 uti,
525 558 591 585 alios
601 558 642 585 vel
656 558 743 585 tabula
760 565 812 585 una
837 559 879 586 vel
892 559 1025 593 fragmen-

235 609 263 630 to
274 604 349 631 navis
357 603 431 637 ferri,
443 604 510 631 alios
524 608 642 631 mortuos
654 609 836 638 supernatare,
851 604 1023 639 multiplicem

237 649 337 676 scilicet
348 654 375 677 et
387 650 485 677 variam
497 650 673 677 calamitatem
689 659 694 677 :
712 650 747 677 ita
761 654 788 677 et
800 650 844 684 qui
857 649 963 678 Christo
975 650 1024 677 mi-

235 696 301 728 litat,
318 696 441 723 tumultui
456 700 483 723 et
494 696 617 724 ﬂuctibus
632 696 693 723 vita:
717 703 747 723 se
761 696 922 730 subducens,
937 697 964 723 in
979 701 1019 724 tu-

236 746 263 767 to
278 746 304 768 et
318 742 424 769 eaeelso
434 742 493 769 loco
513 741 597 769 sedet.
616 741 684 774 Quid
695 742 765 768 enim
780 741 872 774 tutius,
882 741 946 777 quid
960 742 1024 769 sub-

237 786 326 813 limius
348 786 438 819 fuerit,
453 794 531 821 quam
551 787 655 814 unicam
671 786 771 814 habere
795 787 997 815 sollicitudinem
1014 797 1021 815 :

238 832 369 864 Quomodo
384 833 600 868 oporteatptacere
612 833 666 860 Deo
679 833 723 869 (l.
740 833 828 861 Thess.
839 834 867 861 4.
878 834 891 861 1
907 834 938 869 )?
950 833 1022 861 Vidi-

236 878 281 910 sti,
297 878 450 912 Theodore,
465 879 599 914 naufragia
621 886 713 906 eorum
723 879 767 914 qui
783 879 809 906 in
832 878 883 906 hoc
895 879 961 906 mari
977 886 1024 906 na—

234 924 375 957 vigabant?
394 924 570 957 Quamobrem
592 923 652 959 fuge
667 924 676 939 ¹
702 925 829 958 pelagus,
854 924 948 951 ﬂuctus
973 923 1022 951 de-

235 969 315 1000 oliua,
324 968 477 1003 editumque
485 970 572 996 locum
580 977 690 1003 occupa,
705 968 748 996 ubi
760 969 881 1003 intercipi
894 976 1021 1003 nequeas;

233 1015 393 1042 resurrectio
415 1014 500 1042 futura
518 1019 568 1046 est,
585 1015 712 1048 judicium
738 1015 835 1046 aderit,
860 1014 1022 1042 horrendum

233 1063 283 1082 nos
297 1056 357 1082 hinc
370 1064 493 1089 egressos
507 1056 620 1082 tribunal
645 1061 795 1090 exspectat:
813 1056 905 1083 Omnes
918 1056 1021 1084 adstare

233 1105 328 1135 oportet
342 1106 399 1127 ante
422 1102 531 1127 tribunal
546 1101 682 1133 Christi(‘2.
692 1101 752 1128 Cor.
762 1101 786 1127 5.
799 1101 914 1136 10).Νο11
925 1102 1021 1129 frustm

232 1153 292 1172 cum
308 1146 386 1172 minis
401 1146 571 1172 denuntiatur
584 1146 704 1179 gehenna
720 1155 725 1172 :
741 1154 793 1172 non
810 1147 942 1173 incassum
964 1150 1022 1173 tan-

233 1196 258 1217 ta
272 1191 347 1218 nobis
358 1197 446 1225 parata
460 1196 519 1217 sunt
535 1192 612 1217 bona.
627 1191 732 1223 Umbra,
746 1192 797 1218 imo
812 1192 903 1219 umbra
917 1192 1019 1219 inanio-

233 1244 276 1263 res
295 1242 355 1263 sunt
370 1245 413 1263 res
426 1237 534 1270 hujusce
555 1237 624 1267 vitm,
639 1237 776 1263 timoribus
788 1236 916 1271 plurimis,
931 1237 1021 1264 multis

233 1284 370 1318 periculis,
398 1288 567 1317 extremaque
582 1283 709 1309 servitute
734 1283 829 1316 plenze.
845 1282 894 1315 Ne,
917 1289 1018 1317 quaeso,

233 1330 409 1364 ctprresemis
435 1334 461 1356 et
489 1330 566 1355 tuturi
587 1329 814 1362 sateulijacturam
843 1328 933 1361 facias,
958 1336 1019 1356 eum

233 1376 312 1402 liceat
334 1380 473 1409 utrtunque
498 1375 614 1405 lucrari,
630 1375 653 1400 si
676 1375 751 1401 velis.
773 1375 847 1407 Quod
867 1378 955 1401 autem
982 1373 1018 1407 ii,

232 1421 276 1454 qui
298 1421 324 1446 in
351 1420 456 1446 Christo
472 1421 573 1451 vivunt,
595 1420 674 1446 etiam
696 1420 773 1454 hujus
795 1419 856 1446 vitae
885 1419 953 1446 bona
978 1419 1020 1446 lu-

233 1470 350 1497 crcntur,
362 1464 441 1492 docet
455 1465 551 1492 Paulus
574 1464 615 1491 his
641 1464 749 1492 verbis:
764 1464 819 1499 Ego
843 1469 926 1491 autem
951 1464 1020 1492 nobis

233 1519 308 1546 parco
323 1516 369 1538 :et
385 1511 479 1537 iterum
495 1519 501 1537 :
515 1510 571 1537 Hoc
595 1515 678 1537 autem
691 1510 747 1537 dico
761 1510 794 1536 ad
806 1515 913 1537 uestram
925 1510 1022 1537 utilita-

233 1558 291 1591 Iem(
297 1558 306 1583 ι
313 1576 320 1582 .
329 1556 386 1583 Cor.
395 1557 419 1582 't.
432 1556 475 1583 28.
486 1556 530 1590 55)
536 1576 542 1582 .
550 1555 642 1583 Viden'
650 1563 708 1583 eum
715 1556 758 1590 qui
765 1555 898 1591 cogitatea
907 1563 966 1590 quae
974 1555 1022 1583 Do-

234 1602 298 1628 mini
311 1606 382 1633 sunt,
398 1601 477 1628 etiam
492 1601 517 1628 in
539 1601 589 1628 hoc
614 1601 713 1628 mundo
727 1601 890 1636 superiorem
912 1601 936 1628 ei
948 1608 1019 1633 esse,

233 1647 277 1681 qui
288 1654 396 1674 uxorem
411 1647 506 1674 ducit?
529 1647 670 1682 Postquam
684 1647 745 1674 illuc
756 1648 915 1683 transgressi
939 1647 1020 1675 fueriv-

269 1716 278 1729 ί
295 1712 364 1744 savii,
378 1717 403 1740 et
415 1720 475 1738 unus
487 1714 573 1739 codex.
586 1714 649 1746 fuge,
660 1715 724 1745 fune.

966 134 1130 168 Μοειῖιτωι.

1811 137 1865 173 316

1077 199 1146 226 mus,
1160 193 1248 222 nullus
1261 194 1423 229 pomitentize
1433 195 1519 226 locus.
1531 194 1623 223 Natus
1635 195 1737 223 athleta
1750 203 1766 223 e
1779 196 1864 224 stadio

1077 244 1208 272 egressus,
1223 243 1363 273 postquam
1379 240 1510 267 theatrum
1533 240 1649 267 solutum
1674 239 1733 272 I‘ult,
1758 245 1864 269 certare

1076 283 1190 317 amplius
1198 288 1294 319 potest.
1307 284 1369 312 Haec
1381 292 1486 319 semper
1497 286 1593 320 cogita,
1603 290 1630 313 et
1640 290 1746 313 acutum
1753 287 1864 322 maligni

1076 327 1190 362 gladium
1210 333 1329 361 contere,
1355 337 1407 364 quo
1419 330 1476 364 ipse
1489 331 1586 357 multos
1599 330 1733 358 interﬁcit.
1748 331 1810 359 "ch
1824 337 1866 359 est

1076 373 1227 408 desperatio
1242 394 1250 407 ,
1275 382 1334 409 qua:
1352 374 1462 409 dejectis
1482 383 1556 410 spem
1580 375 1720 410 praecidit:
1735 376 1786 403 hoc
1797 376 1865 404 vali-

1076 418 1139 446 dum
1152 423 1192 446 est
1204 419 1303 447 inimici
1313 420 1405 452 telum,
1419 424 1446 448 et
1456 421 1538 448 semel
1548 426 1640 456 captos
1654 429 1706 449 non
1716 422 1769 450 alio
1784 430 1864 457 quam

1076 464 1128 492 hoc
1142 465 1247 493 vinculo
1262 466 1421 493 constrictos
1429 466 1548 494 detinet:
1564 467 1645 502 quod,
1658 468 1680 495 si
1691 468 1864 502 voluerimus,

1076 510 1130 537 cito
1143 517 1192 544 per
1206 510 1252 537 Dei
1264 511 1375 546 gratiam
1390 511 1557 546 confringere
1577 513 1734 547 poterimus.
1747 513 1808 541 Scio
1820 522 1864 541 me

1074 554 1286 590 justosepistolaa
1313 556 1409 583 limites
1437 557 1607 585 excessisse:
1627 558 1674 586 sed
1686 558 1864 593 iguosee,non

1077 602 1147 628 enim
1161 601 1254 629 lubens
1266 601 1316 629 hoc
1324 602 1376 637 egi,
1400 602 1447 630 sed
1462 603 1560 630 amoris
1574 603 1727 640 dolorisque
1753 605 1778 632 vi
1789 612 1864 632 com-

1077 646 1168 681 pulsus
1182 654 1189 672 :
1203 646 1247 674 hic
1260 654 1303 674 me
1311 647 1421 675 aﬂectus
1447 647 1481 675 ad
1504 648 1573 675 hanc
1597 649 1676 676 etiam
1696 649 1864 677 scribendam

1075 692 1215 726 epistolam
1230 692 1381 720 necessario
1395 693 1510 726 induxit,
1523 694 1673 721 vetantibus
1690 694 1752 722 licet
1772 695 1864 723 multis

1075 744 1107 764 ac
1117 736 1283 765 dicentibus:
1298 737 1390 765 Finem
1402 738 1443 765 iac
1457 746 1523 766 vane
1533 738 1681 771 laborandi,
1698 746 1729 767 ac
1744 739 1769 766 in
1782 741 1866 775 petris

1076 782 1193 809 serendi.
1221 782 1277 817 Ego
1304 787 1393 809 autem
1420 783 1519 810 nemini
1544 791 1637 810 aurem
1662 784 1865 820 praebui:Spes

1076 828 1146 855 enim
1158 832 1209 861 est,
1220 828 1341 856 dicebam
1356 828 1426 864 apud
1443 836 1497 861 me,
1521 829 1568 856 Dei
1591 836 1642 864 ope
1657 829 1745 857 literas
1767 830 1864 865 aliquid

1075 872 1228 907 profuturas
1242 880 1316 906 esse;
1338 873 1410 908 quod
1424 874 1446 900 si
1460 873 1503 904 id.
1518 874 1589 908 quod
1613 881 1646 901 ne
1664 874 1710 901 tiat
1730 874 1864 909 depreca-

1075 926 1145 952 mur,
1157 918 1293 952 acciderit,
1304 919 1329 945 id
1344 919 1437 946 saltem
1451 919 1623 951 lucrabimur,
1639 923 1667 946 ut
1681 927 1715 947 ne
1729 920 1864 947 silentiutn

1075 964 1152 991 nobis
1166 964 1230 991 vitio
1253 964 1320 991 verti
1334 965 1418 999 possit
1430 973 1436 991 :
1453 972 1540 999 neque
1554 965 1700 992 deteriores
1715 965 1865 1000 naviganti-

1073 1010 1124 1037 bus
1139 1012 1249 1042 erimus,
1270 1010 1386 1044 quicum
1406 1018 1463 1037 suze
1488 1010 1569 1038 sortis
1589 1010 1712 1038 homines
1737 1010 1864 1044 viderint,

1072 1064 1139 1092 quas
1153 1061 1209 1084 sata
1217 1057 1241 1084 vi
1256 1061 1396 1085 ventorum
1411 1058 1481 1091 navi,
1495 1058 1590 1085 tabulae
1604 1058 1747 1092 haerentes,
1762 1059 1864 1086 demis-

1073 1102 1111 1130 sis
1118 1102 1196 1136 velis,
1208 1103 1279 1137 jacta
1306 1103 1433 1136 anchora,
1445 1108 1473 1131 et
1493 1112 1640 1132 conscensa
1655 1104 1763 1140 scapha,
1776 1105 1864 1132 homi-

1073 1156 1121 1176 nes
1144 1149 1258 1184 ignotos,
1273 1157 1305 1176 ac
1326 1157 1360 1177 ex
1381 1150 1506 1184 praesenti
1534 1151 1618 1178 solum
1641 1151 1791 1178 calamitate
1815 1151 1864 1178 sibi

1072 1195 1194 1230 cognitos
1219 1202 1328 1223 servare
1346 1196 1475 1223 nituntur.
1491 1196 1566 1229 Quod
1593 1196 1615 1223 si
1643 1197 1681 1223 illi
1709 1197 1864 1231 noluerint,

1072 1247 1153 1266 nemo
1165 1239 1312 1274 culpaverit
1329 1247 1376 1267 eos
1386 1261 1393 1272 ,
1410 1240 1481 1275 quod
1494 1245 1635 1276 pereuntes
1654 1248 1762 1269 servare
1774 1242 1864 1269 conati

1074 1286 1138 1313 sint.
1170 1285 1233 1313 Hzec
1257 1290 1357 1313 nostrae
1382 1286 1514 1314 facultatis
1538 1291 1623 1314 sunt:
1639 1295 1779 1322 speramus
1812 1296 1864 1315 au-

1071 1331 1126 1358 tem
1145 1334 1172 1358 te
1186 1338 1233 1365 per
1246 1331 1293 1359 Dei
1311 1333 1422 1366 gratiam
1436 1352 1445 1365 ,
1459 1339 1518 1366 quae
1538 1332 1565 1359 in
1593 1336 1637 1359 tua
1660 1337 1792 1367 potestate
1805 1338 1864 1360 sunt
1893 1329 1898 1331 ⁷

1075 1376 1256 1411 prtestiturum
1266 1384 1336 1410 esse,
1350 1376 1460 1412 foreque
1474 1383 1503 1404 ut
1525 1382 1552 1405 te
1566 1386 1672 1405 rursum
1686 1378 1822 1405 videamus
1835 1378 1862 1405 iu

1075 1428 1156 1456 grege
1169 1422 1178 1436 ί
1191 1421 1291 1449 Christi
1307 1421 1446 1449 ﬂorentem
1469 1422 1654 1458 valentemque
1679 1431 1743 1450 vera
1761 1424 1863 1451 valetu-

1072 1465 1144 1499 dine,
1160 1470 1239 1501 teque
1251 1466 1329 1494 citius
1340 1467 1505 1494 orationibus
1521 1472 1672 1495 sanctorum
1685 1469 1855 1502 recipiamus,

1076 1518 1093 1538 ο
1114 1511 1239 1538 dilectum
1251 1515 1339 1546 caput.
1352 1511 1472 1546 Siquam
1501 1513 1585 1540 nostri
1603 1513 1733 1541 rationem
1756 1513 1864 1548 habeas,

1073 1564 1158 1592 neque
1168 1558 1273 1592 penitus
1287 1565 1335 1585 nos
1348 1565 1364 1585 e
1382 1558 1509 1586 memoria
1521 1564 1566 1586 tua
1587 1559 1709 1593 ejeceris,
1725 1560 1801 1586 nobis
1821 1567 1860 1586 rc-

1073 1603 1190 1631 scribere
1202 1603 1336 1639 digneris;
1353 1603 1404 1631 hoc
1418 1604 1490 1631 enim
1503 1604 1583 1632 modo
1595 1612 1690 1640 magna
1703 1613 1752 1632 nos
1774 1605 1863 1633 lmtitio

1076 1648 1187 1677 afﬁcies.
1797 1650 1802 1655 '

1108 1717 1115 1732 ι
1134 1715 1203 1741 savil.
1216 1716 1240 1741 in
1252 1716 1361 1747 margine
1373 1720 1399 1742 et
1408 1722 1472 1742 unus
1483 1714 1606 1747 codex,t'n
1620 1723 1692 1750 grege
1700 1716 1810 1748 pretioso.

963 1998 1089 2026 “(<63
1093 1999 1119 2023 ω
