2032 3110
289 176 343 205 517

1024 165 1195 195 MONITUM.

1876 161 1929 189 5I8

301 236 1907 271 μ

626 333 688 378 ΙΝ
726 330 869 376 TBIA
901 326 1247 383 SEQUENTIA
1282 324 1593 372 OPUSCULA

930 434 1272 495 MONITUM

327 559 380 586 Res
392 562 434 586 est
444 556 596 592 explorata,
607 555 665 582 hac
679 553 742 586 tria,
751 552 784 580 de
792 550 954 587 quibusjam
968 548 1083 585 quaestio

288 611 341 637 est,
353 604 496 640 opuscula,
513 603 583 630 inter
595 601 699 636 priores
713 598 900 635 Cbrysostomi
910 595 997 640 nostri
1011 595 1083 622 fetus

289 633 402 678 locanda
415 656 485 682 esse,
498 655 586 682 neque
598 647 690 674 minus
702 644 880 679 conspicuum
893 633 1000 670 videtur
1011 641 1084 668 edita

289 697 375 724 fuisse
408 695 569 731 priusquam
588 693 634 721 ille
646 693 672 720 in
688 691 877 727 presbyterum
896 690 1082 723 cooptaretur.

288 742 398 770 Annum
413 749 478 769 vero
495 745 615 768 statuere
631 739 685 774 iam
702 741 821 773 oportet.
836 735 947 764 Certum
972 731 1083 769 quidem

289 793 330 816 est
341 788 374 815 ad
391 787 417 815 id
440 786 561 814 muneris
575 783 760 821 prastandum
783 782 818 810 ab
833 782 923 809 amico
942 780 1084 808 inductum

289 833 375 861 fuisse
396 831 632 868 Chrysostomum,
654 837 716 857 cum
739 828 848 864 publica
874 826 1084 862 magistratuum

290 879 453 907 auctoritate
466 877 594 905 monachi
607 879 729 904 extrema
740 879 909 910 paterentur,
925 879 958 899 ex
973 871 1085 900 sedibus

290 930 317 953 et
330 924 435 952 cellulis
453 923 512 951 suis
533 923 665 951 violenter
679 920 800 952 abducti,
816 919 842 947 in
869 917 959 946 forum
974 915 1084 952 raptati,

291 970 436 1003 verberati,
450 969 477 997 in
495 975 631 996 carcerem
646 967 724 994 trusi.
738 966 801 993 Haec
818 972 900 1000 porro
914 963 975 991 dira
989 969 1086 990 mona-

290 1017 404 1044 chorum
420 1015 529 1043 vexatio
548 1019 602 1042 tam
618 1018 722 1049 aperta,
737 1011 868 1047 principis
881 1011 990 1039 decreto
1002 1009 1085 1042 facta,

290 1061 400 1090 nonnisi
414 1061 447 1088 ad
462 1066 568 1095 tempus
587 1056 706 1086 Valentis
720 1057 891 1092 imperatoris
900 1055 993 1083 reduci
1005 1061 1088 1090 posse

290 1106 407 1139 videtur,
422 1105 544 1140 quicum
557 1104 583 1131 in
601 1103 765 1130 Arianorum
778 1101 894 1129 hmresin
914 1099 1085 1133 descivisset,

290 1153 318 1180 in
332 1151 490 1179 Catholicos
514 1157 611 1177 omnes
632 1148 818 1184 grassabatur.
839 1146 973 1174 Defuncto
994 1149 1086 1173 autem

291 1196 482 1224 Valentiniano
501 1196 595 1228 fratre,
610 1195 657 1230 pio
670 1194 862 1228 catholicoque
875 1191 1008 1228 principe,
1024 1199 1087 1219 cum

291 1243 360 1270 nihil
375 1242 489 1270 ulterius
503 1241 634 1269 infestum
645 1240 706 1275 ejus
715 1240 743 1267 in
754 1242 864 1267 sanctos
879 1238 953 1266 viros
965 1237 1088 1264 animum

292 1287 455 1321 retardaret,
464 1295 497 1315 co
511 1287 644 1323 processit
656 1286 782 1314 amentia:
791 1284 979 1312 utmonachos
993 1290 1089 1311 omnes

293 1334 406 1362 sedibus
420 1333 484 1369 pelli
500 1337 527 1360 et
543 1333 571 1360 in
588 1333 712 1360 militiam
730 1331 866 1360 conscribi
880 1330 1003 1366 jusserit.
1017 1329 1091 1357 Obiit

292 1380 501 1408 Valentinianus
518 1387 591 1407 anno
605 1378 713 1406 Domini
732 1378 794 1411 574,
813 1381 895 1413 atque
908 1376 975 1404 adeo
988 1376 1023 1403 ad
1040 1383 1091 1403 an-

292 1435 358 1455 num
381 1426 434 1454 575
453 1425 495 1454 vel
508 1425 561 1453 376
584 1424 720 1460 quadrare
737 1427 854 1459 possunt
879 1422 908 1450 hi
930 1427 985 1450 tres
1002 1421 1091 1450 sancti

292 1472 412 1501 doctoris
425 1471 498 1499 libri.
807 1502 815 1507 .

327 1518 404 1546 Hanc
416 1522 506 1545 tamen
522 1516 708 1552 chronologiae
723 1516 859 1544 rationem
881 1515 986 1550 aliquot
1011 1522 1092 1550 argu-

293 1565 393 1593 mentis
400 1564 492 1599 impeti
500 1571 580 1599 posse
588 1567 665 1599 putat
673 1563 754 1591 vircl.
767 1561 1091 1593 Tillemontius.Etenim,

294 1610 385 1646 inquit
395 1610 451 1642 ille,
470 1614 536 1637 tunc
546 1609 636 1637 editus
651 1608 702 1636 fuit
715 1608 784 1636 liber
795 1607 912 1643 primus,
927 1614 989 1633 cum
1003 1605 1094 1633 adhuc

295 1655 465 1684 dmmonibus
481 1655 637 1682 sacrificare
655 1654 749 1682 liceret
765 1663 773 1680 :
791 1658 819 1680 at
835 1652 981 1688 postremis
995 1651 1095 1680 Valen-

295 1700 392 1727 tiniani
412 1704 439 1726 et
462 1698 585 1726 Valentis
610 1698 690 1726 annis
716 1697 853 1725 sacriﬁcia
879 1697 1037 1732 huiusmodi
1060 1697 1095 1725 ab

296 1745 393 1782 iisdem
407 1744 618 1780 imperatoribus
640 1744 778 1779 prohibita
795 1746 870 1776 sunt,
889 1743 961 1770 unde
971 1742 1095 1778 sequitur

296 1795 360 1819 ante
382 1798 483 1818 annum
497 1789 560 1822 37b,
582 1797 637 1825 quo
653 1793 779 1817 mortuus
805 1792 849 1817 est
873 1787 1093 1821 Valentinianus,

296 1837 339 1866 vel
356 1837 389 1865 ad
405 1844 543 1865 summum
558 1844 630 1863 anno
644 1836 704 1871 ipso
714 1835 844 1868 374,h:ec
853 1834 996 1870 scripsisse
1009 1833 1093 1870 Chry-

297 1889 461 1912 snstomum.
475 1883 534 1910 Alia
557 1883 621 1910 item
639 1881 786 1910 dimcultas
806 1881 930 1917 emergit,
945 1881 1043 1916 inquit,
1058 1888 1092 1908 ex

297 1929 486 1966 Chrysostomi
511 1929 612 1962 verbis,
636 1928 683 1964 qui
709 1927 775 1955 dicit
800 1927 871 1955 hanc
894 1927 1091 1954 monachorum

297 1977 469 2005 vexationem
492 1975 632 2002 inductam
661 1981 722 2001 esse
735 1972 786 2000 sub
801 1973 853 2008 piis
871 1971 1093 2008 imperatoribus,

298 2022 430 2055 εὐσεῦῶν,
446 2028 508 2056 que
520 2028 586 2048 sane
607 2020 667 2047 laus
681 2020 714 2047 ad
738 2019 889 2052 Valentem,
903 2019 1094 2054 imperatorem

298 2068 430 2096 Arianum
439 2065 643 2100 Catholicisque
652 2063 800 2095 infensum,
810 2063 945 2098 quadrare
953 2069 1008 2089 non
1016 2068 1097 2096 posse

299 2113 417 2141 videtur.
433 2111 557 2143 Demum,
573 2118 634 2145 qua}
654 2110 733 2145 longe
759 2109 876 2145 gravior,
894 2108 941 2138 ait.
956 2106 1096 2135 diilicultas

300 2158 418 2190 videtur,
439 2163 502 2184 cum
525 2155 738 2191 Chrysostomus
765 2154 799 2182 de
820 2152 949 2181 curandis
977 2152 1096 2180 liliorum

300 2204 425 2233 moribus
447 2202 562 2230 Paulum
593 2201 698 2229 inducit
726 2205 852 2236 parentes
877 2203 1033 2227 monentem
1054 2199 1097 2227 his

301 2250 391 2278 verbis
405 2258 412 2277 :
425 2248 530 2280 Patres,
545 2247 655 2275 educate
671 2246 742 2281 ﬁlios
759 2251 857 2272 vestros
875 2245 902 2271 in
916 2244 1059 2279 disciplina
1071 2248 1096 2271 et

302 2296 466 2331 correptione
482 2293 588 2320 Domini
603 2292 654 2327 (a),
669 2292 704 2319 ita
723 2291 898 2327 prosequitur
908 2299 915 2318 :
927 2290 956 2318 Si
967 2291 1036 2317 enim
1050 2298 1096 2318 nos

298 2343 424 2379 jubemur
446 2339 556 2376 vigilare
571 2346 619 2373 pro
638 2338 777 2365 animabus
800 2345 890 2364 eorum
912 2341 1037 2372 tanquam
1053 2345 1097 2363 ra-

303 2390 399 2416 tionem
420 2385 563 2418 reddituri,
575 2384 658 2410 multo
672 2383 757 2418 magis
771 2387 856 2417 pater,
876 2382 921 2418 qui
937 2382 1036 2417 genuit,
1052 2382 1097 2416 qui

303 2435 434 2467 educavit,
454 2433 499 2468 qui
521 2439 581 2458 eum
595 2430 642 2457 illo
659 2430 732 2456 domi
743 2437 844 2464 semper
859 2434 965 2460 manet;
985 2429 1008 2456 si
1024 2428 1096 2456 enim

304 2481 349 2508 hic
363 2481 575 2515 Chrysostomus
587 2484 620 2504 es
636 2484 666 2504 se
677 2480 702 2504 et
716 2483 750 2503 ex
767 2483 883 2510 persona
897 2483 946 2503 sua
961 2475 1096 2510 loquatur,

304 2526 493 2561 presbyterum
515 2524 610 2551 saltem
634 2522 719 2550 fuisse
734 2521 855 2557 oportuit
872 2521 918 2556 qui
932 2520 1029 2548 rationi
1047 2527 1098 2556 pro

306 2571 450 2599 animabus
461 2569 602 2597 reddendae
621 2568 758 2596 obnoxius
775 2571 864 2599 esset:
880 2567 923 2595 sin
934 2567 1041 2595 dicatur
1054 2567 1098 2595 hic

306 2617 533 2652 Chrysostomum
560 2614 632 2650 loqui
655 2614 683 2641 in
705 2621 819 2649 persona
839 2612 928 2648 Pauli,
943 2620 1042 2649 magna
1056 2612 1098 2640 vis

307 2663 387 2691 serici
407 2661 539 2690 inferatur
564 2668 676 2688 necesse
696 2666 758 2690 cst:
773 2666 983 2696 quantacunque
1007 2664 1097 2687 tamen

307 2709 344 2737 sit
366 2709 410 2736 illa
427 2708 480 2741 vis,
504 2707 607 2735 mavult
626 2706 817 2735 Tillcmontius
844 2706 916 2734 illam
944 2706 1098 2742 admittere,

307 2762 390 2790 quam
417 2754 643 2790 Chrysomomum
660 2757 724 2781 tunc
748 2753 935 2788 presbyterum
950 2752 1037 2781 fuisse
1051 2761 1100 2788 pu-

308 2807 376 2829 tare.

346 2879 384 2915 (a)
404 2879 504 2915 Ephcs.
519 2886 557 2914 ιι,
572 2879 598 2907 lt.

1170 546 1236 574 Mihi
1252 552 1316 574 vero
1338 545 1396 573 haec
1415 549 1577 580 argumenta
1594 552 1708 580 prorsus
1725 544 1793 572 levia
1815 551 1877 573 esse
1892 545 1934 572 vi-

1136 591 1256 620 dentur:
1273 599 1336 620 nam
1360 592 1432 627 quod
1449 592 1538 627 primo
1553 591 1675 624 all‘ertur,
1691 591 1791 619 librum
1812 591 1932 626 primum

1137 639 1269 675 scriptum
1287 638 1383 672 fuisse,
1399 646 1462 667 cum
1483 638 1574 666 adhuc
1588 638 1760 666 damonibus
1780 638 1933 666 sacriﬁcare

1137 686 1241 718 liceret,
1260 686 1313 714 hoc
1328 693 1384 714 uno
1401 685 1462 713 loco
1481 684 1589 718 nititur,
1605 692 1682 712 num.
1695 685 1723 719 2,
1738 684 1784 712 ubi
1794 684 1829 712 de
1841 691 1931 712 mona-

1137 732 1253 761 chorum
1267 732 1484 766 exagitatoribus
1501 731 1559 759 haec
1574 731 1702 766 leguntur
1716 739 1724 757 :
1738 730 1809 763 Quid
1828 738 1897 763 vero,
1910 731 1933 758 si

1138 777 1180 805 his
1189 785 1291 813 quoque
1308 777 1476 810 mirabiliora
1487 777 1626 809 didiceris,
1643 777 1713 811 quod
1728 776 1827 804 scilicet
1841 776 1933 803 horum

1139 829 1261 852 auctores
1271 824 1309 859 pii
1320 824 1403 850 videri
1415 823 1505 857 velint,
1516 827 1540 850 ct
1552 822 1719 850 Christianos
1730 830 1758 849 se
1773 827 1934 856 nuncupent,

1138 870 1249 905 plurimi
1265 875 1352 897 autem
1364 877 1397 897 ea:
1411 869 1465 897 illis
1481 870 1562 897 etiam
1573 869 1675 896 initiati
1685 868 1739 897 sint
1751 876 1761 896 :
1775 869 1829 896 imo
1845 876 1935 896 eorum

1138 916 1258 952 quidam,
1268 915 1375 944 diabolo
1383 916 1544 944 vehementer
1552 915 1666 951 aﬂlantc,
1675 913 1834 942 exsecranda
1843 914 1936 949 lingua

1140 970 1190 990 sua
1206 962 1292 990 dicere
1303 970 1385 990 ausus
1400 963 1447 995 sit,
1464 961 1522 998 [63]
1541 970 1568 989 se
1581 970 1597 988 a
1610 962 1663 996 ﬁde
1676 969 1838 988 recessurum
1847 963 1936 988 etde-

1139 1008 1260 1036 monibus
1270 1008 1471 1035 immolatarum
1482 1016 1492 1036 :
1507 1007 1636 1042 suffocari
1647 1007 1715 1034 enim
1731 1015 1758 1034 se
1772 1005 1882 1033 videndo
1890 1006 1936 1033 Im-

1140 1055 1223 1081 mines
1234 1054 1342 1087 liberos,
1356 1053 1470 1087 nobiles,
1483 1054 1617 1089 vitamque
1633 1052 1735 1081 deliciis
1746 1051 1850 1087 plenam
1860 1059 1937 1087 agere

1140 1100 1264 1134 valentes,
1278 1100 1313 1128 ad
1327 1100 1396 1127 hanc
1415 1100 1512 1127 duram
1527 1100 1587 1127 vita
1602 1100 1731 1127 rationem
1754 1098 1863 1127 adduci.
1876 1097 1937 1126 Non

1140 1146 1221 1174 video
1247 1150 1338 1174 autem
1362 1145 1429 1182 quid
1449 1153 1482 1174 ex
1508 1146 1667 1181 huiusmodi
1693 1145 1813 1173 hominis
1841 1145 1938 1173 furiosi

1137 1193 1211 1220 dicto
1227 1191 1324 1220 inferri
1342 1192 1440 1228 possit,
1463 1192 1522 1228 qui,
1544 1197 1574 1220 ut
1597 1200 1630 1220 es
1649 1192 1719 1220 serie
1739 1191 1874 1226 arguitur,
1893 1191 1937 1218 in-

1139 1239 1316 1266 terminantis
1336 1238 1425 1266 solum
1447 1246 1525 1266 more
1549 1246 1580 1266 ea
1596 1246 1657 1273 quae
1680 1237 1793 1265 minime
1815 1237 1938 1266 facturus

1138 1289 1199 1312 erat
1213 1292 1242 1312 se
1259 1285 1395 1313 iacturum
1411 1285 1536 1321 jactitat:
1551 1284 1604 1312 nisi
1620 1284 1737 1312 fortasse
1754 1292 1815 1312 cum
1840 1284 1938 1319 despe-

1140 1335 1215 1359 ratos
1227 1332 1363 1367 quosdam
1386 1331 1513 1359 homines
1532 1339 1562 1360 se
1583 1332 1754 1360 daemonibus
1776 1331 1937 1360 devoventcs

1140 1377 1279 1410 audimus,
1295 1377 1360 1405 hinc
1378 1384 1525 1413 arguamus
1543 1377 1569 1405 id
1589 1385 1639 1413 per
1656 1378 1729 1414 leges
1743 1377 1867 1413 publicas
1878 1377 1938 1405 lici-

1141 1427 1199 1451 tum
1222 1430 1294 1451 esse.
1318 1422 1448 1458 Alioquin
1476 1427 1567 1451 autem
1592 1431 1654 1451 cum
1672 1423 1850 1458 imperatores
1864 1423 1938 1458 leget.

1141 1469 1288 1506 quaspiam
1303 1469 1471 1502 emitterent,
1489 1476 1545 1497 non
1574 1470 1665 1498 statim
1683 1469 1785 1504 ubique
1798 1469 1825 1496 in
1849 1469 1940 1497 omni-

1141 1517 1247 1552 busque
1276 1515 1384 1552 imperii
1408 1515 1510 1544 llnibus
1532 1523 1572 1544 etc
1596 1516 1758 1544 obtinebant
1781 1524 1788 1541 :
1813 1523 1941 1551 saepeque

1142 1570 1259 1591 necesse
1285 1566 1345 1590 erat
1369 1567 1398 1590 ut
1420 1570 1491 1591 nova
1517 1563 1575 1598 lege
1597 1563 1698 1598 prioris
1721 1562 1789 1598 legis
1816 1562 1941 1590 ﬁrmitati

1143 1609 1359 1644 prospiceretur,
1376 1613 1407 1636 ut
1425 1616 1498 1644 saepe
1522 1609 1614 1637 videas
1638 1609 1666 1636 in
1690 1608 1792 1637 Codice
1811 1608 1940 1637 Theodo-

1144 1663 1234 1684 Slal’lo.

1180 1699 1260 1728 Circa
1269 1699 1335 1728 illud
1351 1704 1443 1728 autem
1456 1700 1529 1736 quod
1545 1700 1646 1728 dicitur
1660 1700 1766 1729 Valenti
1777 1701 1940 1736 imperatori

1145 1746 1236 1781 palam
1248 1746 1351 1774 Ariano
1368 1754 1423 1774 non
1437 1750 1593 1782 competere
1615 1754 1709 1775 vocem
1722 1747 1850 1784 εὐσεϐής,
1866 1748 1940 1783 plus.

1146 1799 1229 1827 quam
1252 1796 1344 1819 tamen
1369 1791 1582 1827 imperatoribus
1605 1791 1679 1820 illius
1695 1793 1826 1827 temporis
1844 1793 1942 1820 tribuit

1146 1837 1381 1873 Chrysostomus:
1399 1844 1498 1872 nempe
1518 1837 1590 1865 libro
1613 1838 1713 1873 primo,
1739 1846 1815 1866 num.
1838 1839 1867 1871 2,
1891 1838 1941 1866 ubi

1147 1882 1203 1910 ait:
1220 1881 1316 1909 Nostri
1334 1890 1395 1910 vero
1409 1882 1605 1919 (imperatores)
1625 1884 1763 1911 contraria
1779 1885 1895 1919 penitus,
1908 1889 1941 1911 ut

1149 1929 1212 1955 mihi
1225 1929 1279 1964 ipse
1291 1929 1448 1963 persuadeo,
1456 1933 1482 1956 et
1494 1930 1603 1962 cupiunt
1617 1934 1642 1956 et
1656 1934 1758 1964 optant.
1773 1930 1941 1965 Quapropter

1148 1983 1243 2010 magno
1258 1980 1366 2010 stupore
1385 1975 1477 2010 plenus
1491 1983 1550 2003 sum
1565 1976 1635 2011 quod
1647 1976 1850 2012 imperatoribus
1866 1978 1940 2011 piam

1148 2021 1301 2056 religionem
1316 2021 1489 2053 sectantibus,
1507 2022 1537 2048 ὲν
1558 2021 1687 2059 εὐσεθείᾳ
1706 2022 1826 2056 ζώντων,
1846 2024 1898 2051 hac
1910 2025 1941 2050 in

1147 2068 1242 2095 mediis
1255 2068 1363 2095 urbibus
1376 2068 1482 2103 impune
1494 2068 1554 2102 fieri
1568 2068 1642 2096 dicas
1658 2077 1665 2096 :
1679 2073 1706 2096 et
1718 2068 1787 2097 libro
1801 2070 1939 2103 secundo.

1147 2121 1224 2141 num.
1237 2113 1254 2140 9
1269 2122 1276 2140 :
1291 2112 1362 2140 Neve
1376 2118 1451 2147 putes
1469 2113 1525 2140 Ita'c
1545 2112 1603 2140 ideo
1625 2114 1786 2148 contingere,
1806 2115 1875 2149 quod
1887 2116 1941 2141 im-

1146 2166 1280 2193 peratores
1303 2166 1375 2192 piam
1400 2158 1552 2194 religionem
1574 2158 1674 2192 colant,
1702 2159 1835 2194 βασιλέων
1854 2160 1941 2187 ὅντων

1147 2205 1268 2232 εὐσεϐῶν
1285 2205 1410 2232 :etiamsi
1428 2205 1497 2232 enim
1522 2205 1662 2239 imperium
1680 2205 1797 2239 decidat,
1811 2211 1837 2233 et
1857 2207 1942 2241 impe-

1148 2254 1236 2277 rantes
1255 2250 1283 2276 in
1296 2249 1482 2284 inﬁdelitatem
1497 2249 1624 2277 labantur
1639 2257 1645 2276 :
1664 2253 1742 2277 notes
1760 2249 1842 2277 velim
1855 2250 1898 2278 hic
1909 2255 1942 2277 et

1148 2296 1213 2324 alibi
1229 2295 1463 2331 frequenterapud
1474 2295 1715 2331 Chrysostomum,
1730 2295 1851 2323 εὐσεϐῶν
1862 2302 1888 2324 et
1904 2298 1941 2323 ὲν

1147 2340 1272 2378 εὐσεϐείᾳ
1280 2342 1400 2375 ζώντων,
1407 2349 1457 2377 pro
1468 2341 1633 2370 Christianis
1641 2347 1745 2370 tantum
1754 2343 1941 2378 accipi:un

1148 2387 1266 2414 maxime
1281 2387 1367 2422 liquet
1378 2386 1405 2414 in
1419 2386 1462 2415 his
1472 2386 1580 2415 duobus
1590 2387 1668 2421 locis;
1678 2387 1705 2414 in
1716 2387 1805 2423 primo
1819 2396 1944 2423 namque

1147 2432 1177 2459 ὲν
1191 2432 1315 2468 εὐσεὸειᾳ
1338 2432 1452 2466 ζῶντας,
1475 2433 1548 2468 piam
1571 2433 1721 2468 religionem
1738 2438 1866 2468 sectantes
1888 2442 1944 2468 op-

1148 2476 1224 2511 ponit
1239 2477 1349 2512 regibus
1363 2476 1520 2510 Persarum,
1536 2478 1583 2513 qui
1598 2477 1719 2505 infidelcs
1734 2482 1828 2510 erant;
1847 2478 1873 2505 in
1890 2486 1943 2504 sc-

1149 2523 1239 2551 cundo
1256 2529 1347 2551 autem
1358 2523 1444 2550 ὄντων
1459 2523 1591 2556 εὐσεϐῶν,
1608 2524 1680 2558 piam
1692 2524 1842 2559 religionem
1854 2524 1946 2550 calvu-

1149 2571 1229 2603 tibus,
1245 2570 1334 2605 palam
1350 2569 1464 2605 opponit
1478 2570 1648 2605 principibus
1663 2570 1830 2598 infidelibus.
1850 2570 1945 2604 lmpe.

1149 2622 1255 2645 ratores
1265 2616 1349 2652 igitur
1359 2616 1441 2644 simul
1455 2615 1609 2650 Valentem,
1619 2616 1780 2645 Gratianum
1794 2622 1821 2645 et
1839 2617 1946 2644 Valen-

1150 2663 1282 2690 tinianum
1308 2662 1471 2695 secundum,
1491 2663 1625 2696 εὐσεϐεῖς,
1648 2670 1697 2691 seu
1721 2662 1773 2698 pia:
1797 2662 1945 2697 religionis

1150 2709 1279 2741 cultores,
1293 2708 1351 2736 sive
1363 2707 1534 2736 Christianos
1544 2713 1632 2736 vocat.
1643 2708 1688 2735 Sic
1697 2708 1778 2735 etiam
1790 2707 1947 2742 Gregorius

1151 2754 1349 2788 Nazianzenus,
1368 2753 1443 2783 Orat.
1460 2760 1553 2782 contra
1571 2754 1721 2787 Iulianum,
1745 2752 1947 2781 Constantium

1153 2800 1345 2835 imperatorem
1356 2799 1454 2836 εὐσεϐῆ
1465 2805 1553 2836 vocat,
1563 2799 1666 2829 scilicet
1676 2799 1872 2834 Christianum,
1881 2799 1952 2828 etsi
