  <div class='ocr_page' id='page_1' title='image "/cluster/home/n/w/nwhite01/storage/ocr_20150623/47-48/njp.32101077772612/278.png"; bbox 0 0 2061 3114; ppageno 0'>
   <div class='ocr_carea' id='block_1_1' title="bbox 224 161 277 190">
    <p class='ocr_par' dir='ltr' id='par_1_1' title="bbox 224 161 277 190">
     <span class='ocr_line' id='line_1_1' title="bbox 224 161 277 190; baseline -0.038 0"><span class='ocrx_word' id='word_1_1' title='bbox 224 161 277 190; x_wconf 67' lang='grc' dir='ltr'><strong>ὃξτ</strong></span> 
     </span>
    </p>
   </div>
   <div class='ocr_carea' id='block_1_2' title="bbox 224 217 1011 256">
    <p class='ocr_par' dir='ltr' id='par_1_2' title="bbox 224 217 1011 256">
     <span class='ocr_line' id='line_1_2' title="bbox 224 217 1011 256; baseline 0.004 -11"><span class='ocrx_word' id='word_1_2' title='bbox 224 219 311 256; x_wconf 81' lang='lat' dir='ltr'><strong>probe</strong></span> <span class='ocrx_word' id='word_1_3' title='bbox 325 218 406 246; x_wconf 90' lang='lat' dir='ltr'><strong>sciret</strong></span> <span class='ocrx_word' id='word_1_4' title='bbox 418 218 550 245; x_wconf 77' lang='lat' dir='ltr'><strong>Arianum</strong></span> <span class='ocrx_word' id='word_1_5' title='bbox 563 225 671 253; x_wconf 86' lang='lat' dir='ltr'><strong>semper</strong></span> <span class='ocrx_word' id='word_1_6' title='bbox 685 217 779 247; x_wconf 80' lang='lat' dir='ltr'><strong>fuisse.</strong></span> <span class='ocrx_word' id='word_1_7' title='bbox 796 219 864 246; x_wconf 86' lang='lat' dir='ltr'><strong>Cum</strong></span> <span class='ocrx_word' id='word_1_8' title='bbox 880 225 970 248; x_wconf 88' lang='lat' dir='ltr'><strong>autem</strong></span> <span class='ocrx_word' id='word_1_9' title='bbox 984 222 1011 248; x_wconf 95' lang='lat' dir='ltr'><strong>in</strong></span> 
     </span>
    </p>
   </div>
   <div class='ocr_carea' id='block_1_3' title="bbox 228 264 1015 302">
    <p class='ocr_par' dir='ltr' id='par_1_3' title="bbox 228 264 1015 302">
     <span class='ocr_line' id='line_1_3' title="bbox 228 264 1015 302; baseline 0.004 -10"><span class='ocrx_word' id='word_1_10' title='bbox 228 266 318 301; x_wconf 86' lang='lat' dir='ltr'><strong>primo</strong></span> <span class='ocrx_word' id='word_1_11' title='bbox 337 265 397 292; x_wconf 90' lang='lat' dir='ltr'><strong>loco</strong></span> <span class='ocrx_word' id='word_1_12' title='bbox 418 264 485 292; x_wconf 89' lang='lat' dir='ltr'><strong>dicit</strong></span> <span class='ocrx_word' id='word_1_13' title='bbox 503 264 716 300; x_wconf 81' lang='lat' dir='ltr'><strong>Chrysostomus</strong></span> <span class='ocrx_word' id='word_1_14' title='bbox 745 266 924 302; x_wconf 77' lang='lat' dir='ltr'><strong>imperatores</strong></span> <span class='ocrx_word' id='word_1_15' title='bbox 948 275 1015 295; x_wconf 90' lang='lat' dir='ltr'><strong>con-</strong></span> 
     </span>
    </p>
   </div>
   <div class='ocr_carea' id='block_1_4' title="bbox 226 310 1017 348">
    <p class='ocr_par' dir='ltr' id='par_1_4' title="bbox 226 310 1017 348">
     <span class='ocr_line' id='line_1_4' title="bbox 226 310 1017 348; baseline 0.001 -10"><span class='ocrx_word' id='word_1_16' title='bbox 226 311 312 339; x_wconf 86' lang='lat' dir='ltr'><strong>traria</strong></span> <span class='ocrx_word' id='word_1_17' title='bbox 322 311 359 338; x_wconf 88' lang='lat' dir='ltr'><strong>iis</strong></span> <span class='ocrx_word' id='word_1_18' title='bbox 372 318 432 345; x_wconf 71' lang='lat' dir='ltr'><strong>quae</strong></span> <span class='ocrx_word' id='word_1_19' title='bbox 447 310 609 345; x_wconf 78' lang='lat' dir='ltr'><strong>gerebantur</strong></span> <span class='ocrx_word' id='word_1_20' title='bbox 623 317 727 346; x_wconf 85' lang='lat' dir='ltr'><strong>optare,</strong></span> <span class='ocrx_word' id='word_1_21' title='bbox 737 312 841 347; x_wconf 90' lang='lat' dir='ltr'><strong>adjicit,</strong></span> <span class='ocrx_word' id='word_1_22' title='bbox 851 312 888 344; x_wconf 88' lang='grc' dir='ltr'><strong>ὡς</strong></span> <span class='ocrx_word' id='word_1_23' title='bbox 899 313 1017 348; x_wconf 76' lang='grc' dir='ltr'><strong>ἐμαυτὸν</strong></span> 
     </span>
    </p>
   </div>
   <div class='ocr_carea' id='block_1_5' title="bbox 228 355 1018 391">
    <p class='ocr_par' dir='ltr' id='par_1_5' title="bbox 228 355 1018 391">
     <span class='ocr_line' id='line_1_5' title="bbox 228 355 1018 391; baseline 0.004 -9"><span class='ocrx_word' id='word_1_24' title='bbox 228 356 325 387; x_wconf 80' lang='grc' dir='ltr'><strong>πείθω,</strong></span> <span class='ocrx_word' id='word_1_25' title='bbox 337 359 366 382; x_wconf 87' lang='lat' dir='ltr'><strong>ut</strong></span> <span class='ocrx_word' id='word_1_26' title='bbox 385 355 449 382; x_wconf 78' lang='lat' dir='ltr'><strong>mihi</strong></span> <span class='ocrx_word' id='word_1_27' title='bbox 459 355 513 390; x_wconf 81' lang='lat' dir='ltr'><strong>ipse</strong></span> <span class='ocrx_word' id='word_1_28' title='bbox 525 356 681 390; x_wconf 74' lang='lat' dir='ltr'><strong>persuadeo,</strong></span> <span class='ocrx_word' id='word_1_29' title='bbox 699 364 751 391; x_wconf 85' lang='lat' dir='ltr'><strong>qua</strong></span> <span class='ocrx_word' id='word_1_30' title='bbox 765 362 838 384; x_wconf 88' lang='lat' dir='ltr'><strong>certe</strong></span> <span class='ocrx_word' id='word_1_31' title='bbox 850 358 977 385; x_wconf 90' lang='lat' dir='ltr'><strong>cautione</strong></span> <span class='ocrx_word' id='word_1_32' title='bbox 989 366 1018 385; x_wconf 89' lang='lat' dir='ltr'><strong>se</strong></span> 
     </span>
    </p>
   </div>
   <div class='ocr_carea' id='block_1_6' title="bbox 229 400 1018 436">
    <p class='ocr_par' dir='ltr' id='par_1_6' title="bbox 229 400 1018 436">
     <span class='ocr_line' id='line_1_6' title="bbox 229 400 1018 436; baseline 0.003 -8"><span class='ocrx_word' id='word_1_33' title='bbox 229 401 373 429; x_wconf 75' lang='lat' dir='ltr'><strong>adversum</strong></span> <span class='ocrx_word' id='word_1_34' title='bbox 391 401 523 435; x_wconf 87' lang='lat' dir='ltr'><strong>suspicari</strong></span> <span class='ocrx_word' id='word_1_35' title='bbox 541 401 711 429; x_wconf 85' lang='lat' dir='ltr'><strong>testiﬁcatur.</strong></span> <span class='ocrx_word' id='word_1_36' title='bbox 726 400 832 436; x_wconf 80' lang='lat' dir='ltr'><strong>itaque,</strong></span> <span class='ocrx_word' id='word_1_37' title='bbox 850 410 913 430; x_wconf 91' lang='lat' dir='ltr'><strong>cum</strong></span> <span class='ocrx_word' id='word_1_38' title='bbox 925 403 978 430; x_wconf 91' lang='lat' dir='ltr'><strong>hoc</strong></span> <span class='ocrx_word' id='word_1_39' title='bbox 990 403 1018 430; x_wconf 89' lang='lat' dir='ltr'><strong>in</strong></span> 
     </span>
    </p>
   </div>
   <div class='ocr_carea' id='block_1_7' title="bbox 231 444 1020 482">
    <p class='ocr_par' dir='ltr' id='par_1_7' title="bbox 231 444 1020 482">
     <span class='ocr_line' id='line_1_7' title="bbox 231 444 1020 482; baseline 0.005 -11"><span class='ocrx_word' id='word_1_40' title='bbox 231 444 342 479; x_wconf 79' lang='lat' dir='ltr'><strong>negotio</strong></span> <span class='ocrx_word' id='word_1_41' title='bbox 356 444 391 471; x_wconf 92' lang='lat' dir='ltr'><strong>de</strong></span> <span class='ocrx_word' id='word_1_42' title='bbox 403 444 505 472; x_wconf 84' lang='lat' dir='ltr'><strong>Ariana</strong></span> <span class='ocrx_word' id='word_1_43' title='bbox 521 444 618 473; x_wconf 70' lang='lat' dir='ltr'><strong>haeresi</strong></span> <span class='ocrx_word' id='word_1_44' title='bbox 634 453 688 472; x_wconf 90' lang='lat' dir='ltr'><strong>non</strong></span> <span class='ocrx_word' id='word_1_45' title='bbox 706 450 843 481; x_wconf 82' lang='lat' dir='ltr'><strong>ageretur,</strong></span> <span class='ocrx_word' id='word_1_46' title='bbox 856 450 939 482; x_wconf 83' lang='lat' dir='ltr'><strong>atque</strong></span> <span class='ocrx_word' id='word_1_47' title='bbox 963 451 1020 475; x_wconf 87' lang='lat' dir='ltr'><strong>tres</strong></span> 
     </span>
    </p>
   </div>
   <div class='ocr_carea' id='block_1_8' title="bbox 228 489 1019 526">
    <p class='ocr_par' dir='ltr' id='par_1_8' title="bbox 228 489 1019 526">
     <span class='ocr_line' id='line_1_8' title="bbox 228 489 1019 526; baseline 0.005 -10"><span class='ocrx_word' id='word_1_48' title='bbox 228 489 418 524; x_wconf 82' lang='lat' dir='ltr'><strong>imperatores,</strong></span> <span class='ocrx_word' id='word_1_49' title='bbox 428 491 536 518; x_wconf 77' lang='lat' dir='ltr'><strong>tametsi</strong></span> <span class='ocrx_word' id='word_1_50' title='bbox 546 489 647 518; x_wconf 78' lang='lat' dir='ltr'><strong>Valens</strong></span> <span class='ocrx_word' id='word_1_51' title='bbox 661 491 781 519; x_wconf 83' lang='lat' dir='ltr'><strong>Arianus</strong></span> <span class='ocrx_word' id='word_1_52' title='bbox 793 497 861 526; x_wconf 85' lang='lat' dir='ltr'><strong>erat,</strong></span> <span class='ocrx_word' id='word_1_53' title='bbox 872 493 1019 520; x_wconf 72' lang='lat' dir='ltr'><strong>Christiani</strong></span> 
     </span>
    </p>
   </div>
   <div class='ocr_carea' id='block_1_9' title="bbox 228 536 1022 573">
    <p class='ocr_par' dir='ltr' id='par_1_9' title="bbox 228 536 1022 573">
     <span class='ocr_line' id='line_1_9' title="bbox 228 536 1022 573; baseline 0.005 -12"><span class='ocrx_word' id='word_1_54' title='bbox 228 540 317 562; x_wconf 87' lang='lat' dir='ltr'><strong>tamen</strong></span> <span class='ocrx_word' id='word_1_55' title='bbox 334 539 438 566; x_wconf 83' lang='lat' dir='ltr'><strong>essent,</strong></span> <span class='ocrx_word' id='word_1_56' title='bbox 453 540 564 570; x_wconf 89' lang='lat' dir='ltr'><strong>stupere</strong></span> <span class='ocrx_word' id='word_1_57' title='bbox 586 543 616 564; x_wconf 89' lang='lat' dir='ltr'><strong>se</strong></span> <span class='ocrx_word' id='word_1_58' title='bbox 632 536 671 564; x_wconf 89' lang='lat' dir='ltr'><strong>ait</strong></span> <span class='ocrx_word' id='word_1_59' title='bbox 694 536 920 572; x_wconf 85' lang='lat' dir='ltr'><strong>Chrysostomus,</strong></span> <span class='ocrx_word' id='word_1_60' title='bbox 936 539 1022 573; x_wconf 88' lang='lat' dir='ltr'><strong>impe-</strong></span> 
     </span>
    </p>
   </div>
   <div class='ocr_carea' id='block_1_10' title="bbox 229 579 1022 615">
    <p class='ocr_par' dir='ltr' id='par_1_10' title="bbox 229 579 1022 615">
     <span class='ocr_line' id='line_1_10' title="bbox 229 579 1022 615; baseline 0.005 -9"><span class='ocrx_word' id='word_1_61' title='bbox 229 581 368 608; x_wconf 86' lang='lat' dir='ltr'><strong>ratoribus</strong></span> <span class='ocrx_word' id='word_1_62' title='bbox 386 579 552 608; x_wconf 86' lang='lat' dir='ltr'><strong>Christianis</strong></span> <span class='ocrx_word' id='word_1_63' title='bbox 566 581 724 615; x_wconf 92' lang='lat' dir='ltr'><strong>hujusmodi</strong></span> <span class='ocrx_word' id='word_1_64' title='bbox 743 582 866 610; x_wconf 79' lang='lat' dir='ltr'><strong>facinora</strong></span> <span class='ocrx_word' id='word_1_65' title='bbox 883 584 910 610; x_wconf 93' lang='lat' dir='ltr'><strong>in</strong></span> <span class='ocrx_word' id='word_1_66' title='bbox 927 591 1022 611; x_wconf 88' lang='lat' dir='ltr'><strong>mona-</strong></span> 
     </span>
    </p>
   </div>
   <div class='ocr_carea' id='block_1_11' title="bbox 230 627 1022 664">
    <p class='ocr_par' dir='ltr' id='par_1_11' title="bbox 230 627 1022 664">
     <span class='ocr_line' id='line_1_11' title="bbox 230 627 1022 664; baseline 0.005 -11"><span class='ocrx_word' id='word_1_67' title='bbox 230 627 297 654; x_wconf 82' lang='lat' dir='ltr'><strong>chos</strong></span> <span class='ocrx_word' id='word_1_68' title='bbox 321 627 440 655; x_wconf 88' lang='lat' dir='ltr'><strong>admitti.</strong></span> <span class='ocrx_word' id='word_1_69' title='bbox 457 627 524 654; x_wconf 89' lang='lat' dir='ltr'><strong>Nam</strong></span> <span class='ocrx_word' id='word_1_70' title='bbox 542 627 730 662; x_wconf 83' lang='lat' dir='ltr'><strong>Constantius,</strong></span> <span class='ocrx_word' id='word_1_71' title='bbox 748 629 880 664; x_wconf 80' lang='lat' dir='ltr'><strong>Arianus,</strong></span> <span class='ocrx_word' id='word_1_72' title='bbox 896 629 966 657; x_wconf 88' lang='lat' dir='ltr'><strong>nihil</strong></span> <span class='ocrx_word' id='word_1_73' title='bbox 982 629 1022 657; x_wconf 75' lang='grc' dir='ltr'><strong>εἰ-</strong></span> 
     </span>
    </p>
   </div>
   <div class='ocr_carea' id='block_1_12' title="bbox 230 671 564 707">
    <p class='ocr_par' dir='ltr' id='par_1_12' title="bbox 230 671 564 707">
     <span class='ocr_line' id='line_1_12' title="bbox 230 671 564 707; baseline 0.003 -9"><span class='ocrx_word' id='word_1_74' title='bbox 230 672 294 698; x_wconf 83' lang='lat' dir='ltr'><strong>mile</strong></span> <span class='ocrx_word' id='word_1_75' title='bbox 303 675 450 707; x_wconf 73' lang='lat' dir='ltr'><strong>aggressus</strong></span> <span class='ocrx_word' id='word_1_76' title='bbox 463 671 564 700; x_wconf 78' lang='lat' dir='ltr'><strong>fuerat.</strong></span> 
     </span>
    </p>
   </div>
   <div class='ocr_carea' id='block_1_13' title="bbox 268 718 1022 754">
    <p class='ocr_par' dir='ltr' id='par_1_13' title="bbox 268 718 1022 754">
     <span class='ocr_line' id='line_1_13' title="bbox 268 718 1022 754; baseline 0.003 -9"><span class='ocrx_word' id='word_1_77' title='bbox 268 718 346 745; x_wconf 80' lang='lat' dir='ltr'><strong>Aliud</strong></span> <span class='ocrx_word' id='word_1_78' title='bbox 360 719 479 754; x_wconf 88' lang='lat' dir='ltr'><strong>denique</strong></span> <span class='ocrx_word' id='word_1_79' title='bbox 497 723 699 754; x_wconf 84' lang='lat' dir='ltr'><strong>argumentum,</strong></span> <span class='ocrx_word' id='word_1_80' title='bbox 720 719 792 754; x_wconf 90' lang='lat' dir='ltr'><strong>quod</strong></span> <span class='ocrx_word' id='word_1_81' title='bbox 806 719 858 747; x_wconf 88' lang='lat' dir='ltr'><strong>sibi</strong></span> <span class='ocrx_word' id='word_1_82' title='bbox 875 719 1022 747; x_wconf 78' lang='lat' dir='ltr'><strong>Tillemon—</strong></span> 
     </span>
    </p>
   </div>
   <div class='ocr_carea' id='block_1_14' title="bbox 231 764 1023 801">
    <p class='ocr_par' dir='ltr' id='par_1_14' title="bbox 231 764 1023 801">
     <span class='ocr_line' id='line_1_14' title="bbox 231 764 1023 801; baseline 0.003 -10"><span class='ocrx_word' id='word_1_83' title='bbox 231 765 286 792; x_wconf 88' lang='lat' dir='ltr'><strong>tius</strong></span> <span class='ocrx_word' id='word_1_84' title='bbox 297 764 401 799; x_wconf 89' lang='lat' dir='ltr'><strong>objicit,</strong></span> <span class='ocrx_word' id='word_1_85' title='bbox 414 765 541 800; x_wconf 79' lang='lat' dir='ltr'><strong>quodque</strong></span> <span class='ocrx_word' id='word_1_86' title='bbox 551 769 628 800; x_wconf 85' lang='lat' dir='ltr'><strong>putat</strong></span> <span class='ocrx_word' id='word_1_87' title='bbox 645 765 844 793; x_wconf 89' lang='lat' dir='ltr'><strong>validissimum</strong></span> <span class='ocrx_word' id='word_1_88' title='bbox 857 772 929 798; x_wconf 88' lang='lat' dir='ltr'><strong>esse,</strong></span> <span class='ocrx_word' id='word_1_89' title='bbox 944 773 1023 801; x_wconf 90' lang='lat' dir='ltr'><strong>pror-</strong></span> 
     </span>
    </p>
   </div>
   <div class='ocr_carea' id='block_1_15' title="bbox 231 809 1024 846">
    <p class='ocr_par' dir='ltr' id='par_1_15' title="bbox 231 809 1024 846">
     <span class='ocr_line' id='line_1_15' title="bbox 231 809 1024 846; baseline 0.001 -9"><span class='ocrx_word' id='word_1_90' title='bbox 231 819 280 838; x_wconf 83' lang='lat' dir='ltr'><strong>sus</strong></span> <span class='ocrx_word' id='word_1_91' title='bbox 298 811 402 838; x_wconf 90' lang='lat' dir='ltr'><strong>nullum</strong></span> <span class='ocrx_word' id='word_1_92' title='bbox 419 810 537 838; x_wconf 86' lang='lat' dir='ltr'><strong>videtur.</strong></span> <span class='ocrx_word' id='word_1_93' title='bbox 553 809 621 837; x_wconf 82' lang='lat' dir='ltr'><strong>Nam</strong></span> <span class='ocrx_word' id='word_1_94' title='bbox 637 818 698 837; x_wconf 88' lang='lat' dir='ltr'><strong>cum</strong></span> <span class='ocrx_word' id='word_1_95' title='bbox 715 810 939 846; x_wconf 81' lang='lat' dir='ltr'><strong>Cbrysostomus,</strong></span> <span class='ocrx_word' id='word_1_96' title='bbox 953 816 1024 846; x_wconf 85' lang='lat' dir='ltr'><strong>post—</strong></span> 
     </span>
    </p>
   </div>
   <div class='ocr_carea' id='block_1_16' title="bbox 231 856 1025 892">
    <p class='ocr_par' dir='ltr' id='par_1_16' title="bbox 231 856 1025 892">
     <span class='ocr_line' id='line_1_16' title="bbox 231 856 1025 892; baseline 0.001 -9"><span class='ocrx_word' id='word_1_97' title='bbox 231 864 312 892; x_wconf 82' lang='lat' dir='ltr'><strong>quam</strong></span> <span class='ocrx_word' id='word_1_98' title='bbox 329 856 443 883; x_wconf 86' lang='lat' dir='ltr'><strong>Paulum</strong></span> <span class='ocrx_word' id='word_1_99' title='bbox 455 856 495 883; x_wconf 91' lang='lat' dir='ltr'><strong>sic</strong></span> <span class='ocrx_word' id='word_1_100' title='bbox 504 856 659 891; x_wconf 88' lang='lat' dir='ltr'><strong>loquentem</strong></span> <span class='ocrx_word' id='word_1_101' title='bbox 670 856 827 890; x_wconf 76' lang='lat' dir='ltr'><strong>induxerat,</strong></span> <span class='ocrx_word' id='word_1_102' title='bbox 837 857 945 890; x_wconf 84' lang='lat' dir='ltr'><strong>Patres,</strong></span> <span class='ocrx_word' id='word_1_103' title='bbox 961 857 1025 884; x_wconf 82' lang='lat' dir='ltr'><strong>edu-</strong></span> 
     </span>
    </p>
   </div>
   <div class='ocr_carea' id='block_1_17' title="bbox 231 902 1023 942">
    <p class='ocr_par' dir='ltr' id='par_1_17' title="bbox 231 902 1023 942">
     <span class='ocr_line' id='line_1_17' title="bbox 231 902 1023 942; baseline 0.001 -13"><span class='ocrx_word' id='word_1_104' title='bbox 231 907 289 929; x_wconf 86' lang='lat' dir='ltr'><strong>cate</strong></span> <span class='ocrx_word' id='word_1_105' title='bbox 303 903 373 937; x_wconf 80' lang='lat' dir='ltr'><strong>filias</strong></span> <span class='ocrx_word' id='word_1_106' title='bbox 386 906 486 929; x_wconf 73' lang='lat' dir='ltr'><strong>vestras</strong></span> <span class='ocrx_word' id='word_1_107' title='bbox 498 902 525 929; x_wconf 86' lang='lat' dir='ltr'><strong>in</strong></span> <span class='ocrx_word' id='word_1_108' title='bbox 535 903 678 942; x_wconf 71' lang='lat' dir='ltr'><strong>disciplina</strong></span> <span class='ocrx_word' id='word_1_109' title='bbox 693 908 717 930; x_wconf 84' lang='lat' dir='ltr'><strong>et</strong></span> <span class='ocrx_word' id='word_1_110' title='bbox 730 904 895 938; x_wconf 84' lang='lat' dir='ltr'><strong>correptione</strong></span> <span class='ocrx_word' id='word_1_111' title='bbox 906 903 1023 936; x_wconf 83' lang='lat' dir='ltr'><strong>Domini,</strong></span> 
     </span>
    </p>
   </div>
   <div class='ocr_carea' id='block_1_18' title="bbox 231 941 1025 985">
    <p class='ocr_par' dir='ltr' id='par_1_18' title="bbox 231 941 1025 985">
     <span class='ocr_line' id='line_1_18' title="bbox 231 941 1025 985; baseline 0.001 -9"><span class='ocrx_word' id='word_1_112' title='bbox 231 949 267 976; x_wconf 85' lang='lat' dir='ltr'><strong>ita</strong></span> <span class='ocrx_word' id='word_1_113' title='bbox 280 949 456 984; x_wconf 83' lang='lat' dir='ltr'><strong>prosequitur</strong></span> <span class='ocrx_word' id='word_1_114' title='bbox 469 958 476 976; x_wconf 88' lang='lat'><strong>:</strong></span> <span class='ocrx_word' id='word_1_115' title='bbox 489 948 518 976; x_wconf 92' lang='lat' dir='ltr'><strong>Si</strong></span> <span class='ocrx_word' id='word_1_116' title='bbox 541 941 612 976; x_wconf 83' lang='lat' dir='ltr'><strong>enim</strong></span> <span class='ocrx_word' id='word_1_117' title='bbox 629 957 676 976; x_wconf 74' lang='lat' dir='ltr'><strong>nos</strong></span> <span class='ocrx_word' id='word_1_118' title='bbox 697 949 824 983; x_wconf 86' lang='lat' dir='ltr'><strong>jubemur</strong></span> <span class='ocrx_word' id='word_1_119' title='bbox 843 950 954 985; x_wconf 82' lang='lat' dir='ltr'><strong>vigilare</strong></span> <span class='ocrx_word' id='word_1_120' title='bbox 979 958 1025 984; x_wconf 83' lang='lat' dir='ltr'><strong>pro</strong></span> 
     </span>
    </p>
   </div>
   <div class='ocr_carea' id='block_1_19' title="bbox 232 995 1022 1030">
    <p class='ocr_par' dir='ltr' id='par_1_19' title="bbox 232 995 1022 1030">
     <span class='ocr_line' id='line_1_19' title="bbox 232 995 1022 1030; baseline 0 -8"><span class='ocrx_word' id='word_1_121' title='bbox 232 995 369 1023; x_wconf 75' lang='lat' dir='ltr'><strong>animabus</strong></span> <span class='ocrx_word' id='word_1_122' title='bbox 381 1003 471 1022; x_wconf 82' lang='lat' dir='ltr'><strong>eorum</strong></span> <span class='ocrx_word' id='word_1_123' title='bbox 486 999 612 1030; x_wconf 86' lang='lat' dir='ltr'><strong>tanquam</strong></span> <span class='ocrx_word' id='word_1_124' title='bbox 633 996 762 1022; x_wconf 77' lang='lat' dir='ltr'><strong>rationem</strong></span> <span class='ocrx_word' id='word_1_125' title='bbox 779 995 920 1028; x_wconf 80' lang='lat' dir='ltr'><strong>reddituri,</strong></span> <span class='ocrx_word' id='word_1_126' title='bbox 938 995 1022 1022; x_wconf 82' lang='lat' dir='ltr'><strong>mullo</strong></span> 
     </span>
    </p>
   </div>
   <div class='ocr_carea' id='block_1_20' title="bbox 233 1041 1025 1077">
    <p class='ocr_par' dir='ltr' id='par_1_20' title="bbox 233 1041 1025 1077">
     <span class='ocr_line' id='line_1_20' title="bbox 233 1041 1025 1077; baseline 0.001 -10"><span class='ocrx_word' id='word_1_127' title='bbox 233 1042 316 1076; x_wconf 76' lang='lat' dir='ltr'><strong>magis</strong></span> <span class='ocrx_word' id='word_1_128' title='bbox 333 1045 419 1076; x_wconf 82' lang='lat' dir='ltr'><strong>pater,</strong></span> <span class='ocrx_word' id='word_1_129' title='bbox 434 1041 478 1077; x_wconf 84' lang='lat' dir='ltr'><strong>qni</strong></span> <span class='ocrx_word' id='word_1_130' title='bbox 491 1041 592 1076; x_wconf 75' lang='lat' dir='ltr'><strong>genuit.</strong></span> <span class='ocrx_word' id='word_1_131' title='bbox 616 1041 661 1076; x_wconf 90' lang='lat' dir='ltr'><strong>qui</strong></span> <span class='ocrx_word' id='word_1_132' title='bbox 676 1041 808 1074; x_wconf 74' lang='lat' dir='ltr'><strong>educavit,</strong></span> <span class='ocrx_word' id='word_1_133' title='bbox 827 1042 875 1076; x_wconf 87' lang='lat' dir='ltr'><strong>qui</strong></span> <span class='ocrx_word' id='word_1_134' title='bbox 896 1049 955 1068; x_wconf 82' lang='lat' dir='ltr'><strong>cum</strong></span> <span class='ocrx_word' id='word_1_135' title='bbox 979 1041 1025 1068; x_wconf 87' lang='lat' dir='ltr'><strong>ilto</strong></span> 
     </span>
    </p>
   </div>
   <div class='ocr_carea' id='block_1_21' title="bbox 231 1087 1026 1121">
    <p class='ocr_par' dir='ltr' id='par_1_21' title="bbox 231 1087 1026 1121">
     <span class='ocr_line' id='line_1_21' title="bbox 231 1087 1026 1121; baseline 0 -7"><span class='ocrx_word' id='word_1_136' title='bbox 231 1088 304 1115; x_wconf 85' lang='lat' dir='ltr'><strong>domi</strong></span> <span class='ocrx_word' id='word_1_137' title='bbox 316 1096 417 1121; x_wconf 77' lang='lat' dir='ltr'><strong>semper</strong></span> <span class='ocrx_word' id='word_1_138' title='bbox 425 1092 522 1115; x_wconf 84' lang='lat' dir='ltr'><strong>manet.</strong></span> <span class='ocrx_word' id='word_1_139' title='bbox 534 1087 611 1114; x_wconf 86' lang='lat' dir='ltr'><strong>Pauli</strong></span> <span class='ocrx_word' id='word_1_140' title='bbox 621 1088 690 1115; x_wconf 87' lang='lat' dir='ltr'><strong>haud</strong></span> <span class='ocrx_word' id='word_1_141' title='bbox 705 1087 800 1120; x_wconf 86' lang='lat' dir='ltr'><strong>dubie,</strong></span> <span class='ocrx_word' id='word_1_142' title='bbox 812 1095 918 1116; x_wconf 85' lang='lat' dir='ltr'><strong>necnon</strong></span> <span class='ocrx_word' id='word_1_143' title='bbox 931 1095 1026 1115; x_wconf 85' lang='lat' dir='ltr'><strong>eorum</strong></span> 
     </span>
    </p>
   </div>
   <div class='ocr_carea' id='block_1_22' title="bbox 234 1134 1026 1171">
    <p class='ocr_par' dir='ltr' id='par_1_22' title="bbox 234 1134 1026 1171">
     <span class='ocr_line' id='line_1_22' title="bbox 234 1134 1026 1171; baseline -0.003 -9"><span class='ocrx_word' id='word_1_144' title='bbox 234 1136 335 1171; x_wconf 87' lang='lat' dir='ltr'><strong>quibus</strong></span> <span class='ocrx_word' id='word_1_145' title='bbox 348 1134 482 1162; x_wconf 86' lang='lat' dir='ltr'><strong>incumbit</strong></span> <span class='ocrx_word' id='word_1_146' title='bbox 493 1134 610 1162; x_wconf 91' lang='lat' dir='ltr'><strong>aliorum</strong></span> <span class='ocrx_word' id='word_1_147' title='bbox 620 1134 700 1163; x_wconf 88' lang='lat' dir='ltr'><strong>saluti</strong></span> <span class='ocrx_word' id='word_1_148' title='bbox 713 1134 871 1170; x_wconf 81' lang='lat' dir='ltr'><strong>advigilare,</strong></span> <span class='ocrx_word' id='word_1_149' title='bbox 881 1141 1026 1169; x_wconf 88' lang='lat' dir='ltr'><strong>personam</strong></span> 
     </span>
    </p>
   </div>
   <div class='ocr_carea' id='block_1_23' title="bbox 234 1182 1027 1218">
    <p class='ocr_par' dir='ltr' id='par_1_23' title="bbox 234 1182 1027 1218">
     <span class='ocr_line' id='line_1_23' title="bbox 234 1182 1027 1218; baseline -0.001 -8"><span class='ocrx_word' id='word_1_150' title='bbox 234 1184 300 1218; x_wconf 75' lang='lat' dir='ltr'><strong>agit.</strong></span> <span class='ocrx_word' id='word_1_151' title='bbox 325 1182 396 1210; x_wconf 82' lang='lat' dir='ltr'><strong>Nihil</strong></span> <span class='ocrx_word' id='word_1_152' title='bbox 416 1183 515 1218; x_wconf 87' lang='lat' dir='ltr'><strong>quippe</strong></span> <span class='ocrx_word' id='word_1_153' title='bbox 532 1182 695 1211; x_wconf 77' lang='lat' dir='ltr'><strong>familiarius</strong></span> <span class='ocrx_word' id='word_1_154' title='bbox 717 1182 767 1216; x_wconf 90' lang='lat' dir='ltr'><strong>illi,</strong></span> <span class='ocrx_word' id='word_1_155' title='bbox 784 1182 811 1209; x_wconf 93' lang='lat' dir='ltr'><strong>in</strong></span> <span class='ocrx_word' id='word_1_156' title='bbox 838 1182 881 1210; x_wconf 88' lang='lat' dir='ltr'><strong>his</strong></span> <span class='ocrx_word' id='word_1_157' title='bbox 908 1182 1027 1209; x_wconf 78' lang='lat' dir='ltr'><strong>maxime</strong></span> 
     </span>
    </p>
   </div>
   <div class='ocr_carea' id='block_1_24' title="bbox 234 1227 1028 1264">
    <p class='ocr_par' dir='ltr' id='par_1_24' title="bbox 234 1227 1028 1264">
     <span class='ocr_line' id='line_1_24' title="bbox 234 1227 1028 1264; baseline -0.001 -8"><span class='ocrx_word' id='word_1_158' title='bbox 234 1229 322 1261; x_wconf 84' lang='lat' dir='ltr'><strong>libris,</strong></span> <span class='ocrx_word' id='word_1_159' title='bbox 339 1237 420 1264; x_wconf 89' lang='lat' dir='ltr'><strong>quam</strong></span> <span class='ocrx_word' id='word_1_160' title='bbox 434 1236 529 1256; x_wconf 89' lang='lat' dir='ltr'><strong>eorum</strong></span> <span class='ocrx_word' id='word_1_161' title='bbox 546 1236 617 1264; x_wconf 86' lang='lat' dir='ltr'><strong>quos</strong></span> <span class='ocrx_word' id='word_1_162' title='bbox 633 1228 660 1256; x_wconf 90' lang='lat' dir='ltr'><strong>in</strong></span> <span class='ocrx_word' id='word_1_163' title='bbox 672 1228 794 1257; x_wconf 87' lang='lat' dir='ltr'><strong>medium</strong></span> <span class='ocrx_word' id='word_1_164' title='bbox 808 1227 919 1255; x_wconf 88' lang='lat' dir='ltr'><strong>adducit</strong></span> <span class='ocrx_word' id='word_1_165' title='bbox 933 1235 1028 1262; x_wconf 62' lang='lat' dir='ltr'><strong>persoo</strong></span> 
     </span>
    </p>
   </div>
   <div class='ocr_carea' id='block_1_25' title="bbox 235 1275 1027 1310">
    <p class='ocr_par' dir='ltr' id='par_1_25' title="bbox 235 1275 1027 1310">
     <span class='ocr_line' id='line_1_25' title="bbox 235 1275 1027 1310; baseline -0.003 -8"><span class='ocrx_word' id='word_1_166' title='bbox 235 1284 296 1303; x_wconf 82' lang='lat' dir='ltr'><strong>nam</strong></span> <span class='ocrx_word' id='word_1_167' title='bbox 320 1282 471 1303; x_wconf 86' lang='lat' dir='ltr'><strong>assumere.</strong></span> <span class='ocrx_word' id='word_1_168' title='bbox 494 1275 540 1303; x_wconf 90' lang='lat' dir='ltr'><strong>Sic</strong></span> <span class='ocrx_word' id='word_1_169' title='bbox 562 1275 632 1303; x_wconf 85' lang='lat' dir='ltr'><strong>libro</strong></span> <span class='ocrx_word' id='word_1_170' title='bbox 647 1282 690 1306; x_wconf 88' lang='lat' dir='ltr'><strong>nt,</strong></span> <span class='ocrx_word' id='word_1_171' title='bbox 713 1282 791 1302; x_wconf 91' lang='lat' dir='ltr'><strong>num.</strong></span> <span class='ocrx_word' id='word_1_172' title='bbox 810 1275 854 1308; x_wconf 75' lang='grc' dir='ltr'><strong>Η,</strong></span> <span class='ocrx_word' id='word_1_173' title='bbox 881 1278 1027 1310; x_wconf 80' lang='lat' dir='ltr'><strong>postquam</strong></span> 
     </span>
    </p>
   </div>
   <div class='ocr_carea' id='block_1_26' title="bbox 235 1319 1026 1355">
    <p class='ocr_par' dir='ltr' id='par_1_26' title="bbox 235 1319 1026 1355">
     <span class='ocr_line' id='line_1_26' title="bbox 235 1319 1026 1355; baseline 0.001 -8"><span class='ocrx_word' id='word_1_174' title='bbox 235 1321 399 1355; x_wconf 73' lang='lat' dir='ltr'><strong>probaverat</strong></span> <span class='ocrx_word' id='word_1_175' title='bbox 416 1320 511 1348; x_wconf 89' lang='lat' dir='ltr'><strong>iisdem</strong></span> <span class='ocrx_word' id='word_1_176' title='bbox 532 1320 629 1347; x_wconf 85' lang='lat' dir='ltr'><strong>otIiciis</strong></span> <span class='ocrx_word' id='word_1_177' title='bbox 646 1319 780 1348; x_wconf 84' lang='lat' dir='ltr'><strong>obnoxios</strong></span> <span class='ocrx_word' id='word_1_178' title='bbox 795 1319 941 1347; x_wconf 62' lang='lat' dir='ltr'><strong>saeculares</strong></span> <span class='ocrx_word' id='word_1_179' title='bbox 955 1326 1026 1351; x_wconf 77' lang='lat' dir='ltr'><strong>esse,</strong></span> 
     </span>
    </p>
   </div>
   <div class='ocr_carea' id='block_1_27' title="bbox 234 1364 1024 1401">
    <p class='ocr_par' dir='ltr' id='par_1_27' title="bbox 234 1364 1024 1401">
     <span class='ocr_line' id='line_1_27' title="bbox 234 1364 1024 1401; baseline -0.001 -9"><span class='ocrx_word' id='word_1_180' title='bbox 234 1366 334 1401; x_wconf 80' lang='lat' dir='ltr'><strong>quibus</strong></span> <span class='ocrx_word' id='word_1_181' title='bbox 350 1366 476 1393; x_wconf 84' lang='lat' dir='ltr'><strong>monachi</strong></span> <span class='ocrx_word' id='word_1_182' title='bbox 487 1371 576 1400; x_wconf 85' lang='lat' dir='ltr'><strong>erant,</strong></span> <span class='ocrx_word' id='word_1_183' title='bbox 587 1366 643 1393; x_wconf 68' lang='lat' dir='ltr'><strong>hmo</strong></span> <span class='ocrx_word' id='word_1_184' title='bbox 654 1365 765 1400; x_wconf 64' lang='lat' dir='ltr'><strong>adjicit”:</strong></span> <span class='ocrx_word' id='word_1_185' title='bbox 778 1364 873 1400; x_wconf 79' lang='lat' dir='ltr'><strong>Itaque</strong></span> <span class='ocrx_word' id='word_1_186' title='bbox 886 1365 1024 1400; x_wconf 85' lang='lat' dir='ltr'><strong>quoniam,</strong></span> 
     </span>
    </p>
   </div>
   <div class='ocr_carea' id='block_1_28' title="bbox 236 1411 1029 1442">
    <p class='ocr_par' dir='ltr' id='par_1_28' title="bbox 236 1411 1029 1442">
     <span class='ocr_line' id='line_1_28' title="bbox 236 1411 1029 1442; baseline -0.003 -3"><span class='ocrx_word' id='word_1_187' title='bbox 236 1418 292 1439; x_wconf 86' lang='lat' dir='ltr'><strong>uta</strong></span> <span class='ocrx_word' id='word_1_188' title='bbox 313 1412 388 1439; x_wconf 79' lang='lat' dir='ltr'><strong>nobis</strong></span> <span class='ocrx_word' id='word_1_189' title='bbox 412 1412 482 1439; x_wconf 84' lang='lat' dir='ltr'><strong>clare</strong></span> <span class='ocrx_word' id='word_1_190' title='bbox 506 1413 716 1440; x_wconf 79' lang='lat' dir='ltr'><strong>demonstratum</strong></span> <span class='ocrx_word' id='word_1_191' title='bbox 739 1416 796 1442; x_wconf 74' lang='lat' dir='ltr'><strong>est.</strong></span> <span class='ocrx_word' id='word_1_192' title='bbox 816 1411 910 1438; x_wconf 77' lang='lat' dir='ltr'><strong>iisdem</strong></span> <span class='ocrx_word' id='word_1_193' title='bbox 939 1418 1029 1438; x_wconf 82' lang='lat' dir='ltr'><strong>sumtu</strong></span> 
     </span>
    </p>
   </div>
   <div class='ocr_carea' id='block_1_29' title="bbox 237 1456 1028 1492">
    <p class='ocr_par' dir='ltr' id='par_1_29' title="bbox 237 1456 1028 1492">
     <span class='ocr_line' id='line_1_29' title="bbox 237 1456 1028 1492; baseline -0.001 -10"><span class='ocrx_word' id='word_1_194' title='bbox 237 1458 325 1492; x_wconf 65' lang='lat' dir='ltr'><strong>ofﬁciis</strong></span> <span class='ocrx_word' id='word_1_195' title='bbox 335 1458 453 1490; x_wconf 62' lang='lat' dir='ltr'><strong>obnoxii,</strong></span> <span class='ocrx_word' id='word_1_196' title='bbox 468 1458 562 1492; x_wconf 76' lang='lat' dir='ltr'><strong>quibus</strong></span> <span class='ocrx_word' id='word_1_197' title='bbox 575 1457 708 1489; x_wconf 81' lang='lat' dir='ltr'><strong>monachi,</strong></span> <span class='ocrx_word' id='word_1_198' title='bbox 726 1456 875 1492; x_wconf 79' lang='lat' dir='ltr'><strong>faciliorem</strong></span> <span class='ocrx_word' id='word_1_199' title='bbox 888 1463 1028 1490; x_wconf 79' lang='lat' dir='ltr'><strong>percurra-</strong></span> 
     </span>
    </p>
   </div>
   <div class='ocr_carea' id='block_1_30' title="bbox 237 1501 1027 1539">
    <p class='ocr_par' dir='ltr' id='par_1_30' title="bbox 237 1501 1027 1539">
     <span class='ocr_line' id='line_1_30' title="bbox 237 1501 1027 1539; baseline -0.001 -9"><span class='ocrx_word' id='word_1_200' title='bbox 237 1513 294 1531; x_wconf 83' lang='lat' dir='ltr'><strong>mus</strong></span> <span class='ocrx_word' id='word_1_201' title='bbox 320 1505 401 1538; x_wconf 84' lang='lat' dir='ltr'><strong>viam,</strong></span> <span class='ocrx_word' id='word_1_202' title='bbox 420 1505 455 1531; x_wconf 89' lang='lat' dir='ltr'><strong>ad</strong></span> <span class='ocrx_word' id='word_1_203' title='bbox 475 1512 582 1539; x_wconf 80' lang='lat' dir='ltr'><strong>eamque</strong></span> <span class='ocrx_word' id='word_1_204' title='bbox 605 1504 674 1538; x_wconf 76' lang='lat' dir='ltr'><strong>ﬁlios</strong></span> <span class='ocrx_word' id='word_1_205' title='bbox 699 1503 878 1530; x_wconf 80' lang='lat' dir='ltr'><strong>attraltamus.</strong></span> <span class='ocrx_word' id='word_1_206' title='bbox 892 1502 935 1530; x_wconf 80' lang='lat' dir='ltr'><strong>An</strong></span> <span class='ocrx_word' id='word_1_207' title='bbox 963 1501 1027 1529; x_wconf 92' lang='lat' dir='ltr'><strong>hinc</strong></span> 
     </span>
    </p>
   </div>
   <div class='ocr_carea' id='block_1_31' title="bbox 238 1547 1027 1586">
    <p class='ocr_par' dir='ltr' id='par_1_31' title="bbox 238 1547 1027 1586">
     <span class='ocr_line' id='line_1_31' title="bbox 238 1547 1027 1586; baseline -0.003 -10"><span class='ocrx_word' id='word_1_208' title='bbox 238 1550 331 1577; x_wconf 81' lang='lat' dir='ltr'><strong>inferri</strong></span> <span class='ocrx_word' id='word_1_209' title='bbox 349 1551 436 1586; x_wconf 89' lang='lat' dir='ltr'><strong>possit</strong></span> <span class='ocrx_word' id='word_1_210' title='bbox 452 1549 690 1586; x_wconf 77' lang='lat' dir='ltr'><strong>Chrysostomum,</strong></span> <span class='ocrx_word' id='word_1_211' title='bbox 702 1549 750 1584; x_wconf 88' lang='lat' dir='ltr'><strong>qui</strong></span> <span class='ocrx_word' id='word_1_212' title='bbox 765 1552 832 1576; x_wconf 90' lang='lat' dir='ltr'><strong>tunc</strong></span> <span class='ocrx_word' id='word_1_213' title='bbox 846 1548 873 1575; x_wconf 92' lang='lat' dir='ltr'><strong>in</strong></span> <span class='ocrx_word' id='word_1_214' title='bbox 886 1547 1027 1575; x_wconf 86' lang='lat' dir='ltr'><strong>montibus</strong></span> 
     </span>
    </p>
   </div>
   <div class='ocr_carea' id='block_1_32' title="bbox 238 1593 1029 1628">
    <p class='ocr_par' dir='ltr' id='par_1_32' title="bbox 238 1593 1029 1628">
     <span class='ocr_line' id='line_1_32' title="bbox 238 1593 1029 1628; baseline -0.004 -6"><span class='ocrx_word' id='word_1_215' title='bbox 238 1600 265 1622; x_wconf 82' lang='lat' dir='ltr'><strong>et</strong></span> <span class='ocrx_word' id='word_1_216' title='bbox 288 1596 314 1623; x_wconf 93' lang='lat' dir='ltr'><strong>in</strong></span> <span class='ocrx_word' id='word_1_217' title='bbox 346 1603 457 1624; x_wconf 68' lang='lat' dir='ltr'><strong>secessu</strong></span> <span class='ocrx_word' id='word_1_218' title='bbox 473 1595 591 1628; x_wconf 80' lang='lat' dir='ltr'><strong>vivebat,</strong></span> <span class='ocrx_word' id='word_1_219' title='bbox 605 1594 764 1623; x_wconf 62' lang='lat' dir='ltr'><strong>saecularem</strong></span> <span class='ocrx_word' id='word_1_220' title='bbox 785 1593 882 1627; x_wconf 83' lang='lat' dir='ltr'><strong>tuisse,</strong></span> <span class='ocrx_word' id='word_1_221' title='bbox 901 1593 1029 1627; x_wconf 85' lang='lat' dir='ltr'><strong>ﬁliosque</strong></span> 
     </span>
    </p>
   </div>
   <div class='ocr_carea' id='block_1_33' title="bbox 239 1639 1030 1676">
    <p class='ocr_par' dir='ltr' id='par_1_33' title="bbox 239 1639 1030 1676">
     <span class='ocr_line' id='line_1_33' title="bbox 239 1639 1030 1676; baseline -0.005 -8"><span class='ocrx_word' id='word_1_222' title='bbox 239 1641 409 1676; x_wconf 81' lang='lat' dir='ltr'><strong>suscepisse?</strong></span> <span class='ocrx_word' id='word_1_223' title='bbox 429 1640 462 1667; x_wconf 87' lang='lat' dir='ltr'><strong>Et</strong></span> <span class='ocrx_word' id='word_1_224' title='bbox 478 1648 555 1667; x_wconf 90' lang='lat' dir='ltr'><strong>num.</strong></span> <span class='ocrx_word' id='word_1_225' title='bbox 574 1640 619 1673; x_wconf 82' lang='grc'><strong>17,</strong></span> <span class='ocrx_word' id='word_1_226' title='bbox 640 1639 711 1675; x_wconf 85' lang='lat' dir='ltr'><strong>Ergo</strong></span> <span class='ocrx_word' id='word_1_227' title='bbox 724 1648 771 1666; x_wconf 81' lang='lat' dir='ltr'><strong>nec</strong></span> <span class='ocrx_word' id='word_1_228' title='bbox 796 1639 868 1674; x_wconf 76' lang='lat' dir='ltr'><strong>ﬁlios</strong></span> <span class='ocrx_word' id='word_1_229' title='bbox 894 1643 998 1666; x_wconf 79' lang='lat' dir='ltr'><strong>nostras</strong></span> <span class='ocrx_word' id='word_1_230' title='bbox 1013 1646 1030 1664; x_wconf 91' lang='lat' dir='ltr'><strong>a</strong></span> 
     </span>
    </p>
   </div>
   <div class='ocr_carea' id='block_1_34' title="bbox 239 1682 1031 1720">
    <p class='ocr_par' dir='ltr' id='par_1_34' title="bbox 239 1682 1031 1720">
     <span class='ocr_line' id='line_1_34' title="bbox 239 1682 1031 1720; baseline -0.004 -8"><span class='ocrx_word' id='word_1_231' title='bbox 239 1686 335 1712; x_wconf 75' lang='lat' dir='ltr'><strong>deserti</strong></span> <span class='ocrx_word' id='word_1_232' title='bbox 357 1685 563 1713; x_wconf 79' lang='lat' dir='ltr'><strong>commoratione</strong></span> <span class='ocrx_word' id='word_1_233' title='bbox 583 1689 643 1712; x_wconf 84' lang='lat' dir='ltr'><strong>ante</strong></span> <span class='ocrx_word' id='word_1_234' title='bbox 661 1691 763 1720; x_wconf 80' lang='lat' dir='ltr'><strong>tempus</strong></span> <span class='ocrx_word' id='word_1_235' title='bbox 784 1684 970 1711; x_wconf 79' lang='lat' dir='ltr'><strong>abducamus:</strong></span> <span class='ocrx_word' id='word_1_236' title='bbox 986 1682 1031 1710; x_wconf 79' lang='lat' dir='ltr'><strong>sed</strong></span> 
     </span>
    </p>
   </div>
   <div class='ocr_carea' id='block_1_35' title="bbox 239 1729 1032 1767">
    <p class='ocr_par' dir='ltr' id='par_1_35' title="bbox 239 1729 1032 1767">
     <span class='ocr_line' id='line_1_35' title="bbox 239 1729 1032 1767; baseline -0.004 -8"><span class='ocrx_word' id='word_1_237' title='bbox 239 1733 358 1759; x_wconf 80' lang='lat' dir='ltr'><strong>sinamus</strong></span> <span class='ocrx_word' id='word_1_238' title='bbox 376 1732 534 1767; x_wconf 76' lang='lat' dir='ltr'><strong>disciplinas</strong></span> <span class='ocrx_word' id='word_1_239' title='bbox 552 1731 632 1759; x_wconf 70' lang='lat' dir='ltr'><strong>altius</strong></span> <span class='ocrx_word' id='word_1_240' title='bbox 650 1731 779 1766; x_wconf 84' lang='lat' dir='ltr'><strong>imprimi,</strong></span> <span class='ocrx_word' id='word_1_241' title='bbox 793 1737 819 1758; x_wconf 80' lang='lat' dir='ltr'><strong>et</strong></span> <span class='ocrx_word' id='word_1_242' title='bbox 834 1730 939 1766; x_wconf 76' lang='lat' dir='ltr'><strong>plantas</strong></span> <span class='ocrx_word' id='word_1_243' title='bbox 959 1729 1032 1756; x_wconf 83' lang='lat' dir='ltr'><strong>radi-</strong></span> 
     </span>
    </p>
   </div>
   <div class='ocr_carea' id='block_1_36' title="bbox 241 1777 1031 1814">
    <p class='ocr_par' dir='ltr' id='par_1_36' title="bbox 241 1777 1031 1814">
     <span class='ocr_line' id='line_1_36' title="bbox 241 1777 1031 1814; baseline -0.008 -7"><span class='ocrx_word' id='word_1_244' title='bbox 241 1780 312 1807; x_wconf 79' lang='lat' dir='ltr'><strong>cibus</strong></span> <span class='ocrx_word' id='word_1_245' title='bbox 337 1779 451 1814; x_wconf 86' lang='lat' dir='ltr'><strong>ﬁrmari.</strong></span> <span class='ocrx_word' id='word_1_246' title='bbox 480 1778 553 1806; x_wconf 86' lang='lat' dir='ltr'><strong>Nihil</strong></span> <span class='ocrx_word' id='word_1_247' title='bbox 580 1785 646 1806; x_wconf 88' lang='lat' dir='ltr'><strong>sane</strong></span> <span class='ocrx_word' id='word_1_248' title='bbox 672 1777 844 1812; x_wconf 83' lang='lat' dir='ltr'><strong>frequentius</strong></span> <span class='ocrx_word' id='word_1_249' title='bbox 870 1781 922 1808; x_wconf 87' lang='lat' dir='ltr'><strong>est,</strong></span> <span class='ocrx_word' id='word_1_250' title='bbox 948 1782 1031 1810; x_wconf 89' lang='lat' dir='ltr'><strong>quam</strong></span> 
     </span>
    </p>
   </div>
   <div class='ocr_carea' id='block_1_37' title="bbox 241 1822 1031 1860">
    <p class='ocr_par' dir='ltr' id='par_1_37' title="bbox 241 1822 1031 1860">
     <span class='ocr_line' id='line_1_37' title="bbox 241 1822 1031 1860; baseline -0.006 -8"><span class='ocrx_word' id='word_1_251' title='bbox 241 1825 466 1860; x_wconf 80' lang='lat' dir='ltr'><strong>Chrysostomum</strong></span> <span class='ocrx_word' id='word_1_252' title='bbox 476 1825 567 1852; x_wconf 87' lang='lat' dir='ltr'><strong>videre</strong></span> <span class='ocrx_word' id='word_1_253' title='bbox 576 1823 657 1851; x_wconf 91' lang='lat' dir='ltr'><strong>modo</strong></span> <span class='ocrx_word' id='word_1_254' title='bbox 668 1822 848 1854; x_wconf 89' lang='lat' dir='ltr'><strong>monentium,</strong></span> <span class='ocrx_word' id='word_1_255' title='bbox 864 1829 927 1848; x_wconf 82' lang='lat' dir='ltr'><strong>mox</strong></span> <span class='ocrx_word' id='word_1_256' title='bbox 936 1827 1031 1848; x_wconf 89' lang='lat' dir='ltr'><strong>eorum</strong></span> 
     </span>
    </p>
   </div>
   <div class='ocr_carea' id='block_1_38' title="bbox 242 1869 911 1906">
    <p class='ocr_par' dir='ltr' id='par_1_38' title="bbox 242 1869 911 1906">
     <span class='ocr_line' id='line_1_38' title="bbox 242 1869 911 1906; baseline -0.006 -8"><span class='ocrx_word' id='word_1_257' title='bbox 242 1871 341 1906; x_wconf 88' lang='lat' dir='ltr'><strong>quibus</strong></span> <span class='ocrx_word' id='word_1_258' title='bbox 355 1870 457 1897; x_wconf 87' lang='lat' dir='ltr'><strong>monita</strong></span> <span class='ocrx_word' id='word_1_259' title='bbox 479 1869 645 1904; x_wconf 72' lang='lat' dir='ltr'><strong>diriguntur,</strong></span> <span class='ocrx_word' id='word_1_260' title='bbox 659 1875 804 1903; x_wconf 82' lang='lat' dir='ltr'><strong>personam</strong></span> <span class='ocrx_word' id='word_1_261' title='bbox 820 1875 911 1902; x_wconf 78' lang='lat' dir='ltr'><strong>agere.</strong></span> 
     </span>
    </p>
   </div>
   <div class='ocr_carea' id='block_1_39' title="bbox 279 1913 1033 1952">
    <p class='ocr_par' dir='ltr' id='par_1_39' title="bbox 279 1913 1033 1952">
     <span class='ocr_line' id='line_1_39' title="bbox 279 1913 1033 1952; baseline -0.004 -9"><span class='ocrx_word' id='word_1_262' title='bbox 279 1917 371 1952; x_wconf 81' lang='lat' dir='ltr'><strong>Itaque</strong></span> <span class='ocrx_word' id='word_1_263' title='bbox 396 1916 621 1951; x_wconf 87' lang='lat' dir='ltr'><strong>Chrysostomus,</strong></span> <span class='ocrx_word' id='word_1_264' title='bbox 637 1915 684 1950; x_wconf 90' lang='lat' dir='ltr'><strong>qui</strong></span> <span class='ocrx_word' id='word_1_265' title='bbox 708 1921 780 1942; x_wconf 88' lang='lat' dir='ltr'><strong>anno</strong></span> <span class='ocrx_word' id='word_1_266' title='bbox 800 1913 853 1941; x_wconf 64' lang='lat'><strong>374</strong></span> <span class='ocrx_word' id='word_1_267' title='bbox 870 1913 902 1940; x_wconf 89' lang='lat' dir='ltr'><strong>ad</strong></span> <span class='ocrx_word' id='word_1_268' title='bbox 926 1917 1033 1940; x_wconf 81' lang='lat' dir='ltr'><strong>montes</strong></span> 
     </span>
    </p>
   </div>
   <div class='ocr_carea' id='block_1_40' title="bbox 243 1957 1032 1997">
    <p class='ocr_par' dir='ltr' id='par_1_40' title="bbox 243 1957 1032 1997">
     <span class='ocr_line' id='line_1_40' title="bbox 243 1957 1032 1997; baseline -0.01 -6"><span class='ocrx_word' id='word_1_269' title='bbox 243 1967 407 1997; x_wconf 79' lang='lat' dir='ltr'><strong>secesserat,</strong></span> <span class='ocrx_word' id='word_1_270' title='bbox 425 1969 486 1989; x_wconf 90' lang='lat' dir='ltr'><strong>cum</strong></span> <span class='ocrx_word' id='word_1_271' title='bbox 506 1961 670 1989; x_wconf 82' lang='lat' dir='ltr'><strong>auctoritate</strong></span> <span class='ocrx_word' id='word_1_272' title='bbox 693 1959 803 1995; x_wconf 85' lang='lat' dir='ltr'><strong>publica</strong></span> <span class='ocrx_word' id='word_1_273' title='bbox 819 1957 950 1993; x_wconf 76' lang='lat' dir='ltr'><strong>exagitari</strong></span> <span class='ocrx_word' id='word_1_274' title='bbox 972 1964 1032 1984; x_wconf 92' lang='lat' dir='ltr'><strong>mo-</strong></span> 
     </span>
    </p>
   </div>
   <div class='ocr_carea' id='block_1_41' title="bbox 243 2003 1032 2042">
    <p class='ocr_par' dir='ltr' id='par_1_41' title="bbox 243 2003 1032 2042">
     <span class='ocr_line' id='line_1_41' title="bbox 243 2003 1032 2042; baseline -0.009 -6"><span class='ocrx_word' id='word_1_275' title='bbox 243 2009 347 2036; x_wconf 73' lang='lat' dir='ltr'><strong>narhos</strong></span> <span class='ocrx_word' id='word_1_276' title='bbox 363 2012 391 2036; x_wconf 88' lang='lat' dir='ltr'><strong>et</strong></span> <span class='ocrx_word' id='word_1_277' title='bbox 406 2007 518 2035; x_wconf 86' lang='lat' dir='ltr'><strong>sedibus</strong></span> <span class='ocrx_word' id='word_1_278' title='bbox 531 2006 593 2042; x_wconf 87' lang='lat' dir='ltr'><strong>pelli</strong></span> <span class='ocrx_word' id='word_1_279' title='bbox 609 2006 759 2038; x_wconf 87' lang='lat' dir='ltr'><strong>didicisset,</strong></span> <span class='ocrx_word' id='word_1_280' title='bbox 775 2011 847 2032; x_wconf 92' lang='lat' dir='ltr'><strong>anno</strong></span> <span class='ocrx_word' id='word_1_281' title='bbox 860 2003 923 2036; x_wconf 81' lang='lat'><strong>5&#39;15,</strong></span> <span class='ocrx_word' id='word_1_282' title='bbox 936 2003 976 2030; x_wconf 91' lang='lat' dir='ltr'><strong>vel</strong></span> <span class='ocrx_word' id='word_1_283' title='bbox 992 2010 1032 2030; x_wconf 86' lang='lat' dir='ltr'><strong>se-</strong></span> 
     </span>
    </p>
   </div>
   <div class='ocr_carea' id='block_1_42' title="bbox 243 2049 1033 2090">
    <p class='ocr_par' dir='ltr' id='par_1_42' title="bbox 243 2049 1033 2090">
     <span class='ocr_line' id='line_1_42' title="bbox 243 2049 1033 2090; baseline -0.009 -8"><span class='ocrx_word' id='word_1_284' title='bbox 243 2055 350 2090; x_wconf 89' lang='lat' dir='ltr'><strong>quenti,</strong></span> <span class='ocrx_word' id='word_1_285' title='bbox 364 2053 444 2081; x_wconf 89' lang='lat' dir='ltr'><strong>amici</strong></span> <span class='ocrx_word' id='word_1_286' title='bbox 458 2058 553 2089; x_wconf 80' lang='lat' dir='ltr'><strong>rogatu</strong></span> <span class='ocrx_word' id='word_1_287' title='bbox 572 2053 623 2080; x_wconf 87' lang='lat' dir='ltr'><strong>hos</strong></span> <span class='ocrx_word' id='word_1_288' title='bbox 638 2052 722 2079; x_wconf 88' lang='lat' dir='ltr'><strong>libros</strong></span> <span class='ocrx_word' id='word_1_289' title='bbox 736 2050 863 2085; x_wconf 88' lang='lat' dir='ltr'><strong>scripsit;</strong></span> <span class='ocrx_word' id='word_1_290' title='bbox 876 2049 902 2076; x_wconf 92' lang='lat' dir='ltr'><strong>iu</strong></span> <span class='ocrx_word' id='word_1_291' title='bbox 915 2055 1033 2084; x_wconf 92' lang='lat' dir='ltr'><strong>quorum</strong></span> 
     </span>
    </p>
   </div>
   <div class='ocr_carea' id='block_1_43' title="bbox 245 2093 1034 2137">
    <p class='ocr_par' dir='ltr' id='par_1_43' title="bbox 245 2093 1034 2137">
     <span class='ocr_line' id='line_1_43' title="bbox 245 2093 1034 2137; baseline -0.011 -8"><span class='ocrx_word' id='word_1_292' title='bbox 245 2101 335 2137; x_wconf 89' lang='lat' dir='ltr'><strong>primo</strong></span> <span class='ocrx_word' id='word_1_293' title='bbox 358 2100 438 2128; x_wconf 86' lang='lat' dir='ltr'><strong>docet</strong></span> <span class='ocrx_word' id='word_1_294' title='bbox 463 2103 597 2134; x_wconf 88' lang='lat' dir='ltr'><strong>quantum</strong></span> <span class='ocrx_word' id='word_1_295' title='bbox 615 2097 666 2126; x_wconf 87' lang='lat' dir='ltr'><strong>sibi</strong></span> <span class='ocrx_word' id='word_1_296' title='bbox 691 2095 805 2132; x_wconf 76' lang='lat' dir='ltr'><strong>periculi</strong></span> <span class='ocrx_word' id='word_1_297' title='bbox 822 2094 973 2127; x_wconf 77' lang='lat' dir='ltr'><strong>attrahunt,</strong></span> <span class='ocrx_word' id='word_1_298' title='bbox 989 2093 1034 2129; x_wconf 87' lang='lat' dir='ltr'><strong>qui</strong></span> 
     </span>
    </p>
   </div>
   <div class='ocr_carea' id='block_1_44' title="bbox 956 162 1126 192">
    <p class='ocr_par' dir='ltr' id='par_1_44' title="bbox 956 162 1126 192">
     <span class='ocr_line' id='line_1_44' title="bbox 956 162 1126 192; baseline 0.012 -2"><span class='ocrx_word' id='word_1_299' title='bbox 956 162 1126 192; x_wconf 79' lang='lat' dir='ltr'><strong>MONITUM.</strong></span> 
     </span>
    </p>
   </div>
   <div class='ocr_carea' id='block_1_45' title="bbox 1805 170 1857 198">
    <p class='ocr_par' dir='ltr' id='par_1_45' title="bbox 1805 170 1857 198">
     <span class='ocr_line' id='line_1_45' title="bbox 1805 170 1857 198; baseline 0.038 -3"><span class='ocrx_word' id='word_1_300' title='bbox 1805 170 1857 198; x_wconf 75' lang='grc'><strong>518</strong></span> 
     </span>
    </p>
   </div>
   <div class='ocr_carea' id='block_1_46' title="bbox 1070 224 1858 261">
    <p class='ocr_par' dir='ltr' id='par_1_46' title="bbox 1070 224 1858 261">
     <span class='ocr_line' id='line_1_46' title="bbox 1070 224 1858 261; baseline 0.005 -11"><span class='ocrx_word' id='word_1_301' title='bbox 1070 228 1181 252; x_wconf 86' lang='lat' dir='ltr'><strong>sanctos</strong></span> <span class='ocrx_word' id='word_1_302' title='bbox 1193 229 1220 252; x_wconf 88' lang='lat' dir='ltr'><strong>et</strong></span> <span class='ocrx_word' id='word_1_303' title='bbox 1232 224 1277 252; x_wconf 87' lang='lat' dir='ltr'><strong>Dei</strong></span> <span class='ocrx_word' id='word_1_304' title='bbox 1292 226 1395 254; x_wconf 88' lang='lat' dir='ltr'><strong>amicos</strong></span> <span class='ocrx_word' id='word_1_305' title='bbox 1415 231 1584 261; x_wconf 79' lang='lat' dir='ltr'><strong>oppugnant,</strong></span> <span class='ocrx_word' id='word_1_306' title='bbox 1602 225 1721 253; x_wconf 89' lang='lat' dir='ltr'><strong>ostendit</strong></span> <span class='ocrx_word' id='word_1_307' title='bbox 1737 233 1784 254; x_wconf 80' lang='lat' dir='ltr'><strong>eos</strong></span> <span class='ocrx_word' id='word_1_308' title='bbox 1804 235 1858 255; x_wconf 92' lang='lat' dir='ltr'><strong>non</strong></span> 
     </span>
    </p>
   </div>
   <div class='ocr_carea' id='block_1_47' title="bbox 1070 269 1861 306">
    <p class='ocr_par' dir='ltr' id='par_1_47' title="bbox 1070 269 1861 306">
     <span class='ocr_line' id='line_1_47' title="bbox 1070 269 1861 306; baseline 0.006 -12"><span class='ocrx_word' id='word_1_309' title='bbox 1070 269 1122 303; x_wconf 84' lang='lat' dir='ltr'><strong>piis</strong></span> <span class='ocrx_word' id='word_1_310' title='bbox 1136 269 1213 302; x_wconf 85' lang='lat' dir='ltr'><strong>viris,</strong></span> <span class='ocrx_word' id='word_1_311' title='bbox 1227 271 1272 298; x_wconf 91' lang='lat' dir='ltr'><strong>scd</strong></span> <span class='ocrx_word' id='word_1_312' title='bbox 1290 271 1465 306; x_wconf 83' lang='lat' dir='ltr'><strong>sibimetipsis</strong></span> <span class='ocrx_word' id='word_1_313' title='bbox 1483 279 1581 299; x_wconf 86' lang='lat' dir='ltr'><strong>nocere</strong></span> <span class='ocrx_word' id='word_1_314' title='bbox 1594 279 1602 298; x_wconf 88' lang='lat'><strong>:</strong></span> <span class='ocrx_word' id='word_1_315' title='bbox 1618 271 1700 306; x_wconf 88' lang='lat' dir='ltr'><strong>idque</strong></span> <span class='ocrx_word' id='word_1_316' title='bbox 1715 271 1861 299; x_wconf 84' lang='lat' dir='ltr'><strong>conﬁrmat</strong></span> 
     </span>
    </p>
   </div>
   <div class='ocr_carea' id='block_1_48' title="bbox 1070 314 1859 351">
    <p class='ocr_par' dir='ltr' id='par_1_48' title="bbox 1070 314 1859 351">
     <span class='ocr_line' id='line_1_48' title="bbox 1070 314 1859 351; baseline 0.005 -10"><span class='ocrx_word' id='word_1_317' title='bbox 1070 315 1195 349; x_wconf 81' lang='lat' dir='ltr'><strong>exemplo</strong></span> <span class='ocrx_word' id='word_1_318' title='bbox 1211 314 1379 347; x_wconf 68' lang='lat' dir='ltr'><strong>.lndreorum,</strong></span> <span class='ocrx_word' id='word_1_319' title='bbox 1393 317 1451 351; x_wconf 89' lang='lat' dir='ltr'><strong>qui,</strong></span> <span class='ocrx_word' id='word_1_320' title='bbox 1464 317 1593 351; x_wconf 90' lang='lat' dir='ltr'><strong>quoniam</strong></span> <span class='ocrx_word' id='word_1_321' title='bbox 1613 315 1752 344; x_wconf 88' lang='lat' dir='ltr'><strong>Christum</strong></span> <span class='ocrx_word' id='word_1_322' title='bbox 1771 321 1859 345; x_wconf 85' lang='lat' dir='ltr'><strong>morte</strong></span> 
     </span>
    </p>
   </div>
   <div class='ocr_carea' id='block_1_49' title="bbox 1071 358 1860 395">
    <p class='ocr_par' dir='ltr' id='par_1_49' title="bbox 1071 358 1860 395">
     <span class='ocr_line' id='line_1_49' title="bbox 1071 358 1860 395; baseline 0.004 -10"><span class='ocrx_word' id='word_1_323' title='bbox 1071 358 1217 387; x_wconf 84' lang='lat' dir='ltr'><strong>aﬁ&#39;cccrant</strong></span> <span class='ocrx_word' id='word_1_324' title='bbox 1230 361 1422 395; x_wconf 87' lang='lat' dir='ltr'><strong>apostolosque</strong></span> <span class='ocrx_word' id='word_1_325' title='bbox 1446 365 1621 393; x_wconf 80' lang='lat' dir='ltr'><strong>vexaverant,</strong></span> <span class='ocrx_word' id='word_1_326' title='bbox 1640 360 1669 388; x_wconf 91' lang='lat' dir='ltr'><strong>in</strong></span> <span class='ocrx_word' id='word_1_327' title='bbox 1686 368 1734 388; x_wconf 89' lang='lat' dir='ltr'><strong>eas</strong></span> <span class='ocrx_word' id='word_1_328' title='bbox 1748 361 1860 388; x_wconf 82' lang='lat' dir='ltr'><strong>calami~</strong></span> 
     </span>
    </p>
   </div>
   <div class='ocr_carea' id='block_1_50' title="bbox 1072 405 1860 442">
    <p class='ocr_par' dir='ltr' id='par_1_50' title="bbox 1072 405 1860 442">
     <span class='ocr_line' id='line_1_50' title="bbox 1072 405 1860 442; baseline 0.003 -10"><span class='ocrx_word' id='word_1_329' title='bbox 1072 409 1142 432; x_wconf 89' lang='lat' dir='ltr'><strong>tates</strong></span> <span class='ocrx_word' id='word_1_330' title='bbox 1157 405 1310 433; x_wconf 90' lang='lat' dir='ltr'><strong>inciderunt</strong></span> <span class='ocrx_word' id='word_1_331' title='bbox 1320 414 1388 440; x_wconf 88' lang='lat' dir='ltr'><strong>quas</strong></span> <span class='ocrx_word' id='word_1_332' title='bbox 1403 406 1537 441; x_wconf 87' lang='lat' dir='ltr'><strong>Josephus</strong></span> <span class='ocrx_word' id='word_1_333' title='bbox 1553 410 1764 434; x_wconf 89' lang='lat' dir='ltr'><strong>commemorat.</strong></span> <span class='ocrx_word' id='word_1_334' title='bbox 1775 406 1860 442; x_wconf 87' lang='lat' dir='ltr'><strong>Hujus</strong></span> 
     </span>
    </p>
   </div>
   <div class='ocr_carea' id='block_1_51' title="bbox 1073 450 1862 488">
    <p class='ocr_par' dir='ltr' id='par_1_51' title="bbox 1073 450 1862 488">
     <span class='ocr_line' id='line_1_51' title="bbox 1073 450 1862 488; baseline 0.004 -11"><span class='ocrx_word' id='word_1_335' title='bbox 1073 457 1155 485; x_wconf 87' lang='lat' dir='ltr'><strong>porro</strong></span> <span class='ocrx_word' id='word_1_336' title='bbox 1171 450 1314 485; x_wconf 87' lang='lat' dir='ltr'><strong>scriptoris</strong></span> <span class='ocrx_word' id='word_1_337' title='bbox 1324 451 1431 486; x_wconf 79' lang='lat' dir='ltr'><strong>insigne</strong></span> <span class='ocrx_word' id='word_1_338' title='bbox 1448 451 1630 487; x_wconf 79' lang='lat' dir='ltr'><strong>fragmentum</strong></span> <span class='ocrx_word' id='word_1_339' title='bbox 1640 452 1734 486; x_wconf 82' lang='lat' dir='ltr'><strong>refert,</strong></span> <span class='ocrx_word' id='word_1_340' title='bbox 1749 456 1775 480; x_wconf 88' lang='lat' dir='ltr'><strong>et</strong></span> <span class='ocrx_word' id='word_1_341' title='bbox 1790 457 1862 488; x_wconf 69' lang='grc' dir='ltr'><strong>βοει-</strong></span> 
     </span>
    </p>
   </div>
   <div class='ocr_carea' id='block_1_52' title="bbox 1073 496 1861 533">
    <p class='ocr_par' dir='ltr' id='par_1_52' title="bbox 1073 496 1861 533">
     <span class='ocr_line' id='line_1_52' title="bbox 1073 496 1861 533; baseline 0.005 -11"><span class='ocrx_word' id='word_1_342' title='bbox 1073 503 1156 530; x_wconf 87' lang='lat' dir='ltr'><strong>quam</strong></span> <span class='ocrx_word' id='word_1_343' title='bbox 1174 496 1292 523; x_wconf 88' lang='lat' dir='ltr'><strong>ostendit</strong></span> <span class='ocrx_word' id='word_1_344' title='bbox 1305 496 1415 530; x_wconf 83' lang='lat' dir='ltr'><strong>quantis</strong></span> <span class='ocrx_word' id='word_1_345' title='bbox 1431 504 1461 524; x_wconf 86' lang='lat' dir='ltr'><strong>se</strong></span> <span class='ocrx_word' id='word_1_346' title='bbox 1482 497 1612 532; x_wconf 85' lang='lat' dir='ltr'><strong>periculis</strong></span> <span class='ocrx_word' id='word_1_347' title='bbox 1630 498 1751 526; x_wconf 84' lang='lat' dir='ltr'><strong>eximant</strong></span> <span class='ocrx_word' id='word_1_348' title='bbox 1768 498 1814 533; x_wconf 94' lang='lat' dir='ltr'><strong>qui</strong></span> <span class='ocrx_word' id='word_1_349' title='bbox 1827 506 1861 526; x_wconf 80' lang='lat' dir='ltr'><strong>ex</strong></span> 
     </span>
    </p>
   </div>
   <div class='ocr_carea' id='block_1_53' title="bbox 1074 541 1861 578">
    <p class='ocr_par' dir='ltr' id='par_1_53' title="bbox 1074 541 1861 578">
     <span class='ocr_line' id='line_1_53' title="bbox 1074 541 1861 578; baseline 0.004 -11"><span class='ocrx_word' id='word_1_350' title='bbox 1074 541 1170 568; x_wconf 90' lang='lat' dir='ltr'><strong>mundi</strong></span> <span class='ocrx_word' id='word_1_351' title='bbox 1199 541 1339 568; x_wconf 89' lang='lat' dir='ltr'><strong>consortio</strong></span> <span class='ocrx_word' id='word_1_352' title='bbox 1370 541 1519 575; x_wconf 78' lang='lat' dir='ltr'><strong>secedunt,</strong></span> <span class='ocrx_word' id='word_1_353' title='bbox 1546 542 1586 570; x_wconf 92' lang='lat' dir='ltr'><strong>sic</strong></span> <span class='ocrx_word' id='word_1_354' title='bbox 1612 542 1711 570; x_wconf 90' lang='lat' dir='ltr'><strong>librum</strong></span> <span class='ocrx_word' id='word_1_355' title='bbox 1742 543 1861 578; x_wconf 90' lang='lat' dir='ltr'><strong>primum</strong></span> 
     </span>
    </p>
   </div>
   <div class='ocr_carea' id='block_1_54' title="bbox 1074 587 1187 615">
    <p class='ocr_par' dir='ltr' id='par_1_54' title="bbox 1074 587 1187 615">
     <span class='ocr_line' id='line_1_54' title="bbox 1074 587 1187 615; baseline 0.009 -1"><span class='ocrx_word' id='word_1_356' title='bbox 1074 587 1187 615; x_wconf 88' lang='lat' dir='ltr'><strong>claudit.</strong></span> 
     </span>
    </p>
   </div>
   <div class='ocr_carea' id='block_1_55' title="bbox 1111 632 1862 669">
    <p class='ocr_par' dir='ltr' id='par_1_55' title="bbox 1111 632 1862 669">
     <span class='ocr_line' id='line_1_55' title="bbox 1111 632 1862 669; baseline 0.003 -10"><span class='ocrx_word' id='word_1_357' title='bbox 1111 632 1139 660; x_wconf 88' lang='lat' dir='ltr'><strong>In</strong></span> <span class='ocrx_word' id='word_1_358' title='bbox 1153 633 1273 661; x_wconf 91' lang='lat' dir='ltr'><strong>secundo</strong></span> <span class='ocrx_word' id='word_1_359' title='bbox 1287 633 1357 660; x_wconf 91' lang='lat' dir='ltr'><strong>libro</strong></span> <span class='ocrx_word' id='word_1_360' title='bbox 1378 637 1483 669; x_wconf 82' lang='lat' dir='ltr'><strong>patrem</strong></span> <span class='ocrx_word' id='word_1_361' title='bbox 1500 633 1649 664; x_wconf 84' lang='lat' dir='ltr'><strong>inﬁdelem.</strong></span> <span class='ocrx_word' id='word_1_362' title='bbox 1663 634 1720 661; x_wconf 85' lang='lat' dir='ltr'><strong>sive</strong></span> <span class='ocrx_word' id='word_1_363' title='bbox 1741 635 1862 662; x_wconf 91' lang='lat' dir='ltr'><strong>nondum</strong></span> 
     </span>
    </p>
   </div>
   <div class='ocr_carea' id='block_1_56' title="bbox 1076 679 1864 715">
    <p class='ocr_par' dir='ltr' id='par_1_56' title="bbox 1076 679 1864 715">
     <span class='ocr_line' id='line_1_56' title="bbox 1076 679 1864 715; baseline 0.003 -9"><span class='ocrx_word' id='word_1_364' title='bbox 1076 679 1231 707; x_wconf 83' lang='lat' dir='ltr'><strong>credentem</strong></span> <span class='ocrx_word' id='word_1_365' title='bbox 1247 679 1275 707; x_wconf 92' lang='lat' dir='ltr'><strong>in</strong></span> <span class='ocrx_word' id='word_1_366' title='bbox 1290 679 1443 714; x_wconf 89' lang='lat' dir='ltr'><strong>Christum,</strong></span> <span class='ocrx_word' id='word_1_367' title='bbox 1465 680 1545 715; x_wconf 87' lang='lat' dir='ltr'><strong>cujus</strong></span> <span class='ocrx_word' id='word_1_368' title='bbox 1569 680 1655 707; x_wconf 86' lang='lat' dir='ltr'><strong>tilium</strong></span> <span class='ocrx_word' id='word_1_369' title='bbox 1678 680 1864 708; x_wconf 73' lang='lat' dir='ltr'><strong>Cin&#39;istianant</strong></span> 
     </span>
    </p>
   </div>
   <div class='ocr_carea' id='block_1_57' title="bbox 1076 725 1865 764">
    <p class='ocr_par' dir='ltr' id='par_1_57' title="bbox 1076 725 1865 764">
     <span class='ocr_line' id='line_1_57' title="bbox 1076 725 1865 764; baseline 0.003 -12"><span class='ocrx_word' id='word_1_370' title='bbox 1076 725 1234 760; x_wconf 83' lang='lat' dir='ltr'><strong>religionem</strong></span> <span class='ocrx_word' id='word_1_371' title='bbox 1255 725 1440 760; x_wconf 76' lang='lat' dir='ltr'><strong>amplexatum</strong></span> <span class='ocrx_word' id='word_1_372' title='bbox 1455 726 1483 752; x_wconf 92' lang='lat' dir='ltr'><strong>in</strong></span> <span class='ocrx_word' id='word_1_373' title='bbox 1501 730 1620 753; x_wconf 85' lang='lat' dir='ltr'><strong>montem</strong></span> <span class='ocrx_word' id='word_1_374' title='bbox 1645 726 1792 764; x_wconf 79' lang='lat' dir='ltr'><strong>recessisse</strong></span> <span class='ocrx_word' id='word_1_375' title='bbox 1806 733 1865 754; x_wconf 91' lang='lat' dir='ltr'><strong>mo-</strong></span> 
     </span>
    </p>
   </div>
   <div class='ocr_carea' id='block_1_58' title="bbox 1076 771 1864 806">
    <p class='ocr_par' dir='ltr' id='par_1_58' title="bbox 1076 771 1864 806">
     <span class='ocr_line' id='line_1_58' title="bbox 1076 771 1864 806; baseline 0 -8"><span class='ocrx_word' id='word_1_376' title='bbox 1076 771 1284 806; x_wconf 85' lang='lat' dir='ltr'><strong>nachorumque</strong></span> <span class='ocrx_word' id='word_1_377' title='bbox 1300 771 1383 798; x_wconf 87' lang='lat' dir='ltr'><strong>vitam</strong></span> <span class='ocrx_word' id='word_1_378' title='bbox 1408 771 1562 806; x_wconf 87' lang='lat' dir='ltr'><strong>suscepisse</strong></span> <span class='ocrx_word' id='word_1_379' title='bbox 1588 771 1676 806; x_wconf 85' lang='lat' dir='ltr'><strong>ﬁngit,</strong></span> <span class='ocrx_word' id='word_1_380' title='bbox 1693 771 1864 806; x_wconf 86' lang='lat' dir='ltr'><strong>alloquitur:</strong></span> 
     </span>
    </p>
   </div>
   <div class='ocr_carea' id='block_1_59' title="bbox 1077 817 1867 852">
    <p class='ocr_par' dir='ltr' id='par_1_59' title="bbox 1077 817 1867 852">
     <span class='ocr_line' id='line_1_59' title="bbox 1077 817 1867 852; baseline 0.001 -8"><span class='ocrx_word' id='word_1_381' title='bbox 1077 818 1260 852; x_wconf 85' lang='lat' dir='ltr'><strong>humanisque</strong></span> <span class='ocrx_word' id='word_1_382' title='bbox 1275 817 1424 845; x_wconf 86' lang='lat' dir='ltr'><strong>ratiociniis</strong></span> <span class='ocrx_word' id='word_1_383' title='bbox 1433 823 1515 852; x_wconf 90' lang='lat' dir='ltr'><strong>atque</strong></span> <span class='ocrx_word' id='word_1_384' title='bbox 1523 818 1655 852; x_wconf 88' lang='lat' dir='ltr'><strong>exemplis</strong></span> <span class='ocrx_word' id='word_1_385' title='bbox 1663 822 1782 845; x_wconf 86' lang='lat' dir='ltr'><strong>veterum</strong></span> <span class='ocrx_word' id='word_1_386' title='bbox 1795 817 1867 845; x_wconf 64' lang='lat' dir='ltr'><strong>Grae-</strong></span> 
     </span>
    </p>
   </div>
   <div class='ocr_carea' id='block_1_60' title="bbox 1076 861 1866 898">
    <p class='ocr_par' dir='ltr' id='par_1_60' title="bbox 1076 861 1866 898">
     <span class='ocr_line' id='line_1_60' title="bbox 1076 861 1866 898; baseline 0 -8"><span class='ocrx_word' id='word_1_387' title='bbox 1076 870 1170 890; x_wconf 89' lang='lat' dir='ltr'><strong>corum</strong></span> <span class='ocrx_word' id='word_1_388' title='bbox 1185 863 1285 897; x_wconf 87' lang='lat' dir='ltr'><strong>probat</strong></span> <span class='ocrx_word' id='word_1_389' title='bbox 1301 870 1376 896; x_wconf 87' lang='lat' dir='ltr'><strong>eum,</strong></span> <span class='ocrx_word' id='word_1_390' title='bbox 1392 863 1439 898; x_wconf 91' lang='lat' dir='ltr'><strong>qui</strong></span> <span class='ocrx_word' id='word_1_391' title='bbox 1459 863 1550 890; x_wconf 89' lang='lat' dir='ltr'><strong>omnia</strong></span> <span class='ocrx_word' id='word_1_392' title='bbox 1573 863 1698 898; x_wconf 87' lang='lat' dir='ltr'><strong>despicit,</strong></span> <span class='ocrx_word' id='word_1_393' title='bbox 1717 870 1780 890; x_wconf 87' lang='lat' dir='ltr'><strong>vere</strong></span> <span class='ocrx_word' id='word_1_394' title='bbox 1795 861 1866 890; x_wconf 86' lang='lat' dir='ltr'><strong>divi-</strong></span> 
     </span>
    </p>
   </div>
   <div class='ocr_carea' id='block_1_61' title="bbox 1077 908 1866 944">
    <p class='ocr_par' dir='ltr' id='par_1_61' title="bbox 1077 908 1866 944">
     <span class='ocr_line' id='line_1_61' title="bbox 1077 908 1866 944; baseline 0 -8"><span class='ocrx_word' id='word_1_395' title='bbox 1077 913 1130 936; x_wconf 88' lang='lat' dir='ltr'><strong>tem</strong></span> <span class='ocrx_word' id='word_1_396' title='bbox 1146 916 1217 941; x_wconf 88' lang='lat' dir='ltr'><strong>esse,</strong></span> <span class='ocrx_word' id='word_1_397' title='bbox 1230 908 1385 943; x_wconf 87' lang='lat' dir='ltr'><strong>virtuteque</strong></span> <span class='ocrx_word' id='word_1_398' title='bbox 1400 909 1543 936; x_wconf 87' lang='lat' dir='ltr'><strong>clariorem</strong></span> <span class='ocrx_word' id='word_1_399' title='bbox 1561 909 1645 943; x_wconf 87' lang='lat' dir='ltr'><strong>eﬂici,</strong></span> <span class='ocrx_word' id='word_1_400' title='bbox 1663 916 1745 944; x_wconf 88' lang='lat' dir='ltr'><strong>quam</strong></span> <span class='ocrx_word' id='word_1_401' title='bbox 1768 908 1866 944; x_wconf 83' lang='lat' dir='ltr'><strong>opibus</strong></span> 
     </span>
    </p>
   </div>
   <div class='ocr_carea' id='block_1_62' title="bbox 1076 953 1866 989">
    <p class='ocr_par' dir='ltr' id='par_1_62' title="bbox 1076 953 1866 989">
     <span class='ocr_line' id='line_1_62' title="bbox 1076 953 1866 989; baseline -0.001 -8"><span class='ocrx_word' id='word_1_402' title='bbox 1076 953 1239 985; x_wconf 77' lang='lat' dir='ltr'><strong>efﬁceretur,</strong></span> <span class='ocrx_word' id='word_1_403' title='bbox 1257 958 1339 989; x_wconf 87' lang='lat' dir='ltr'><strong>atque</strong></span> <span class='ocrx_word' id='word_1_404' title='bbox 1351 962 1366 981; x_wconf 92' lang='lat' dir='ltr'><strong>a</strong></span> <span class='ocrx_word' id='word_1_405' title='bbox 1381 955 1491 982; x_wconf 89' lang='lat' dir='ltr'><strong>nemine</strong></span> <span class='ocrx_word' id='word_1_406' title='bbox 1507 954 1567 981; x_wconf 81' lang='lat' dir='ltr'><strong>laedi</strong></span> <span class='ocrx_word' id='word_1_407' title='bbox 1578 961 1669 989; x_wconf 75' lang='lat' dir='ltr'><strong>posse.</strong></span> <span class='ocrx_word' id='word_1_408' title='bbox 1686 953 1762 981; x_wconf 82' lang='lat' dir='ltr'><strong>Licet</strong></span> <span class='ocrx_word' id='word_1_409' title='bbox 1775 957 1866 981; x_wconf 82' lang='lat' dir='ltr'><strong>autem</strong></span> 
     </span>
    </p>
   </div>
   <div class='ocr_carea' id='block_1_63' title="bbox 1076 997 1865 1034">
    <p class='ocr_par' dir='ltr' id='par_1_63' title="bbox 1076 997 1865 1034">
     <span class='ocr_line' id='line_1_63' title="bbox 1076 997 1865 1034; baseline -0.003 -8"><span class='ocrx_word' id='word_1_410' title='bbox 1076 999 1144 1027; x_wconf 92' lang='lat' dir='ltr'><strong>illud</strong></span> <span class='ocrx_word' id='word_1_411' title='bbox 1161 999 1288 1034; x_wconf 78' lang='lat' dir='ltr'><strong>ﬁngentis</strong></span> <span class='ocrx_word' id='word_1_412' title='bbox 1314 1007 1390 1026; x_wconf 86' lang='lat' dir='ltr'><strong>more</strong></span> <span class='ocrx_word' id='word_1_413' title='bbox 1412 1003 1558 1034; x_wconf 87' lang='lat' dir='ltr'><strong>proponat,</strong></span> <span class='ocrx_word' id='word_1_414' title='bbox 1574 998 1601 1025; x_wconf 93' lang='lat' dir='ltr'><strong>in</strong></span> <span class='ocrx_word' id='word_1_415' title='bbox 1623 998 1678 1025; x_wconf 88' lang='lat' dir='ltr'><strong>ﬁne</strong></span> <span class='ocrx_word' id='word_1_416' title='bbox 1694 1002 1783 1025; x_wconf 88' lang='lat' dir='ltr'><strong>tamen</strong></span> <span class='ocrx_word' id='word_1_417' title='bbox 1803 997 1865 1024; x_wconf 91' lang='lat' dir='ltr'><strong>libri</strong></span> 
     </span>
    </p>
   </div>
   <div class='ocr_carea' id='block_1_64' title="bbox 1077 1043 1866 1078">
    <p class='ocr_par' dir='ltr' id='par_1_64' title="bbox 1077 1043 1866 1078">
     <span class='ocr_line' id='line_1_64' title="bbox 1077 1043 1866 1078; baseline -0.004 -5"><span class='ocrx_word' id='word_1_418' title='bbox 1077 1046 1125 1076; x_wconf 89' lang='lat' dir='ltr'><strong>ait.</strong></span> <span class='ocrx_word' id='word_1_419' title='bbox 1141 1045 1260 1073; x_wconf 90' lang='lat' dir='ltr'><strong>amicum</strong></span> <span class='ocrx_word' id='word_1_420' title='bbox 1277 1045 1328 1073; x_wconf 85' lang='lat' dir='ltr'><strong>sibi</strong></span> <span class='ocrx_word' id='word_1_421' title='bbox 1342 1044 1429 1073; x_wconf 76' lang='lat' dir='ltr'><strong>fuisse</strong></span> <span class='ocrx_word' id='word_1_422' title='bbox 1439 1044 1540 1072; x_wconf 78' lang='lat' dir='ltr'><strong>ethnici</strong></span> <span class='ocrx_word' id='word_1_423' title='bbox 1552 1044 1601 1071; x_wconf 84' lang='lat' dir='ltr'><strong>viri</strong></span> <span class='ocrx_word' id='word_1_424' title='bbox 1621 1044 1718 1076; x_wconf 88' lang='lat' dir='ltr'><strong>ﬁlium,</strong></span> <span class='ocrx_word' id='word_1_425' title='bbox 1731 1043 1790 1078; x_wconf 86' lang='lat' dir='ltr'><strong>qui,</strong></span> <span class='ocrx_word' id='word_1_426' title='bbox 1803 1051 1866 1071; x_wconf 90' lang='lat' dir='ltr'><strong>eum</strong></span> 
     </span>
    </p>
   </div>
   <div class='ocr_carea' id='block_1_65' title="bbox 1077 1090 1866 1126">
    <p class='ocr_par' dir='ltr' id='par_1_65' title="bbox 1077 1090 1866 1126">
     <span class='ocr_line' id='line_1_65' title="bbox 1077 1090 1866 1126; baseline -0.003 -8"><span class='ocrx_word' id='word_1_427' title='bbox 1077 1090 1261 1118; x_wconf 86' lang='lat' dir='ltr'><strong>Christianam</strong></span> <span class='ocrx_word' id='word_1_428' title='bbox 1287 1090 1488 1126; x_wconf 87' lang='lat' dir='ltr'><strong>philosophiam</strong></span> <span class='ocrx_word' id='word_1_429' title='bbox 1506 1090 1648 1124; x_wconf 79' lang='lat' dir='ltr'><strong>amplexus</strong></span> <span class='ocrx_word' id='word_1_430' title='bbox 1663 1093 1746 1122; x_wconf 86' lang='lat' dir='ltr'><strong>esset,</strong></span> <span class='ocrx_word' id='word_1_431' title='bbox 1763 1093 1866 1124; x_wconf 85' lang='lat' dir='ltr'><strong>patrem</strong></span> 
     </span>
    </p>
   </div>
   <div class='ocr_carea' id='block_1_66' title="bbox 1076 1134 1867 1171">
    <p class='ocr_par' dir='ltr' id='par_1_66' title="bbox 1076 1134 1867 1171">
     <span class='ocr_line' id='line_1_66' title="bbox 1076 1134 1867 1171; baseline -0.004 -7"><span class='ocrx_word' id='word_1_432' title='bbox 1076 1144 1107 1164; x_wconf 89' lang='lat' dir='ltr'><strong>se</strong></span> <span class='ocrx_word' id='word_1_433' title='bbox 1122 1137 1215 1170; x_wconf 85' lang='lat' dir='ltr'><strong>minis,</strong></span> <span class='ocrx_word' id='word_1_434' title='bbox 1230 1136 1347 1165; x_wconf 82' lang='lat' dir='ltr'><strong>vinculis</strong></span> <span class='ocrx_word' id='word_1_435' title='bbox 1365 1136 1482 1171; x_wconf 86' lang='lat' dir='ltr'><strong>aliisque</strong></span> <span class='ocrx_word' id='word_1_436' title='bbox 1500 1135 1630 1163; x_wconf 83' lang='lat' dir='ltr'><strong>aerumnis</strong></span> <span class='ocrx_word' id='word_1_437' title='bbox 1645 1135 1678 1162; x_wconf 90' lang='lat' dir='ltr'><strong>ad</strong></span> <span class='ocrx_word' id='word_1_438' title='bbox 1691 1134 1809 1170; x_wconf 88' lang='lat' dir='ltr'><strong>priorem</strong></span> <span class='ocrx_word' id='word_1_439' title='bbox 1825 1134 1867 1161; x_wconf 81' lang='lat' dir='ltr'><strong>vi-</strong></span> 
     </span>
    </p>
   </div>
   <div class='ocr_carea' id='block_1_67' title="bbox 1079 1180 1868 1214">
    <p class='ocr_par' dir='ltr' id='par_1_67' title="bbox 1079 1180 1868 1214">
     <span class='ocr_line' id='line_1_67' title="bbox 1079 1180 1868 1214; baseline -0.004 -5"><span class='ocrx_word' id='word_1_440' title='bbox 1079 1185 1134 1209; x_wconf 85' lang='lat' dir='ltr'><strong>tam</strong></span> <span class='ocrx_word' id='word_1_441' title='bbox 1149 1189 1279 1209; x_wconf 79' lang='lat' dir='ltr'><strong>revocare</strong></span> <span class='ocrx_word' id='word_1_442' title='bbox 1292 1186 1449 1214; x_wconf 89' lang='lat' dir='ltr'><strong>conantem,</strong></span> <span class='ocrx_word' id='word_1_443' title='bbox 1462 1181 1572 1209; x_wconf 87' lang='lat' dir='ltr'><strong>demum</strong></span> <span class='ocrx_word' id='word_1_444' title='bbox 1593 1180 1748 1208; x_wconf 88' lang='lat' dir='ltr'><strong>constantia</strong></span> <span class='ocrx_word' id='word_1_445' title='bbox 1767 1187 1817 1207; x_wconf 86' lang='lat' dir='ltr'><strong>sua</strong></span> <span class='ocrx_word' id='word_1_446' title='bbox 1834 1186 1868 1207; x_wconf 88' lang='lat' dir='ltr'><strong>eo</strong></span> 
     </span>
    </p>
   </div>
   <div class='ocr_carea' id='block_1_68' title="bbox 1079 1226 1869 1262">
    <p class='ocr_par' dir='ltr' id='par_1_68' title="bbox 1079 1226 1869 1262">
     <span class='ocr_line' id='line_1_68' title="bbox 1079 1226 1869 1262; baseline -0.004 -7"><span class='ocrx_word' id='word_1_447' title='bbox 1079 1227 1235 1260; x_wconf 78' lang='lat' dir='ltr'><strong>adduxerit,</strong></span> <span class='ocrx_word' id='word_1_448' title='bbox 1255 1231 1286 1254; x_wconf 91' lang='lat' dir='ltr'><strong>ut</strong></span> <span class='ocrx_word' id='word_1_449' title='bbox 1310 1227 1420 1255; x_wconf 90' lang='lat' dir='ltr'><strong>demum</strong></span> <span class='ocrx_word' id='word_1_450' title='bbox 1447 1226 1613 1262; x_wconf 81' lang='lat' dir='ltr'><strong>palinodiam</strong></span> <span class='ocrx_word' id='word_1_451' title='bbox 1641 1229 1761 1258; x_wconf 85' lang='lat' dir='ltr'><strong>caneret,</strong></span> <span class='ocrx_word' id='word_1_452' title='bbox 1786 1229 1869 1260; x_wconf 85' lang='lat' dir='ltr'><strong>atque</strong></span> 
     </span>
    </p>
   </div>
   <div class='ocr_carea' id='block_1_69' title="bbox 1079 1271 1870 1306">
    <p class='ocr_par' dir='ltr' id='par_1_69' title="bbox 1079 1271 1870 1306">
     <span class='ocr_line' id='line_1_69' title="bbox 1079 1271 1870 1306; baseline -0.003 -6"><span class='ocrx_word' id='word_1_453' title='bbox 1079 1273 1165 1302; x_wconf 90' lang='lat' dir='ltr'><strong>ﬁlium</strong></span> <span class='ocrx_word' id='word_1_454' title='bbox 1190 1273 1267 1302; x_wconf 90' lang='lat' dir='ltr'><strong>illum</strong></span> <span class='ocrx_word' id='word_1_455' title='bbox 1291 1273 1397 1302; x_wconf 55' lang='lat' dir='ltr'><strong>caeteris</strong></span> <span class='ocrx_word' id='word_1_456' title='bbox 1423 1273 1587 1304; x_wconf 77' lang='lat' dir='ltr'><strong>anteferret,</strong></span> <span class='ocrx_word' id='word_1_457' title='bbox 1612 1271 1669 1299; x_wconf 90' lang='lat' dir='ltr'><strong>imo</strong></span> <span class='ocrx_word' id='word_1_458' title='bbox 1696 1271 1782 1306; x_wconf 89' lang='lat' dir='ltr'><strong>patris</strong></span> <span class='ocrx_word' id='word_1_459' title='bbox 1801 1271 1870 1298; x_wconf 87' lang='lat' dir='ltr'><strong>.loco</strong></span> 
     </span>
    </p>
   </div>
   <div class='ocr_carea' id='block_1_70' title="bbox 1079 1319 1201 1348">
    <p class='ocr_par' dir='ltr' id='par_1_70' title="bbox 1079 1319 1201 1348">
     <span class='ocr_line' id='line_1_70' title="bbox 1079 1319 1201 1348; baseline 0 -1"><span class='ocrx_word' id='word_1_460' title='bbox 1079 1319 1201 1348; x_wconf 85' lang='lat' dir='ltr'><strong>haberet.</strong></span> 
     </span>
    </p>
   </div>
   <div class='ocr_carea' id='block_1_71' title="bbox 1115 1361 1870 1401">
    <p class='ocr_par' dir='ltr' id='par_1_71' title="bbox 1115 1361 1870 1401">
     <span class='ocr_line' id='line_1_71' title="bbox 1115 1361 1870 1401; baseline -0.008 -7"><span class='ocrx_word' id='word_1_461' title='bbox 1115 1366 1144 1393; x_wconf 86' lang='lat' dir='ltr'><strong>In</strong></span> <span class='ocrx_word' id='word_1_462' title='bbox 1158 1366 1239 1394; x_wconf 88' lang='lat' dir='ltr'><strong>tertio</strong></span> <span class='ocrx_word' id='word_1_463' title='bbox 1256 1366 1336 1401; x_wconf 82' lang='lat' dir='ltr'><strong>longe</strong></span> <span class='ocrx_word' id='word_1_464' title='bbox 1349 1364 1492 1401; x_wconf 77' lang='lat' dir='ltr'><strong>prolixiori</strong></span> <span class='ocrx_word' id='word_1_465' title='bbox 1504 1363 1626 1392; x_wconf 88' lang='lat' dir='ltr'><strong>oratione</strong></span> <span class='ocrx_word' id='word_1_466' title='bbox 1644 1368 1747 1399; x_wconf 88' lang='lat' dir='ltr'><strong>patrem</strong></span> <span class='ocrx_word' id='word_1_467' title='bbox 1765 1361 1870 1389; x_wconf 86' lang='lat' dir='ltr'><strong>ﬁdelem</strong></span> 
     </span>
    </p>
   </div>
   <div class='ocr_carea' id='block_1_72' title="bbox 1079 1407 1869 1448">
    <p class='ocr_par' dir='ltr' id='par_1_72' title="bbox 1079 1407 1869 1448">
     <span class='ocr_line' id='line_1_72' title="bbox 1079 1407 1869 1448; baseline -0.008 -8"><span class='ocrx_word' id='word_1_468' title='bbox 1079 1412 1239 1448; x_wconf 83' lang='lat' dir='ltr'><strong>alloquitur,</strong></span> <span class='ocrx_word' id='word_1_469' title='bbox 1252 1417 1400 1446; x_wconf 87' lang='lat' dir='ltr'><strong>monetque</strong></span> <span class='ocrx_word' id='word_1_470' title='bbox 1415 1418 1450 1438; x_wconf 88' lang='lat' dir='ltr'><strong>ne</strong></span> <span class='ocrx_word' id='word_1_471' title='bbox 1473 1409 1558 1437; x_wconf 90' lang='lat' dir='ltr'><strong>ﬁlium</strong></span> <span class='ocrx_word' id='word_1_472' title='bbox 1584 1409 1712 1437; x_wconf 81' lang='lat' dir='ltr'><strong>secedere</strong></span> <span class='ocrx_word' id='word_1_473' title='bbox 1734 1407 1869 1435; x_wconf 85' lang='lat' dir='ltr'><strong>volentem</strong></span> 
     </span>
    </p>
   </div>
   <div class='ocr_carea' id='block_1_73' title="bbox 1079 1453 1870 1491">
    <p class='ocr_par' dir='ltr' id='par_1_73' title="bbox 1079 1453 1870 1491">
     <span class='ocr_line' id='line_1_73' title="bbox 1079 1453 1870 1491; baseline -0.009 -4"><span class='ocrx_word' id='word_1_474' title='bbox 1079 1467 1094 1486; x_wconf 86' lang='lat' dir='ltr'><strong>a</strong></span> <span class='ocrx_word' id='word_1_475' title='bbox 1111 1458 1245 1487; x_wconf 79' lang='lat' dir='ltr'><strong>sententia</strong></span> <span class='ocrx_word' id='word_1_476' title='bbox 1258 1457 1386 1489; x_wconf 90' lang='lat' dir='ltr'><strong>deducat,</strong></span> <span class='ocrx_word' id='word_1_477' title='bbox 1402 1460 1459 1484; x_wconf 94' lang='lat' dir='ltr'><strong>tum</strong></span> <span class='ocrx_word' id='word_1_478' title='bbox 1480 1459 1623 1491; x_wconf 84' lang='lat' dir='ltr'><strong>parentum</strong></span> <span class='ocrx_word' id='word_1_479' title='bbox 1646 1454 1780 1482; x_wconf 90' lang='lat' dir='ltr'><strong>incuriam</strong></span> <span class='ocrx_word' id='word_1_480' title='bbox 1796 1453 1870 1481; x_wconf 89' lang='lat' dir='ltr'><strong>circa</strong></span> 
     </span>
    </p>
   </div>
   <div class='ocr_carea' id='block_1_74' title="bbox 1079 1503 1870 1537">
    <p class='ocr_par' dir='ltr' id='par_1_74' title="bbox 1079 1503 1870 1537">
     <span class='ocr_line' id='line_1_74' title="bbox 1079 1503 1870 1537; baseline -0.008 -5"><span class='ocrx_word' id='word_1_481' title='bbox 1079 1505 1199 1532; x_wconf 86' lang='lat' dir='ltr'><strong>ﬁliorum</strong></span> <span class='ocrx_word' id='word_1_482' title='bbox 1221 1503 1338 1532; x_wconf 86' lang='lat' dir='ltr'><strong>salutem</strong></span> <span class='ocrx_word' id='word_1_483' title='bbox 1361 1503 1528 1535; x_wconf 85' lang='lat' dir='ltr'><strong>insectatur;</strong></span> <span class='ocrx_word' id='word_1_484' title='bbox 1547 1506 1650 1537; x_wconf 89' lang='lat' dir='ltr'><strong>quanta</strong></span> <span class='ocrx_word' id='word_1_485' title='bbox 1675 1508 1781 1528; x_wconf 88' lang='lat' dir='ltr'><strong>morum</strong></span> <span class='ocrx_word' id='word_1_486' title='bbox 1808 1507 1870 1527; x_wconf 85' lang='lat' dir='ltr'><strong>cor-</strong></span> 
     </span>
    </p>
   </div>
   <div class='ocr_carea' id='block_1_75' title="bbox 1080 1544 1871 1586">
    <p class='ocr_par' dir='ltr' id='par_1_75' title="bbox 1080 1544 1871 1586">
     <span class='ocr_line' id='line_1_75' title="bbox 1080 1544 1871 1586; baseline -0.009 -8"><span class='ocrx_word' id='word_1_487' title='bbox 1080 1551 1172 1586; x_wconf 89' lang='lat' dir='ltr'><strong>ruptio</strong></span> <span class='ocrx_word' id='word_1_488' title='bbox 1189 1549 1327 1578; x_wconf 87' lang='lat' dir='ltr'><strong>civitatem</strong></span> <span class='ocrx_word' id='word_1_489' title='bbox 1343 1548 1475 1576; x_wconf 88' lang='lat' dir='ltr'><strong>invaserit</strong></span> <span class='ocrx_word' id='word_1_490' title='bbox 1487 1547 1648 1583; x_wconf 81' lang='grc' dir='ltr'><strong>παθητικῶς</strong></span> <span class='ocrx_word' id='word_1_491' title='bbox 1660 1545 1789 1574; x_wconf 85' lang='lat' dir='ltr'><strong>describit</strong></span> <span class='ocrx_word' id='word_1_492' title='bbox 1802 1553 1810 1571; x_wconf 87' lang='lat'><strong>:</strong></span> <span class='ocrx_word' id='word_1_493' title='bbox 1826 1544 1871 1571; x_wconf 81' lang='lat' dir='ltr'><strong>vix</strong></span> 
     </span>
    </p>
   </div>
   <div class='ocr_carea' id='block_1_76' title="bbox 1080 1593 1869 1634">
    <p class='ocr_par' dir='ltr' id='par_1_76' title="bbox 1080 1593 1869 1634">
     <span class='ocr_line' id='line_1_76' title="bbox 1080 1593 1869 1634; baseline -0.008 -8"><span class='ocrx_word' id='word_1_494' title='bbox 1080 1605 1162 1634; x_wconf 86' lang='lat' dir='ltr'><strong>posse</strong></span> <span class='ocrx_word' id='word_1_495' title='bbox 1180 1598 1218 1626; x_wconf 86' lang='lat' dir='ltr'><strong>ait</strong></span> <span class='ocrx_word' id='word_1_496' title='bbox 1232 1597 1348 1625; x_wconf 83' lang='lat' dir='ltr'><strong>salutem</strong></span> <span class='ocrx_word' id='word_1_497' title='bbox 1362 1596 1454 1625; x_wconf 87' lang='lat' dir='ltr'><strong>curari</strong></span> <span class='ocrx_word' id='word_1_498' title='bbox 1469 1596 1497 1623; x_wconf 91' lang='lat' dir='ltr'><strong>in</strong></span> <span class='ocrx_word' id='word_1_499' title='bbox 1512 1599 1586 1624; x_wconf 83' lang='lat' dir='ltr'><strong>tanta</strong></span> <span class='ocrx_word' id='word_1_500' title='bbox 1598 1595 1727 1623; x_wconf 88' lang='lat' dir='ltr'><strong>vitiorum</strong></span> <span class='ocrx_word' id='word_1_501' title='bbox 1744 1593 1869 1621; x_wconf 89' lang='lat' dir='ltr'><strong>colluvie.</strong></span> 
     </span>
    </p>
   </div>
   <div class='ocr_carea' id='block_1_77' title="bbox 1082 1639 1873 1675">
    <p class='ocr_par' dir='ltr' id='par_1_77' title="bbox 1082 1639 1873 1675">
     <span class='ocr_line' id='line_1_77' title="bbox 1082 1639 1873 1675; baseline -0.008 -4"><span class='ocrx_word' id='word_1_502' title='bbox 1082 1643 1189 1672; x_wconf 85' lang='lat' dir='ltr'><strong>Laudat</strong></span> <span class='ocrx_word' id='word_1_503' title='bbox 1200 1643 1398 1671; x_wconf 86' lang='lat' dir='ltr'><strong>monachorum</strong></span> <span class='ocrx_word' id='word_1_504' title='bbox 1418 1641 1514 1673; x_wconf 85' lang='lat' dir='ltr'><strong>vitam,</strong></span> <span class='ocrx_word' id='word_1_505' title='bbox 1525 1641 1724 1675; x_wconf 86' lang='lat' dir='ltr'><strong>historiamque</strong></span> <span class='ocrx_word' id='word_1_506' title='bbox 1739 1639 1816 1667; x_wconf 81' lang='lat' dir='ltr'><strong>aﬂ&#39;ert</strong></span> <span class='ocrx_word' id='word_1_507' title='bbox 1828 1639 1873 1674; x_wconf 88' lang='lat' dir='ltr'><strong>ju-</strong></span> 
     </span>
    </p>
   </div>
   <div class='ocr_carea' id='block_1_78' title="bbox 1082 1686 1872 1721">
    <p class='ocr_par' dir='ltr' id='par_1_78' title="bbox 1082 1686 1872 1721">
     <span class='ocr_line' id='line_1_78' title="bbox 1082 1686 1872 1721; baseline -0.008 -4"><span class='ocrx_word' id='word_1_508' title='bbox 1082 1689 1160 1717; x_wconf 89' lang='lat' dir='ltr'><strong>venis</strong></span> <span class='ocrx_word' id='word_1_509' title='bbox 1177 1696 1192 1716; x_wconf 88' lang='lat' dir='ltr'><strong>a</strong></span> <span class='ocrx_word' id='word_1_510' title='bbox 1210 1688 1335 1717; x_wconf 83' lang='lat' dir='ltr'><strong>solitario</strong></span> <span class='ocrx_word' id='word_1_511' title='bbox 1356 1688 1383 1715; x_wconf 92' lang='lat' dir='ltr'><strong>in</strong></span> <span class='ocrx_word' id='word_1_512' title='bbox 1407 1688 1476 1715; x_wconf 90' lang='lat' dir='ltr'><strong>urbe</strong></span> <span class='ocrx_word' id='word_1_513' title='bbox 1490 1686 1618 1719; x_wconf 89' lang='lat' dir='ltr'><strong>educati;</strong></span> <span class='ocrx_word' id='word_1_514' title='bbox 1643 1693 1755 1721; x_wconf 89' lang='lat' dir='ltr'><strong>remque</strong></span> <span class='ocrx_word' id='word_1_515' title='bbox 1777 1688 1872 1712; x_wconf 86' lang='lat' dir='ltr'><strong>notatu</strong></span> 
     </span>
    </p>
   </div>
   <div class='ocr_carea' id='block_1_79' title="bbox 1083 1729 1872 1771">
    <p class='ocr_par' dir='ltr' id='par_1_79' title="bbox 1083 1729 1872 1771">
     <span class='ocr_line' id='line_1_79' title="bbox 1083 1729 1872 1771; baseline -0.008 -8"><span class='ocrx_word' id='word_1_516' title='bbox 1083 1736 1192 1771; x_wconf 76' lang='lat' dir='ltr'><strong>dignam</strong></span> <span class='ocrx_word' id='word_1_517' title='bbox 1206 1735 1296 1768; x_wconf 80' lang='lat' dir='ltr'><strong>(locet,</strong></span> <span class='ocrx_word' id='word_1_518' title='bbox 1315 1741 1414 1768; x_wconf 88' lang='lat' dir='ltr'><strong>nempe</strong></span> <span class='ocrx_word' id='word_1_519' title='bbox 1433 1732 1617 1760; x_wconf 80' lang='lat' dir='ltr'><strong>Antiochenos</strong></span> <span class='ocrx_word' id='word_1_520' title='bbox 1635 1731 1705 1759; x_wconf 85' lang='lat' dir='ltr'><strong>ﬁlios</strong></span> <span class='ocrx_word' id='word_1_521' title='bbox 1723 1738 1788 1758; x_wconf 90' lang='lat' dir='ltr'><strong>suos</strong></span> <span class='ocrx_word' id='word_1_522' title='bbox 1805 1729 1872 1757; x_wconf 88' lang='lat' dir='ltr'><strong>ado-</strong></span> 
     </span>
    </p>
   </div>
   <div class='ocr_carea' id='block_1_80' title="bbox 1083 1776 1871 1809">
    <p class='ocr_par' dir='ltr' id='par_1_80' title="bbox 1083 1776 1871 1809">
     <span class='ocr_line' id='line_1_80' title="bbox 1083 1776 1871 1809; baseline -0.009 0"><span class='ocrx_word' id='word_1_523' title='bbox 1083 1782 1216 1809; x_wconf 80' lang='lat' dir='ltr'><strong>lescentes</strong></span> <span class='ocrx_word' id='word_1_524' title='bbox 1241 1780 1273 1807; x_wconf 89' lang='lat' dir='ltr'><strong>ad</strong></span> <span class='ocrx_word' id='word_1_525' title='bbox 1297 1778 1463 1807; x_wconf 89' lang='lat' dir='ltr'><strong>monasteria</strong></span> <span class='ocrx_word' id='word_1_526' title='bbox 1488 1778 1595 1805; x_wconf 87' lang='lat' dir='ltr'><strong>mittere</strong></span> <span class='ocrx_word' id='word_1_527' title='bbox 1617 1776 1804 1808; x_wconf 81' lang='lat' dir='ltr'><strong>consuevissc,</strong></span> <span class='ocrx_word' id='word_1_528' title='bbox 1831 1779 1871 1808; x_wconf 93' lang='lat' dir='ltr'><strong>ut,</strong></span> 
     </span>
    </p>
   </div>
   <div class='ocr_carea' id='block_1_81' title="bbox 1083 1821 1872 1864">
    <p class='ocr_par' dir='ltr' id='par_1_81' title="bbox 1083 1821 1872 1864">
     <span class='ocr_line' id='line_1_81' title="bbox 1083 1821 1872 1864; baseline -0.01 -8"><span class='ocrx_word' id='word_1_529' title='bbox 1083 1833 1226 1864; x_wconf 83' lang='lat' dir='ltr'><strong>postquam</strong></span> <span class='ocrx_word' id='word_1_530' title='bbox 1243 1828 1271 1854; x_wconf 91' lang='lat' dir='ltr'><strong>in</strong></span> <span class='ocrx_word' id='word_1_531' title='bbox 1282 1827 1383 1854; x_wconf 89' lang='lat' dir='ltr'><strong>virtute</strong></span> <span class='ocrx_word' id='word_1_532' title='bbox 1397 1825 1552 1861; x_wconf 88' lang='lat' dir='ltr'><strong>pietateque</strong></span> <span class='ocrx_word' id='word_1_533' title='bbox 1560 1823 1644 1859; x_wconf 89' lang='lat' dir='ltr'><strong>probe</strong></span> <span class='ocrx_word' id='word_1_534' title='bbox 1653 1822 1792 1851; x_wconf 80' lang='lat' dir='ltr'><strong>exercitati</strong></span> <span class='ocrx_word' id='word_1_535' title='bbox 1803 1821 1872 1849; x_wconf 82' lang='lat' dir='ltr'><strong>fuis-</strong></span> 
     </span>
    </p>
   </div>
   <div class='ocr_carea' id='block_1_82' title="bbox 1084 1874 1468 1908">
    <p class='ocr_par' dir='ltr' id='par_1_82' title="bbox 1084 1874 1468 1908">
     <span class='ocr_line' id='line_1_82' title="bbox 1084 1874 1468 1908; baseline -0.005 -6"><span class='ocrx_word' id='word_1_536' title='bbox 1084 1880 1155 1907; x_wconf 84' lang='lat' dir='ltr'><strong>sent,</strong></span> <span class='ocrx_word' id='word_1_537' title='bbox 1171 1874 1283 1901; x_wconf 90' lang='lat' dir='ltr'><strong>domum</strong></span> <span class='ocrx_word' id='word_1_538' title='bbox 1305 1876 1468 1908; x_wconf 86' lang='lat' dir='ltr'><strong>repeterent.</strong></span> 
     </span>
    </p>
   </div>
   <div class='ocr_carea' id='block_1_83' title="bbox 1122 1914 1872 1956">
    <p class='ocr_par' dir='ltr' id='par_1_83' title="bbox 1122 1914 1872 1956">
     <span class='ocr_line' id='line_1_83' title="bbox 1122 1914 1872 1956; baseline -0.009 -8"><span class='ocrx_word' id='word_1_539' title='bbox 1122 1920 1177 1948; x_wconf 88' lang='lat' dir='ltr'><strong>Hos</strong></span> <span class='ocrx_word' id='word_1_540' title='bbox 1194 1927 1276 1956; x_wconf 87' lang='lat' dir='ltr'><strong>porro</strong></span> <span class='ocrx_word' id='word_1_541' title='bbox 1291 1919 1376 1947; x_wconf 89' lang='lat' dir='ltr'><strong>libros</strong></span> <span class='ocrx_word' id='word_1_542' title='bbox 1393 1918 1504 1946; x_wconf 81' lang='lat' dir='ltr'><strong>Latinos</strong></span> <span class='ocrx_word' id='word_1_543' title='bbox 1526 1917 1629 1945; x_wconf 82' lang='lat' dir='ltr'><strong>fecerat</strong></span> <span class='ocrx_word' id='word_1_544' title='bbox 1644 1914 1805 1943; x_wconf 83' lang='lat' dir='ltr'><strong>Ambrosius</strong></span> <span class='ocrx_word' id='word_1_545' title='bbox 1819 1914 1872 1941; x_wconf 87' lang='lat' dir='ltr'><strong>Ca-</strong></span> 
     </span>
    </p>
   </div>
   <div class='ocr_carea' id='block_1_84' title="bbox 1085 1960 1873 2000">
    <p class='ocr_par' dir='ltr' id='par_1_84' title="bbox 1085 1960 1873 2000">
     <span class='ocr_line' id='line_1_84' title="bbox 1085 1960 1873 2000; baseline -0.013 -5"><span class='ocrx_word' id='word_1_546' title='bbox 1085 1966 1273 1995; x_wconf 89' lang='lat' dir='ltr'><strong>maldulensis.</strong></span> <span class='ocrx_word' id='word_1_547' title='bbox 1287 1965 1388 1994; x_wconf 79' lang='lat' dir='ltr'><strong>Verum</strong></span> <span class='ocrx_word' id='word_1_548' title='bbox 1403 1965 1466 2000; x_wconf 88' lang='lat' dir='ltr'><strong>quia</strong></span> <span class='ocrx_word' id='word_1_549' title='bbox 1482 1962 1670 1998; x_wconf 85' lang='lat' dir='ltr'><strong>interpretatio</strong></span> <span class='ocrx_word' id='word_1_550' title='bbox 1680 1961 1740 1996; x_wconf 83' lang='lat' dir='ltr'><strong>ejus</strong></span> <span class='ocrx_word' id='word_1_551' title='bbox 1753 1960 1873 1995; x_wconf 80' lang='lat' dir='ltr'><strong>plerum—</strong></span> 
     </span>
    </p>
   </div>
   <div class='ocr_carea' id='block_1_85' title="bbox 1085 2006 1873 2049">
    <p class='ocr_par' dir='ltr' id='par_1_85' title="bbox 1085 2006 1873 2049">
     <span class='ocr_line' id='line_1_85' title="bbox 1085 2006 1873 2049; baseline -0.011 -8"><span class='ocrx_word' id='word_1_552' title='bbox 1085 2021 1139 2049; x_wconf 92' lang='lat' dir='ltr'><strong>que</strong></span> <span class='ocrx_word' id='word_1_553' title='bbox 1151 2011 1331 2048; x_wconf 86' lang='lat' dir='ltr'><strong>paraphrasin</strong></span> <span class='ocrx_word' id='word_1_554' title='bbox 1356 2010 1439 2047; x_wconf 84' lang='lat' dir='ltr'><strong>sapit,</strong></span> <span class='ocrx_word' id='word_1_555' title='bbox 1457 2017 1554 2038; x_wconf 82' lang='lat' dir='ltr'><strong>novam</strong></span> <span class='ocrx_word' id='word_1_556' title='bbox 1573 2008 1634 2036; x_wconf 88' lang='lat' dir='ltr'><strong>ideo</strong></span> <span class='ocrx_word' id='word_1_557' title='bbox 1647 2006 1795 2043; x_wconf 84' lang='lat' dir='ltr'><strong>parandam</strong></span> <span class='ocrx_word' id='word_1_558' title='bbox 1813 2012 1873 2033; x_wconf 84' lang='lat' dir='ltr'><strong>esse</strong></span> 
     </span>
    </p>
   </div>
   <div class='ocr_carea' id='block_1_86' title="bbox 1086 2059 1189 2095">
    <p class='ocr_par' dir='ltr' id='par_1_86' title="bbox 1086 2059 1189 2095">
     <span class='ocr_line' id='line_1_86' title="bbox 1086 2059 1189 2095; baseline 0 -8"><span class='ocrx_word' id='word_1_559' title='bbox 1086 2059 1189 2095; x_wconf 87' lang='lat' dir='ltr'><strong>putavi.</strong></span> 
     </span>
    </p>
   </div>
  </div>
