2061 3114
197 172 248 202 512

543 172 572 201 S.
593 171 736 201 JOANNIS
754 170 1000 204 CHRYSOSTOMI
1018 170 1179 200 ARCHIEP.
1198 171 1474 200 CONSTANTINOP.

1772 172 1825 200 τρΞο

206 269 1640 286 W

1385 269 1820 284 ’ἔδῃ

281 450 847 531 ADVERSUS
912 446 1765 528 OPPUGNATORES

380 700 556 740 EOBUM
588 699 680 747 QUI
711 698 779 736 AD
809 694 1144 736 MONASTICAM
1180 692 1347 734 VlTAM
1375 689 1667 733 INDUCUNT.

250 1065 274 1091 Ι.
295 1063 360 1090 Cum
373 1057 499 1096 templum
510 1062 574 1088 illud
584 1060 843 1096 aerosolymitanum,
853 1061 923 1094 quod
933 1059 1002 1087 mul-

216 1108 250 1136 tis
264 1107 339 1134 annis
353 1107 410 1133 solo
425 1109 556 1140 :equatum
575 1105 710 1140 jacuerat,
724 1111 738 1131 a
751 1103 877 1131 diuturna
889 1104 1002 1139 captivi-

220 1158 273 1180 tate
286 1152 383 1180 reversi
394 1151 498 1179 Hebraei
512 1151 660 1178 instaurare
671 1154 798 1185 cuperent
808 1149 850 1186 (2.
862 1149 953 1178 Enim
963 1150 1005 1185 ι),

217 1203 273 1225 tum
281 1196 385 1224 barbari
395 1196 500 1231 quidam
511 1200 538 1223 et
549 1196 678 1222 immanes
688 1194 818 1227 homines,
827 1202 913 1229 neque
921 1194 1003 1222 Deum

215 1242 332 1273 reveriti,
341 1242 383 1269 cui
397 1242 523 1276 templum
538 1241 576 1268 illi
591 1242 600 1257 ⁸
614 1245 764 1274 erexerant,
774 1247 860 1275 neque
870 1240 946 1267 fracti
959 1240 1003 1268 illa

215 1287 352 1315 hominum
363 1287 514 1314 calamitate
523 1307 531 1320 ,
544 1294 560 1314 a
574 1293 625 1321 qua
639 1294 700 1314 sero
712 1286 819 1314 tandem
831 1287 876 1314 vix
888 1294 918 1314 se
930 1294 1005 1314 rece-

217 1337 320 1369 perant,
336 1340 422 1367 neque
438 1332 558 1367 supplicii
579 1332 731 1366 hujusmodi
745 1332 906 1359 facinoribus
919 1339 935 1359 a
949 1331 1005 1359 Deo

215 1377 332 1413 deputati
341 1381 412 1405 metu
423 1377 543 1410 cohibiti,
553 1377 639 1412 primo
648 1376 754 1411 quidem
766 1385 813 1411 per
820 1384 849 1405 se
856 1384 903 1405 eos
911 1384 926 1404 a
936 1381 1006 1404 stru-

215 1428 289 1451 ctura
295 1430 419 1450 coercere
427 1422 592 1449 nitebantur:
602 1429 661 1449 cum
670 1427 757 1449 autem
766 1421 830 1449 nihil
836 1422 1003 1457 proficerent,

217 1469 304 1496 missis
322 1468 356 1495 ad
378 1475 467 1502 regem
489 1474 566 1496 suum
588 1467 691 1500 literis,
719 1467 814 1502 quibus
833 1474 891 1495 eam
913 1467 1005 1495 urbem

216 1514 373 1542 defectionis
382 1521 563 1548 novarumque
576 1521 665 1541 rerum
678 1512 835 1546 studiosam,
847 1520 878 1541 ac
888 1513 950 1540 belli
959 1521 1005 1541 cu—

217 1560 304 1596 pidam
315 1560 493 1596 appellabant,
508 1558 620 1586 suadent
633 1559 669 1591 ei,
682 1562 711 1585 ut
723 1558 773 1585 sibi
786 1558 904 1593 ejusdem
915 1558 1006 1593 prohi-

218 1606 295 1634 bendi
311 1605 417 1633 mdiﬁeii
429 1605 541 1633 facultas
554 1604 642 1632 detur.
662 1604 718 1638 Qua
731 1609 839 1639 accepta
852 1608 984 1639 potestate
995 1623 1004 1637 ,

217 1657 312 1686 magna
321 1650 440 1685 equitum
454 1657 535 1677 manu
547 1649 617 1676 viros
631 1649 727 1682 adorti,
740 1656 807 1684 opus
819 1648 884 1676 illud
894 1648 927 1675 ad
938 1653 1005 1676 tem-

218 1703 267 1731 pus
287 1695 423 1722 intermitti
442 1698 585 1729 eoegerunt
600 1703 607 1721 :
623 1695 633 1710 ¹
649 1698 676 1722 et
693 1694 756 1722 elati
774 1701 806 1721 ea
824 1694 952 1726 victoria,
971 1692 1006 1721 de

219 1749 270 1776 qua
282 1741 371 1776 lugere
381 1740 535 1774 debuerant,
545 1740 733 1775 gloriabantur,
745 1739 923 1774 putabantque
936 1738 1005 1766 hunc

218 1781 280 1814 esse
290 1786 443 1813 insidiarum
454 1793 562 1813 suarum
575 1786 728 1813 terminum.
742 1786 777 1812 At
788 1789 846 1812 erat
855 1785 918 1812 illud
928 1792 1006 1812 exor-

220 1832 293 1859 dium
308 1832 462 1866 initiumque
476 1838 578 1864 eorum,
594 1838 653 1866 qua:
664 1838 694 1857 se
706 1838 768 1858 mox
781 1830 903 1857 invasura
917 1834 1003 1864 erant,

220 1879 349 1905 malorum
365 1886 372 1905 :
390 1885 456 1912 opus
470 1877 540 1904 enim
555 1876 620 1904 illud
633 1876 830 1911 perficiebatur,
845 1883 876 1903 ac
889 1875 1005 1910 denique

221 1924 375 1958 praeclarum
388 1921 492 1950 nactum
506 1926 547 1950 est
560 1922 648 1949 tinem.
664 1921 731 1948 Tum
748 1921 785 1948 illi
798 1920 1005 1953 didicerunt,ac

221 1977 268 2004 per
280 1969 339 1996 illos
361 1968 493 2001 universi,
507 1976 559 1995 non
577 1975 637 1995 cum
659 1966 810 1994 hominibus
829 1967 897 1994 bella
910 1974 1005 2002 gerere

220 2014 398 2042 Mithridatem
411 2014 496 2047 illum,
510 2013 551 2041 vel
561 2013 642 2040 alium
655 2013 815 2047 quempiam,
828 2012 872 2047 qui
883 2013 945 2040 boni
956 2012 1005 2039 ali-

221 2059 283 2094 quid
293 2066 371 2094 agere
383 2059 550 2087 instituentes
564 2058 686 2086 homines
699 2061 846 2093 oppugnet;
860 2057 907 2085 sed
918 2057 1005 2092 potius

221 2114 281 2133 cum
299 2107 357 2141 ipso
371 2106 444 2139 Deo,
463 2106 508 2140 qui
532 2112 578 2140 per
594 2105 656 2132 illos
675 2103 829 2131 honoratur.
850 2103 900 2136 Qui
915 2108 1004 2130 autem

222 2151 277 2179 Deo
287 2151 384 2178 bellum
397 2153 495 2183 movet,
508 2157 651 2184 numquam
665 2152 751 2183 potest
762 2148 862 2176 bonum
875 2146 938 2174 belli
958 2154 1005 2174 ex-

221 2197 285 2224 itum
299 2196 413 2224 habere:
428 2195 474 2223 sed
486 2196 508 2222 is
527 2195 633 2230 quidem
648 2194 722 2221 initio
735 2193 859 2221 facinoris
873 2192 938 2220 nihil
951 2192 1005 2219 for-

221 2246 293 2268 tasse
313 2241 426 2276 patietur
448 2240 530 2272 mali;
554 2239 577 2266 si
602 2244 690 2267 tamen
714 2246 767 2266 non
791 2238 925 2273 patiatur,
950 2237 1005 2265 Deo

222 2287 294 2314 illum
321 2290 432 2313 vocante
459 2285 492 2313 ad
518 2285 714 2319 paenitentiam,
739 2288 820 2319 atque
843 2283 1005 2311 concedente

222 2335 251 2358 ut
263 2331 337 2365 quasi
355 2338 388 2357 ex
408 2330 535 2357 ebrietate
555 2329 669 2364 quadam
692 2328 844 2364 resipiscat;
861 2327 903 2355 sin
915 2332 1004 2355 autem

223 2379 249 2405 iu
264 2377 379 2404 amentia
399 2384 445 2404 sua
470 2376 635 2411 perstiterit,
653 2375 719 2403 nihil
740 2383 773 2403 ex
793 2374 943 2410 hujusmodi
958 2375 1004 2402 Dei

224 2423 363 2450 clementia
391 2425 419 2448 et
448 2421 573 2456 patientia
604 2420 741 2454 lucratus,
769 2424 881 2447 caeteros
910 2419 1004 2447 saltem

223 2468 365 2495 admodum
393 2467 511 2502 juvabit,
543 2466 673 2501 supplicio
701 2473 750 2493 suo
780 2465 944 2497 admonens,
971 2472 1005 2492 ue

222 2517 316 2540 contra
342 2513 424 2539 Deum
452 2519 578 2546 umquam
606 2511 703 2539 bellum
727 2515 839 2546 gerant,
867 2511 937 2546 quod
962 2510 1004 2538 in-

222 2559 318 2585 victam
334 2557 406 2584 illam
419 2564 524 2584 manum
535 2563 612 2584 nemo
621 2556 737 2591 eﬂ'ugere
747 2557 843 2584 valeat.
853 2556 944 2583 Tanta:
955 2557 1005 2591 igi-

224 2609 266 2631 tur
279 2603 339 2631 illos
352 2602 440 2631 statim
451 2603 571 2630 invasere
582 2602 683 2637 clades,
697 2607 726 2630 ut
738 2602 918 2638 magnitudine
931 2602 1004 2630 cala-

254 2681 263 2697 ¹
281 2682 379 2706 sic“.
390 2679 439 2705 duo
457 2683 484 2705 et
498 2680 568 2706 savil.
587 2680 626 2705 ad.
646 2687 721 2712 marg.
744 2680 811 2711 Editi,
824 2679 905 2710 illud;
926 2679 1006 2704 minus

223 2719 234 2737 l'
237 2716 299 2737 ecte.

255 2744 265 2758 ¹
282 2742 348 2767 aliud
363 2742 460 2767 omnino
480 2740 572 2772 legisse
587 2742 681 2766 videtur
699 2742 834 2766 Ambrosius
848 2740 956 2772 Qnialtl.
964 2740 1005 2772 qui

224 2774 312 2798 vertit:
324 2776 352 2798 Et
362 2773 419 2804 elati
428 2779 458 2797 ea
467 2770 564 2804 Nefaria
573 2772 735 2804 gloriabantur
749 2778 758 2796 .'
775 2778 825 2802 qui,
836 2772 932 2804 siquid
948 2770 1006 2804 ipsis

224 2804 303 2839 cordis
312 2803 561 2839 ηᾴεδειτρηρςηιῂεςενε
568 2801 685 2838 delegere
695 2802 834 2839 debuerant:
840 2801 904 2839 ῃξιιὶιΔ
909 2801 1006 2839 postiam

224 2834 341 2859 dimovit
354 2833 442 2859 moliri;
452 2833 497 2858 sed
508 2837 586 2858 Gram!
597 2833 621 2858 in
632 2837 743 2858 omnibus
757 2837 808 2858 tum
818 2833 889 2858 Edim
898 2836 948 2858 tum
959 2835 1005 2856 tta-

225 2866 351 2892 nuscriot'u
362 2865 425 2890 aliud
437 2868 582 2893 exprimunt.
591 2867 618 2889 ut
628 2870 672 2889 nos
683 2864 785 2889 edimus.

1054 1062 1154 1087 mitaus
1167 1065 1260 1086 omnes
1274 1061 1338 1086 alias
1350 1058 1513 1086 calamitates
1531 1059 1694 1094 obtegerent.
1710 1060 1770 1086 Post
1785 1068 1836 1087 ea»

1055 1104 1103 1132 des
1113 1104 1184 1132 enim
1196 1107 1223 1131 et
1241 1103 1357 1131 infinitas
1370 1108 1482 1138 strages,
1493 1111 1559 1139 quas
1574 1104 1637 1132 olim
1650 1104 1683 1132 ab
1697 1112 1726 1132 se
1740 1106 1826 1132 coerci

1054 1153 1142 1177 torum
1154 1148 1304 1177 Iudaeorum
1319 1156 1413 1176 manus
1423 1154 1608 1184 perpetrarunt
1616 1170 1624 1182 ,
1635 1157 1764 1177 caesorum
1777 1158 1838 1178 san-

1055 1194 1133 1230 guine
1141 1199 1210 1222 terra
1221 1194 1253 1222 ad
1264 1194 1374 1221 multam
1384 1201 1467 1229 usque
1475 1194 1679 1230 profunditatem
1693 1195 1839 1223 madefacta

1056 1244 1122 1274 erat,
1136 1240 1237 1275 lutique
1247 1240 1389 1275 plurimum
1404 1247 1438 1268 ex
1450 1247 1483 1268 eo
1495 1248 1604 1268 crurore
1618 1241 1772 1276 gignebatur
1785 1250 1792 1268 :
1808 1249 1840 1270 ex

1055 1285 1211 1321 corporibus
1223 1290 1312 1313 autem
1327 1293 1455 1321 equorum
1466 1290 1493 1313 et
1504 1285 1641 1314 hominum
1654 1287 1733 1313 simul
1743 1287 1840 1320 mixtis,

1056 1335 1135 1366 atque
1148 1338 1180 1359 ex
1191 1331 1344 1359 vulneribus
1357 1338 1386 1359 se
1399 1332 1512 1360 invicem
1528 1332 1706 1367 tangentibus,
1718 1335 1790 1359 tanta
1803 1333 1841 1360 vis

1055 1378 1185 1405 vermium
1197 1377 1315 1406 ebullivit
1325 1398 1333 1411 ,
1348 1382 1378 1405 ut
1391 1385 1451 1405 cum
1470 1382 1540 1405 terra
1554 1378 1721 1406 multitudine
1734 1379 1842 1406 cadave-

1056 1432 1116 1452 rum
1128 1423 1287 1459 operiretur,
1302 1423 1359 1451 haec
1374 1423 1503 1451 cadavera
1516 1431 1609 1451 rursus
1620 1424 1754 1452 vermibus
1766 1423 1841 1452 obte-

1056 1473 1191 1505 gerentur.
1207 1469 1324 1497 Dixisset
1337 1468 1455 1504 profecto
1467 1469 1510 1504 qui
1526 1476 1648 1504 campum
1668 1469 1743 1496 illum
1760 1469 1842 1496 vidis-

1057 1518 1115 1548 set,
1128 1522 1182 1542 non
1195 1515 1328 1542 substrata
1338 1521 1460 1549 corpora,
1474 1514 1520 1542 sed
1534 1514 1620 1542 fontes
1633 1521 1692 1542 esse
1704 1515 1842 1550 quamplu—

1057 1561 1157 1594 rimos,
1172 1560 1224 1588 hoc
1237 1560 1399 1588 insectorum
1416 1568 1500 1596 genus
1519 1560 1666 1595 largissime
1684 1560 1843 1589 fundentes:

1057 1605 1124 1633 adeo
1137 1605 1211 1633 omni
1224 1606 1395 1634 inundatione
1409 1606 1591 1634 vehementius
1605 1614 1638 1634 ex
1650 1607 1790 1642 putredine
1801 1607 1843 1634 illa

1057 1653 1218 1680 scaturiebat
1231 1652 1324 1688 ingens
1338 1653 1381 1680 illa
1392 1653 1523 1680 vermium
1542 1653 1629 1687 copia.
1649 1654 1735 1687 Atque
1750 1653 1775 1680 id
1790 1661 1841 1681 non

1057 1705 1105 1732 per
1117 1698 1209 1725 decem
1221 1697 1279 1725 dies
1290 1718 1298 1731 ,
1317 1702 1363 1725 aut
1375 1698 1476 1733 viginti,
1491 1698 1537 1726 sed
1553 1706 1601 1733 per
1615 1698 1756 1732 plurimum
1773 1703 1840 1726 tem-

1058 1742 1130 1777 poris
1148 1741 1247 1770 factum
1261 1746 1311 1769 est.
1326 1742 1360 1769 Et
1379 1749 1410 1769 ea
1423 1742 1530 1777 quidem
1543 1750 1602 1777 quae
1616 1742 1658 1769 hic
1672 1743 1728 1770 istis
1742 1743 1844 1770 accide-

1058 1791 1135 1821 runt,
1149 1787 1279 1822 ejusmodi
1293 1786 1386 1819 fuere;
1401 1794 1461 1822 qua:
1473 1794 1537 1814 vero
1554 1787 1615 1814 illos
1634 1787 1661 1814 in
1680 1787 1766 1814 futuro
1788 1795 1843 1814 ma-

1057 1837 1132 1866 nent,
1146 1832 1225 1866 longe
1237 1835 1299 1858 sunt
1312 1831 1353 1858 bis
1366 1831 1512 1859 acerbiora.
1524 1830 1614 1866 Neque
1625 1832 1695 1858 enim
1709 1831 1780 1858 mille
1794 1838 1842 1858 an-

1058 1878 1114 1911 nis,
1128 1881 1172 1905 aut
1186 1877 1277 1905 decem
1291 1877 1406 1904 millibus
1416 1898 1423 1909 ,
1445 1881 1491 1904 aut
1509 1877 1551 1904 bis
1565 1881 1637 1904 terve
1651 1877 1760 1904 totidem
1775 1898 1782 1910 ,
1797 1877 1844 1904 scd

1057 1922 1167 1950 infinitis
1181 1922 1285 1949 saeculis
1296 1922 1411 1949 animata
1423 1925 1485 1949 tunc
1499 1928 1610 1956 corpora
1625 1921 1756 1949 cruciatus
1770 1922 1844 1948 inex-

1059 1967 1244 2002 piicabilesque
1252 1966 1359 1994 dolores
1370 1966 1544 1993 sustinebunt.
1559 1966 1592 1993 Et
1605 1965 1661 1993 haec
1671 1972 1781 2000 utraque
1794 1973 1843 1993 no-

1056 2013 1095 2040 vit
1107 2013 1198 2040 beatus
1212 2013 1302 2046 Isaias,
1313 2012 1387 2039 novit
1402 2011 1595 2039 etmi'rabilium
1608 2011 1737 2038 visionum
1748 2019 1828 2046 specu

1057 2059 1126 2086 lator
1141 2058 1283 2091 Ezechiel,
1298 2058 1343 2093 qui
1357 2057 1507 2092 hujusmodi
1522 2057 1656 2084 hominum
1671 2064 1761 2092 poenas
1775 2057 1844 2084 inter

1057 2111 1086 2133 se
1103 2104 1292 2132 distribuentes
1302 2125 1311 2138 ,
1326 2103 1392 2131 alter
1407 2103 1543 2138 praesentis
1553 2123 1560 2136 .
1580 2103 1647 2130 alter
1661 2103 1740 2129 futuri
1754 2102 1842 2130 saeculi

1056 2152 1184 2188 supplicia
1198 2155 1365 2179 enarrarunt.

1091 2199 1119 2226 2.
1135 2198 1245 2232 Quidam
1259 2197 1393 2224 monachos
1405 2200 1529 2224 etascetas
1546 2201 1643 2223 vetant.
1658 2210 1693 2216 —
1712 2195 1767 2230 Ego
1778 2202 1843 2222 vero

1057 2244 1115 2272 haec
1135 2251 1188 2271 non
1203 2243 1262 2270 sine
1278 2250 1358 2271 causa
1379 2242 1543 2274 memoravi,
1566 2241 1612 2268 sed
1633 2241 1693 2275 quia
1714 2240 1842 2268 accedens

1057 2289 1163 2326 quidam
1177 2288 1298 2316 nuntium
1312 2288 1400 2315 attulit
1418 2288 1524 2322 plenum
1541 2286 1739 2318 amaritudinis,
1754 2286 1842 2313 mole-

1057 2337 1126 2369 etim,
1139 2335 1305 2371 ingentisque
1323 2334 1449 2362 adversus
1470 2333 1552 2360 Deum
1565 2332 1741 2359 centumeliae.
1758 2331 1842 2363 Quosv

1059 2382 1121 2409 dam
1133 2381 1205 2408 enim
1224 2386 1284 2407 esse
1305 2379 1426 2406 homines
1451 2378 1504 2409 ait,
1519 2376 1563 2412 qui
1584 2376 1714 2410 hodieque
1730 2375 1840 2403 eadem.

1057 2433 1117 2461 quae
1129 2425 1166 2452 illi
1178 2425 1242 2452 olim
1252 2423 1375 2456 barbari,
1390 2422 1530 2450 admittere
1541 2421 1685 2453 auderent;
1699 2421 1753 2448 imo
1767 2421 1842 2454 longe

1059 2471 1189 2507 iniquiora
1203 2479 1210 2498 :
1224 2477 1272 2498 eos
1294 2470 1391 2504 quippe
1403 2468 1448 2503 qui
1469 2463 1642 2502 philosophiae
1666 2471 1763 2494 nostrae
1776 2467 1783 2481 ¹
1797 2473 1842 2493 ca-

1058 2516 1195 2552 pessenda;
1203 2519 1326 2543 auctores
1338 2518 1409 2547 sunt,
1421 2513 1536 2548 undique
1546 2512 1689 2552 expellere,
1701 2511 1841 2545 multisque

1058 2550 1156 2590 additis
1176 2561 1257 2589 minis
1273 2564 1363 2588 vetare
1375 2579 1382 2592 ,
1398 2567 1432 2587 ne
1445 2559 1579 2594 quidpiam
1594 2550 1745 2592 hujusmodi
1760 2557 1840 2584 ullum

1059 2613 1183 2642 umquam
1197 2606 1332 2633 hominem
1345 2604 1467 2632 doceant.
1491 2603 1538 2630 llis
1557 2602 1667 2633 auditis.
1684 2609 1734 2636 ego
1753 2601 1840 2628 statim

1058 2652 1193 2684 clamavi,
1213 2655 1240 2679 et
1257 2654 1407 2677 narrantem
1427 2655 1498 2682 saepe
1514 2651 1685 2682 percontatus
1705 2654 1780 2678 sum,
1801 2646 1841 2672 lu-

1058 2699 1158 2726 densne
1172 2697 1229 2724 haec
1242 2696 1401 2731 loqueretur.
1411 2694 1510 2729 Apage,
1526 2693 1609 2728 inquit
1621 2692 1684 2725 ille;
1699 2698 1840 2725 numquam

1090 2767 1098 2782 ¹
1116 2767 1202 2793 Deest,
1226 2765 1329 2791 unum,
1341 2761 1366 2785 in
1387 2760 1550 2793 duobus‘ttss.
1562 2757 1701 2793 Edlt._s:t_vil.
1714 2760 1739 2781 et
1756 2756 1840 2792 litorei.

1059 2798 1120 2822 hanc
1138 2788 1222 2821 vocem
1243 2788 1338 2822 ferunt,
1362 2795 1438 2816 recte.
1460 2790 1519 2814 nihil
1538 2789 1602 2822 apud,
1625 2788 1761 2822 istius__aevi
1778 2788 1840 2822 scri-

1059 2817 1147 2859 ﬁni};
1156 2817 1307 2859 frequentius
1317 2840 1323 2852 .
1333 2817 1497 2859 vitam!
1504 2817 1767 2859 nionasticainhithiltlsot

1059 2849 1183 2887 appellari.
1197 2849 1246 2881 ἦα.
1258 2849 1397 2885 Gregorium
1405 2853 1516 2883 Sanam,
1526 2850 1639 2875 Isidorum
1651 2849 1760 2875 relus.ct
1771 2849 1839 2874 alios.
