2061 3114
562 100 749 128 ADVERSUS
769 100 1049 130 OPPUGNATORES
1065 100 1160 129 VITE
1178 100 1332 130 MONAST.
1350 102 1416 130 LIB.
1437 102 1458 130 Ι.
1487 108 1492 111 ⁴

1823 104 1877 133 590

210 187 1830 207 ma

425 373 659 440 ΠΡΟΣ
698 372 926 439 ΤΟΥΣ
965 371 1612 441 ΠΟΛΕΜΟΥΝΤΑΣ

504 584 631 628 ΤΟΙΣ
650 585 749 627 ΕΠΙ
767 586 841 627 ΤΟ
859 585 977 628 ΜΟΝ

1031 585 1145 627 ZEIN
1164 584 1475 628 ΕΝΑΓΟΥΣΙΝ
1485 580 1517 627 ⁸.

180 932 286 969 [ιδ-ιι]
295 932 395 961 α¹.”οτε
411 934 457 961 τὸν
465 935 494 962 ὲν
508 934 704 971 Ἰεροσολύμοις
714 936 782 964 νεὼν
795 937 901 966 πολλῶν
912 939 980 966 ἐτῶν

144 978 230 1013 χαμαὶ
236 978 360 1013 κείμενον
368 978 421 1005 ἀπὺ
429 979 478 1014 τῆς
485 980 592 1016 μακρᾶς
598 980 982 1017 ὲπανελθόντεςαίχμαλωσίας

144 1022 260 1057 ἐγείρειν
275 1021 370 1057 ἡθελον
381 1022 435 1049 τῶν
454 1022 588 1058 Ἐϐραίων
602 1024 626 1050 οἱ
639 1024 742 1056 παῖδες,
754 1025 813 1051 τότε
828 1025 860 1061 δὴ
878 1026 982 1061 βάρϐα-

146 1065 186 1100 ροί
200 1074 272 1097 τινες
292 1066 338 1093 καί¹
352 1067 485 1102 ἀνήμεροι
506 1066 656 1102 ἄνθρωποι⁷
683 1068 754 1103 μήτε
764 1068 810 1096 τὸν
827 1069 894 1096 Θεὸν
909 1070 983 1097 αἰδε-

143 1109 264 1141 σθέντες,
277 1106 300 1143 ᾧ
313 1111 359 1136 τὸν
380 1109 448 1137 νεὼν
462 1111 577 1146 ἠγειραν
599 1111 698 1138 ἐκεῖνοι
709 1117 730 1144 ³,
754 1113 823 1148 μήτε
843 1114 912 1149 πρὸς
933 1114 983 1150 τὴν

141 1153 196 1180 τῶν
212 1153 364 1189 ἀνθρώπων
378 1153 612 1187 κατακλεισθέντες
631 1156 791 1192 συμφορὰν.
812 1157 859 1191 ἀφ’
875 1155 909 1193 ἧς
932 1158 983 1193 ὀψέ

141 1205 208 1224 ποτε
225 1199 273 1224 καὶ
289 1199 364 1233 μόλις
377 1199 539 1234 ἀνήνεγκαν,
557 1199 627 1234 μήτε
639 1200 689 1235 τὴν
704 1201 780 1236 παρὰ
792 1200 858 1228 Θεοῦ
875 1203 932 1234 τοῖς
948 1203 983 1229 τὰ

142 1242 256 1269 τοιαῦτα
276 1242 412 1277 τολμῶσιν
433 1242 570 1278 ἑπομένην
592 1244 758 1279 φοϐηθέντες
771 1245 860 1281 δίκην,
881 1245 912 1272 τὸ
933 1246 983 1280 μὲν

142 1287 252 1322 πρῶτον
278 1287 313 1313 δι’
330 1287 434 1314 ἐαυτῶν
460 1287 619 1324 ἐπεχείρουν
640 1289 755 1316 κωλύειν
775 1290 983 1326 οἰκοδομοῦντας

143 1331 257 1363 αὺτούς-
279 1331 316 1362 ὡς
334 1331 363 1357 δὲ
383 1331 459 1359 οὐδὲν
476 1332 568 1368 ἧνυον,
582 1333 736 1369 γράμματα
762 1334 921 1370 πέμψαντες
946 1335 984 1367 ὼς

142 1375 254 1410 βασιλέα
265 1375 310 1402 τὸν
323 1375 424 1408 αὐτῶν,
434 1376 463 1402 ἐν
474 1373 515 1408 οἷς
522 1377 679 1413 ἀποστάτην
693 1379 714 1393 ⁸·
730 1378 779 1404 καὶ
789 1387 870 1405 νεωτε
876 1378 983 1414 ροποιὸν

141 1420 188 1446 καὶ
212 1419 393 1455 φιλοπόλεμον
418 1420 468 1456 τὴν
491 1420 569 1448 πόλιν
590 1421 705 1448 ἐκάλουν
729 1422 848 1457 ἐκείνην,
870 1422 983 1450 ἔπεισαν

141 1464 289 1499 ἐπιτρέψαι
313 1463 434 1491 κωλῦσαι
451 1464 527 1499 σφίσι
548 1464 597 1500 τὴν
613 1466 767 1502 οἰκοδομήν.
786 1466 841 1493 Καὶ
855 1466 984 1498 λαϐόντες

140 1507 243 1543 ταύτην
274 1508 339 1543 παρ’
357 1508 462 1535 ἐκείνου
490 1508 540 1544 τὴν
560 1509 700 1542 ἐξουσίαν,
717 1511 766 1537 καὶ
788 1509 858 1546 μετὰ
878 1510 984 1538 πολλῶν

140 1553 233 1584 αὐτοῖς
241 1552 396 1588 ἐπιθέμενοι
403 1552 456 1579 τῶν
468 1553 583 1587 ἱππέων,
594 1554 725 1590 διέκοψάν
734 1563 763 1581 τε
771 1555 802 1581 τὸ
812 1554 892 1590 ἔργον
902 1555 982 1588 τέως,

140 1596 188 1622 καὶ
201 1596 331 1631 ἐφρόνουν
346 1596 392 1622 ἐπὶ
408 1598 441 1632 τῇ
452 1596 515 1633 νίκῃ
529 1597 611 1632 μέγα,
633 1599 676 1633 ἐφ’
697 1596 732 1634 ἦς
757 1599 980 1626 κατακόπτεσθαι

140 1640 204 1672 ἔδει,
218 1640 263 1667 καὶ
281 1640 368 1676 πέρας
380 1641 471 1672 αὐτοῖς
488 1641 559 1677 ἔχειν
577 1641 661 1677 ᾤοντο
671 1642 719 1678 τὴν
741 1642 897 1678 ἐπιϐουλήν.
912 1643 979 1670 Τόδε

138 1682 173 1720 ἧν
186 1685 239 1720 ἄρα
255 1685 397 1720 προοίμιον
414 1686 460 1712 καὶ
479 1686 550 1722 ἀρχὴ
565 1685 620 1713 τῶν
633 1686 734 1714 αὐτίκα
743 1687 775 1722 δὴ
789 1687 861 1723 μάλα
880 1687 979 1719 αὐτοὺς

137 1729 372 1765 καταληψομένων
392 1730 496 1757 κακῶν.
522 1730 559 1757 Τό
583 1739 614 1758 τε
638 1730 693 1767 γὰρ
711 1731 790 1767 ἔργον
804 1731 912 1766 ἠνύετο,
931 1732 979 1758 καὶ

137 1773 264 1808 λαμπρὸν
285 1773 460 1809 ἀπελάμϐανε
475 1773 552 1806 τέλος
563 1782 571 1789 ο
587 1774 687 1802 ἐκεῖνοί
703 1783 733 1802 τε
743 1775 906 1810 ἐμάνθανον,
931 1775 979 1802 καὶ

137 1816 173 1842 δι’
197 1817 310 1843 ἐκείνων
338 1817 468 1849 ἅπαντες,
485 1818 527 1845 ὅτι
552 1818 602 1845 οὐκ
629 1818 684 1854 ἄρα
708 1817 863 1853 ἀνθρώποις
883 1819 978 1846 ἐπολέ-

139 1870 224 1896 μουν,
246 1861 308 1888 οὔτε
327 1862 496 1898 Μιθριδάτης
506 1863 577 1896 τότε,
592 1863 653 1889 οὐδὲ
665 1862 743 1895 ἄλλος
757 1862 771 1882 δ
785 1863 888 1896 οὐδεὶς,
903 1863 933 1896 ὃς
945 1864 979 1891 ἂν

137 1905 293 1941 ἀνθρώποις
319 1906 412 1942 ἕληται
436 1907 565 1942 πολεμεῖν
579 1907 682 1942 ἀγαθόν
701 1916 727 1934 τι
751 1908 979 1944 προαιρουμένοις

137 1951 237 1982 ποιεῖν,
250 1949 308 1976 ἀλλ’
323 1950 398 1986 αὐτῷ
414 1951 468 1987 πρὸ
484 1951 597 1978 ἐκείνων
612 1950 652 1985 τῷ
668 1951 701 1977 δι’
715 1951 828 1979 ἐκείνων
855 1952 979 1987 τιμωμέ-

136 2002 176 2029 νῳ
184 1993 254 2028 Θεῷ.
268 1994 319 2020 Τὸν
327 1993 356 2021 δὲ
369 1993 429 2030 Θεῷ
440 1994 608 2030 πολεμοῦντα
618 1995 669 2021 ούκ
679 1994 719 2022 ένι
731 1995 797 2022 ποτὲ
811 1996 851 2027 είς
860 1996 978 2031 χρηστὸν

136 2037 327 2073 καταστρέψαι
342 2037 426 2070 τέλος·
442 2037 500 2064 ἀλλ’
512 2038 527 2064 ὁ
539 2037 658 2070 τοιοῦτος
676 2039 705 2065 ὲν
719 2038 790 2074 ἀρχῇ
803 2039 851 2074 μὲν
859 2039 908 2074 τῆς
921 2039 979 2066 τόλ-

137 2089 193 2116 μης
208 2080 284 2107 οὐδὲν
297 2081 362 2113 ῑσως
371 2081 494 2108 πείσεται
511 2081 607 2114 δεινὸν,
618 2081 651 2109 ἂν
665 2082 688 2108 δ’
695 2082 750 2118 ἄρα
764 2083 802 2118 μὴ
817 2082 914 2116 πάθοι,
930 2083 978 2110 τοῦ

135 2124 206 2152 Θεοῦ
221 2124 368 2156 καλοῦντος
385 2125 465 2152 αὐτὸν
473 2126 513 2157 εις
523 2125 678 2160 μετάνοιαν,
694 2126 742 2153 καὶ
755 2127 872 2159 διδόντος
883 2126 978 2164 ῶσπερ

135 2169 170 2196 ἐκ
182 2177 256 2201 τινος
275 2169 360 2205 μέθης
382 2171 548 2204 ἀνενεγκεῖν⁸
566 2169 599 2196 ἂν
618 2169 647 2196 δὲ
669 2170 785 2207 ἐπιμένῃ
800 2176 812 2190 α
829 2172 863 2208 τῇ
879 2180 978 2207 παροι-

135 2214 193 2249 νίᾳ,
201 2213 284 2249 μηδὲν
294 2214 346 2240 ἀπὸ
356 2213 405 2249 τῆς
416 2213 550 2249 τοσαύτης
561 2213 735 2246 ἀνεξικακίας
743 2215 903 2250 κερδαίνων,
915 2215 975 2242 ἑτέ-

138 2266 202 2292 ρους
214 2257 279 2291 γοῦν
291 2257 382 2293 ὀνήσει
392 2257 428 2284 τὰ
436 2257 563 2293 μέγιστα,
574 2257 618 2285 διὰ
627 2257 678 2293 τῆς
692 2259 733 2290 εἰς
744 2258 826 2285 αὑτὸν
837 2260 973 2295 τιμωρίας

135 2301 273 2327 παιδεύων
288 2301 421 2336 μηδέποτε
433 2302 482 2337 τῆς
499 2301 569 2336 πρὸς
582 2301 626 2328 τὸν
639 2301 707 2328 Θεὸν
720 2301 855 2329 ἅπτεσθαι
872 2303 974 2338 μάχης,

135 2345 175 2376 ὼς
199 2345 250 2371 οὐκ
274 2345 334 2371 ἐνὸν
351 2345 401 2380 τὴν
423 2345 558 2380 ἀήττητον
587 2345 695 2380 ἐκείνην
716 2346 796 2381 χεῖρα
821 2346 974 2381 διαφυγεῖν.

134 2388 264 2414 Τοιαῦται
278 2388 343 2422 γοῦν
357 2387 457 2420 εὐθέως
478 2389 575 2420 αὐτοὺς
587 2387 644 2425 [45]
660 2388 862 2423 κατελάμϐανον
871 2398 976 2425 συμφο-

134 2433 193 2468 ραὶ,
214 2432 252 2464 ὼς
264 2432 423 2468 ἀποκρύψαι
441 2433 480 2468 τῷ
492 2432 602 2468 μεγέθει
608 2433 657 2468 τῆς
664 2432 819 2469 τραγῳδίας
826 2433 916 2464 πάσας
924 2434 974 2466 τὰς

131 2476 218 2509 ἄλλας
230 2477 384 2512 συμφοράς.
395 2476 471 2504 Μετὰ
483 2477 537 2513 γὰρ
546 2475 560 2496 ἀ
571 2477 634 2509 τοὺς
641 2476 739 2512 φόνους
752 2478 799 2504 καὶ
813 2478 862 2509 τὰς
872 2479 974 2514 μυρίας

165 2556 178 2566 ⁹
189 2555 255 2588 Libri
268 2556 387 2588 navemus
394 2559 581 2588 pppugnatores
600 2555 658 2581 vita
669 2556 810 2582 monasticae
821 2557 903 2583 collati
915 2562 974 2584 sunt

131 2593 191 2611 cum
269 2587 437 2612 Colbert.974
457 2591 483 2612 et
503 2593 558 2612 cum
577 2587 626 2612 alio
646 2589 716 2618 cujus
735 2595 854 2613 numerus
870 2590 971 2615 excidit.

132 2618 163 2649 In
191 2617 265 2642 titulo
284 2624 331 2642 ms.
357 2621 385 2642 et
407 2618 467 2642 edit.
488 2618 565 2643 Savil.
583 2617 714 2649 ἐνάγονάιν.
735 2632 767 2638 -
787 2619 805 2644 Ε
823 2619 915 2644 Savilio
936 2621 973 2645 ἐν-

131 2648 234 2681 άγονυιξξν
245 2650 418 2681 rescripsimus
428 2656 483 2681 ipro
493 2649 591 2681 vulgata
603 2649 712 2681 legtinne
725 2650 867 2681 εἰσάγουσιν.
880 2651 948 2676 Enn.

167 2679 236 2711 {Siv-
248 2686 306 2704 ποτε.
320 2680 369 2704 Juo
381 2683 408 2704 et
423 2680 477 2704 εον.
490 2680 519 2704 ad
532 2686 608 2711 marg.
622 2679 686 2705 Edlti
698 2679 788 2705 ἐκεῖνον
797 2680 878 2706 minus
891 2686 969 2707 recte.

165 2710 192 2724 “
205 2710 279 2735 Forte
294 2711 426 2739 legendum
440 2711 577 2734 ἀποστάτιν.

165 2739 182 2760 ι
192 2740 260 2766 Colb.
275 2747 338 2765 unus
349 2742 403 2766 οὗτε
412 2741 490 2769 ἄλλος.
502 2741 563 2766 Tota
573 2741 688 2771 periodus
699 2742 820 2766 tantillum
832 2742 924 2767 habere
935 2744 972 2768 vi-

132 2771 383 2801 deturcliﬂicullalis,
405 2779 477 2802 quam
499 2775 526 2796 ut
546 2772 685 2796 declinaret
705 2772 858 2802 Ambrosius,
879 2773 994 2803 seriem“

133 2803 266 2832 paululum
277 2803 425 2831 immutavn,
438 2809 520 2833 neque
531 2805 614 2827 tamen
627 2803 750 2828 aberravit
759 2811 771 2827 ο
782 2809 865 2828 sensu.

169 2833 184 2848 ⁸
196 2833 237 2871 Si_c_
255 2839 312 2871 nise.
326 2836 400 2871 iugulo
420 2835 452 2858 ita
464 2832 526 2871 légit
537 2832 693 2871 Al'nbrosius.‘
709 2834 774 2871 E_diti
789 2841 847 2859 vero
858 2835 909 2860 εἶτα
919 2837 970 2862 ἐπι-

133 2869 204 2894 μένῃ.
218 2863 296 2888 Paulo
306 2863 419 2894 post'rluo
429 2863 530 2888 mssﬁu‘z
542 2865 641 2895 μέγιστα
650 2864 698 2888 ἀπὸ
709 2867 759 2893 τῆς.

156 2893 184 2930 κά
196 2894 355 2931 ῼυο-ηιῳ,ρι
365 2894 439 2919 Savil.
452 2896 477 2931 in
489 2901 565 2928 marg.
577 2896 612 2925 τῷ
624 2896 713 2931 μεγέθει
725 2896 914 2931 τᾲς-τραγῳδίας·
927 2907 970 2930 με-

133 2925 167 2949 τὰ
179 2925 229 2957 γάρ.
244 2925 302 2950 Ibid.
312 2926 361 2950 duo
373 2932 428 2950 mss.
446 2927 494 2950 τῶν
502 2925 578 2957 φόνων
589 2926 662 2957 male,
665 2925 818 2966 illigglur;

1035 938 1141 974 σφαγὰς
1156 938 1189 970 ἃς
1194 939 1222 965 αἱ
1230 938 1283 965 τῶν
1290 939 1347 965 τότε
1353 937 1530 973 κωλυομένων
1537 936 1671 964 Ἰουδαίων
1677 936 1717 968 εἰς
1722 936 1818 968 αὐτοὺς
1825 936 1847 962 εἰ
1851 944 1877 972 ρ·

1034 983 1152 1017 γάσαντο
1169 984 1270 1018 χεῖρες,
1281 981 1409 1017 ἐϐρέχετο
1425 981 1475 1016 μὲν
1482 981 1521 1015 τῷ
1529 980 1583 1007 τῶν
1595 980 1775 1016 ἀνῃρημένων
1780 979 1875 1015 αἵμαῖι

1035 1026 1079 1053 διὰ
1099 1026 1198 1053 πολλοῦ
1220 1026 1266 1052 τοῦ
1281 1025 1380 1061 βάθους
1392 1026 1408 1060 ὴ
1422 1025 1468 1060 γῆ,
1483 1025 1529 1051 καὶ
1545 1024 1629 1057 πολὺς
1649 1025 1703 1051 ἀπὸ
1717 1024 1813 1051 τούτου
1826 1023 1874 1050 τοῦ

1034 1071 1149 1106 αἵματος
1162 1071 1266 1104 ἐγίνετο
1285 1069 1370 1105 πηλός
1379 1078 1386 1085 ·
1397 1068 1452 1095 τῶν
1466 1069 1494 1095 δὲ
1511 1069 1645 1103 σωμάτων
1653 1068 1706 1095 τῶν
1713 1077 1741 1094 τε
1758 1067 1875 1094 ἱππείων

1032 1114 1087 1141 τῶν
1105 1123 1136 1140 τε
1150 1112 1327 1149 ἀνθρωπίνων
1340 1112 1407 1148 ὁμοῦ
1431 1112 1628 1148 πεφυρμένων,
1651 1113 1683 1138 ἐκ
1703 1111 1804 1138 τούτων
1825 1109 1874 1137 καὶ

1034 1157 1088 1184 τῶν
1103 1158 1132 1184 ἐν
1150 1157 1256 1187 τούτοις
1277 1156 1516 1192 προστριϐομενων
1532 1155 1650 1182 ὠτειλῶν
1663 1156 1788 1182 τοσοῦτον
1801 1163 1873 1182 σκω-

1033 1200 1126 1236 λήκων
1135 1200 1255 1227 ἐτίκτετο
1267 1199 1380 1235 πλῆθος,
1393 1199 1430 1231 ὡς
1443 1199 1492 1234 τὴν
1507 1199 1555 1234 μὲν
1568 1199 1620 1234 γῆν
1633 1198 1671 1234 τῷ
1689 1199 1785 1235 πλήθει
1805 1200 1872 1234 κρύ-

1037 1243 1152 1270 πτεσθαι
1171 1244 1225 1270 τῶν
1243 1243 1359 1279 νεκρῶν,
1379 1244 1491 1274 τούτους
1505 1242 1533 1269 δὲ
1551 1243 1648 1274 αὐτοὺς
1659 1243 1738 1269 πάλιν
1754 1242 1793 1278 τῷ
1818 1242 1870 1270 τῶν

1035 1287 1195 1323 σκωλήκων.
1224 1285 1310 1315 Εἶπεν
1320 1287 1352 1314 ἄν
1365 1295 1416 1319 τις,
1426 1287 1515 1313 ἐκεῖνο
1528 1287 1559 1313 τὸ
1577 1287 1668 1314 πεδίον
1682 1286 1754 1319 ἰδὼν,
1771 1287 1801 1313 οὑ
1819 1287 1872 1313 σώ-

1036 1340 1111 1367 ματα
1120 1331 1242 1358 κάτωθεν
1253 1331 1413 1358 ὑποκεῖσθαι
1421 1330 1537 1367 νεκρῶν,
1550 1330 1619 1358 άλλά
1627 1330 1719 1366 πηγὰς
1732 1329 1800 1357 εἶναι
1809 1331 1874 1357 πολ-

1034 1377 1094 1410 λὰς,
1105 1378 1152 1404 καὶ
1165 1377 1329 1412 πολλαχόθεν
1343 1378 1430 1403 ἐκεῖνο
1443 1376 1580 1412 φερούσας
1591 1376 1644 1403 τῶν
1654 1376 1731 1408 ζώων
1742 1375 1771 1402 τὺ
1783 1375 1871 1410 γένος·

1035 1421 1106 1448 οὕτω
1118 1421 1209 1457 πάσης
1227 1420 1382 1457 ὲπιῤῥοπῆς
1399 1420 1578 1456 σφοδρότερον
1591 1420 1645 1447 ἀπὸ
1662 1420 1712 1455 τῆς
1728 1420 1872 1455 σηπεδόνος

1034 1464 1142 1500 ἐκείνης
1164 1464 1311 1496 ἀνέϐλυζεν
1325 1465 1341 1500 ή
1359 1463 1414 1490 τῶν
1427 1464 1576 1499 σκωλήκων
1588 1463 1669 1500 φορά.
1683 1464 1769 1490 Τοῦτο
1783 1464 1811 1490 δὲ
1823 1464 1873 1490 οὐκ

1035 1509 1082 1536 ἐπὶ
1089 1509 1155 1535 δέκα
1168 1509 1215 1536 καὶ
1232 1509 1335 1536 εἴκοσιν
1347 1508 1465 1544 ἡμέραις
1472 1508 1578 1542 ἐγίνετο
1589 1508 1678 1544 μόνον,
1689 1508 1745 1535 ἀλλ’
1755 1508 1801 1535 ἐπὶ
1809 1508 1871 1534 πολε

1035 1552 1074 1588 λῷ
1087 1553 1126 1588 τῷ
1138 1553 1236 1589 χρόνῳ.
1255 1553 1310 1580 Καὶ
1332 1553 1366 1579 τὰ
1384 1552 1433 1588 μὲν
1446 1552 1562 1579 ἐνταῦθα
1577 1552 1698 1579 τοιαῦτα·
1721 1553 1756 1579 τά
1772 1552 1799 1579 δὲ
1815 1553 1874 1579 ἐκεῖ

1030 1596 1208 1633 διαδεξόμενα
1219 1597 1327 1630 αὐτοὺς,
1339 1595 1430 1630 πολλῷ
1440 1596 1544 1622 τούτων
1554 1596 1613 1622 ἐστὶ
1627 1596 1816 1632 χαλεπώτερα,
1834 1597 1871 1623 Οὐ

1031 1641 1088 1677 γὰρ
1099 1642 1140 1673 είς
1153 1641 1229 1677 χίλια
1239 1641 1298 1678 ἐτη,
1314 1640 1375 1668 οὐδὲ
1388 1641 1427 1672 εἰς
1443 1640 1528 1676 μύρια
1541 1640 1633 1676 μόνον,
1651 1641 1711 1668 οὐδὲ
1722 1642 1762 1673 εἰς
1773 1641 1814 1673 δὶς
1827 1649 1872 1667 το-

1030 1687 1128 1720 σαῦτα,
1144 1687 1192 1714 καὶ
1206 1687 1277 1723 τρὶς,
1290 1686 1347 1714 ἀλλ’
1361 1687 1401 1718 είς
1411 1686 1540 1721 ἀπείρους
1553 1686 1655 1718 αἰῶνας
1668 1686 1826 1722 ψυχωθέντα
1838 1687 1872 1714 τὰ

1030 1731 1154 1767 σώματα,
1163 1731 1224 1758 τότε
1237 1729 1399 1765 δέχεταιτὰς
1409 1730 1541 1765 βασάνους
1554 1730 1660 1762 καὶτὰς
1673 1731 1809 1766 ἀρρήτους
1823 1731 1872 1757 at-

1030 1775 1146 1811 γηδόνας
1158 1774 1276 1805 ἐκείνας.
1290 1773 1347 1800 Καὶ
1358 1773 1445 1801 ταῦτα
1460 1774 1603 1810 ἀμφότερα
1621 1772 1676 1802 οἵδε
1691 1775 1740 1810 μὲν
1752 1776 1766 1801 ὀ
1783 1776 1871 1810 μακά-

1031 1827 1088 1854 ριος
1114 1818 1243 1850 Ἡσαΐας,
1256 1815 1310 1844 οἶδε
1321 1817 1350 1844 δὲ
1369 1818 1383 1844 ὁ
1399 1818 1455 1845 τῶν
1475 1818 1635 1854 παραδόξων
1658 1818 1746 1853 ὄψεων
1769 1818 1872 1854 θεωρὸς

1029 1861 1171 1897 Ἶεξεκιὴλ,
1181 1861 1206 1888 οἳ
1213 1861 1261 1888 καὶ
1268 1861 1322 1888 τῶν
1330 1860 1483 1897 ἀνθρώπων
1494 1861 1596 1888 τούτων
1609 1862 1813 1898 διανειμάμενοι
1820 1862 1870 1898 τὴν

1029 1905 1151 1937 κόλασιν,
1166 1906 1180 1931 ὁ
1193 1904 1245 1939 μὲν
1254 1904 1303 1940 τὴν
1316 1904 1443 1938 ἐνταῦθα,
1457 1905 1471 1931 ὁ
1484 1905 1512 1931 δὲ
1530 1904 1580 1940 τὴν
1597 1906 1656 1932 ἐκεῖ
1675 1905 1825 1941 διηγήσατο
1844 1911 1868 1932 υ.

1065 1949 1098 1984 β’.
1112 1948 1183 1984 Ἐγὼ
1198 1949 1227 1975 δὲ
1241 1948 1330 1975 αὐτῶν
1349 1949 1399 1984 οὐχ
1416 1948 1510 1981 ἁπλῶς
1528 1949 1721 1985 ἐμνημόνευσα
1734 1949 1782 1976 νῦν
1792 1969 1800 1982 ,
1811 1949 1869 1976 ἀλλ’

1028 1993 1121 2029 ἐπειδή
1133 2001 1174 2025 τις
1187 1992 1272 2019 ἐλθὼν
1285 1993 1351 2029 ἡμῖν
1366 1992 1533 2029 ἀπήγγειλεν
1549 1993 1679 2028 ἀγγελίαν
1694 1994 1796 2029 πικράν
1809 2002 1868 2020 τινα

1028 2037 1076 2063 κα)¹
1089 2035 1220 2072 χαλεπὴν,
1233 2036 1281 2063 καὶ
1291 2035 1390 2071 πολλὴν
1406 2036 1446 2068 εις
1459 2036 1504 2063 τὸν
1513 2036 1579 2064 Θεὸν
1591 2036 1641 2074 τὴν
1655 2036 1733 2073 ὕϐριν
1743 2037 1866 2073 ἔχουσαν.

1028 2078 1105 2106 Εἶναι
1122 2079 1176 2115 γάρ
1192 2087 1268 2112 τινας
1282 2078 1444 2115 ἀνθρώπους
1460 2079 1508 2106 καὶ
1527 2078 1574 2107 νῦν
1589 2080 1624 2107 τὰ
1640 2079 1710 2107 αὐτὰ
1727 2082 1783 2113 τοῖς
1800 2081 1867 2117 βαρ-

1029 2123 1123 2159 ϐάροις
1134 2123 1291 2158 τολμῶντας
1304 2123 1430 2157 ἐκείνοις,
1439 2124 1540 2160 μᾶλλον
1548 2124 1577 2151 δὲ
1587 2125 1634 2152 καὶ
1645 2125 1868 2162 παρανομώτερα

1028 2168 1140 2195 ἐκείνων
1149 2168 1248 2204 πολλῷ·
1263 2168 1326 2200 τοὺς
1338 2167 1393 2204 γὰρ
1407 2169 1447 2200 είς
1460 2168 1509 2204 τὴν
1523 2168 1584 2196 καθ’
1598 2169 1672 2205 ἡμᾶς
1685 2169 1843 2205 φιλοσοφίαν
1853 2169 1864 2190 ί

1028 2211 1144 2246 ἄγοντας
1159 2211 1292 2239 πάντοθεν
1302 2211 1436 2245 ἐλαύνειν,
1448 2212 1496 2239 καὶ
1512 2212 1582 2248 μετὰ
1595 2213 1698 2249 πολλῆς
1715 2213 1764 2249 τῆς
1785 2215 1866 2241 ἀπει-

1028 2255 1078 2290 λῆς
1090 2256 1274 2292 ἀπαγορεύειν
1288 2256 1403 2283 καθόλου
1416 2257 1454 2293 μὴ
1465 2256 1642 2292 φθέγγεσθαι,
1655 2258 1723 2293 μηδέ
1730 2258 1866 2285 διδάσκειν

1030 2300 1132 2335 μηδένα
1151 2301 1217 2327 ποτὲ
1226 2300 1378 2337 ἀνθρώπων
1390 2300 1510 2329 τοιοῦτον
1528 2302 1621 2337 μηδὲν.
1643 2303 1713 2337 Ἐγὼ
1725 2303 1774 2338 μὲν
1788 2301 1835 2330 οὖν
1852 2304 1865 2323 ῖ·

1028 2344 1166 2379 ἀνέκραξά
1186 2353 1216 2371 τε
1235 2344 1337 2377 εὐθέως
1351 2344 1482 2378 ἀκούσας,
1501 2346 1549 2373 καὶ
1562 2345 1608 2373 τὸν
1623 2346 1734 2374 εἰπόντα
1748 2347 1864 2383 συνεχῶς

1028 2387 1185 2424 ἀνηρώτων,
1198 2389 1223 2416 εί
1245 2388 1284 2425 μὴ
1303 2389 1396 2422 παίζοι
1421 2389 1508 2417 ταῦτα
1530 2390 1627 2425 λέγων.
1643 2390 1672 2417 '0
1686 2391 1725 2423 δέ,
1742 2391 1863 2426 Ἄπαγε,

1027 2431 1093 2467 ἔφη·
1108 2432 1146 2469 μὴ
1157 2433 1212 2468 γὰρ
1222 2433 1256 2460 ἄν
1267 2442 1332 2460 ποτε
1343 2433 1468 2470 παίζοιμι
1483 2434 1579 2468 ταῦτα,
1592 2435 1654 2471 μηδ’
1664 2435 1697 2462 ἂν
1707 2436 1805 2470 εἰπεῖν,
1817 2437 1865 2464 καὶ

1026 2475 1128 2503 πλάσαι
1145 2477 1258 2504 τοιαῦτα
1269 2477 1308 2513 τῷ
1321 2477 1408 2513 λόγῳ,
1424 2477 1443 2505 ἃ
1461 2478 1559 2505 πολλοῦ
1570 2479 1604 2506 ἂν
1615 2480 1801 2515 ἐτιμησάμην,
1817 2482 1862 2508 καὶ

1026 2519 1157 2552 πολλάκις
1179 2519 1306 2557 ηὐξάμην
1321 2521 1389 2557 μηδὲ
1399 2521 1456 2554 νῦν,
1468 2522 1512 2548 ὅτε
1524 2522 1646 2557 γέγονεν,
1666 2524 1695 2550 ἐν
1710 2523 1778 2560 ἀκοῇ
1797 2524 1863 2559 γοῦν

1025 2563 1151 2597 δέξασθαι
1161 2565 1238 2601 μόνῃ.
1246 2566 1311 2592 Τότε
1319 2565 1405 2601 δήκαὶ
1415 2567 1575 2603 πικρότερον
1581 2567 1744 2603 ἀνοιμώξας,
1749 2569 1861 2602 Ὄντως,

1025 2609 1104 2645 ἔφην,
1115 2609 1169 2636 τῶν
1178 2609 1218 2645 τῷ
1230 2609 1383 2646 Μιθριδάτῃ
1397 2610 1446 2637 καὶ
1458 2612 1541 2639 πᾶσιν
1552 2612 1667 2645 ἐκείνοις
1674 2613 1862 2649 τολμηθέντων

1024 2653 1144 2689 τοσούτῳ
1162 2653 1246 2680 ταῦτα
1273 2653 1439 2691 ἀνοσιώτερα
1449 2674 1457 2687 ,
1472 2655 1527 2691 ὅσῳ
1542 2657 1590 2683 καὶ
1601 2657 1761 2693 σεμνότερος
1773 2658 1862 2694 πολλῷ

1024 2697 1071 2725 καὶ
1084 2697 1235 2733 ἁγιώτερος
1243 2698 1326 2730 ὸναὸς
1337 2694 1414 2730 οὗτος
1423 2699 1538 2726 ἐκείνου.
1547 2700 1628 2727 Ἀλλὰ
1638 2700 1718 2733 τίνες,
1731 2702 1790 2728 εἰπέ
1804 2711 1861 2737 μοι,

1025 2742 1072 2768 καὶ
1100 2741 1181 2767 πόθεν
1201 2742 1226 2768 οί
1247 2741 1335 2769 ταῦτα
1349 2742 1553 2778 τολμήσαντες;
1577 2744 1623 2770 καὶ
1645 2744 1689 2771 διὰ
1709 2745 1746 2777 τί,
1762 2746 1808 2772 καὶ
1829 2746 1861 2772 ἐκ

1056 2837 1068 2868 f
1083 2836 1136 2868 Duo
1145 2843 1203 2861 mss.
1214 2835 1308 2861 habent
1318 2838 1469 2868 διηγήσαντο.

1057 2865 1195 2901 {puqmsa
1208 2868 1240 2895 εἰς
1250 2865 1399 2899 φιλοσοφίαν,
1411 2869 1501 2892 omisso
1511 2869 1554 2898 τὴν
1571 2869 1621 2893 καθ’
1633 2871 1703 2901 ἡμᾶς.
1712 2870 1777 2895 Edit.
1784 2870 1861 2896 Sa‘lil.

1023 2897 1147 2924 elﬁMorel.
1161 2901 1187 2922 ut
1199 2897 1281 2928 supra,
1291 2897 1368 2923 recte.

1056 2929 1068 2949 ι
1081 2928 1121 2954 Sic
1132 2934 1188 2953 mss.
1202 2932 1228 2954 et
1239 2928 1299 2954 edit.
1312 2929 1367 2954 Sav.
1379 2928 1407 2953 In
1417 2929 1457 2954 ed.
1469 2932 1552 2954 autem
1564 2930 1623 2956 Mor.
1634 2931 1675 2956 οὖν
1686 2932 1767 2958 deest.
