2064 3115
142 105 194 133 3'2!

147 162 217 188 enim
239 160 267 188 in
288 168 319 189 re
337 165 391 189 tarn
412 161 482 190 seria
494 162 617 197 iocarer,
637 170 725 198 neque
743 162 860 191 dicerem
874 184 882 197 ,
894 162 939 191 vel

146 206 327 242 conﬁngerem
339 214 371 234 ea
383 214 442 243 qua:
458 207 564 243 plurimi
577 208 762 242 redemissem,
775 215 807 236 ac
820 208 942 243 plurimis

146 252 218 279 votis
229 252 400 287 expetiissem
411 273 419 286 ,
435 257 464 280 ut
477 261 512 281 ne
525 261 596 281 nunc
609 253 718 289 quidem
727 275 736 288 ,
749 254 857 290 quando
873 253 943 281 facta

147 302 222 332 sunt,
234 299 277 327 vel
289 307 355 327 aure
366 300 543 336 pereiperem.
554 300 630 329 Tunc
642 309 723 336 porro
735 301 857 329 acerbius
867 301 943 335 inge-

150 346 267 373 miscens
279 355 286 373 :
299 346 380 379 Vere,
396 346 462 380 dixi,
479 347 536 375 hac
548 352 623 375 tanto
632 347 803 375 sceleratiora
818 351 881 374 sunt
894 347 944 380 iis,

151 399 211 425 quze
230 391 396 420 Mithridates
410 401 558 428 omnesque
576 394 620 420 alii
641 394 824 426 adutiserunt,
846 398 945 427 quanto

151 437 281 472 templum
303 437 354 465 hoc
373 442 414 465 est
430 438 474 465 illo
495 439 677 465 houorabilius
696 443 723 466 et
744 439 871 466 sanctius.
893 437 945 464 Sed

154 482 261 517 quinam
275 483 317 510 isti
331 504 338 517 ,
354 491 461 519 qumso,
475 489 520 511 aut
535 484 604 511 unde
618 488 680 511 sunt
700 484 744 518 qui
766 484 826 510 talia
847 490 947 517 prmsu-

155 528 252 555 munt?
265 536 357 564 quare.
373 535 399 557 et
409 537 461 565 qua
476 530 509 558 de
523 538 602 566 causa
615 551 623 564 ,
635 538 713 565 qttem
730 530 902 564 respicientes
916 529 947 555 fi-

156 581 226 611 nem,
251 576 353 612 lapides
374 578 399 604 in
419 577 531 604 sublime
549 576 672 611 iaciunt,
688 576 793 611 telaque
813 577 839 602 in
854 575 947 602 malum

156 627 315 663 iaculantur,
327 632 358 651 ac
371 632 431 651 cum
446 624 499 650 Deo
513 623 585 658 pacis
601 623 699 650 bellum
713 627 807 657 gerunt
818 622 828 648 2
840 621 949 649 Santeas

158 673 239 703 enim.
256 670 406 699 Pharathmi
424 670 432 685 ‘
447 674 474 697 et
492 669 662 704 Assyriorum
679 668 821 703 principes,
842 674 949 694 omnes-

159 727 209 754 que
224 717 314 745 catteri
326 738 333 748 ,
349 716 473 748 barbari,
489 715 559 750 quod
572 723 604 742 ex
620 715 683 749 ipsis
696 714 848 741 nominibus
862 713 952 741 videre

159 769 211 796 est,
224 764 354 798 longeque
366 770 379 788 a
392 761 544 788 Judazorum
557 760 676 788 ntoribus
691 760 787 787 remoti
801 764 887 791 erant,
902 767 951 786 no-

162 810 304 844 lebantque
325 808 453 835 ﬁnitimos
473 807 524 834 sibi
541 807 663 834 homines
683 806 851 840 multiplicari
869 815 875 832 :
891 812 953 832 nam

163 856 267 882 illorum
282 855 351 881 vires
366 853 421 880 fore
437 857 463 879 ut
475 852 619 887 potentiam
635 859 710 879 suam
726 851 899 878 obscurareut
913 858 955 877 ar-

162 900 338 928 bitrabantur.
356 898 389 926 Hi
403 902 491 925 autem
506 905 622 932 quanam
644 897 693 923 sibi
715 897 852 923 imminuta
872 895 953 922 liber-

164 951 227 978 tate,
243 953 293 980 qua
305 944 408 971 sublata
424 943 539 976 licentia,
555 950 608 978 quo
622 942 770 977 prittcipum
786 941 884 967 auxilio
899 941 957 967 hanc

164 991 221 1018 ausi
234 990 315 1017 sunt?
325 990 366 1017 Illi
381 990 451 1017 enint
467 989 608 1016 Persarum
622 995 699 1022 reges
711 987 768 1014 hare
781 987 899 1014 volentes
911 986 957 1013 ha-

166 1038 256 1069 buere,
267 1036 349 1063 nostri
363 1044 426 1063 vero
440 1034 573 1062 contraria
584 1034 698 1069 penitus,
711 1037 739 1060 ut
752 1033 816 1060 tnilti
828 1033 884 1067 ipse
899 1040 958 1066 per—

166 1082 275 1115 suadeo,
287 1086 315 1108 et
332 1082 443 1116 cupiunt
457 1085 483 1107 et
497 1084 598 1114 optant.
614 1079 781 1114 Quapropter
794 1086 889 1113 magno
904 1083 959 1105 slu-

167 1135 231 1163 pore
243 1127 335 1162 plenus
346 1134 415 1159 sum,
427 1126 496 1160 quod
508 1125 714 1159 lmperatoribus
724 1125 792 1159 piant
804 1124 958 1158 religionem

167 1173 332 1201 sectantibus
343 1194 350 1205 ,
369 1173 426 1200 hmo
441 1173 466 1199 in
483 1172 578 1199 mediis
596 1171 706 1198 urbibus
722 1171 829 1205 impune
848 1170 903 1197 fieri
918 1169 960 1196 di-

168 1226 224 1246 cas.
240 1218 308 1253 Quid
322 1226 394 1250 vero,
409 1218 493 1252 inquit
507 1217 550 1244 ille
561 1238 568 1250 ,
584 1217 606 1243 si
621 1217 663 1243 liis
673 1223 780 1251 quoque
799 1215 961 1242 mirabiliora

169 1264 316 1292 didiceris?
330 1263 398 1299 quod
416 1264 516 1291 scilicet
528 1263 622 1290 horum
638 1268 762 1289 auctores
775 1262 808 1296 pii
820 1261 902 1288 videri
919 1268 963 1288 ve-

172 1311 236 1343 lint,
252 1316 279 1338 et
292 1311 456 1338 Christianos
469 1318 498 1337 se
512 1314 663 1344 nuncupeut
677 1330 684 1341 ,
706 1309 812 1343 plurimi
828 1312 916 1334 autent
930 1315 963 1333 ex

172 1357 223 1384 illis
242 1357 320 1384 etiam
339 1357 435 1384 initiati
454 1357 527 1384 sint:
544 1356 598 1383 imo
611 1363 703 1383 eorum
718 1355 823 1390 quidam
835 1375 842 1385 .
858 1353 964 1381 diabolo

173 1402 344 1431 vehementer
355 1403 473 1436 amante,
486 1402 647 1429 exsecranda
663 1401 750 1436 lingua
762 1409 808 1428 sua
821 1400 909 1427 dicere
919 1407 966 1427 au-

173 1457 220 1477 sus
232 1449 282 1482 sit,
298 1457 327 1477 se
340 1457 354 1476 a
369 1449 421 1476 [ide
435 1456 603 1477 recessurum
617 1452 643 1475 et
661 1447 827 1474 daemonibus
843 1447 965 1473 immola-

175 1499 263 1522 turum
278 1504 285 1522 :
302 1494 425 1522 suffocari
441 1495 511 1522 enim
530 1501 560 1521 se
580 1493 693 1520 videndo
707 1493 829 1519 homines
846 1491 945 1518 liberos
957 1512 965 1523 ,

176 1541 289 1573 nobiles,
304 1542 436 1576 vitamque
446 1541 549 1568 deliciis
565 1540 670 1575 plenam
686 1547 764 1574 agere
778 1538 898 1565 valentes
910 1559 917 1570 ,
934 1537 967 1564 ad

177 1587 245 1615 hanc
262 1587 356 1615 duram
378 1587 440 1614 vita:
457 1586 587 1613 rationem
610 1584 716 1612 abduci.
738 1584 784 1611 llis
801 1583 898 1609 auditis
919 1589 968 1617 ego

177 1633 306 1661 accrbiori
320 1633 430 1660 vulnere
443 1639 585 1667 percussus
600 1638 670 1663 sum,
684 1635 711 1657 et
726 1630 793 1656 mala
806 1628 868 1655 inde
881 1628 967 1655 futura

177 1680 332 1715 coniicicns,
348 1678 440 1706 orbem
453 1678 531 1705 simul
547 1677 642 1704 ﬂebam
655 1676 819 1708 universam,
835 1674 970 1708 Deumque

179 1726 370 1762 compellabant
379 1725 420 1752 his
430 1724 517 1752 verbis
527 1734 533 1750 :
543 1723 618 1750 Tolle
628 1723 743 1749 animam
756 1729 841 1748 meam
852 1728 866 1746 a
880 1727 932 1752 me,
944 1726 971 1746 et

179 1772 214 1800 de
226 1771 429 1800 necessitatibus
444 1771 509 1798 meis
521 1778 584 1798 erue
597 1777 650 1802 me,
665 1773 743 1804 atque
756 1768 788 1794 ab
803 1767 851 1793 ltae
865 1766 971 1793 mortali

181 1818 234 1845 vita
247 1818 330 1845 libera
345 1825 397 1849 me,
408 1822 435 1844 et
449 1816 482 1843 ad
495 1816 582 1843 locum
601 1815 673 1842 illum
689 1813 813 1845 transfer,
830 1812 874 1839 tibi
886 1811 973 1838 nullus

183 1862 333 1899 huiusmodi
354 1862 490 1897 quidpiam
507 1860 644 1895 proferet,
668 1866 753 1894 neque
776 1859 832 1893 ipse
855 1857 971 1883 audiant.

183 1908 249 1937 Novi
264 1908 387 1942 equidem
401 1927 409 1940 ,
424 1906 494 1942 quod
510 1906 571 1933 hinc
584 1904 758 1932 excedentem
769 1903 916 1930 exteriores
928 1909 974 1929 ex-

184 1955 281 1990 cipient
294 1954 419 1986 tenebrzc,
433 1953 476 1980 ubi
492 1952 570 1980 ﬂetus
584 1953 675 1986 ingens
690 1955 716 1978 et
726 1950 823 1977 stridor
835 1948 974 1976 dentium:

185 2007 277 2028 verum
295 1999 436 2035 jucundius
458 1998 522 2025 mihi
541 2002 581 2025 est
601 1997 696 2024 dentes
718 1995 812 2022 audire
833 1994 976 2022 stridentes

185 2053 265 2082 quam
278 2045 410 2081 ejusmodi
428 2045 508 2072 verba
520 2044 651 2079 iactantes
665 2042 796 2069 homines.
812 2039 911 2068 Videns
927 2048 977 2067 au-

187 2098 239 2120 tem
260 2100 303 2120 me
325 2092 369 2119 ille
387 2091 529 2119 admodum
551 2090 682 2125 lugentem
699 2098 705 2115 :
721 2088 778 2116 Non
801 2087 827 2115 id
839 2108 847 2121 ,
869 2087 955 2122 inquit
969 2107 977 2120 ,

188 2144 293 2175 tempus
306 2137 421 2174 postulat
436 2146 443 2164 :
459 2143 546 2172 neque
565 2135 636 2163 enim
655 2134 696 2162 his
712 2134 837 2169 lacrymis
855 2139 901 2160 eos
912 2152 920 2165 ,
934 2132 978 2166 qui

187 2186 240 2220 iam
260 2184 398 2220 perierunt
415 2188 442 2211 et
460 2182 579 2218 quotidie
599 2187 728 2216 pereunt,
747 2186 906 2214 recuperare
919 2185 979 2204 unt-

189 2238 268 2265 quam
287 2230 388 2265 poteris
407 2238 415 2257 :
435 2236 520 2264 neque
539 2228 637 2255 malum
660 2227 704 2254 hic
728 2226 807 2253 finem
829 2224 980 2252 habiturum

191 2281 263 2311 puto.
287 2275 341 2303 Sed
364 2274 556 2310 providendum
579 2278 642 2307 est,
666 2277 694 2299 ut
719 2279 813 2307 rogum
835 2271 913 2299 istum
936 2277 982 2297 ex-

191 2324 365 2359 stinguamus,
383 2321 505 2357 hancque
518 2326 619 2356 pestem
633 2320 806 2347 cohibeamus
818 2327 825 2345 :
837 2326 868 2345 ac
882 2317 904 2345 si
918 2317 983 2344 mihi

193 2378 295 2398 morem
309 2369 442 2404 gesseris,
457 2368 498 2395 his
514 2367 602 2394 missis
618 2366 722 2394 fletibus
736 2365 831 2392 lilii-um
845 2363 920 2397 edes,
931 2370 985 2397 quo

193 2417 272 2452 :egris
287 2414 440 2451 huiusmodi
458 2421 490 2441 ac
503 2413 640 2441 seditiosis
655 2412 755 2439 monita
772 2410 847 2438 dabis
862 2409 895 2436 ad
908 2416 983 2436 suain

193 2463 364 2497 omniumque
376 2460 512 2488 hominum
530 2459 654 2487 salutem.
669 2458 723 2485 lloc
736 2464 786 2492 ego
804 2460 941 2490 assumpto
954 2454 986 2481 li-

194 2509 253 2542 bro,
275 2507 460 2535 medicaminis
481 2505 620 2541 cujusdam
633 2504 692 2531 vice
709 2503 782 2530 illum
800 2501 986 2537 aegrotanti-im

196 2555 221 2582 iit
235 2561 315 2581 manu
328 2560 436 2589 ponam.
449 2552 517 2581 Sunt
531 2552 602 2579 enint
615 2559 648 2578 ex
663 2550 758 2577 horum
776 2555 888 2575 numero
904 2546 970 2582 pieri

196 2609 247 2637 que
260 2601 324 2628 mihi
339 2600 455 2628 amicitia
464 2599 560 2634 juncti,
571 2602 617 2633 qui
627 2597 760 2632 patientur
772 2602 814 2622 me
830 2596 901 2629 ipsos
913 2593 988 2620 adire

197 2648 279 2676 semel
293 2652 319 2674 et
330 2647 370 2674 bis
381 2651 408 2674 et
421 2646 533 2681 pluries,
548 2644 662 2678 novique
674 2642 732 2669 illos
743 2641 795 2668 cito
807 2640 840 2667 ab
852 2639 901 2666 hac
913 2643 989 2674 peste

198 2693 350 2721 liberandos
360 2691 479 2720 esse.Tu
489 2690 606 2725 quidem,
617 2687 742 2723 respondi
755 2694 815 2721 ego,
832 2693 865 2713 cx
880 2684 991 2712 caritate

200 2744 243 2768 tua
258 2740 331 2767 Vires
345 2732 448 2767 meUris
468 2742 591 2765 nostras:
606 2736 671 2764 tnihi
691 2741 753 2762 vero
770 2733 840 2761 nulla
860 2732 930 2759 inest
951 2731 991 2757 vis

203 2810 309 2865 auri:
321 2811 386 2864 ξεί,
396 2803 546 2832 lerasthei.
568 2808 614 2829 Hoc
626 2809 716 2828 nomen
724 2803 863 2832 corruptum
875 2803 927 2830 est;
937 2798 993 2825 vide

518 105 700 135 ADVERSUS
718 105 990 135 OPPlIGNATORES
1008 106 1102 135 Ἣτῶ
1121 104 1269 134 ιιοκλετ.
1288 103 1354 133 LIB.
1369 104 1392 132 Ι.

995 162 1111 196 dicendi,
1125 167 1153 190 et
1166 170 1209 196 ea,
1222 170 1281 198 qua
1294 162 1383 190 inesse
1394 161 1508 196 videtur,
1520 161 1547 189 in
1561 161 1612 190 hoc
1624 167 1783 198 argumento

994 208 1033 235 uti
1055 208 1136 243 pudet
1156 216 1200 236 me
1215 217 1223 236 :
1238 215 1288 236 nec
1305 208 1387 235 alium
1403 215 1564 243 quemquam
1584 207 1620 236 ita
1634 215 1738 238 vereor.
1754 214 1785 235 ut

994 254 1107 289 gentiles
1119 261 1224 287 omnes,
1238 258 1296 282 tum
1308 261 1356 282 eos
1371 254 1416 290 qui
1431 253 1511 281 modo
1525 258 1597 287 sunt,
1610 257 1667 281 tum
1680 260 1728 281 eos
1738 257 1784 288 qui

996 306 1058 336 post
1070 300 1152 328 futuri
1165 305 1238 333 sunt,
1251 308 1319 336 quos
1329 308 1380 336 ego
1393 307 1447 328 non
1460 301 1549 328 minus
1560 307 1609 335 pro
1621 299 1684 327 vita:
1695 307 1787 334 segm-

997 349 1044 380 tie,
1059 354 1138 382 quam
1150 354 1200 382 pro
1211 346 1340 375 doctrina:
1352 347 1456 374 ratione
1469 353 1576 381 semper
1587 352 1700 381 carpere
1721 344 1788 372 solio

1002 398 1044 420 tus
1057 399 1126 425 smn,
1142 399 1175 419 ne
1194 393 1249 426 iam
1274 392 1346 426 ipsos
1359 391 1428 418 mala
1446 395 1537 418 nostra
1551 390 1673 418 doceam.
1686 388 1753 417 Nam
1765 388 1788 418 si

999 438 1045 473 qui
1058 446 1090 465 ex
1106 437 1158 464 illis
1171 437 1304 464 senserint
1320 436 1391 472 apud
1404 436 1570 464 Christianos
1587 443 1647 464 esse
1667 435 1789 463 homines

1001 484 1068 511 adeo
1077 483 1166 510 virtuti
1180 487 1207 510 et
1220 482 1396 517 philosophiae
1409 482 1542 515 inimicos,
1552 486 1583 510 ut
1593 489 1646 509 non
1657 481 1737 509 modo
1749 481 1790 508 la-

1001 530 1080 557 bores
1092 530 1125 556 ad
1138 537 1195 556 eam
1209 527 1407 563 adipiscendam
1421 527 1561 563 refugiant,
1573 526 1621 555 sed
1640 535 1675 555 ne
1691 526 1726 554 de
1745 526 1790 554 illa

1002 575 1108 610 quidem
1121 575 1202 602 verba
1216 574 1303 601 facere
1313 573 1412 606 sinant,
1425 573 1478 601 imo
1493 580 1527 600 ne
1540 572 1590 600 hac
1601 576 1674 599 tanta
1683 571 1791 607 quidem

1004 621 1106 647 insania
1120 620 1253 651 contenti,
1270 619 1293 647 si
1306 626 1385 654 quem
1400 618 1470 646 hanc
1485 617 1670 645 consulentem
1682 637 1691 650 ,
1704 616 1793 651 deque

1005 666 1048 693 illa
1061 666 1236 693 disserentem
1248 664 1371 697 videant,
1386 664 1457 691 hunc
1472 663 1589 698 undique
1600 661 1755 697 expellant;
1770 661 1793 689 si

1006 711 1071 743 haec,
1086 711 1209 746 inquam,
1225 711 1260 737 illi
1274 709 1425 743 senserint,
1439 709 1521 736 timeo
1535 715 1569 736 ne
1581 715 1630 735 nos
1640 706 1795 735 existiment

1006 765 1057 784 non
1075 757 1206 788 homines,
1218 755 1264 783 sed
1280 755 1360 788 feras,
1380 759 1408 782 et
1421 758 1541 781 monstra
1559 752 1676 780 hominis
1695 751 1795 782 forma.

1006 803 1193 836 dtemonasqne
1206 800 1335 836 quosdam
1351 800 1460 831 noxios,
1478 806 1510 827 ac
1526 797 1677 826 communis
1695 801 1797 824 natura;

1007 849 1144 880 inimicos,
1160 855 1210 875 ttec
1223 847 1255 874 de
1271 846 1391 874 sontibus
1405 845 1500 877 modo,
1521 844 1569 872 sed
1587 843 1621 871 de
1640 847 1694 870 tota
1717 841 1797 869 simul

1007 899 1086 929 gente
1103 893 1181 921 talem
1196 892 1354 920 sententiam
1368 890 1468 918 ferant.
1480 890 1516 917 At
1526 889 1572 917 ille
1583 888 1690 916 ridens:
1704 886 1797 919 Ludis.

1009 940 1104 974 inquit,
1119 939 1177 966 haec
1189 939 1300 965 dicens:
1315 944 1365 972 ego
1378 937 1450 963 enim
1470 934 1660 971 opportuniora
1681 933 1737 969 iam
1758 933 1798 959 lo-

1009 993 1086 1020 quar,
1103 985 1125 1012 si
1138 984 1239 1011 vereris
1253 991 1286 1010 ne
1298 991 1331 1010 ex
1344 982 1432 1009 verbis
1446 982 1499 1008 tuis
1510 980 1537 1008 id
1549 980 1680 1011 ediscant,
1691 986 1751 1014 qua:
1762 977 1802 1006 illi

1008 1031 1063 1065 iant
1077 1030 1175 1057 dudum
1191 1038 1223 1057 ex
1240 1029 1305 1065 ipsis
1316 1027 1443 1063 operibus
1455 1026 1633 1054 edidicerunt.
1648 1025 1714 1052 Nam
1728 1031 1761 1051 ac
1778 1030 1801 1050 SI

1012 1077 1190 1111 nequissimus
1202 1075 1297 1109 aliquis
1314 1074 1424 1109 spiritus
1437 1072 1557 1099 omnium
1570 1071 1675 1098 animos
1686 1075 1801 1102 occupa-

1012 1124 1057 1155 rit,
1074 1131 1120 1157 per
1134 1127 1290 1149 cunctorum
1305 1128 1354 1148 ora
1369 1119 1395 1147 hi
1415 1125 1555 1147 sermones
1569 1120 1728 1148 vertuntur;
1743 1115 1802 1142 sive

1014 1170 1039 1196 in
1054 1170 1138 1196 forum
1160 1174 1185 1195 te
1198 1167 1356 1200 contuleris,
1370 1166 1426 1193 sive
1446 1165 1472 1192 in
1489 1164 1614 1192 tabernas
1625 1161 1803 1193 medicorum.

1014 1217 1070 1243 sive
1086 1216 1112 1242 in
1125 1215 1272 1249 quamlibet
1284 1213 1357 1240 urbis
1371 1215 1474 1247 partem
1484 1232 1492 1244 ,
1505 1210 1551 1238 ubi
1563 1209 1660 1237 sedere
1672 1208 1761 1236 solent
1772 1206 1802 1240 ii,

1014 1261 1059 1296 qui
1073 1261 1138 1287 nihil
1153 1259 1257 1295 operari
1271 1259 1372 1291 volunt,
1384 1256 1486 1284 videbis
1508 1256 1642 1290 ingentem
1664 1254 1749 1282 risum
1772 1253 1806 1280 ab

1016 1308 1140 1335 omnibus
1162 1306 1273 1333 moveri.
1288 1305 1368 1333 Risus
1381 1308 1470 1332 autem
1485 1302 1542 1338 eius
1561 1305 1590 1330 et
1609 1299 1749 1328 cotnmdia:
1761 1307 1806 1326 ar-

1016 1357 1172 1388 guutcntum
1186 1357 1244 1384 est,
1266 1359 1360 1379 eorutn
1381 1358 1442 1386 quas
1463 1348 1592 1376 adversus
1613 1351 1721 1374 sanctos
1735 1345 1808 1373 viros

1018 1405 1074 1427 acta
1089 1403 1150 1426 sunt
1171 1399 1263 1426 festiva
1279 1397 1407 1424 narratio.
1422 1393 1653 1429 Quemadmodum
1666 1392 1738 1420 enim
1752 1391 1810 1419 bel-

1019 1446 1127 1476 latores.
1143 1445 1186 1479 qui
1201 1445 1297 1471 multas
1308 1449 1409 1478 pugnas
1420 1440 1586 1469 confecerint
1598 1447 1630 1467 ac
1638 1443 1737 1474 tropaza
1750 1444 1811 1465 erc-

1019 1493 1114 1524 xerint,
1131 1497 1203 1527 gesta
1218 1499 1264 1518 sua
1280 1490 1357 1518 fortia
1368 1496 1478 1516 narrare
1488 1486 1622 1523 gaudent.
1637 1485 1677 1513 sic
1688 1489 1716 1512 et
1726 1484 1768 1511 isti
1783 1483 1811 1510 iu

1020 1539 1180 1566 facinoribus
1190 1538 1246 1565 suis
1259 1537 1392 1563 laetantur.
1404 1534 1480 1562 Hunc
1489 1540 1554 1561 sane
1563 1531 1657 1560 audias
1664 1529 1810 1563 dicentem,

1021 1585 1126 1612 Primus
1140 1591 1189 1618 ego
1202 1589 1296 1609 manus
1309 1583 1336 1608 in
1349 1580 1422 1608 illum
1442 1578 1603 1606 monachunt
1616 1576 1704 1612 inieci.
1716 1580 1744 1603 et
1756 1574 1813 1610 pla-

1021 1639 1068 1666 gas
1080 1630 1171 1662 intuli;
1187 1629 1266 1656 alium
1278 1634 1352 1660 vero,
1365 1628 1399 1654 At
1409 1633 1460 1661 ego
1472 1624 1594 1654 cellulam
1606 1622 1665 1658 eius
1675 1626 1737 1649 ante
1746 1621 1814 1648 alios

1022 1678 1128 1709 inverti;
1143 1677 1240 1707 alium,
1258 1675 1314 1710 Ego
1330 1673 1448 1709 iudicem
1465 1671 1550 1707 magis
1563 1677 1643 1705 quam
1655 1674 1750 1697 omnes
1767 1666 1815 1694 ad-

1024 1731 1117 1752 versus
1132 1723 1138 1737 ¹
1155 1722 1228 1749 illum
1243 1718 1474 1748 concitaviJactat
1486 1716 1554 1744 alius
1566 1720 1814 1747 carcerem,carce-

1024 1771 1114 1805 risque
1129 1768 1250 1796 miserias
1263 1776 1270 1793 ε
1284 1765 1408 1802 quodque
1421 1771 1468 1799 per
1480 1763 1566 1790 forutn
1577 1765 1683 1789 sanctos
1695 1758 1815 1791 traxerit,

1026 1818 1050 1845 id
1068 1804 1152 1844 laudis
1167 1816 1192 1843 in
1206 1819 1281 1849 parte
1295 1811 1450 1843 constituit;
1461 1810 1530 1838 alius
1542 1809 1606 1836 item
1619 1805 1702 1834 aliud.
1714 1804 1817 1833 Deinde

1026 1870 1119 1891 omnes
1133 1861 1248 1897 profusis
1261 1858 1400 1887 cachinnis
1413 1857 1473 1884 hate
1489 1856 1701 1897 prosequuntur.
1712 1851 1746 1879 Et
1760 1851 1818 1877 lucc

1027 1896 1140 1944 quidem
1148 1908 1175 1934 in
1193 1904 1403 1934 Christianarum
1420 1900 1591 1930 eonsessibus
1604 1907 1611 1926 :
1623 1896 1736 1934 gentiles
1754 1902 1819 1923 vero

1028 1942 1054 1983 et
1065 1955 1114 1982 hos
1124 1953 1245 1984 irrident,
1257 1956 1283 1978 et
1292 1957 1341 1978 eos
1349 1949 1394 1985 qui
1407 1947 1441 1976 ab
1453 1946 1506 1974 illis
1517 1944 1660 1973 irridentur
1670 1950 1678 1975 ;
1691 1942 1751 1970 illos
1759 1947 1819 1975 qua:

1030 2001 1086 2029 haec
1107 1998 1299 2035 perpetrarint,
1320 1997 1370 2023 hos
1384 1993 1455 2030 quod
1470 1992 1531 2021 talia
1547 1990 1617 2026 passi
1631 1989 1685 2035 sint
1696 1987 1820 2035 somnia:

1029 2056 1081 2082 quc
1094 2031 1163 2073 civili
1179 2043 1294 2079 quodam
1311 2040 1382 2069 bello
1396 2038 1497 2074 repleta
1509 2040 1586 2082 sunt,
1600 2031 1821 2082 imohuiusmodi

1030 2077 1101 2121 bello
1116 2077 1195 2125 longe
1207 2088 1338 2116 atrocium
1352 2085 1446 2113 isthaac
1457 2086 1529 2112 sunt.
1541 2081 1608 2110 Nam
1620 2080 1666 2115 qui
1677 2078 1775 2107 bellum
1788 2077 1821 2103 il-

1032 2139 1077 2167 lud
1097 2137 1246 2173 gesserint,
1262 2141 1323 2162 cum
1338 2136 1431 2168 postea
1452 2130 1526 2158 illius
1538 2127 1757 2157 reminiscuntur,
1772 2131 1822 2150 au-

1032 2169 1120 2213 ctores
1128 2183 1185 2218 eius
1196 2179 1346 2209 maledictis
1356 2179 1531 2207 insectantur,
1545 2181 1577 2202 ac
1589 2171 1705 2201 daemoni
1717 2169 1822 2218 cuidam

1034 2231 1105 2259 malo
1119 2214 1225 2260 cuncta,
1241 2233 1301 2262 qua:
1316 2225 1342 2252 in
1356 2223 1402 2251 illo
1415 2226 1490 2257 gesta
1506 2219 1614 2252 fuerint,
1629 2220 1739 2251 accepta
1753 2214 1824 2262 refe-

1034 2282 1117 2306 runt:
1132 2281 1160 2303 et
1181 2275 1198 2302 ii
1218 2260 1348 2308 ampliore
1367 2269 1520 2297 afficiuntur
1546 2265 1664 2301 pudore,
1686 2261 1731 2308 qui
1751 2260 1825 2308 plura

1035 2305 1113 2359 quam
1127 2320 1171 2348 alii
1187 2305 1366 2355 perpetrarint
1379 2324 1386 2343 :
1399 2314 1427 2342 hi
1436 2318 1526 2341 autem
1537 2311 1572 2339 de
1584 2309 1640 2359 suis
1651 2305 1828 2359 ausibus-glo-

1036 2352 1147 2397 riantur.
1162 2352 1251 2400 Neque
1262 2364 1321 2391 ideo
1332 2366 1432 2390 tantum
1445 2359 1496 2387 hoc
1505 2355 1659 2385 sceleratius
1672 2353 1717 2381 illo
1727 2352 1826 2380 bellqu

1038 2420 1089 2448 est,
1104 2413 1174 2449 quod
1189 2399 1316 2439 adversus
1331 2410 1438 2436 sanctos
1447 2404 1492 2440 qui
1503 2402 1637 2431 neminem
1648 2399 1769 2449 lmse‘rint
1782 2404 1829 2448 ex-I

1038 2441 1152 2492 citetur;
1166 2458 1211 2485 sed
1227 2456 1308 2484 etiant
1320 2453 1391 2489 quod
1403 2451 1531 2479 adversus
1541 2447 1664 2475 homines
1673 2444 1718 2479 qui
1729 2441 1829 2492 nemini

1039 2486 1241 2534 'facere
1255 2486 1397 2531 noverunt,
1411 2501 1440 2525 et
1453 2494 1487 2523 ad
1498 2491 1650 2529 patiendum
1659 2486 1830 2517 solummodo

1041 2552 1125 2588 parati
1139 2554 1211 2578 sunt.
1538 2586 1543 2588 ν
1587 2584 1593 2588 ⁸
1822 2576 1823 2579 η

1076 2599 1104 2626 ’5.
1119 2597 1231 2624 Joannes
1247 2594 1336 2628 Chrys.
1351 2590 1384 2618 ad
1401 2588 1493 2618 librum
1512 2584 1636 2614 edendum
1648 2585 1831 2628 “comparat,

1042 2624 1157 2672 —VSiste
1166 2641 1287 2677 gradum,
1298 2624 1355 2666 dixi
1365 2643 1426 2671 ego,
1441 2634 1522 2667 siste,
1535 2631 1600 2659 satis
1610 2629 1666 2665 iam
1674 2624 1833 2677 hujus-modi

1045 2672 1226 2719 narrationum
1236 2708 1243 2720 ,
1259 2685 1310 2714 nisi
1326 2690 1370 2712 me
1384 2681 1522 2717 exspirare
1534 2677 1602 2706 velis
1615 2685 1622 2704 :
1635 2674 1682 2703 sed
1698 2672 1833 2720 modicum

1045 2738 1110 2766 mibi
1124 2737 1176 2764 hoc
1189 2715 1283 2762 virium
1299 2715 1455 2765 relinquens
1470 2726 1581 2754 missum
1595 2730 1637 2750 me
1651 2720 1742 2748 facito.
1758 2715 1836 2752 Quod

1079 2797 1087 2812 ι
1105 2795 1140 2819 sic
1150 2798 1236 2818 omnes
1243 2795 1295 2815 uss.
1305 2791 1331 2814 et
1338 2788 1408 2813 savll.
1420 2789 1445 2810 tn
1457 2784 1523 2809 rdito
1531 2781 1613 2808 uox-et.
1624 2777 1701 2811 magis
1710 2776 1837 2805 adversus.

1052 2831 1112 2858 etc.,
1123 2824 1217 2850 omissis
1226 2821 1317 2852 verbis,
1328 2824 1400 2851 quam
1410 2822 1500 2843 anates.
