2064 3115
264 126 316 154 ωδ

264 184 364 220 jussiin
381 182 486 219 penitus
499 188 678 216 exsequemur
689 189 696 207 :
706 184 815 207 'tantum
830 179 896 207 niltil
909 179 981 207 aliud
998 179 1053 214 jam

265 229 344 256 dictis
355 228 475 262 adjicias,
488 226 534 254 sed
548 227 682 261 digressus
693 232 803 260 precare
814 230 852 257 ut,
865 232 977 252 excussa
990 224 1055 251 mihi

266 273 390 302 ntaroris
411 272 506 299 nebula
516 291 524 304 ,
539 270 683 306 quamdam
700 278 716 298 a
734 270 803 303 Deo,
817 270 862 305 qui
874 270 1054 305 impugnatur,

266 327 344 354 opem
352 325 501 353 consequar
510 316 544 344 ad
555 316 686 344 medelam
697 316 864 343 inimicorum
874 316 942 350 ejus.
954 315 983 342 Id
994 322 1057 342 vero

266 364 340 391 dabit
353 363 425 390 haud
437 362 533 395 dubie,
544 362 664 389 clemens
678 368 740 388 cum
753 362 806 394 sit,
820 368 851 388 ac
865 364 979 388 mortem
993 367 1058 395 pec-

267 409 365 437 catoris
379 408 463 441 nolit,
481 407 529 434 sed
549 411 578 434 ut
591 411 763 434 convertatur
782 411 810 434 et
822 406 904 433 viVat.
918 406 964 433 Sic
985 406 1030 432 illo
1043 412 1058 432 a

268 462 312 481 inc
332 454 458 486 dimisso,
479 452 536 480 haec
548 453 666 480 scribere
681 459 740 479 sum
758 459 908 487 aggressus.
920 451 1025 479 Atenim
1037 451 1060 478 si

269 501 320 526 hoc
333 504 435 526 tantum
450 498 513 526 mali
524 498 649 531 adesset,
663 497 733 532 quod
745 497 831 524 sancti
844 497 891 524 Dei
902 501 929 524 et
942 496 1060 523 admira-

269 545 338 572 biles
357 545 408 571 viri
426 548 614 579 raptarentur,
636 543 851 578 laniarenturque
867 542 900 570 ad
919 542 1061 570 tribunalia

270 590 408 625 pertracti,
423 590 556 617 verberati
569 594 597 617 et
608 590 659 616 alia
674 589 761 624 passi,
774 596 834 624 quae
846 595 927 623 supra
939 587 1060 615 narravi-

271 644 341 669 mus,
354 636 509 671 nullumque
522 635 585 663 hinc
598 636 725 663 damnum
740 635 768 662 in
781 641 874 662 eorum
885 638 1060 662 convertere-

271 686 314 709 tur
324 686 413 716 caput,
428 682 473 716 qui
489 681 552 708 talia
565 685 761 716 perpetrarunt,
779 683 880 707 tantum
893 679 970 706 abest
985 684 1014 706 ut
1026 679 1062 707 de

271 727 354 762 gestis
368 727 485 754 dolerem
495 746 503 759 ,
518 731 547 753 ut
561 727 642 753 etiam
655 725 689 753 de
699 725 794 753 iisdem
807 725 922 752 riderent
933 732 1062 760 perquam

273 772 441 800 suavissime.
452 771 519 799 Nam
533 776 560 799 et
575 771 689 798 infantes
699 771 803 805 quoties
815 770 873 797 sine
884 777 934 797 suo
944 770 1062 804 periculo

272 818 426 853 percutiunt
437 822 547 850 matres,
556 817 639 844 risum
653 817 706 843 illis
719 819 827 843 movent
837 815 1060 850 copiosissimum,

274 868 401 899 tantoque
415 863 545 898 majorem
558 862 721 897 voluptatem
737 862 852 896 pariunt,
867 865 966 896 quanto
979 861 1063 889 vehe-

276 910 407 938 mentiore
416 918 476 937 cum
488 909 623 937 iracundia
634 909 661 936 id
671 908 794 941 fecerint,
806 908 842 935 ita
854 913 884 935 ut
895 908 1064 935 effundantur

274 963 395 990 pene-[ue
412 955 595 990 dirumpantur
610 954 683 981 risu:
699 954 740 981 sin
758 961 822 981 vero
839 953 902 980 dum
923 953 949 980 id
966 953 1065 989 jugiter

276 1002 363 1030 infans
372 1009 403 1029 ac
416 1001 528 1029 validius
537 1001 609 1034 facit,
620 1000 775 1027 vulneretur
783 999 937 1035 aliquando,
949 1000 1004 1027 sive
1015 1007 1065 1027 acu

273 1048 344 1074 circa
359 1055 452 1074 zonam
464 1047 560 1074 tunica:
571 1046 663 1073 matris
676 1046 767 1078 afﬁxa,
779 1046 836 1073 sive
849 1045 924 1072 radio
935 1045 1064 1073 maternis

275 1093 428 1127 pectoribus
441 1100 560 1127 appenso
572 1091 693 1119 ferientis
706 1099 813 1118 manum
823 1091 973 1126 excipiente
984 1099 991 1118 :
1002 1095 1065 1118 tunc

273 1143 356 1171 certe,
373 1143 435 1167 tunc
445 1139 527 1165 misso
538 1138 603 1171 risu,
615 1138 725 1172 majore,
739 1144 818 1172 quam
833 1137 856 1164 is
868 1137 913 1172 qui
923 1144 1066 1171 percussus

273 1190 325 1216 est,
345 1184 389 1211 illa
401 1183 494 1211 dolore
507 1183 623 1210 afﬁcitur
635 1192 642 1210 :
652 1187 680 1210 et
692 1183 798 1210 interim
813 1187 887 1209 curat
900 1182 1013 1214 vulnus,
1032 1182 1066 1210 de

274 1234 373 1257 cetero
389 1234 477 1256 autem
492 1229 643 1264 ingentibus
653 1228 732 1255 minis
742 1232 814 1255 vetat
828 1235 860 1254 ne
874 1227 935 1254 talia
948 1231 1018 1262 agat,
1032 1234 1066 1255 ne

276 1276 345 1303 forte
359 1276 447 1303 simile
466 1275 601 1310 quidpiam
615 1275 739 1309 patiatttr.
754 1274 808 1301 Nos
826 1274 916 1309 itaque
936 1274 1008 1309 paria
1025 1274 1066 1301 fe-

276 1323 416 1355 cissemus,
432 1323 453 1350 si
470 1322 599 1357 puerilem
614 1321 766 1356 hujusmodi
778 1321 942 1349 iracundiam
957 1321 1066 1356 conspi-

275 1376 414 1399 cerenius,
431 1373 476 1395 aut
489 1375 549 1396 esse
564 1368 632 1395 hanc
648 1368 787 1395 infantium
806 1368 922 1404 plagam,
938 1376 998 1403 qua:
1013 1375 1066 1395 non

276 1422 398 1449 magnam
412 1415 476 1450 ipsis
488 1415 634 1450 perniciem
646 1413 767 1441 inferret.
779 1413 910 1447 Quoniam
928 1421 992 1441 vero
1007 1418 1068 1448 post

275 1462 409 1489 modicum
426 1462 546 1496 elapsum
560 1466 675 1496 tempus,
690 1462 811 1496 quamvis
826 1469 895 1489 nunc
909 1462 998 1490 furore
1008 1470 1067 1490 cor-

275 1509 344 1544 repti
359 1509 384 1536 id
395 1517 448 1536 non
459 1510 585 1543 sentiant,
597 1509 706 1542 ﬁebunt,
720 1510 867 1545 ejulabunt,
883 1509 1068 1537 lamentabun-

276 1561 328 1589 tur,
340 1563 392 1583 non
408 1556 452 1583 tali
466 1556 528 1583 ﬁetu
540 1556 611 1591 quali
623 1556 748 1587 infantes,
761 1555 808 1583 sed
820 1555 845 1583 in
860 1555 977 1583 tenebris
989 1560 1066 1582 exte-

276 1601 390 1629 rioribus
417 1605 445 1628 et
470 1601 496 1628 in
524 1601 585 1636 igne
611 1601 819 1636 inexstinguibili
843 1609 849 1627 :
875 1601 988 1636 idipsum
1010 1601 1066 1635 jam

276 1646 404 1673 faciamus
417 1646 487 1681 quod
498 1651 606 1678 matres,
622 1646 674 1673 hoc
689 1650 789 1673 tantum
808 1645 962 1672 discrimine
974 1666 981 1678 ,
995 1645 1066 1680 quod

277 1700 331 1719 non
341 1700 401 1719 cum
417 1692 495 1719 minis
511 1695 539 1719 et
551 1691 719 1719 contumeliis
734 1696 763 1718 ut
782 1691 845 1724 illae,
865 1691 912 1718 sed
932 1691 1029 1718 blande
1040 1695 1067 1718 et

277 1747 338 1766 cum
358 1738 467 1766 lenitate
480 1738 562 1765 multa
578 1737 693 1765 infantes
707 1737 860 1772 hujusmodi
880 1738 1065 1772 alloquamur:

277 1783 494 1819 quandoquidem
515 1783 581 1810 nihil
604 1783 667 1810 hinc
688 1783 779 1810 datnni
802 1783 901 1810 sanctis
920 1783 999 1816 viris,
1019 1782 1067 1810 sed

277 1837 380 1858 merces
391 1829 523 1864 copiosior
537 1829 674 1864 majorque
690 1829 784 1856 fiducia
796 1829 908 1856 accedit.
922 1828 949 1856 Si
960 1828 1067 1864 quidem

277 1876 365 1903 futura
378 1875 447 1903 bona
458 1882 709 1906 commemoremus,
720 1874 863 1902 admodum
880 1874 948 1902 forte
963 1875 1065 1902 ridebi-

277 1923 323 1956 tis,
337 1922 434 1958 quippe
446 1921 491 1956 qui
506 1921 658 1956 hujusmodi
674 1921 730 1948 risu
745 1928 852 1955 semper
872 1921 960 1948 ridere
979 1920 1067 1947 solea-

277 1969 314 1996 tis
327 1977 334 1995 :
346 1973 373 1995 at
387 1968 579 2003 przesentibus,
596 1967 702 1995 etiamsi
716 1967 814 1994 millies
824 1968 888 1994 risui
899 1966 998 1994 addicti
1011 1967 1069 1995 fue-

277 2014 346 2046 ritis,
364 2014 442 2041 ﬁdem
459 2021 511 2041 non
525 2013 668 2048 negabitis;
690 2021 739 2040 nec
758 2013 780 2040 si
802 2013 940 2040 volueritis
960 2013 1068 2048 quidem

279 2060 409 2093 poteritis,
423 2059 503 2086 rebus
514 2066 611 2094 nempe
621 2059 686 2094 ipsis
697 2063 788 2086 eontra
800 2059 988 2086 clamantibus.

315 2105 492 2133 Persecutores
510 2114 560 2132 non
574 2106 678 2138 sanctis,
693 2105 738 2132 sed
749 2105 902 2132 sibinocent.
914 2104 1068 2140 Exemplum

282 2151 394 2179 Neronis
410 2157 434 2178 et
449 2151 538 2178 Pauli.
558 2166 593 2171 —-
606 2150 739 2178 Neronem
764 2158 873 2185 prorsus
895 2150 1007 2177 audistis
1027 2151 1067 2177 vi-

280 2205 339 2224 rum
353 2204 449 2232 nempe
459 2204 494 2224 ex
510 2197 618 2224 lascivia
632 2196 773 2228 famosum,
787 2196 831 2230 qui
847 2196 948 2231 primus
961 2200 988 2223 et
998 2196 1070 2223 solus

280 2243 306 2270 in
322 2247 396 2270 tanto
410 2242 522 2277 imperio
543 2250 626 2269 novos
640 2241 769 2276 quosdam
784 2241 955 2276 impudicitiae
970 2245 998 2268 et
1013 2246 1069 2268 tur-

279 2289 408 2324 pitudinis
435 2288 530 2316 modos
552 2288 731 2323 excogitavit:
746 2287 789 2315 hic
810 2289 899 2322 itaque
919 2287 989 2315 Nero
1008 2289 1069 2315 bea-

280 2343 336 2363 tum
347 2335 469 2369 Paulum,
485 2334 561 2370 cujus
575 2339 695 2369 tempore
709 2333 836 2369 regnabat
847 2354 855 2366 ,
869 2334 903 2361 dc
917 2334 1011 2361 iisdem
1025 2341 1069 2367 ac:

279 2389 387 2416 cusaus,
402 2381 436 2409 de
445 2381 541 2416 quibus
553 2389 602 2409 vos
615 2382 664 2416 ipsi
677 2385 784 2408 sanctos
796 2380 868 2408 viros
888 2381 1046 2408 insimulatis
1061 2390 1068 2408 :

280 2429 403 2464 pellicem
413 2429 483 2456 enim
497 2427 565 2463 ejus,
577 2435 657 2462 quam
672 2427 716 2455 ille
726 2427 875 2462 deperibat,
889 2434 950 2454 cum
965 2428 999 2455 ad
1009 2428 1070 2456 ﬁdei

280 2474 429 2501 doctrinam
442 2472 654 2508 amplectendam
671 2472 829 2506 induxisset,
843 2473 877 2500 ab
891 2473 996 2509 impuro
1013 2473 1071 2509 ejus

279 2519 416 2547 consortio
438 2519 546 2546 monitis
570 2518 626 2546 suis
652 2518 762 2546 abduxit
781 2526 788 2545 :
804 2518 878 2553 hate,
893 2520 1017 2555 inquam,
1034 2520 1070 2547 illi

280 2564 392 2592 crimina
407 2564 536 2598 objiciens
547 2584 555 2598 ,
571 2571 604 2591 ac
627 2568 809 2599 corruptorem
821 2585 829 2598 ,
843 2565 1010 2593 seductorem
1021 2586 1028 2598 ,
1045 2570 1072 2593 et

282 2610 324 2637 his
340 2609 471 2637 similibus
497 2609 647 2638 nominibus
662 2630 670 2643 ,
684 2617 744 2645 qua:
776 2617 824 2637 vos
838 2610 918 2638 modo
932 2611 1069 2645 profertis,

281 2655 394 2684 Paulum
407 2655 555 2690 appellans,
571 2656 657 2690 primo
677 2655 764 2690 ipsum
779 2657 806 2683 in
819 2656 925 2683 vincula
938 2656 1069 2691 conjecit;

280 2709 342 2729 cum
357 2706 445 2729 atttem
460 2705 489 2728 ut
504 2702 597 2736 puellae
611 2703 709 2730 monita
724 2702 788 2730 dare
802 2702 937 2730 desineret
947 2702 997 2737 ipsi
1010 2709 1072 2737 per—

281 2747 394 2776 suadere
407 2757 458 2776 non
474 2754 574 2784 posset,
587 2749 692 2777 necavit
703 2749 820 2777 tandem.
834 2749 903 2783 Quid
914 2749 993 2784 igitur
1008 2748 1072 2777 hinc

281 2793 371 2822 damni
387 2794 436 2822 fuit
449 2794 518 2822 male
531 2795 636 2828 affecto,
650 2795 747 2830 quidve
759 2795 931 2823 emolumenti
945 2794 1071 2822 facinoris

281 2842 406 2870 auctori?
430 2840 487 2869 lino
511 2850 592 2877 vero,
615 2842 677 2877 quid
710 2848 762 2869 non
785 2841 956 2870 emolumenti
982 2839 1070 2868 occiso

635 123 665 152 S.
684 122 823 151 JOANNIS
841 121 1076 150 CHRYSOSTOMI
1096 121 1256 150 ARCHIEP.
1275 121 1542 150 CONSTANTINOP.

1850 124 1901 153 324

1110 179 1210 213 Paulo,
1226 179 1289 214 quid
1304 188 1356 207 non
1372 180 1461 207 damni
1485 180 1590 207 necanti
1609 178 1727 207 Neroni?
1749 189 1837 210 nonne
1859 183 1903 211 ille

1109 222 1216 256 quidem
1232 226 1261 248 ut
1285 221 1395 256 angelus
1419 222 1517 257 ubique
1535 227 1666 249 terrarum
1687 223 1858 250 celebratur?
1869 225 1902 252 de

1110 268 1285 303 praesentibus
1312 268 1382 295 enim
1422 272 1523 295 tantum
1546 268 1659 303 loquor;
1680 268 1724 295 ille
1744 276 1809 296 vero
1835 274 1904 297 tam-

1111 322 1189 350 quam
1210 318 1350 349 corruptor
1371 314 1528 349 daamonque
1550 314 1624 342 ferox
1641 314 1711 349 apud
1730 321 1824 343 omnes
1837 315 1905 343 male

1111 360 1203 388 audit?
1415 387 1417 391 ,

1147 406 1174 433 4.
1188 406 1224 433 Ea
1232 413 1297 433 vero
1307 413 1367 440 qua:
1379 405 1412 432 ad
1420 405 1537 433 futuram
1548 405 1629 432 vitam
1641 405 1785 440 pertinent,
1799 407 1906 434 etiamsi

1112 459 1162 480 vos
1174 459 1228 479 non
1241 451 1369 484 credatis.
1382 455 1490 486 propter
1502 451 1645 478 credentes
1659 456 1747 478 tamen
1758 459 1907 479 memorare

1113 506 1222 527 necesse
1236 503 1296 531 est;
1312 505 1471 533 quamquam
1485 505 1518 524 ex
1533 498 1564 524 iis
1573 518 1580 531 ,
1590 505 1649 532 quae
1662 505 1753 525 coram
1769 502 1847 530 sunt,
1860 505 1908 525 vos

1113 546 1194 573 etiam
1209 545 1261 572 illis
1274 544 1385 571 credere
1399 543 1553 571 debueratis
1565 551 1573 569 :
1590 550 1683 570 verum
1696 551 1804 578 quoquo
1817 544 1908 570 animo

1113 591 1172 626 ipsa
1185 591 1352 626 acceperitis,
1369 590 1491 618 dicentur
1504 597 1519 616 a
1531 589 1618 622 nobis,
1631 597 1680 617 nec
1690 588 1906 617 occultabuntur.

1114 638 1240 671 Quanam
1256 637 1336 672 igitur
1350 637 1394 664 illa
1408 639 1487 664 erunt
1499 636 1511 663 ἳ
1525 635 1604 663 Miser
1618 636 1673 670 ille,
1688 636 1826 672 squalidus
1838 657 1846 669 ,
1858 637 1907 663 tri-

1115 684 1165 711 stis
1177 704 1185 717 ,
1201 683 1345 719 ignominia
1367 683 1478 710 obrutus
1498 686 1525 710 et
1539 682 1667 717 caligine,
1681 682 1805 710 demissis
1824 682 1908 710 oculis

1115 730 1262 757 abducetur
1274 737 1318 763 eo,
1336 729 1382 756 ubi
1402 729 1500 756 vermis
1516 729 1562 764 qui
1586 735 1639 756 non
1663 729 1785 762 moritur,
1801 733 1828 756 et
1841 729 1908 764 ignis

1115 774 1161 810 qui
1183 782 1236 802 non
1256 774 1458 809 exstinguitur:
1483 773 1578 801 beatus
1606 781 1671 800 vero
1696 773 1793 800 Paulus
1814 781 1908 808 magna

1115 828 1177 848 cum
1198 820 1293 848 ﬁducia
1308 821 1341 848 ad
1361 821 1446 855 ipsum
1458 820 1573 847 adstabit
1584 819 1754 854 Imperatoris
1769 819 1906 854 tltronum,

1116 865 1258 901 splendore
1273 865 1393 900 fulgens,
1409 869 1535 900 tantaque
1556 865 1669 893 amictus
1691 866 1774 900 gloria
1787 886 1795 899 ,
1811 869 1840 893 ut
1860 874 1909 893 nec

1116 911 1218 945 angelis
1230 917 1280 937 nec
1298 910 1466 945 archangelis
1481 909 1590 941 inferior
1605 911 1650 943 sit,
1667 914 1823 945 tantamque
1838 919 1910 937 mer-

1116 956 1208 984 cedem
1231 957 1358 992 recipiet,
1374 961 1501 992 quantam
1516 956 1635 990 recipere
1657 964 1704 991 par
1716 961 1758 984 est
1772 956 1909 983 hominem

1117 1003 1161 1038 qui
1177 1011 1224 1038 pro
1239 1003 1296 1030 Deo
1309 1002 1419 1038 eiusque
1434 1003 1537 1038 placitis
1559 1011 1656 1038 corpus
1672 1003 1680 1019 ¹
1696 1008 1775 1038 atque
1795 1004 1910 1032 animant

1117 1057 1192 1077 suam
1216 1049 1364 1077 tradiderit.
1381 1049 1419 1076 lta
1434 1050 1505 1077 enim
1521 1057 1551 1077 se
1568 1057 1611 1076 res
1627 1050 1707 1076 habet
1721 1058 1727 1075 :
1744 1053 1835 1084 parata
1850 1050 1910 1084 qui-

1117 1094 1178 1122 dem
1190 1099 1231 1122 est
1243 1095 1286 1127 iis,
1299 1095 1345 1130 qui
1358 1094 1426 1122 bona
1442 1095 1547 1130 egerint
1559 1115 1565 1127 ,
1580 1095 1673 1130 ingens
1687 1094 1837 1127 retributio,
1853 1102 1911 1122 ma-

1116 1139 1160 1174 jor
1186 1145 1276 1167 autem
1298 1147 1330 1167 ea
1367 1145 1408 1167 est
1434 1144 1515 1174 atque
1542 1140 1664 1173 auctior,
1691 1141 1798 1175 quoties
1819 1140 1837 1167 ii
1863 1140 1909 1174 qui

1118 1185 1188 1213 bona
1209 1190 1354 1221 operantur
1368 1206 1376 1218 ,
1408 1185 1525 1220 pericula
1555 1185 1778 1220 ignominiamque
1800 1183 1909 1212 multam

1118 1232 1241 1260 adierint.
1269 1232 1379 1259 Etiamsi
1412 1231 1512 1258 bonum
1548 1238 1615 1266 opus
1641 1231 1744 1266 aequale
1769 1231 1803 1257 sit
1827 1230 1852 1257 in
1878 1238 1911 1256 co

1118 1279 1165 1314 qui
1194 1278 1252 1306 sine
1284 1277 1376 1305 labore
1394 1299 1402 1311 ,
1429 1282 1456 1305 et
1482 1277 1508 1304 in
1536 1284 1569 1304 eo
1601 1276 1645 1312 qui
1675 1283 1738 1304 cum
1769 1275 1860 1303 labore
1885 1276 1910 1302 id

1119 1324 1271 1360 perfecerit,
1285 1324 1402 1351 honores
1412 1329 1501 1351 tamen
1511 1327 1538 1351 et
1549 1331 1655 1350 corona:
1665 1330 1743 1357 pares
1757 1330 1809 1348 non
1822 1326 1910 1349 erunt.

1119 1369 1185 1397 Nam
1199 1373 1226 1397 et
1248 1370 1274 1397 in
1295 1369 1367 1397 bello
1381 1373 1524 1396 coronatur
1544 1367 1650 1403 quidem
1670 1367 1692 1394 is
1714 1368 1759 1402 qui
1779 1368 1908 1401 tropzeum

1120 1416 1229 1448 erexit;
1252 1416 1336 1443 multo
1361 1415 1446 1450 magis
1470 1420 1558 1442 tamen
1583 1414 1606 1441 is
1618 1413 1662 1448 qui
1677 1413 1785 1440 vulnera
1807 1420 1862 1447 pra:
1882 1419 1910 1439 se

1120 1462 1180 1495 fert,
1196 1469 1243 1497 per
1256 1469 1315 1497 qua:
1333 1465 1462 1496 tropteum
1483 1465 1601 1487 erectum
1617 1464 1668 1487 est.
1682 1458 1750 1491 Quid
1770 1463 1859 1484 autent
1878 1458 1912 1485 de

1120 1509 1272 1537 viventibus
1284 1509 1378 1544 loquor
1389 1530 1397 1541 ,
1411 1508 1518 1543 quando
1532 1513 1559 1535 et
1578 1508 1596 1535 ii
1615 1506 1659 1541 qui
1681 1506 1731 1533 hoc
1745 1509 1847 1532 tantum
1862 1503 1909 1531 de-

1120 1556 1217 1584 derunt
1235 1556 1340 1583 virtutis
1353 1555 1490 1587 indicium,
1505 1559 1534 1581 ut
1554 1554 1581 1581 in
1599 1554 1669 1581 bello
1683 1552 1788 1580 fortiter
1801 1559 1911 1579 occum-

1120 1602 1224 1634 berent,
1239 1603 1359 1637 nihilque
1372 1602 1431 1638 plus
1446 1601 1619 1628 etnolutnenli
1640 1600 1696 1627 suis
1711 1599 1908 1634 pmstitcruut,

1120 1654 1254 1684 tamquam
1269 1654 1420 1677 servatores
1441 1653 1468 1676 et
1487 1648 1591 1683 patroni
1614 1655 1662 1682 per
1683 1651 1764 1674 totam
1781 1644 1910 1673 Grtuciam

1121 1695 1313 1723 celebrantur?
1328 1695 1432 1722 tametsi
1446 1702 1494 1721 vos
1508 1694 1565 1720 haec
1580 1692 1705 1728 ignoratis
1720 1713 1728 1725 ,
1741 1691 1806 1718 risui
1820 1695 1847 1718 et
1861 1690 1911 1717 de-

1120 1741 1189 1768 liciis
1202 1749 1310 1776 semper
1322 1740 1414 1768 dediti.
1430 1739 1507 1773 Quod
1521 1740 1542 1766 si
1555 1739 1667 1774 gentiles
1681 1737 1812 1770 homines,
1829 1736 1910 1763 nilnil-

1120 1795 1172 1822 que
1183 1794 1277 1815 sanum
1291 1786 1446 1817 sentientes,
1461 1785 1486 1812 id
1499 1784 1647 1818 conspicari
1659 1787 1820 1819 potuerunt,
1836 1789 1911 1809 sum-

1120 1833 1226 1868 misque
1252 1831 1396 1859 honoribus
1420 1830 1576 1865 prosequuti
1594 1834 1656 1856 sunt
1669 1836 1716 1856 eos
1728 1849 1735 1861 ,
1752 1828 1796 1863 qui
1821 1834 1868 1862 pro
1881 1834 1911 1854 se

1120 1878 1254 1911 obierunt,
1274 1877 1391 1912 nihilque
1406 1877 1585 1911 prmstiterunt
1606 1875 1729 1909 amplius,
1743 1879 1842 1908 quanto
1853 1880 1911 1899 ma-

1121 1924 1161 1959 gis
1171 1923 1293 1951 Christus
1308 1923 1358 1950 hoc
1372 1922 1460 1954 faciet,
1477 1921 1522 1956 qui
1535 1927 1639 1955 semper
1651 1925 1676 1947 et
1691 1919 1787 1954 ubique
1797 1925 1852 1949 eos,
1865 1917 1910 1951 qui

1121 1973 1230 2004 propter
1250 1976 1280 1996 se
1304 1967 1420 2003 pericula
1448 1966 1564 1999 adeunt,
1592 1963 1747 2000 largissimis
1778 1963 1855 1991 donis
1881 1969 1912 1989 ac

1122 2015 1239 2050 prmmiis
1254 2013 1382 2048 superat?
1397 2013 1488 2047 Neque
1507 2012 1577 2039 enim
1592 2009 1842 2046 pcrsequutionibus
1854 2012 1912 2035 tan-

1123 2065 1189 2093 tum,
1203 2064 1248 2087 aut
1261 2059 1427 2092 verberibus,
1438 2062 1483 2084 aut
1497 2056 1660 2089 carceribus,
1673 2055 1853 2088 ca'dibusque,
1865 2052 1912 2080 Sed

1124 2105 1205 2133 etiam
1221 2105 1389 2132 contumeliis
1401 2103 1614 2137 conviciosisque
1625 2100 1725 2133 verbis,
1738 2099 1847 2134 pnemia
1863 2106 1910 2132 po-

1123 2151 1176 2177 suit
1189 2151 1314 2176 maxima.
1326 2149 1398 2176 Beati
1411 2149 1493 2180 enim,
1508 2147 1602 2182 inquit,
1615 2146 1683 2173 eritis
1693 2154 1750 2171 cum
1764 2153 1805 2171 vos
1816 2143 1912 2170 oderint

1124 2196 1245 2228 homines,
1253 2200 1275 2222 et
1283 2203 1338 2221 cum
1345 2194 1514 2230 separaverint
1523 2198 1576 2225 vos,
1586 2196 1608 2218 et
1616 2190 1859 2225 exprobraverint,et
1864 2188 1914 2222 eje-

1123 2243 1203 2271 cerint
1221 2251 1310 2269 nomen
1324 2247 1431 2268 vestrum
1442 2245 1570 2275 tamquam
1583 2238 1688 2269 malum,
1701 2240 1803 2272 propter
1815 2234 1913 2262 Filium

1123 2289 1241 2317 hominis.
1253 2288 1365 2315 Gaudete
1374 2287 1399 2314 in
1405 2286 1450 2313 ξιια
1458 2286 1499 2312 die
1506 2289 1529 2312 et
1537 2284 1660 2312 exsultute
1669 2291 1677 2310 .'
1687 2290 1741 2309 ecce
1747 2279 1813 2308 enim
1820 2287 1913 2307 mrces

1122 2340 1204 2363 uestra
1225 2334 1304 2361 multa
1327 2338 1362 2361 est
1382 2333 1409 2360 in
1434 2331 1502 2359 melis
1523 2328 1610 2367 (Luc.
1626 2330 1652 2356 6.
1666 2327 1711 2355 22.
1725 2326 1793 2361 Q5).
1818 2326 1845 2353 Si
1867 2324 1915 2359 igi-

1124 2387 1166 2410 tur
1179 2385 1207 2409 et
1223 2381 1276 2416 pati
1294 2384 1322 2407 et
1344 2379 1436 2406 audire
1451 2377 1521 2404 male
1531 2398 1539 2410 ,
1562 2374 1721 2411 patientibus
1735 2371 1857 2407 maleque
1867 2379 1913 2398 ann

1124 2428 1257 2456 dientibus
1281 2425 1433 2454 mercedeut
1457 2427 1553 2458 auget,
1569 2422 1613 2457 qui
1638 2419 1750 2455 impedit
1770 2417 1914 2454 quominus

1125 2475 1260 2511 patiantur
1283 2477 1311 2500 et
1330 2472 1400 2500 male
1424 2470 1548 2502 audiant,
1570 2475 1623 2495 non
1648 2466 1716 2498 hos,
1731 2464 1778 2492 sed
1799 2471 1846 2490 eos
1868 2462 1913 2497 qui

1124 2510 1193 2550 male
1206 2520 1305 2548 faciunt
1317 2523 1344 2546 et
1355 2517 1465 2550 dicunt,
1477 2516 1560 2550 juvat.
1576 2513 1631 2541 Eos
1645 2512 1715 2540 ettim
1731 2510 1818 2545 potius
1833 2515 1915 2535 nocu«

1125 2570 1215 2594 mento
1227 2565 1324 2597 affecit,
1337 2562 1443 2598 quando
1454 2560 1582 2595 majorem
1595 2558 1668 2585 illam
1681 2554 1833 2584 mercedem
1847 2560 1916 2588 pne-

1125 2611 1206 2645 cidit,
1220 2616 1247 2639 ct
1260 2610 1347 2646 gaudii
1366 2606 1603 2640 exsultationisquc
1617 2602 1757 2631 materiam
1773 2599 1838 2634 ipsis
1851 2598 1915 2646 abs-

1125 2658 1195 2686 tulit.
1220 2645 1349 2691 Quocirea
1376 2655 1471 2682 horum
1497 2652 1604 2687 quidem
1636 2656 1715 2677 causa
1745 2647 1803 2674 haec
1835 2645 1915 2672 etiam

1125 2705 1205 2732 silere
1217 2709 1244 2731 et
1256 2704 1378 2730 omittere
1392 2700 1474 2727 satius
1489 2698 1602 2726 fortasse
1617 2696 1721 2726 fuerat;
1736 2701 1795 2729 qurc
1815 2691 1914 2719 scilicrt

1126 2751 1190 2786 ipsis
1205 2756 1313 2785 magnas
1327 2748 1457 2775 bonorum
1471 2744 1577 2772 divitias
1591 2742 1773 2778 majoremque
1792 2737 1916 2766 ﬁduciam

1161 2846 1170 2862 ι
1188 2847 1271 2874 Deest,
1280 2847 1375 2873 corpus,
1385 2841 1410 2866 in
1417 2839 1512 2864 duobus
1522 2841 1576 2862 Mss.
