2064 3115
234 118 289 146 325

234 174 423 210 procurabant.
435 164 535 203 Vel-uin
557 174 619 210 quia
637 182 729 203 sumus
751 175 865 203 invicem
886 176 1005 203 membra
1017 197 1025 210 ,

231 221 283 248 etsi
297 219 347 255 ipsi
359 220 473 256 gratiam
494 220 646 255 abnegent,
659 228 711 248 non
725 222 848 249 convenit
861 221 897 248 ita
907 220 1009 248 aﬁ'cctis
1018 242 1025 254 ,

233 270 263 293 ut
275 274 324 293 nos
338 273 431 293 sumus
441 286 448 298 ,
464 265 544 293 unius
556 266 670 293 membri
682 273 774 293 curam
790 266 899 300 habere,
914 266 1026 294 alterum

233 311 377 346 negligere.
389 311 510 346 Namque
526 310 580 338 illis
594 311 646 338 alia
666 312 822 338 meritorum
842 312 947 339 occasio
965 319 1027 346 sup-

233 360 320 391 petet,
335 356 441 383 etiamsi
455 363 526 383 nunc
537 355 615 383 malis
629 363 682 383 non
694 356 846 384 alﬁciantur
858 365 866 389 ;
889 356 947 384 istis
963 364 1027 383 vero

232 402 283 430 nisi
296 403 330 430 ab
349 402 399 430 hac
413 410 500 437 pugna
511 401 681 435 destiterint,
696 403 768 430 nulla
782 403 838 437 jam
860 403 952 431 salutis
965 411 1026 438 spes

233 448 401 483 relinquitur.
413 448 505 483 Itaque
519 447 572 475 illis
582 447 702 482 omissis,
715 449 811 476 vestris
823 450 904 477 rebus
921 449 1024 482 insisto,

233 502 349 529 rogoque
363 501 391 521 et
403 495 516 521 obsecro
537 494 614 521 nobis
636 494 803 522 hortantibus
817 495 1007 530 obtemperetis
1017 516 1024 528 ,

233 547 282 567 nec
295 544 388 566 contra
403 547 450 566 vos
463 539 535 574 ipsos
550 539 664 574 gladium
686 540 830 574 impellatis
841 561 847 573 ,
863 548 912 567 nec
934 545 1025 567 contra

234 585 356 611 stimulos
376 585 520 612 caleitretis
535 593 542 617 ;
560 593 609 618 ne,
627 585 688 612 dum
705 586 802 619 putatis
816 586 937 612 homines
957 594 1024 613 mte-

233 638 295 657 rore
305 630 414 658 afﬁcere
427 652 433 663 ,
446 631 572 665 Spiritum
586 637 706 658 sanctum
722 632 768 658 Dei
781 633 952 659 contristetis.
964 633 1025 660 Seio

231 676 303 702 enim
327 684 358 703 ac
384 684 537 710 persuasum
566 677 669 708 habeo,
698 685 745 703 vos
771 678 930 704 sententiam
957 678 1024 705 itane

233 726 369 754 nostram,
385 722 435 748 etsi
459 729 511 748 non
535 722 633 755 modo,
654 727 726 749 certe
751 728 842 757 postea
867 723 1025 757 probaturos

231 773 301 793 esse.
325 766 380 793 lloc
403 770 489 793 autem
504 767 567 794 volo
581 774 628 794 vos
647 775 717 794 nunc
738 773 881 802 praestare,
898 777 931 796 ne
951 774 1024 803 post-

206 845 208 847 }
232 812 340 839 modum
356 812 453 840 frustra
476 812 587 840 faciatis.
602 813 737 848 Siquidem
753 813 828 841 dives
853 814 896 841 ille
916 822 976 841 cum
998 815 1024 842 in

234 858 282 885 hac
296 858 349 885 vita
362 863 450 891 esset,
465 859 626 893 prophetas,
642 859 742 894 legem,
754 867 899 894 eorumque
914 861 1021 892 monita.

233 911 280 937 pro
292 903 387 930 fabulis
401 907 428 930 et
440 904 623 931 deliramentis
635 905 775 938 reputabat
787 914 793 931 τ
808 913 866 931 cum
891 911 977 932 autem
992 914 1024 933 co

231 948 425 980 abscessisset,
440 949 506 976 adeo
528 949 554 976 in
575 949 750 977 admiratione
770 956 848 984 atque
873 951 974 977 honore
993 958 1023 978 ea

233 994 332 1020 monita
355 993 462 1027 habuit,
487 999 516 1021 ut
536 995 600 1033 cum
624 995 702 1028 plane
724 995 884 1030 intelligeret
908 996 974 1022 nihil
995 1004 1024 1023 se

232 1039 364 1066 commodi
384 1046 417 1066 ex
439 1039 497 1073 ejus
520 1036 642 1074 laudibus
661 1041 788 1075 consequi
804 1048 899 1075 posse,
914 1042 1025 1075 patriar-

232 1085 310 1112 cham
333 1090 453 1120 rogaret,
472 1089 500 1112 ut
513 1082 638 1122 aliquem
672 1087 790 1113 mitteret
817 1094 849 1113 ex
882 1086 973 1113 inferis
998 1087 1022 1113 in

233 1135 348 1163 terram,
373 1131 417 1166 qui
440 1124 515 1171 istac
533 1132 723 1164 annuntiarct,
747 1132 847 1159 veritus
872 1133 972 1160 scilicet
990 1141 1024 1160 ne

235 1177 347 1212 idipsutn
362 1178 396 1204 illi
412 1174 576 1212 paterentur,
593 1183 671 1213 atque
686 1179 835 1213 Seripturas
848 1179 950 1207 divinas
965 1181 1024 1206 irri-

233 1223 330 1251 dentes
342 1245 349 1257 ,
365 1230 427 1251 tunc
440 1231 485 1251 eas
498 1224 703 1257 admirarentur,
720 1233 779 1252 cum
802 1233 834 1252 ex
855 1234 885 1253 ea
906 1227 1022 1253 admira-

234 1270 306 1297 tione
321 1270 386 1296 nihil
401 1270 574 1297 emolumenti
593 1271 721 1305 consequi
736 1272 864 1298 valerent.
881 1272 914 1298 Et
935 1277 1022 1299 tamen

233 1314 277 1342 ille
292 1314 357 1342 nihil
372 1315 425 1342 tale
438 1319 543 1350 egerat,
558 1316 637 1350 quale
651 1324 697 1343 vos
709 1317 786 1351 agitis
807 1324 814 1344 :
831 1317 880 1343 etsi
895 1317 965 1344 enim
981 1318 1023 1344 ille

234 1361 299 1388 nihil
314 1369 345 1388 ex
361 1362 416 1388 suis
427 1361 527 1388 Lazaro
543 1362 705 1396 impertivit,
722 1370 774 1389 non
790 1367 878 1389 tamen
898 1371 943 1390 eos
956 1383 962 1395 ,
978 1363 1022 1397 qui

234 1407 259 1434 id
275 1414 354 1441 agerc
368 1408 483 1440 vellent,
498 1407 642 1442 prohibuit,
656 1412 702 1434 aut
717 1409 824 1442 repulit,
838 1413 866 1435 ut
882 1408 960 1435 modo
976 1416 1022 1435 vos

233 1453 328 1480 facitis.
345 1453 436 1487 Neque
449 1453 510 1479 hinc
521 1453 600 1479 modo
613 1453 684 1479 illum
704 1453 859 1480 crudelitate
872 1454 1002 1487 superatis
1015 1474 1021 1485 ,

233 1499 280 1526 sed
294 1499 399 1526 aliunde
413 1507 526 1533 quoque.
545 1499 619 1526 Sicttt
634 1499 703 1526 enirn
729 1507 781 1525 non
800 1500 900 1534 aequale
923 1499 1023 1525 facinus

232 1548 275 1571 est
296 1545 362 1571 nihil
377 1552 456 1578 agere
469 1544 542 1576 boui,
557 1549 584 1571 et
598 1544 665 1570 alios
680 1545 724 1578 qui
741 1545 766 1571 id
778 1545 861 1571 velint
874 1544 1002 1579 impedire
1016 1553 1022 1571 :

233 1591 271 1618 sic
283 1598 335 1618 non
352 1591 407 1625 pari
423 1591 448 1617 in
460 1590 543 1625 gradu
555 1591 662 1624 ponitur
675 1590 735 1617 cibo
750 1598 879 1625 corporeo
892 1590 1023 1625 indigere,

232 1641 259 1663 et
277 1643 337 1663 eutn
357 1636 402 1670 qui
427 1636 453 1662 iu
478 1636 578 1670 ingenti
607 1635 782 1670 philosophia:
809 1636 919 1670 penuria
936 1635 1022 1670 jacet,

234 1681 375 1716 prohibere
388 1689 421 1708 ne
435 1681 469 1707 ab
483 1681 541 1707 aliis
562 1685 695 1714 pascatur.
719 1680 897 1713 Quamobrem
922 1680 1024 1706 duabus

233 1735 267 1753 ex
282 1728 400 1761 partibus
414 1727 556 1753 immanem
574 1727 646 1754 illuxit
667 1727 774 1754 divitem
791 1726 938 1761 superatis,
953 1726 1024 1759 quod

234 1780 329 1807 nempe
342 1773 408 1800 alios
420 1773 583 1807 prohibeatis
599 1772 693 1799 famem
710 1773 889 1806 exstinguere,
902 1771 1024 1805 quodque

233 1826 294 1845 cum
317 1819 432 1845 animam
455 1819 592 1853 prmfocari
612 1818 722 1845 videatis
735 1839 742 1850 ,
759 1822 859 1844 tantam
878 1817 1023 1844 exhibeatis

239 1864 471 1891 inhumanitatcm.
486 1863 542 1891 lloc
568 1868 595 1890 et
617 1864 701 1891 Judmi
725 1863 787 1889 olim
810 1863 1023 1889 feceruntnmtu

235 1911 371 1945 apostolos
386 1910 562 1945 prohibebant
576 1918 610 1937 ne
626 1910 779 1936 hominibus
792 1910 915 1936 salutaria
931 1909 1024 1942 loque-

235 1962 336 1984 rentur.
351 1958 385 1984 At
398 1965 445 1984 vos
466 1957 519 1983 illis
531 1957 610 1983 etiam
634 1957 780 1983 deteriores
799 1956 873 1982 estis.
892 1955 930 1981 llli
955 1955 1024 1981 enim

235 2010 295 2029 cum
317 2010 347 2030 se
369 2002 491 2030 inimicos
503 2002 702 2037 proﬁterentur,
717 2002 756 2028 sic
770 2002 858 2028 omnia
875 2001 920 2027 illa
943 2000 1024 2027 facie-

237 2048 298 2075 bant
315 2057 321 2074 :
338 2055 386 2075 vos
400 2053 487 2075 autem
511 2048 637 2074 ementita
662 2048 808 2074 amicorum
832 2054 960 2081 persona,
975 2047 1025 2073 iui—

236 2095 319 2122 micos
335 2103 382 2122 vos
393 2094 536 2122 exhibetis.
547 2094 583 2121 Illi
595 2099 701 2121 sanctos
712 2093 848 2129 apostolos
859 2093 1024 2125 verberibus,

235 2141 403 2168 contumeliis
418 2162 424 2173 ,
449 2141 593 2175 ignominia
630 2141 794 2173 alieceruut,
819 2140 1026 2174 pracstigiatores

236 2195 284 2214 eos
303 2192 382 2222 atque
406 2187 561 2214 seductores
577 2187 749 2221 appellantes.
765 2185 862 2213 Verum
877 2187 935 2213 illos
954 2190 1026 2212 tanta

239 2232 302 2260 ultio
316 2233 465 2267 corripuit,
482 2236 511 2259 ut
525 2232 596 2258 nulla
609 2233 746 2259 calamitas
765 2233 849 2267 pOSsil.
863 2240 955 2259 eorum
969 2232 1025 2258 cla—

237 2278 314 2306 dibus
334 2279 495 2313 comparari.
506 2278 572 2305 Nam
588 2279 664 2313 primi
680 2283 707 2305 et
726 2280 775 2306 soli
796 2288 829 2306 ex
842 2280 914 2306 onmi
938 2279 1026 2307 homi-

238 2332 299 2351 num
317 2332 415 2359 genere
444 2333 473 2352 ea
492 2325 563 2360 passi
577 2330 659 2357 sunt,
674 2333 733 2359 qum
751 2326 838 2352 nullus
864 2327 931 2353 alius
946 2327 965 2352 ¹.
980 2327 1027 2353 At-

237 2377 288 2404 que
300 2370 393 2396 horum
410 2370 461 2397 ﬁde
471 2371 568 2405 dignus
579 2371 654 2398 testis
665 2375 704 2398 est
719 2371 851 2403 Christus,
864 2372 907 2406 qui
923 2372 961 2399 sic
973 2372 1026 2399 ait:

239 2416 294 2443 Erit
309 2417 437 2443 tribulatio
452 2425 546 2453 magna
558 2438 565 2450 ,
579 2418 661 2452 qualis
673 2425 722 2444 non
742 2418 789 2452 fuit
809 2418 839 2444 ab
855 2418 925 2444 initio
939 2419 1027 2444 mundi

239 2470 316 2494 usque
326 2470 392 2489 nunc
402 2484 409 2495 ,
424 2471 502 2497 neque
515 2468 599 2498 postea
612 2464 659 2490 erit
674 2463 779 2497 (Matt/2.
792 2462 837 2489 2L
848 2463 904 2498 21).
916 2464 951 2490 Ea
968 2464 1027 2498 qui-

238 2507 299 2535 dem
312 2509 400 2535 omnia
412 2529 419 2541 ,
437 2517 495 2543 qua:
509 2509 545 2535 illi
560 2509 631 2543 passi
651 2514 732 2541 sunt,
747 2510 869 2543 prosequi
881 2518 933 2537 non
949 2510 1028 2544 hujus

240 2558 279 2580 est
293 2555 422 2587 temporis
439 2564 445 2580 :
461 2562 544 2589 pauca
560 2560 646 2582 tamen
661 2563 694 2582 ex
708 2556 797 2582 multis
814 2557 965 2583 necessario
986 2557 1027 2583 di-

240 2599 322 2626 cenda
335 2604 407 2627 sunt.
419 2599 516 2627 Verbis
530 2606 618 2627 autem
630 2607 689 2628 utar
704 2610 756 2629 non
778 2603 843 2628 meis
853 2623 860 2634 ,
881 2603 927 2629 sed
944 2603 1028 2637 (Jose-

241 2645 296 2680 phi)
313 2645 398 2673 Judtri
412 2667 419 2678 ,
435 2646 480 2680 qui
506 2654 564 2673 eam
587 2647 725 2674 historiam
750 2648 855 2683 scripsit
876 2648 1026 2683 diligenter.

242 2691 308 2724 Quid
316 2699 380 2727 ergo
391 2692 427 2718 ait
436 2692 499 2719 ille?
507 2692 572 2719 Cum
583 2698 734 2720 enarrasset
745 2694 880 2721 incensum
890 2695 1027 2729 templum,

242 2745 376 2773 novasque
390 2739 400 2754 ¹
417 2738 476 2765 illas
490 2739 654 2767 calamitates
675 2740 851 2774 enuntiasset,
867 2741 905 2769 sic
921 2740 1006 2776 pergit
1021 2749 1027 2768 :

273 2804 282 2837 ξ
299 2807 350 2837 Duo
361 2809 415 2830 Mss.
427 2806 547 2837 omittunt,
558 2813 612 2837 qum
623 2807 701 2832 nullus
713 2807 782 2832 alius.

273 2836 284 2851 ³
299 2837 334 2860 sic
342 2836 413 2868 juxta
423 2835 493 2862 Savil.
505 2840 528 2862 tu
540 2835 574 2868 3.,
586 2844 731 2875 communes,
744 2846 794 2871 pro,
805 2846 883 2865 novas.

609 117 788 148 ADVERSUS
806 119 1076 149 OPPUGNATOBES
1095 121 1186 149 ἮΤιΕ
1204 121 1353 152 MONAST.
1374 123 1439 151 LIB.
1457 123 1479 152 Ι.

1814 126 1865 153 326

1116 177 1144 204 5.
1158 177 1192 204 Et
1204 179 1324 214 templum
1336 179 1437 213 quidem
1452 180 1498 206 hoc
1510 179 1536 207 in
1549 184 1616 207 statu
1627 185 1681 208 erat
1692 189 1702 213 ;
1715 189 1801 209 eorum
1813 189 1869 209 vero

1079 223 1123 256 qui
1134 231 1178 258 per
1190 224 1315 251 civitatem
1328 226 1396 260 fame
1409 225 1594 259 occumbebant,
1608 226 1708 261 inﬁnita
1720 236 1782 261 pene
1794 229 1869 255 cade-

1080 269 1120 295 bat
1134 269 1268 296 multitudo
1278 290 1286 303 ,
1298 275 1372 305 atque
1389 270 1571 299 inenarrabiles
1583 272 1758 308 contingebant
1771 273 1866 300 clades.

1080 313 1150 340 Nunt
1172 323 1217 349 per
1229 315 1343 351 singulas
1358 315 1447 343 domos
1459 337 1466 349 ,
1487 317 1568 343 sicubi
1586 317 1698 344 ciborum
1720 318 1759 345 vel
1780 318 1869 345 umbra

1079 362 1159 391 esset,
1178 359 1270 386 bellum
1284 360 1389 394 aderat,
1406 369 1436 388 ac
1454 362 1493 388 vel
1510 362 1655 390 amicissimi
1671 368 1758 390 mutuo
1779 372 1869 391 manus

1079 404 1257 437 conserebant,
1274 413 1305 431 ac
1321 406 1413 433 misera
1436 407 1482 433 illa
1495 408 1587 435 aninuz
1599 408 1690 435 viatica
1705 408 1866 444 diripiebant.

1080 449 1122 476 Ne
1134 450 1296 478 morientibus
1310 452 1409 486 quidem
1423 453 1490 487 quod
1503 454 1557 481 cibo
1579 455 1719 490 indigerent
1741 456 1805 489 ﬁdes
1820 456 1867 482 Ita-

1078 495 1181 522 bcbatur
1192 505 1201 524 :
1214 496 1259 523 sed
1271 505 1313 524 eos
1325 505 1421 533 quoque
1431 499 1473 533 qui
1486 500 1647 534 exspirabant
1660 522 1667 533 ,
1684 501 1794 528 latrones
1809 510 1868 537 per-

1079 541 1255 568 scrutabantur
1267 561 1275 574 ,
1290 551 1321 569 ne
1335 543 1391 577 quis
1411 543 1476 577 forte
1491 544 1608 571 simulata
1622 551 1702 573 morte
1715 546 1798 573 cibum
1812 547 1869 574 sinu

1079 587 1223 614 occultaret.
1233 587 1286 614 Alii
1297 596 1354 615 uero
1370 589 1551 623 famcltiantcs,
1564 596 1689 626 tamquam
1700 591 1782 618 rabidi
1795 600 1869 619 canes

1078 638 1159 660 mente
1182 634 1312 667 destituti,
1335 634 1484 670 insaniaque
1511 636 1638 671 correpti,
1654 627 1779 663 ebriiorum
1799 645 1869 663 more

1076 680 1103 707 in
1120 681 1183 707 ostia
1196 681 1366 716 intpingebant
1381 689 1391 708 :
1405 690 1435 708 ac
1448 681 1621 716 desperatione
1641 682 1725 713 ducti,
1738 683 1801 709 hom
1817 691 1868 709 una

1077 726 1115 753 bis
1129 732 1193 754 terre
1206 727 1233 753 in
1245 727 1360 754 eamdem
1378 727 1482 754 domum
1501 728 1683 763 irrumpcbant.
1703 727 1796 754 Omnia
1809 736 1867 755 vero

1077 773 1192 800 dentibus
1210 774 1338 809 subigebat
1353 774 1459 809 penuria
1471 794 1479 807 ,
1494 778 1516 800 ct
1532 782 1561 800 ea
1575 782 1630 809 quae
1643 783 1673 801 ne
1686 774 1867 801 sordidissimis

1076 819 1176 853 quidem
1196 819 1326 846 brutorum
1348 820 1515 846 animantium
1536 820 1594 846 usui
1612 825 1682 847 erant
1703 820 1866 855 colligentes,

1076 864 1150 891 edere
1162 872 1212 891 non
1223 864 1379 891 dubitabant.
1390 865 1412 891 Α
1425 865 1532 900 cingulis
1545 865 1623 901 igitur
1633 870 1654 892 et
1666 874 1681 892 a
1696 865 1869 893 calceamentis

1077 914 1201 944 postremo
1214 918 1264 936 non
1275 909 1442 942 abstinebant,
1456 911 1581 946 scutisque
1593 911 1785 947 detracta_coriu
1796 919 1867 937 man-
1903 929 1917 934 -.

1076 955 1176 982 dobant.
1193 955 1260 982 Esca
1273 960 1356 983 autent
1379 956 1530 991 quibusdam
1545 961 1616 983 erant
1638 957 1699 992 freni
1712 957 1788 983 laceri
1806 957 1866 983 reli-

1075 1002 1140 1036 quid:
1152 1009 1161 1028 :
1174 1007 1339 1037 purgantenta
1359 1002 1418 1028 item
1431 1002 1549 1029 nonnulli
1561 1003 1715 1038 colligentes,
1731 1003 1863 1029 minimum

1076 1055 1162 1074 eorum
1172 1047 1270 1082 pondus
1279 1052 1387 1082 quatuor
1398 1048 1481 1075 atticis
1491 1047 1676 1075 vendebant.Et
1686 1048 1746 1082 quid
1758 1056 1821 1082 opus
1831 1053 1868 1074 est

1076 1094 1151 1129 famis
1170 1094 1354 1128 improbitatem
1367 1094 1394 1121 in
1416 1094 1489 1121 rebus
1503 1094 1621 1121 inanimis
1645 1094 1776 1129 persequi?
1798 1093 1863 1120 Rem

1075 1144 1226 1167 narraturus
1245 1148 1301 1167 sum
1313 1161 1321 1174 ,
1337 1141 1437 1175 qualem
1449 1149 1494 1167 nec
1511 1140 1580 1175 apud
1602 1140 1703 1167 Gra'cos
1728 1148 1773 1166 nec
1798 1140 1867 1175 apud

1076 1186 1195 1214 barbaros
1210 1187 1343 1222 contigisse
1367 1191 1520 1214 memoratur
1537 1195 1660 1221 usquam,
1676 1186 1744 1212 dictu
1760 1185 1866 1212 [torren-

1075 1234 1135 1260 dam
1146 1230 1242 1268 ,otque
1256 1233 1426 1260 incredibilem
1440 1232 1538 1259 auditu.
1561 1232 1629 1259 Sane
1642 1240 1689 1266 ego
1714 1240 1745 1259 ne
1766 1231 1862 1258 viderer

1077 1284 1193 1315 portenta
1204 1279 1346 1314 conﬁngere
1360 1278 1453 1313 futuris
1468 1277 1625 1310 hominibus,
1643 1276 1786 1312 ltujusmodi
1798 1277 1867 1302 calu-

1075 1327 1187 1352 mitatcm
1211 1325 1315 1352 libenter
1338 1324 1486 1356 tacuissent,
1511 1323 1560 1349 nisi
1584 1323 1729 1349 innumeros
1753 1322 1806 1357 ejus
1830 1321 1867 1347 rei

1076 1375 1148 1398 testes
1175 1371 1315 1397 haberent:
1338 1374 1506 1403 praetereaque
1531 1367 1620 1402 patria:
1643 1367 1793 1393 levissimam
1807 1374 1867 1401 gru-

1076 1416 1136 1443 tidm
1159 1417 1297 1451 referrent,
1313 1415 1335 1441 si
1356 1422 1411 1448 qua:
1432 1414 1516 1448 τείρεα
1531 1420 1606 1447 passa
1619 1416 1673 1445 est,
1690 1420 1718 1438 ea
1739 1411 1867 1438 narrando

1075 1462 1267 1497 supprimerent.
1282 1461 1376 1487 Mulier
1389 1460 1504 1494 qua-dant
1517 1467 1548 1486 ea;
1558 1459 1589 1485 iis
1600 1479 1605 1491 ,
1618 1466 1674 1494 qua:
1694 1458 1761 1484 ultra
1774 1457 1866 1484 Jorda»

1076 1516 1131 1534 nem
1145 1507 1305 1539 incolebant,
1322 1505 1408 1533 Maria
1431 1505 1549 1538 nomine,
1564 1510 1636 1540 patre
1658 1504 1781 1532 Eleazaro
1792 1525 1799 1537 ,
1813 1504 1866 1530 vico

1075 1549 1268 1585 Bethezo,quod
1279 1550 1411 1586 signiﬁcat
1421 1551 1531 1578 domum
1541 1548 1661 1585 hyssopi,
1670 1556 1761 1583 genere
1770 1553 1793 1574 et
1806 1548 1867 1574 divi-

1076 1598 1117 1625 tiis
1138 1597 1260 1631 insignis,
1285 1604 1343 1622 cum
1364 1591 1475 1629 reliqua‘
1494 1595 1656 1621 multitudine
1682 1593 1867 1628 Jerosolymam

1076 1643 1223 1678 confugerat
1235 1662 1241 1674 ,
1256 1641 1380 1676 simulque
1394 1640 1563 1667 obsidebatur.
1580 1639 1665 1673 liuius
1678 1647 1776 1666 omnem
1788 1638 1866 1665 aliam

1075 1688 1241 1714 substantiam
1255 1687 1355 1721 tyranni
1371 1686 1529 1720 diripuerant
1541 1706 1548 1715 ι
1560 1691 1679 1720 quantum
1694 1693 1726 1711 ex
1739 1684 1829 1711 l’crwa
1840 1684 1868 1710 in

1079 1732 1170 1759 Urbem
1194 1736 1407 1767 transportaverat
1423 1730 1562 1765 :reliquias
1576 1735 1658 1757 autem
1682 1730 1868 1756 reconditarum

1076 1787 1176 1811 rerum,
1190 1783 1214 1805 et
1227 1778 1248 1805 si
1264 1778 1324 1812 quid
1338 1778 1365 1804 in
1383 1777 1464 1804 cibum
1478 1781 1664 1812 prtcpamretur
1676 1797 1682 1808 ,
1702 1775 1812 1810 quotidie
1830 1776 1868 1802 ir-

1076 1829 1218 1859 rumpentes
1238 1823 1357 1850 satellites
1370 1822 1532 1856 diripiebant.
1549 1820 1613 1849 Dira
1630 1827 1713 1848 autent
1728 1821 1869 1856 indignatio

1075 1869 1253 1897 mulierculam
1268 1869 1352 1902 subiit,
1367 1878 1396 1895 ac
1408 1869 1538 1904 prozdones
1553 1877 1620 1904 stupe
1634 1868 1752 1894 conuiciis
1766 1872 1789 1894 et
1812 1875 1868 1894 ma-

1077 1916 1174 1943 ledictis
1194 1916 1339 1949 insectans,
1364 1915 1390 1941 in
1413 1915 1522 1949 scipsam
1548 1913 1700 1940 concitabat.
1720 1912 1784 1940 Cum
1811 1921 1870 1939 vero

1077 1963 1161 1989 nullus
1176 1966 1221 1988 aut
1234 1963 1274 1988 ira
1286 1965 1415 1996 correptus
1425 1981 1432 1993 ,
1446 1964 1489 1986 aut
1501 1960 1554 1995 ejus
1567 1959 1681 1986 misertus
1692 1980 1699 1991 ,
1721 1958 1803 1993 ipsam
1826 1957 1869 1984 in-

1078 2009 1200 2042 terﬁceret
1215 2028 1221 2039 ,
1238 2007 1341 2041 ipsaque
1365 2006 1432 2032 cibos
1456 2005 1520 2031 alios
1541 2005 1652 2031 invenire
1668 2003 1810 2035 laboraret,
1839 2011 1870 2029 ac

1078 2055 1176 2089 penitus
1190 2053 1289 2088 difﬁcile
1303 2056 1365 2079 esset
1379 2052 1436 2086 jam
1457 2051 1587 2086 quidpiam
1600 2050 1725 2082 invenire,
1743 2051 1870 2085 fatuasque

1077 2109 1123 2135 per
1134 2101 1230 2128 viscera
1242 2105 1264 2127 et
1280 2100 1404 2127 medullas
1421 2103 1541 2134 serperet,
1558 2098 1673 2133 fameque
1689 2097 1869 2124 vehementiore

1077 2147 1117 2174 ira
1129 2146 1246 2174 testuizret
1258 2167 1265 2177 ,
1279 2145 1412 2173 consilium
1432 2145 1541 2171 dictante
1558 2144 1731 2178 indignatione
1750 2151 1806 2169 cum
1829 2150 1872 2169 ne-

1077 2192 1191 2219 cessitate
1209 2192 1357 2226 conjuncta,
1377 2191 1404 2217 in
1422 2195 1540 2217 naturam
1561 2190 1644 2224 ipsam
1667 2189 1786 2221 vertitur,
1799 2193 1823 2215 ct
1837 2188 1870 2222 ﬁ-

1079 2238 1141 2264 lium
1150 2237 1213 2272 (crat
1225 2237 1318 2271 quippe
1331 2236 1369 2263 illi
1381 2236 1500 2270 parvulus
1512 2235 1747 2270 lactens)arripiens
1758 2242 1768 2261 :
1780 2233 1870 2266 Miser,

1078 2284 1159 2318 inquit
1172 2304 1179 2315 ,
1197 2283 1301 2316 puerule
1313 2303 1320 2315 ,
1335 2283 1361 2309 in
1375 2281 1450 2315 bello,
1467 2281 1493 2307 in
1508 2282 1575 2316 fame
1594 2285 1616 2307 ct
1633 2280 1754 2307 seditione
1769 2301 1775 2313 ,
1792 2279 1833 2305 cui
1848 2283 1871 2305 te

1079 2329 1182 2356 servabo
1194 2328 1205 2355 ?
1219 2337 1235 2355 α
1250 2327 1382 2359 Romanis,
1399 2327 1420 2354 si
1435 2328 1567 2353 vixerimus
1577 2348 1584 2358 ,
1599 2327 1704 2353 servitus
1717 2333 1761 2351 nos
1776 2329 1870 2356 manet,

1081 2375 1225 2403 servitutem
1234 2374 1364 2401 antevertit
1375 2375 1490 2409 fames,et
1503 2373 1614 2407 utrisque
1620 2372 1735 2399 stultiores
1748 2371 1870 2397 seditiosi.

1080 2421 1173 2458 Perge,
1188 2421 1251 2448 mihi
1259 2421 1328 2447 cibus
1341 2419 1530 2452 esto,seditiosis
1545 2417 1666 2452 Erinnys,
1676 2417 1771 2444 mundo
1781 2416 1868 2451 fabula

1079 2476 1136 2504 qua
1154 2468 1209 2495 sola
1236 2467 1303 2494 deest
1324 2464 1509 2492 calamitatibus
1531 2463 1690 2490 Judworum.
1721 2462 1769 2489 His
1797 2462 1871 2489 dictis

1081 2515 1163 2550 filium
1175 2517 1256 2545 necat,
1271 2513 1354 2547 coquit
1370 2516 1455 2547 postea
1468 2532 1475 2544 ,
1490 2511 1592 2546 ejusque
1606 2509 1740 2536 dimidium
1752 2508 1870 2539 comedit,

1080 2561 1200 2596 reliquias
1210 2568 1267 2587 vero
1277 2560 1416 2586 occultatas
1427 2557 1550 2585 seruabat.
1564 2556 1663 2583 Adsunt
1676 2555 1794 2583 continuo
1805 2555 1872 2582 redi-

1081 2607 1155 2639 tiosi,
1170 2605 1268 2640 nefario
1289 2605 1377 2631 nidore
1394 2604 1514 2639 pcrtractt'
1525 2623 1533 2636 ,
1549 2603 1726 2636 mittanturque
1749 2604 1852 2627 mortem
1863 2620 1869 2630 ,

1082 2652 1130 2679 nisi
1142 2651 1209 2686 quod
1228 2655 1359 2685 paraverat
1375 2652 1509 2685 proferret.
1525 2648 1558 2674 At
1574 2647 1620 2673 illa
1633 2655 1690 2673 cum
1704 2651 1800 2681 partem
1820 2645 1872 2671 illis

1081 2697 1171 2725 bonam
1187 2704 1297 2724 servasse
1314 2704 1341 2724 se
1355 2696 1457 2728 diceret,
1473 2694 1525 2721 nati
1547 2693 1667 2727 reliquias
1683 2692 1791 2726 aperuit.
1807 2690 1871 2717 Tum

1081 2743 1140 2771 illos
1154 2743 1239 2769 statim
1253 2742 1343 2768 horror
1365 2740 1502 2774 mentisque
1524 2743 1612 2772 stupor
1633 2736 1762 2771 occupavit
1776 2756 1783 2767 ,
1797 2740 1820 2761 et
1838 2735 1871 2760 ad

1082 2789 1159 2816 talem
1171 2792 1299 2823 aspectum
1311 2788 1383 2821 quasi
1406 2785 1470 2813 amei
1488 2784 1565 2818 defixi
1580 2785 1706 2810 steterunt.
1729 2780 1781 2807 Illa
1794 2787 1868 2811 vero,

1085 2835 1169 2869 Meus,
1185 2833 1274 2868 inquit,
1288 2839 1323 2861 est
1341 2833 1409 2868 [ilius
1422 2830 1556 2867 genuinus,
1571 2836 1680 2864 opusque
1691 2834 1782 2854 mettm.
1798 2825 1871 2853 Com-

1254 2912 1267 2923 ι
