2032 3110
203 104 258 131 ζἰιΠ

206 161 353 194 ‹ιιιῐιίι,ιιαυι
364 165 386 186 et
397 159 458 192 ipsa
474 159 572 186 conradi
584 167 592 185 :
611 167 642 185 ne
662 159 716 186 ritis
730 159 768 185 vel
782 159 884 186 muliere
897 159 992 186 mollio-

208 215 257 238 res,
273 206 312 232 vel
333 211 414 232 matre
433 205 652 232 misericordiores.
672 205 746 238 Quod
766 206 788 232 si
816 214 860 232 vos
881 207 996 241 pietatm]

209 252 301 286 colitis,
315 252 469 288 hostiumque
481 260 561 278 nteant
575 251 724 278 aversamini
732 259 742 278 :
755 260 799 286 ego
810 252 910 286 quidem
923 252 999 278 dirui-

209 299 277 324 uium
296 298 464 331 manducaui,
478 297 592 332 quodque
612 297 736 332 reliquum
756 302 791 325 est
804 297 866 324 mihi
886 302 996 325 maneat.

211 343 273 370 Post
281 344 334 370 tunc
344 344 382 370 illi
387 343 486 377 quidem
496 347 626 369 trementes
638 344 767 376 exierunt,
780 343 827 370 hac
839 352 890 370 una
903 349 999 370 tantum

209 391 233 414 in
248 396 274 415 re
288 389 434 421 timidiores,
442 396 545 423 eamque
560 389 602 415 uia:
614 396 697 415 escam
711 389 719 405 ¹
742 389 817 416 matri
825 389 998 416 concedentes.

211 433 285 460 Tanti
305 434 389 460 statim
412 434 532 469 facinoris
548 435 617 469 fama
642 434 701 461 urbs
717 438 768 461 tota
789 435 883 469 repleta
899 440 935 461 est
948 455 955 468 ,
971 443 1001 462 ac

210 487 262 508 ιιι-ιε
276 479 357 505 oculis
372 479 467 514 singuli
479 487 535 505 eam
547 479 717 506 calamitatem
730 485 859 514 ponentes,
870 488 920 506 non
931 487 1001 506 secus

209 533 239 549 ac
257 523 279 550 si
300 523 351 558 ipsi
365 524 479 559 fecissent
499 524 733 551 exhorrescebant‘.
749 525 798 558 Qui
814 527 881 560 fame
902 525 1001 551 crucia-

211 570 302 596 bantur
314 576 420 596 mortem
433 570 597 605 expetebant,
613 571 745 606 beatosque
760 570 931 606 praedicabant
943 579 984 597 eos
994 591 1001 603 ,

212 617 254 650 qui
269 617 316 642 hac
331 625 358 643 re
368 617 486 643 nondum
499 617 598 649 audita,
614 617 700 651 hisque
715 625 765 644 non
778 617 916 652 conspectis
931 616 1004 643 malis

212 662 380 688 (lacesserent.
389 661 444 688 Cito
457 662 491 688 ad
503 661 632 689 Romanos
641 662 739 698 perlata
750 667 785 689 cst
799 663 852 689 lucc
862 662 1002 689 calamitas.

216 706 258 733 Ex
281 707 312 733 iis
327 707 372 733 alii
394 715 443 733 non
456 707 589 734 credebant
600 728 609 740 ,
632 708 676 734 alii
690 708 887 739 miserebantur,
903 706 1006 742 plurimi

214 759 270 778 ιιι-το
281 753 308 778 in
323 752 405 786 majus
414 752 496 787 gentis
509 752 595 778 odium
609 757 755 779 exarserunt
768 752 886 788 (Ioseph.
897 752 927 779 de
934 751 1005 779 Bello

216 796 325 824 Iudaico
337 818 344 830 ,
361 797 404 824 lib.
421 798 485 825 6pc.
498 798 524 825 7.
539 802 563 825 et
576 798 615 833 8).

250 841 277 869 6.
291 841 351 869 Non
367 842 430 876 fides
440 843 515 869 modo
525 863 533 876 ,
548 842 592 870 sed
607 843 657 869 vita
669 842 734 869 bona
746 834 930 878 requiritur.—
944 841 1007 869 "me

217 887 352 922 multoque
366 886 407 914 his
421 887 551 914 atrociora
571 888 755 922 patiebantur,
777 895 829 915 non
844 887 924 914 modo
947 887 1008 922 quia

218 933 351 960 Christum
366 933 439 960 cruci
463 932 619 966 aflixerant,
643 933 689 960 scd
702 933 763 968 quia
777 938 845 968 post
861 933 923 960 lucc
942 940 1008 967 apo-

218 979 301 1006 stolos
323 986 354 1006 ea
378 979 448 1014 loqui
469 978 664 1014 prohibebant,
688 987 746 1014 qua:
765 979 799 1007 ad
824 980 937 1006 salutem
959 986 1009 1006 uo-

217 1028 300 1050 stram
311 1024 482 1058 pertinerent.
497 1024 573 1057 Quod
588 1032 653 1052 sane
673 1025 766 1052 beatus
786 1025 883 1053 Paulus
906 1025 1010 1053 crimini

219 1070 286 1097 dans
300 1089 308 1102 ,
323 1069 380 1097 inec
406 1069 458 1097 illis
483 1070 552 1097 mala
575 1071 783 1105 praenuntiavit:
803 1071 918 1099 Pervenit
945 1073 1011 1099 enim

219 1124 295 1152 super
307 1125 348 1143 eos
360 1117 398 1143 ira
413 1117 440 1143 in
453 1117 530 1151 ﬁnem
544 1117 580 1152 (l.
601 1116 690 1144 Thess.
706 1117 734 1144 2.
750 1117 803 1153 l6).
816 1118 849 1145 Et
861 1118 922 1153 qtlld
943 1119 1010 1152 hate,

219 1162 329 1195 dicent,
352 1162 385 1189 ad
412 1162 482 1189 nos?
506 1170 558 1189 non
580 1162 651 1189 enim
675 1162 734 1189 illos
749 1171 762 1190 a
778 1163 828 1190 [ide
842 1163 1011 1196 abducimus,

222 1215 305 1242 neque
321 1215 334 1234 a
347 1208 544 1242 praedicatione.
560 1209 595 1235 At
609 1208 682 1243 quid,
696 1216 797 1243 quaeso,
815 1209 880 1236 fides
896 1209 1014 1237 conferet

223 1253 396 1280 emolumenti
410 1273 416 1286 ,
429 1254 451 1280 si
467 1254 520 1280 vita
535 1261 599 1288 pura
612 1262 664 1281 non
679 1254 776 1282 fuerit?
791 1255 887 1282 Verum
901 1255 958 1282 ha‘c
970 1263 1016 1282 vos

223 1300 290 1326 forte
315 1299 461 1333 ignoratis,
483 1299 579 1334 quibus
608 1304 697 1326 nostra
720 1301 809 1327 omnia
831 1301 918 1336 ignota
944 1306 1014 1328 sunt.

225 1345 281 1380 Ego
296 1349 385 1372 autem
398 1345 474 1372 vobis
487 1345 583 1372 Christi
599 1347 745 1373 sententias
760 1348 922 1375 enumerabo
941 1356 947 1375 :
968 1349 1016 1375 ob-

225 1392 337 1419 servetis
359 1391 437 1419 velim
454 1400 633 1427 numquamne
648 1392 681 1420 dc
704 1392 757 1419 vita
773 1393 941 1428 requiratur,
969 1393 1016 1421 sed

227 1446 275 1472 pro
290 1437 341 1464 fide
357 1442 457 1465 tantum
481 1444 508 1465 et
532 1438 698 1473 dogmatibus
724 1439 853 1474 supplicia
876 1441 1017 1468 constituta

224 1485 287 1511 sint.
303 1484 370 1511 Cum
382 1484 453 1511 enim
469 1484 494 1511 in
507 1489 625 1512 montem
639 1485 821 1518 ascendisset,
835 1486 927 1513 videns
942 1487 1018 1514 innu-

227 1537 325 1556 meram
337 1529 565 1557 circumllucnlem
576 1530 784 1563 multitudinem,
798 1532 941 1565 prmmissis
961 1533 1018 1560 aliis

227 1577 350 1609 mouilis,
366 1577 470 1604 dicebat
482 1585 488 1603 :
504 1576 565 1604 Non
578 1577 658 1604 onmis
673 1578 715 1611 qui
728 1577 789 1604 dicit
803 1578 880 1610 mihi,
892 1577 1018 1611 Domine,

229 1623 348 1654 Domine,
375 1622 479 1649 intrabit
507 1623 533 1649 in
555 1631 661 1658 regnum
675 1623 810 1655 caelorum,
830 1624 875 1650 sed
898 1624 941 1658 qui
959 1624 1020 1658 facit

231 1669 385 1695 voluntatem
401 1669 488 1695 Patris
506 1669 564 1695 mei.
582 1669 658 1703 Item,
673 1668 750 1696 Multi
763 1669 845 1695 dicent
859 1669 920 1695 mihi
941 1670 965 1695 in
981 1670 1022 1696 die

230 1715 274 1741 illa
283 1714 303 1747 ³,
312 1722 394 1740 nonne
411 1715 437 1741 in
450 1715 549 1741 nomine
561 1719 604 1741 tuo
621 1715 833 1750 prophetavintus,
844 1719 866 1741 et
882 1715 908 1741 itt
922 1715 1021 1742 nomine

230 1766 273 1786 tuo
288 1760 412 1786 dwmonia
429 1761 556 1794 ejt’ChNM,
573 1765 595 1787 et
605 1761 630 1787 in
641 1761 741 1787 nomine
758 1765 799 1787 tuo
814 1761 915 1787 virtutes
930 1761 1022 1789 multas

232 1806 353 1841 fecimus?
362 1805 394 1832 Et
407 1811 466 1833 tunc
479 1806 614 1841 confitebor
629 1806 697 1833 illis:
710 1806 848 1833 lieceditea
860 1815 899 1833 me
908 1808 951 1842 qui
963 1815 1023 1842 ope-

230 1851 322 1878 ramini
330 1852 502 1886 iniquitatem:
511 1861 560 1879 non
571 1853 627 1879 novi
634 1861 676 1879 vos
685 1852 723 1888 (Μ
727 1853 790 1878 atth.
803 1852 829 1878 7.
842 1851 947 1886 21-25).
957 1852 1022 1879 Eum

232 1905 292 1925 vero
304 1899 346 1933 qui
359 1898 432 1925 audit
443 1906 581 1926 sermones
593 1899 674 1934 ipsius
685 1919 691 1931 ,
704 1903 731 1925 et
745 1906 797 1926 non
815 1899 877 1926 facit
887 1919 893 1931 ,
910 1899 1022 1926 similem

231 1951 289 1971 esse
300 1944 365 1971 dixit
382 1944 481 1971 homini
502 1945 588 1977 fatuo,
601 1944 709 1971 domum
724 1952 797 1970 suam
814 1951 893 1978 super
913 1952 1022 1971 arenam

231 1989 383 2022 :udilicauti,
399 1990 442 2025 qui
456 1997 515 2017 eam
538 1990 690 2017 fluminibus
701 2010 709 2023 ,
725 1990 820 2024 pluviis
842 1994 869 2017 et
884 1991 969 2017 ventis
985 1990 1021 2018 fa-

232 2037 282 2063 cile
293 2036 449 2063 diruendam
463 2041 547 2071 parat.
564 2035 628 2063 item
647 2044 707 2063 cum
723 2037 749 2064 in
774 2036 825 2064 alio
841 2037 899 2065 loco
920 2037 1024 2065 concio‘

234 2087 342 2109 lltlfellll‘
354 2091 360 2108 :
372 2083 456 2116 Sicut,
471 2083 564 2118 inquit,
581 2083 739 2118 piscatores,
757 2091 817 2111 cum
831 2092 954 2119 sagcnam
974 2089 1026 2111 tra-

235 2129 343 2160 xerint,
364 2128 447 2156 malos
463 2129 548 2163 pisces
571 2128 714 2163 objiciunt,
729 2129 764 2156 i:a
788 2130 838 2157 erit
852 2130 876 2156 in
897 2130 939 2156 illa
961 2129 1003 2157 die
1017 2150 1025 2163 ,

234 2173 334 2208 angelis
347 2180 394 2200 eos
409 2181 502 2201 omnes
521 2174 565 2208 qui
588 2174 754 2208 peccaverint
776 2174 801 2200 iu
823 2174 957 2202 fornacem
984 2174 1027 2209 ja-

235 2221 367 2249 cientibus
387 2221 492 2256 (Matth.
517 2222 559 2249 l5.
574 2221 638 2256 £7).
657 2221 693 2248 De
713 2220 850 2255 ﬂagitiosis
869 2229 974 2256 quoque
1002 2225 1029 2248 et

236 2268 346 2302 impuris
366 2267 518 2295 hominibus
545 2267 656 2302 loquens
677 2267 781 2294 dicebat
796 2275 802 2293 :
820 2266 887 2293 Illuc
905 2267 1026 2300 abibunt,

235 2314 276 2340 uiri
291 2313 380 2340 vermis
393 2314 436 2348 qui
450 2321 498 2340 non
512 2313 618 2339 moritur
629 2333 636 2344 ,
653 2317 675 2339 et
688 2312 753 2346 ignis
767 2312 810 2346 qui
822 2319 872 2338 non
892 2312 1029 2347 exstingui-

236 2367 277 2387 tttr
289 2360 383 2395 (Marc.
395 2361 421 2387 9.
433 2361 490 2396 42).
507 2360 538 2386 [ἐι
550 2367 666 2390 rursum,
679 2359 744 2392 Rex,
753 2359 846 2393 inquit,
857 2359 914 2394 fecit
929 2360 1029 2393 nuptias

235 2407 290 2440 filio
299 2412 379 2440 suo,ct
392 2416 448 2434 eum
460 2407 560 2433 vidisset
570 2406 694 2432 hominem
707 2406 820 2432 vestitum
833 2406 939 2433 restibus
949 2407 1031 2433 sordi-

237 2454 287 2485 dis,
296 2455 330 2480 ait
340 2454 373 2480 ad
384 2462 439 2480 eum
449 2461 458 2479 :
468 2452 561 2485 Amice,
573 2452 698 2487 quomodo
714 2452 762 2478 huc
772 2453 871 2479 intrasti
882 2460 930 2479 non
937 2453 1030 2480 habens

239 2503 329 2525 uestem
343 2499 482 2533 nuptialem
492 2498 543 2525 ?At
556 2498 736 2525 illeobmutuit.
753 2497 821 2525 Tutu:
835 2498 897 2525 dixit
911 2499 1030 2526 ministris

241 2545 291 2572 suis
305 2554 313 2572 :
333 2545 430 2580 Ligatis
447 2545 561 2576 manibus
577 2549 598 2571 et
619 2544 722 2579 pedibus
743 2544 807 2580 ejus,
824 2544 906 2579 ejicite
918 2543 992 2571 illaut
1004 2544 1031 2571 itt

243 2592 356 2619 tenebras
370 2592 504 2618 exteriores
528 2590 633 2626 (Matth.
649 2589 692 2618 22.
707 2590 747 2625 2).
764 2590 907 2625 lmpudicis
924 2611 930 2620 .
946 2596 973 2617 ut
989 2590 1031 2617 di-

241 2645 311 2667 ctum
327 2643 386 2672 est,
411 2641 438 2666 et
461 2637 599 2672 ﬂagitiosis
623 2636 680 2664 luce
702 2637 887 2664 comminatur.
910 2636 1031 2671 Virgines

241 2687 304 2712 item
318 2706 325 2718 ,
342 2692 402 2720 qua:
426 2692 441 2710 a
463 2683 554 2718 sponsi
577 2682 694 2709 thalamo
715 2682 831 2709 exclusa:
855 2681 961 2709 fuerunt
975 2702 982 2715 ,
997 2682 1032 2710 ob

282 2739 369 2764 ‘Savil.
383 2743 409 2765 ct
423 2739 472 2764 duo
483 2743 537 2764 Mss.
549 2738 648 2769 habent,
660 2744 746 2770 easque
763 2737 826 2762 solas
837 2736 946 2764 delicias.

281 2769 290 2784 ²
301 2770 382 2796 Morel.
393 2777 425 2796 ex
439 2770 505 2802 edito
515 2770 629 2801 Josephi:
642 2776 689 2794 non
699 2769 767 2795 secus
777 2775 807 2794 ac
818 2774 900 2794 coram
909 2770 967 2802 ipsis
977 2770 1030 2797 lucc

244 2802 351 2826 inaudita
362 2805 458 2831 patrata
469 2801 576 2833 fuissent.

277 2835 287 2852 ³
300 2830 417 2859 Dquss.
426 2830 574 2859 hic'addunt.
588 2831 697 2863 Dandae,
710 2830 818 2858 Domine.

575 102 602 131 S.
624 102 760 130 JOANXIS
772 101 1009 131 CllRYSUSTOMl
1028 104 1185 134 ARGHHZP.
1197 106 1470 136 ‘CONSTANTINOP.

1783 105 1837 132 328

1052 161 1234 190 crudelitatem
1247 169 1274 191 et
1288 164 1506 192 inhumanitatem
1522 164 1577 191 lucc
1598 170 1683 198 passa:
1702 167 1773 189 sunt.
1786 162 1837 189 Alii

1045 214 1142 234 rursus
1154 208 1246 236 eadem
1266 209 1300 237 de
1309 217 1389 237 causa
1405 215 1467 238 eunt
1483 210 1510 236 in
1526 211 1612 246 ignem
1632 216 1772 241 internum,
1790 209 1834 241 qui

1051 256 1216 284 pra'paratus
1226 257 1265 278 est
1278 251 1382 279 diabolo
1395 260 1419 280 et
1436 254 1533 288 angelis
1542 255 1610 288 ejus.
1635 253 1669 280 Et
1689 254 1706 280 ii
1721 261 1839 288 quoque.

1051 297 1095 331 qui
1107 301 1208 324 temere
1221 301 1248 324 et
1260 297 1317 324 sine
1325 305 1404 325 causa
1417 298 1570 332 loquuntur,
1581 298 1841 325 condemuabuutur.

1055 342 1093 370 Ex
1103 344 1183 370 verbis
1199 344 1294 379 quippe
1307 344 1376 376 tuis,
1391 344 1444 375 ait,
1465 344 1646 379 justi/icaberis
1656 365 1663 376 ,
1678 349 1701 371 et
1711 352 1743 371 ea:
1766 343 1845 371 verbis

1052 390 1102 416 tuis
1127 390 1135 405 ⁵
1156 389 1361 417 condemnaberis
1385 389 1492 425 (Matth.
1515 389 1558 417 12.
1583 390 1641 424 37).
1667 390 1773 425 Ergone
1798 389 1844 416 tibi

1053 434 1174 462 videmur
1199 435 1294 462 frustra
1321 436 1355 463 de
1377 436 1428 463 vita
1451 436 1561 468 timere,
1586 444 1762 471 magnamque
1788 436 1846 470 ejus

1054 479 1230 514 philosophitc
1242 481 1334 514 partis,
1344 487 1402 514 qua:
1415 488 1502 508 mores
1515 480 1641 514 instituit,
1653 481 1781 508 rationem
1798 480 1846 507 ha-

1056 525 1139 552 bere?
1153 525 1182 552 id
1196 531 1269 553 certe
1283 533 1335 552 non
1349 530 1410 560 puto
1425 535 1431 552 :
1447 526 1497 552 nisi
1511 525 1625 553 fortasse
1637 526 1771 552 Christum
1787 526 1848 552 haec

1056 571 1143 596 omnia
1159 570 1251 605 hisque
1268 570 1341 604 plura
1356 575 1457 598 temere
1470 571 1569 598 dixisse
1578 571 1693 606 jactites.
1705 571 1761 598 Non
1777 571 1848 598 enim

1056 615 1100 642 hic
1114 617 1202 642 onmia
1227 615 1430 649 complectimur
1444 625 1450 642 :
1467 615 1538 651 quod
1561 616 1610 643 nisi
1634 617 1735 651 pigeret
1749 616 1849 642 oratio-

1057 668 1118 688 nem
1138 661 1266 696 prolixius
1281 661 1441 694 cxlendcre,
1453 665 1480 688 ct
1494 669 1527 689 ex
1541 661 1678 696 prophetis
1686 665 1712 688 ct
1724 668 1756 688 ex
1772 661 1851 688 beato

1058 707 1140 734 Paulo
1154 711 1181 734 ct
1204 715 1238 734 cx
1248 707 1307 734 aliis
1319 707 1446 742 apostolis
1462 707 1611 734 docuissem
1625 711 1748 741 quantum
1761 707 1810 733 hac
1824 706 1851 733 in

1058 757 1133 788 parte
1145 760 1235 780 curam
1250 753 1371 787 posuerit
1394 753 1474 780 Deus.
1487 752 1585 780 Verum
1602 752 1658 779 haec
1671 751 1788 779 arbitror
1809 759 1851 778 sa-

1060 799 1093 826 tis
1108 806 1183 826 esse:
1197 798 1252 826 imo
1266 805 1316 826 nec
1335 798 1380 825 illa
1395 798 1483 825 solum
1495 799 1594 830 omnia.
1609 798 1657 825 sed
1671 798 1712 825 vel
1726 798 1851 838 exiguam

1060 852 1151 872 eorum
1181 849 1292 880 partem.
1317 845 1384 872 Cum
1406 845 1477 872 enim
1506 845 1574 872 Deus
1607 844 1705 879 aliquid
1732 844 1852 879 profert,

1061 891 1165 918 etiamsi
1178 891 1260 918 semel
1275 891 1356 923 dicat,
1371 890 1407 917 ita
1421 890 1447 917 id
1457 890 1529 925 quod
1553 889 1649 917 dicitur
1668 889 1853 924 accipiendum

1062 940 1102 964 est
1122 944 1153 963 ac
1175 936 1197 963 si
1217 943 1288 971 smpc
1301 935 1424 963 dixisset.

1099 983 1124 1010 7.
1139 982 1208 1015 Quid
1219 982 1307 1017 igitur,
1326 981 1430 1016 inquies
1441 1001 1451 1014 ,
1468 981 1512 1015 qui
1525 980 1722 1007 domi‘maneut
1735 987 1788 1007 non
1804 987 1852 1014 po-

1063 1032 1153 1055 terunt
1163 1035 1193 1055 ea
1205 1027 1343 1062 perﬁcere,
1355 1034 1413 1062 qua:
1422 1027 1472 1053 nisi
1486 1026 1666 1061 perficiantur,
1677 1031 1777 1053 tantum
1791 1032 1855 1060 sup-

1064 1075 1135 1109 plicii
1149 1074 1276 1110 pariunt?
1289 1073 1390 1100 Vellem
1398 1073 1524 1108 equidem
1535 1073 1603 1107 ipse,
1614 1079 1663 1099 nec
1677 1072 1765 1099 minus
1777 1079 1856 1106 quam

1066 1128 1124 1151 vos,
1141 1120 1195 1147 imo
1206 1119 1291 1146 multo
1304 1119 1389 1154 magis
1401 1139 1409 1152 ,
1430 1126 1461 1145 ac
1477 1118 1630 1153 frequenter
1651 1117 1738 1152 optari
1762 1124 1856 1143 mona-

1065 1167 1206 1195 steriorum
1224 1165 1408 1193 necessitatem
1422 1164 1486 1196 tolli,
1510 1171 1542 1191 ac
1561 1168 1662 1190 tantum
1678 1163 1749 1197 leges
1760 1162 1856 1196 etjura

1066 1213 1164 1247 optima
1179 1212 1206 1238 in
1218 1211 1370 1239 civitatibus
1389 1210 1478 1237 Valere
1493 1229 1501 1242 ,
1518 1214 1546 1236 ut
1560 1208 1659 1236 ucmiui
1672 1208 1726 1242 jam
1741 1216 1807 1242 opus
1821 1208 1857 1234 sit

1067 1258 1099 1285 ad
1111 1257 1281 1285 solitudinem
1295 1256 1438 1292 confugere
1459 1265 1465 1282 :
1482 1255 1608 1290 quoniam
1622 1262 1686 1282 vero
1697 1254 1786 1281 omnia
1800 1261 1861 1280 sus-

1068 1303 1215 1338 dcquejam
1226 1310 1313 1335 versa,
1330 1302 1448 1336 ipszeque
1460 1301 1584 1328 civitates
1594 1321 1601 1333 ,
1623 1300 1650 1327 iu
1663 1299 1759 1335 quibus
1774 1299 1861 1326 tribu-

1070 1349 1138 1376 nalia
1149 1353 1176 1375 ct
1189 1347 1261 1382 leges
1273 1368 1280 1380 ,
1298 1347 1398 1382 ingenti
1418 1346 1557 1380 iniquitate
1581 1350 1609 1373 et
1630 1345 1731 1373 scelere
1745 1345 1861 1379 impleta:

1069 1399 1140 1426 sunt,
1155 1393 1270 1421 solitudo
1293 1397 1382 1420 autem
1407 1392 1556 1420 uberrimos
1572 1390 1749 1426 philosophice
1761 1390 1863 1417 fructus

1071 1442 1185 1475 emittit;
1201 1442 1321 1476 profecto
1333 1448 1385 1467 non
1400 1440 1437 1467 illi
1449 1440 1508 1474 jure
1529 1447 1544 1465 a
1567 1438 1643 1465 vobis
1656 1438 1682 1464 in
1695 1437 1795 1464 crimen
1812 1444 1863 1463 νο-

1071 1493 1165 1516 ccutur
1179 1509 1186 1521 ,
1203 1487 1247 1523 qui
1259 1487 1325 1514 alios
1344 1486 1378 1513 ab
1394 1486 1444 1512 hac
1460 1484 1577 1519 procella
1593 1488 1619 1510 et
1637 1483 1740 1510 turbine
1753 1482 1869 1512 liberari

1073 1534 1209 1569 cupientes
1225 1532 1342 1567 eripiunt
1356 1552 1362 1564 ,
1378 1535 1405 1558 et
1424 1530 1457 1558 ad
1474 1529 1642 1564 tranquillum
1656 1533 1760 1563 portum
1779 1527 1865 1554 dedu-

1071 1583 1152 1611 cunt;
1169 1578 1215 1605 scd
1229 1578 1316 1612 potius
1334 1576 1389 1609 illi,
1411 1575 1456 1611 qui
1471 1575 1592 1603 civitates
1607 1573 1726 1608 singulas
1747 1572 1868 1607 philoso-

1073 1625 1141 1659 phiae
1156 1624 1194 1651 sic
1208 1623 1292 1650 invias
1301 1627 1327 1649 et
1340 1629 1433 1656 parum
1448 1621 1558 1648 idoneas
1571 1620 1701 1652 fecerunt,
1719 1624 1747 1646 ut
1762 1620 1807 1653 qui
1823 1626 1867 1645 sa-

1075 1669 1156 1696 lutem
1173 1668 1301 1701 consequi
1315 1668 1407 1694 volunt
1424 1687 1431 1698 ,
1446 1666 1604 1694 solitudines
1616 1665 1712 1692 sectari
1726 1669 1867 1699 cogantur.

1075 1716 1122 1743 Dic
1135 1715 1205 1743 cnim
1221 1714 1285 1741 mihi
1300 1734 1307 1746 ,
1330 1714 1350 1740 si
1365 1713 1424 1748 quis
1440 1713 1464 1740 in
1481 1717 1559 1739 nocte
1577 1711 1666 1738 media
1685 1715 1792 1744 arrepta
1809 1709 1870 1736 face

1073 1762 1182 1789 domum
1196 1760 1357 1788 incendisset
1369 1766 1490 1794 magnam
1504 1757 1710 1792 hominibusque
1724 1756 1868 1790 repletam,

1075 1814 1103 1836 ut
1115 1810 1185 1836 intus
1199 1806 1393 1834 dormientibus
1408 1805 1594 1836 insidiaretur,
1610 1808 1698 1830 utrum
1714 1802 1867 1829 diceremus

1076 1854 1226 1890 improbqu
1253 1860 1311 1880 esse
1323 1872 1331 1885 ,
1349 1859 1446 1879 eumne
1469 1851 1513 1885 qui
1534 1850 1699 1877 dormientes
1717 1848 1872 1879 excitaret,

1075 1900 1230 1935 mdibusque
1245 1899 1297 1926 illis
1309 1898 1436 1925 educeret
1448 1917 1455 1928 ,
1471 1903 1503 1923 an
1517 1903 1578 1923 eum
1592 1895 1635 1930 qui
1645 1894 1678 1921 ab
1689 1893 1764 1921 initio
1775 1893 1873 1920 incon—

1077 1947 1149 1974 dium
1164 1946 1308 1974 excitasset
1321 1965 1330 1977 ,
1345 1949 1372 1971 et
1389 1943 1526 1970 in-tantam
1541 1942 1727 1969 necessitatem
1740 1944 1795 1967 tum
1811 1946 1874 1970 eos,

1078 1998 1133 2020 tum
1148 1991 1305 2019 educentem
1318 1990 1378 2017 illos
1395 1989 1542 2024 redegisset
1555 1987 1645 2021 ?Quid
1660 1986 1758 2021 igitur,
1774 1985 1798 2012 si
1810 1985 1877 2020 quis

1078 2037 1219 2074 tyrannide
1232 2043 1388 2072 oppressam
1400 2035 1532 2062 civitatem
1543 2055 1550 2067 ,
1575 2032 1733 2067 aegritudine
1746 2031 1878 2058 laboran-

1079 2088 1145 2116 tem,
1157 2087 1184 2110 et
1201 2081 1377 2109 seditionibus
1391 2080 1516 2115 agitatam
1531 2078 1636 2110 videns,
1655 2077 1687 2104 iis
1700 2076 1796 2112 quibus
1812 2083 1881 2110 pos-

1079 2132 1121 2157 set
1134 2127 1317 2164 persuaderet,
1341 2131 1370 2153 ut
1388 2126 1481 2154 relicta
1503 2124 1610 2152 civitate
1635 2122 1785 2156 reciperent
1798 2128 1829 2148 se
1842 2120 1882 2148 ad

1080 2175 1209 2203 montium
1225 2174 1348 2207 vertices,
1360 2173 1445 2208 iisque
1457 2172 1490 2199 ad
1500 2178 1635 2199 secessum
1644 2169 1798 2204 adjumcnta
1810 2175 1883 2196 con-

1080 2221 1161 2250 ferret
1177 2230 1183 2248 :
1199 2228 1278 2256 quem
1292 2221 1318 2246 in
1332 2219 1433 2247 crimen
1452 2217 1583 2246 vocares?
1605 2223 1701 2244 eumue
1715 2215 1760 2250 qui
1776 2214 1810 2241 ab
1826 2214 1883 2241 hu-

1079 2267 1196 2304 iusmodi
1221 2266 1332 2294 tumultu
1354 2265 1380 2292 in
1395 2263 1614 2299 tranquillitatem
1628 2262 1752 2288 homines
1770 2265 1885 2294 tempe-

1083 2319 1151 2342 state
1161 2314 1275 2349 jactatOS
1285 2312 1472 2343 transtulisset,
1484 2318 1519 2337 an
1531 2317 1594 2337 eum
1610 2308 1656 2343 qui
1668 2306 1808 2345 naufragia
1828 2306 1887 2333 ista

1082 2359 1273 2395 praeparassct?
1296 2358 1366 2385 Cave
1385 2356 1455 2384 enim
1470 2360 1546 2389 putes
1561 2354 1670 2381 meliore
1694 2352 1721 2379 in
1747 2357 1819 2378 statu
1838 2358 1888 2378 res

1084 2406 1212 2432 humanas
1221 2404 1275 2438 jam
1287 2410 1356 2436 esse,
1370 2409 1448 2437 quam
1460 2402 1594 2428 civitatem
1606 2397 1746 2434 tyrannide
1761 2404 1891 2431 oppres-

1083 2459 1157 2484 sam;
1170 2458 1261 2478 verum
1276 2450 1302 2477 in
1317 2449 1395 2483 longe
1408 2447 1544 2475 deteriori.
1562 2447 1619 2474 Non
1633 2445 1705 2473 enim
1719 2444 1812 2475 homo,
1833 2443 1890 2470 sed

1083 2498 1187 2525 dtemon
1206 2496 1313 2531 quidam
1326 2494 1517 2529 ‘ncquiSsiutus,
1533 2497 1668 2526 tamquam
1683 2495 1816 2526 tyrannus
1833 2489 1894 2515 im-

1084 2544 1169 2572 manis
1180 2564 1186 2575 ,
1206 2550 1266 2570 cum
1282 2546 1335 2568 tota
1346 2548 1392 2568 sua
1409 2540 1538 2574 phalange
1552 2538 1705 2565 universum
1719 2536 1817 2563 orbem
1837 2542 1895 2561 0c-

1085 2597 1185 2625 cupans
1199 2609 1206 2621 ,
1224 2587 1250 2615 iu
1271 2588 1402 2614 humanas
1420 2586 1524 2613 animas
1550 2586 1685 2619 grassatur
1706 2591 1712 2608 :
1730 2580 1790 2608 inde
1820 2588 1898 2608 vero

1084 2636 1160 2672 (ιιιηεί
1173 2643 1205 2663 ex
1218 2643 1280 2663 arce
1294 2633 1420 2669 quadam,
1436 2630 1597 2660 exsecranda
1608 2633 1635 2657 et
1646 2628 1773 2656 scelerata
1791 2626 1900 2660 quoti-

1086 2683 1129 2710 die
1143 2686 1274 2718 praecepta
1290 2679 1443 2708 hominibus
1454 2677 1552 2706 emittit
1563 2697 1571 2710 ,
1586 2684 1638 2703 non
1652 2674 1832 2702 matrimonia
1851 2675 1901 2702 άὶο

1086 2729 1186 2758 timens
1201 2727 1285 2755 solum
1298 2747 1306 2760 ,
1333 2733 1386 2753 non
1407 2731 1532 2759 pecunias
1545 2723 1652 2750 mittens
1664 2720 1791 2748 fet-enare
1806 2741 1815 2752 ,
1838 2730 1901 2751 non

1086 2776 1174 2805 cades
1188 2779 1345 2810 perpetrans
1357 2773 1475 2808 iniquas,
1491 2779 1582 2800 verum
1598 2769 1639 2797 his
1650 2769 1729 2804 longe
1741 2768 1902 2803 graviora,

1119 2834 1127 2849 ι
1145 2831 1251 2862 Quidam.
1263 2834 1285 2857 ct
1296 2837 1328 2857 ea:
1339 2829 1450 2862 operibus
1461 2829 1509 2856 tuis
