2064 3115
152 122 199 150 ’551

153 181 216 208 dum
226 179 261 208 de
274 179 316 209 his
328 181 469 216 agendum,
483 179 540 207 haec
553 179 623 207 enim
641 186 690 206 suo
708 179 768 206 loco
783 178 942 206 reservanda

153 229 227 254 sunt.
242 225 277 254 lit
291 226 362 253 enim
377 225 430 253 alia
442 218 574 258 omittam,
591 224 642 252 hoc
653 224 739 259 ipsum
752 223 826 259 quod:
841 231 891 252 nos
909 223 944 252 ad

155 271 213 310 haec
236 271 378 299 scribenda
399 270 513 305 impulit,
528 277 617 297 nonne
635 270 677 298 vel
697 270 787 297 solum
797 269 895 297 sufﬁcit
908 269 942 298 ad

155 315 393 351 prresentismorbi
413 320 514 351 pestem
536 315 722 342 indicandam?
740 315 768 344 Si
789 315 860 343 enim
882 322 933 351 pro

155 361 273 396 priorum
287 367 367 388 sensu
380 366 549 396 peccatorum
573 368 627 388 non
647 360 726 392 afﬁci,
748 361 795 388 sed
817 362 875 389 sine
889 361 944 389 ullo

154 406 247 433 dolore
257 405 361 433 scelera
373 410 536 441 perpetrare,
550 410 685 434 extremus
698 406 806 434 malitiae
816 407 945 434 terminus

156 456 207 483 est,
221 451 265 478 ubi
279 451 387 479 tandem
400 459 484 479 novos
499 452 564 479 istos
576 452 751 487 legislatores,
766 453 882 480 recentis
893 452 945 480 hu-

155 496 199 531 jus
219 495 470 532 absurdissinueque
493 497 558 532 legis
579 502 703 525 auctores
721 501 877 530 statuemus,
898 498 944 533 qui

159 541 250 576 majori
259 549 319 569 cum
333 541 429 570 ﬁducia
443 542 548 570 virtutis
558 543 709 578 magistros,
719 550 798 578 quam
810 543 855 570 alii
869 543 944 570 ntali-

512 121 541 150 S.
556 121 693 150 JOANNIS
710 120 946 149 CllllYSOSTOMl
968 120 1127 150 ARClHEP.
1146 120 1415 149 CONSTANTlNOP.

1736 122 1788 148 33-3

998 178 1042 206 tite
1052 177 1194 213 repellunt,
1203 185 1303 213 eosque
1312 177 1395 204 tuulto
1406 177 1495 204 acrius
1505 182 1659 212 oppugnant
1671 178 1715 212 qui
1728 186 1794 211 pet.-

997 228 1055 252 cata
1063 224 1206 252 emendare
1214 223 1318 256 volunt,
1329 230 1407 259 quam
1416 230 1462 251 eos
1474 223 1519 258 qui
1531 223 1580 258 ipsi
1593 224 1782 258 peccaverunt?

997 270 1051 298 imo
1060 271 1147 306 potius
1157 277 1214 303 eos,
1226 277 1275 297 nee
1283 269 1416 297 illibenter
1426 269 1524 301 ferunt,
1534 275 1584 296 nec
1593 269 1785 302 criminantur;

997 317 1048 344 hos
1060 321 1148 343 autem
1162 316 1205 343 vix
1229 315 1299 342 ferre
1314 318 1435 350 possunt,
1451 313 1647 349 quodammodo
1660 319 1685 341 et
1700 314 1788 341 verbis

997 361 1155 398 etoperibus
1165 361 1322 394 clamantes,
1331 360 1454 395 nequitia:
1462 359 1598 386 mordicus
1607 359 1787 387 inhaerendum

997 414 1068 440 esse,
1083 411 1162 442 atque
1171 406 1206 433 ad
1217 406 1343 433 virtutem
1357 412 1502 439 numquam
1515 403 1698 436 redeundum;
1711 404 1745 430 ita
1760 408 1788 432 ut

997 459 1049 481 non
1064 451 1144 478 modo
1164 457 1221 482 eos.
1244 451 1289 486 qui
1310 449 1359 485 ipsi
1381 456 1490 485 operam
1504 448 1578 483 dant,
1599 456 1691 475 verum
1711 448 1789 476 etiam

997 505 1062 531 eos,
1087 498 1132 533 qui
1158 505 1249 525 vocem
1275 505 1324 532 pro
1347 497 1391 524 illa
1417 497 1541 524 emittere
1565 495 1682 530 audent,
1698 496 1789 523 ulcisci

996 548 1129 578 oporteat.

477 635 593 690 ΑΒ
627 635 954 690 INFIDEL

1002 636 1091 690 ἷΜ
1120 635 1473 696 ΡΑΤΙέΕΜ,

758 735 896 783 “tribe:
920 733 1182 785 secuubus‘.

882 821 1063 849 eam”

201 870 228 899 i.
243 870 313 899 Satis
325 870 431 906 quidem
453 872 511 899 haec
533 876 628 905 erant,
645 877 674 900 ut
694 877 786 907 stupor
806 875 834 899 et‘
855 871 950 899 horror

160 915 333 943 incuteretur.
347 915 422 949 Quod
434 917 456 943 si
469 917 529 951 quis
541 917 610 944 circa
623 924 670 944 eos
689 917 870 952 propheticum
886 917 949 944 illud

159 959 437 996 proferat:0bsluput't
461 962 550 988 caelum
578 970 653 996 super
678 962 725 989 hoc
739 983 747 996 ,
770 967 792 989 et
818 963 950 989 exhorruit

160 1010 227 1032 terra
251 1007 421 1038 vehementer;
437 1006 554 1041 itemque
575 1007 696 1042 :Stupor
721 1012 794 1042 alque
824 1007 950 1034 [torrenda

159 1051 228 1086 facta
251 1057 310 1079 sunt
333 1053 360 1079 in
381 1057 448 1080 terra
472 1052 584 1088 (larem.
597 1053 624 1080 2.
639 1054 682 1080 η.
694 1058 718 1080 et
731 1054 757 1081 5.
769 1054 814 1089 50)
827 1074 834 1086 ,
849 1061 948 1089 oppor-

159 1101 223 1124 tune
243 1096 395 1132 hujusmodi
418 1098 506 1125 omnia
528 1098 608 1126 dicat.
623 1098 801 1132 Quod'autem
817 1099 857 1127 his
871 1099 949 1134 longe

158 1142 264 1177 gravius
288 1147 340 1177 est,
355 1151 408 1172 nou
433 1144 514 1172 modo
538 1145 617 1172 alieni
640 1145 757 1181 quidam,
773 1150 801 1174 et
819 1146 892 1173 nullo
917 1146 949 1173 iis

159 1188 254 1223 quibus
266 1189 414 1217 consulitur
437 1190 642 1226 propinquitatis
663 1191 722 1226 jure
746 1191 897 1226 conjuncti,
914 1192 948 1219 ita

160 1233 330 1268 indignantur
357 1239 385 1262 et
415 1243 486 1270 aegre
520 1235 628 1270 ferunt;
652 1245 742 1265 verum
764 1238 814 1273 ipsi
834 1245 950 1266 consau-

160 1279 248 1314 guiuci
275 1284 303 1307 et
344 1286 468 1315 parentes
502 1288 583 1317 super
614 1282 655 1310 his
681 1283 759 1310 irasci
789 1283 948 1310 didicerunt.

160 1325 276 1354 Tametsi
299 1334 351 1354 non
374 1327 467 1362 ignoro
487 1329 637 1363 centplures
657 1336 736 1363 esse,
752 1330 796 1364 qui
821 1333 910 1364 patres
924 1329 950 1357 id

160 1379 240 1407 agere
261 1380 314 1400 non
335 1373 478 1401 admodum
500 1379 607 1409 stupent
631 1384 638 1402 :
663 1375 785 1403 suﬁ'ocari
807 1381 894 1403 autem
921 1383 953 1404 se

160 1417 251 1444 dicunt
262 1438 270 1451 ,
286 1425 317 1446 ac
331 1418 466 1446 iracundia
489 1420 593 1448 incendi
607 1441 613 1452 ,
630 1428 690 1448 cum
705 1421 811 1449 videant
824 1429 870 1449 eos
882 1443 889 1455 ,
905 1422 950 1457 qui

161 1471 247 1498 neque
262 1469 350 1498 patres
363 1471 434 1499 sunt,
449 1473 534 1501 tteque
548 1467 634 1500 amici,
651 1475 736 1502 neque
749 1468 949 1503 consanguinei,

161 1516 247 1544 neque
260 1510 311 1537 alia
333 1518 366 1538 ex
382 1515 455 1545 parte
476 1512 637 1544 necessarii,
654 1513 707 1539 imo
721 1521 792 1548 saepe
816 1513 896 1548 ignoti
919 1513 951 1541 iis

160 1555 204 1589 qui
221 1554 399 1590 philosophari
415 1557 564 1591 instituunt,
581 1557 631 1585 hoc
646 1558 732 1592 ipsum
748 1559 811 1593 pati,
828 1566 858 1586 ac
879 1559 949 1594 pltts,

161 1607 240 1634 quam
264 1601 313 1635 ipsi
337 1606 425 1636 patres
447 1602 538 1630 dolere
550 1623 557 1635 ,
573 1610 744 1638 oppugnare.
759 1602 827 1630 etin
849 1604 950 1631 crimen

160 1652 259 1673 vocare
279 1654 326 1673 eos
337 1667 345 1679 ,
360 1647 404 1681 qui
420 1647 498 1682 hujus
512 1649 638 1682 propositi
652 1653 774 1676 auctores
788 1649 854 1683 ipsis
867 1650 950 1676 fuere.

163 1690 223 1717 Mihi
246 1699 310 1718 vero
331 1692 401 1727 quod
416 1693 567 1727 oppositum
589 1698 630 1721 est
645 1694 741 1721 mirum
756 1701 815 1721 esse
836 1694 950 1722 videtur.

163 1736 215 1764 Eos
227 1737 298 1764 enim
306 1738 351 1772 qtti
364 1738 436 1765 nullo
444 1738 485 1766 vel
501 1738 588 1766 tutela:
596 1739 637 1766 vel
652 1739 775 1766 amicitize
786 1739 846 1774 jure
860 1744 953 1767 teneu-

163 1790 215 1816 llll‘,
231 1783 324 1811 alienis
347 1785 372 1811 in
388 1785 464 1812 bonis
478 1785 549 1820 angi,
566 1793 618 1815 uon
634 1786 730 1812 mirum
745 1786 865 1813 videatur
879 1794 950 1819 esse,

162 1834 253 1864 utpote
276 1830 370 1865 partim
396 1831 493 1858 invidia
514 1836 671 1866 correptos,
696 1832 790 1866 partim
813 1840 877 1859 vero
899 1840 953 1867 pne

162 1875 263 1903 malitia
290 1883 338 1903 sua
367 1876 479 1908 aliorum
508 1878 653 1912 perniciem
682 1877 833 1905 felicitatem
855 1878 867 1893 ²
894 1885 953 1905 esse

163 1930 238 1950 suam
262 1922 440 1956 arbitrantes;
457 1925 553 1951 misere
575 1924 600 1951 id
613 1924 721 1959 quidem
742 1927 770 1951 et
791 1923 951 1956 infeliciter,

163 1970 322 1998 arbitrantes
343 1975 430 1998 tamen
448 1979 454 1997 :
471 1970 542 2006 qttod
563 1974 652 1998 autem
666 1971 702 2004 ii,
718 1971 762 2006 qui
784 1975 951 2006 genuerunt,

163 2017 207 2051 qui
221 2016 410 2050 educaverunt,
425 2017 469 2051 qui
483 2017 641 2052 quotidianis
655 2017 724 2044 votis
738 2021 864 2052 exoptant
877 2021 953 2043 natos

163 2069 226 2089 suos
247 2069 276 2089 se
297 2062 361 2097 ipsis
384 2062 568 2096 prteclariores
581 2062 691 2095 videre,
708 2063 752 2097 qui
773 2070 804 2089 ea
819 2062 852 2090 de
874 2069 954 2089 causa

163 2113 257 2136 cuncta
272 2107 370 2135 faciunt
382 2112 408 2135 et
421 2108 569 2142 patiuntur;
580 2115 626 2135 eos
638 2115 686 2135 ceu
700 2107 812 2142 quadam
826 2107 955 2134 ebrietate

163 2158 301 2188 correptos
309 2158 419 2188 repente
431 2153 529 2180 mutari
537 2157 563 2180 et
574 2154 634 2187 angi
642 2153 675 2180 de
683 2153 858 2187 philosophim
866 2153 954 2181 studio

163 2207 178 2226 a
193 2199 254 2226 ﬁliis
268 2203 412 2234 suscepto;
427 2198 492 2226 illud
505 2202 546 2226 est
559 2198 631 2233 quod
643 2206 691 2233 ego
708 2199 823 2226 maxime
836 2199 954 2226 omnium

164 2244 282 2272 admiror
293 2265 300 2278 ,
316 2244 379 2272 illttd
399 2251 448 2280 ego
460 2249 645 2280 argumentum
657 2242 717 2271 esse
731 2248 795 2279 puto
807 2244 933 2272 idoneum
945 2264 953 2278 ,

164 2290 235 2325 quod
257 2291 345 2318 omnia
369 2294 493 2325 corrupta
514 2290 669 2325 perditaque
693 2289 754 2317 sint.
779 2290 836 2318 Hoc
857 2290 955 2324 elapsis

165 2337 307 2372 contigisse
322 2336 484 2372 temporibus
498 2343 577 2364 nemo
597 2336 712 2368 dixerit,
729 2343 764 2363 ne
778 2340 832 2362 tum
847 2335 954 2371 quidem

165 2391 226 2410 cum
250 2383 337 2418 palam
361 2383 542 2410 dominaretur
567 2390 653 2410 error.
677 2382 716 2410 Ac
740 2382 824 2410 semel
848 2382 954 2417 quidem

165 2429 262 2456 accidit
276 2429 301 2456 in
321 2429 428 2456 civitate
441 2429 532 2456 Grteca
545 2449 552 2462 ,
567 2429 613 2456 sed
627 2436 706 2464 quam
725 2429 829 2464 tyranni
841 2437 955 2464 occupa-

166 2476 229 2502 bant
245 2483 251 2501 :
268 2482 352 2509 neque
366 2479 453 2502 tamen
465 2479 528 2502 tunc
542 2479 680 2510 parentum
694 2475 788 2510 aliquis
799 2496 806 2508 ,
823 2479 851 2502 ut
864 2482 934 2502 nunc
945 2495 953 2508 ,

165 2521 213 2548 sed
236 2521 279 2556 qui
304 2528 391 2548 arcem
418 2526 629 2556 occupaverant;
646 2530 696 2550 nec
718 2529 811 2550 omnes
826 2522 953 2557 quidem,

166 2574 258 2594 verum
273 2566 318 2601 qui
343 2566 437 2593 horum
460 2571 518 2594 erat
539 2567 759 2602 ﬂagitiosissimus
771 2589 779 2600 ,
795 2568 954 2595 accersitum

166 2612 304 2640 Socratem
325 2611 433 2646 iubebat
447 2619 462 2638 a
477 2612 651 2647 philOSOphim
672 2613 791 2640 doctrina
813 2613 952 2640 absistere.

166 2660 201 2685 At
214 2658 258 2686 ille
270 2657 376 2693 quidem
387 2676 396 2691 ,
411 2661 539 2693 tyrannus
550 2679 557 2691 ,
573 2658 687 2686 inlidelis
697 2662 725 2686 et
742 2665 828 2686 saevus
839 2679 847 2692 ,
861 2658 906 2693 qui
921 2658 955 2685 ad

198 2759 207 2774 ¹
225 2758 320 2783 Librum
331 2758 395 2783 hunc
404 2765 529 2789 vocamus,
542 2759 681 2787 secundm.
695 2765 727 2785 ex
740 2759 883 2784 auctoritate
894 2758 953 2783 duo~

169 2793 286 2821 rumrMss.
304 2793 329 2813 Et
340 2796 398 2814 sane
410 2790 449 2815 hic
459 2790 522 2815 liber
534 2790 572 2815 vel
585 2797 616 2815 ex
625 2791 694 2815 modo
706 2790 815 2815 ordiendi
825 2791 855 2814 ad
867 2796 955 2821 praece-

167 2819 248 2845 dentis
257 2821 348 2844 seriem
355 2821 462 2851 respicit.

199 2851 209 2867 ²
227 2854 275 2876 Vox
284 2867 292 2882 ,
303 2851 438 2882 felicitate/ﬂ
448 2871 455 2882 ,
469 2851 541 2878 deest
551 2852 576 2878 in
584 2852 678 2878 duobus
688 2856 742 2877 tttss.

1001 872 1170 900 evertendam
1177 873 1366 908 rempublicam
1373 877 1467 901 cuncta
1473 873 1638 905 moliebatur,
1645 873 1794 908 alienisque

1002 917 1028 945 in
1053 918 1130 945 malis
1156 919 1337 954 gloriabatur,
1365 927 1462 954 gnarus
1485 919 1551 946 nihil
1576 919 1686 954 perinde
1711 923 1791 954 atque

1003 964 1082 991 talem
1102 964 1248 999 jussionem
1264 966 1393 1000 optimum
1419 965 1572 1000 reipublicse
1592 970 1688 992 statunt
1713 973 1793 1000 posse

1000 1014 1154 1044 pervertere
1165 1031 1172 1044 ,
1188 1011 1245 1038 lucc
1259 1018 1339 1038 ausus
1352 1016 1402 1038 est.
1419 1012 1452 1038 At
1471 1011 1498 1038 hi
1513 1011 1606 1039 ﬁdeles
1617 1032 1624 1044 ,
1638 1016 1666 1039 et
1684 1012 1710 1038 in
1723 1011 1793 1039 bene

1001 1056 1128 1083 institutis
1151 1057 1302 1085 civitatibus
1316 1057 1442 1092 degentes
1455 1078 1462 1090 ,
1479 1057 1625 1092 liberisque
1647 1057 1703 1085 suis
1725 1065 1790 1084 cott-

1000 1102 1099 1129 sullum
1121 1103 1278 1138 cupientes,
1303 1103 1360 1131 haec
1381 1103 1474 1131 eadem
1499 1104 1571 1139 loqui
1592 1104 1711 1138 audent,
1733 1112 1792 1138 qua:

1000 1150 1128 1182 tyrannus
1152 1148 1196 1175 ille
1210 1148 1281 1175 circa
1306 1148 1426 1176 subditos
1450 1155 1532 1181 suos,
1549 1156 1598 1176 nec
1622 1149 1791 1176 erubescunt.

1001 1191 1088 1225 Quare
1097 1193 1177 1228 hiqui
1191 1193 1229 1220 sic
1244 1193 1424 1228 indignantur,
1435 1193 1605 1229 magisquam
1621 1194 1793 1227 illi,admira-

1002 1237 1074 1265 tione
1093 1237 1166 1273 digni
1179 1243 1251 1266 sunt.
1272 1238 1374 1267 Idcirco
1387 1244 1414 1266 ct
1427 1247 1476 1274 ego
1490 1239 1548 1266 illos
1562 1239 1657 1266 missos
1672 1239 1789 1272 faciens,

1002 1281 1051 1309 hos
1063 1283 1108 1317 qui
1125 1283 1150 1310 in
1165 1283 1256 1318 primis
1269 1291 1359 1311 curam
1375 1284 1489 1311 ﬁliorum
1503 1289 1597 1319 gerunt
1610 1305 1616 1316 ,
1631 1284 1685 1311 imo
1704 1285 1792 1319 potius

1001 1335 1095 1362 gerere
1119 1328 1283 1362 debuerant,
1311 1336 1364 1356 non
1391 1335 1480 1357 autem
1507 1335 1619 1364 gerunt,
1649 1329 1743 1357 leuiter
1767 1335 1793 1357 et

1002 1381 1103 1401 summa
1112 1380 1172 1402 eum
1182 1375 1363 1403 moderatione
1374 1376 1508 1410 alloquar:
1519 1376 1552 1403 ab
1563 1376 1613 1402 illis
1624 1375 1792 1410 impetratum

1001 1419 1111 1454 cupiens
1124 1441 1131 1453 ,
1148 1424 1177 1447 ut
1199 1429 1252 1448 non
1274 1421 1385 1448 moleste
1408 1421 1494 1448 ferant
1507 1442 1514 1453 ,
1532 1429 1580 1448 nec
1604 1421 1791 1456 indignentur,

1002 1466 1024 1492 si
1046 1465 1103 1500 quis
1125 1474 1154 1493 se
1176 1474 1206 1493 ea
1228 1475 1287 1502 qua:
1308 1467 1425 1501 ipsorum
1450 1467 1510 1494 ﬁliis
1533 1466 1677 1501 expediunt
1699 1466 1793 1493 melius

1002 1519 1081 1540 nosse
1103 1512 1192 1546 dicat,
1207 1521 1287 1548 quam
1311 1513 1390 1540 iidem
1415 1513 1475 1548 ipsi.
1491 1513 1581 1548 Neque
1604 1512 1674 1540 enim
1696 1512 1794 1540 sufﬁcit

1003 1557 1086 1585 ﬁlium
1101 1566 1265 1592 procreasse,
1282 1563 1309 1586 ut
1322 1559 1406 1593 possit
1419 1562 1481 1586 nato
1497 1565 1593 1593 parens
1605 1562 1792 1593 congruentem

1003 1603 1194 1630 institutionem
1208 1603 1286 1636 dare;
1296 1604 1342 1631 sed
1358 1604 1505 1638 procreatio
1518 1604 1628 1630 multum
1644 1604 1746 1631 confert
1760 1603 1792 1630 ad

1004 1649 1085 1683 prolis
1107 1656 1243 1682 amorem,
1260 1649 1292 1676 ad
1316 1649 1373 1684 ejus
1387 1657 1450 1676 vero
1466 1650 1587 1676 idoneam
1610 1649 1792 1676 educationem

1003 1699 1030 1722 et
1051 1694 1214 1729 disciplinam
1240 1702 1324 1729 ucqtte
1348 1695 1497 1729 procreatio
1521 1702 1607 1730 nequc
1631 1702 1705 1721 amor
1730 1694 1793 1721 satis

1003 1745 1075 1768 sunt.
1091 1741 1156 1768 Nam
1172 1741 1193 1768 si
1206 1740 1256 1768 hoc
1271 1745 1350 1773 esset,
1362 1741 1449 1767 nullus
1462 1741 1597 1767 hominum
1611 1745 1687 1776 patre
1700 1739 1793 1766 melius

1004 1793 1083 1813 nosse
1097 1790 1184 1821 posset
1192 1785 1316 1821 quidnam
1325 1790 1396 1813 esset
1405 1785 1459 1812 ﬁlio
1473 1786 1572 1819 utilius,
1581 1784 1792 1820 quandoquidem

1004 1840 1083 1859 nemo
1104 1832 1201 1867 estqui
1226 1832 1309 1866 possit
1331 1831 1376 1859 illo
1400 1831 1483 1866 magis
1506 1831 1587 1858 ﬁlium
1603 1823 1702 1857 amﬁe.
1719 1830 1793 1857 Nune

1004 1885 1068 1905 vero
1087 1882 1175 1912 patres
1190 1885 1219 1905 se
1233 1877 1297 1904 illud
1319 1877 1440 1912 ignorare
1455 1877 1535 1911 gestis
1547 1876 1602 1903 suis
1614 1876 1772 1903 conﬁtentur
1785 1884 1791 1906 ;

1005 1931 1064 1951 cum
1080 1924 1112 1950 ad
1128 1923 1268 1958 magistros
1288 1923 1406 1955 ducunt,
1420 1931 1480 1950 ctutt
1504 1922 1652 1957 pmdagogis
1667 1921 1773 1948 tradunt
1784 1942 1791 1952 ,

1005 1978 1064 1998 cum
1080 1971 1232 1997 innumeros
1247 1970 1411 1997 consiliarios
1432 1969 1578 2001 adhibent,
1595 1973 1622 1995 ut
1645 1968 1730 1994 sciant
1751 1968 1793 1994 cui

1005 2016 1066 2043 vita:
1081 2016 1199 2043 instituto
1214 2015 1282 2042 ﬁlius
1298 2015 1441 2042 tradendus
1455 2015 1498 2041 sit.
1513 2014 1604 2048 Neque
1619 2013 1714 2040 mirum
1731 2013 1792 2039 illud

1005 2067 1046 2089 est
1058 2082 1064 2093 ,
1081 2061 1128 2088 scd
1146 2061 1216 2096 quod
1229 2069 1288 2088 cum
1301 2061 1334 2088 de
1349 2061 1410 2087 ﬁliis
1423 2060 1592 2090 consultant,
1607 2059 1718 2085 aliorum
1732 2066 1792 2086 sen-

1005 2107 1135 2140 tentiam,
1165 2115 1213 2135 sua
1240 2115 1311 2142 smpe
1340 2107 1495 2142 repudiata,
1525 2106 1728 2140 amplectantur.
1756 2104 1794 2132 Ne

1006 2153 1094 2189 itaque
1118 2154 1231 2182 moleste
1245 2161 1296 2180 nos
1319 2151 1424 2186 ferant,
1440 2152 1462 2179 si
1485 2151 1604 2178 dicamus
1629 2157 1678 2178 nos
1702 2150 1794 2177 melius

1006 2207 1085 2227 nosse
1098 2200 1159 2235 quid
1181 2200 1231 2227 illis
1253 2200 1412 2231 conveniat;
1427 2198 1474 2226 sed
1487 2198 1538 2225 nisi
1562 2197 1587 2224 id
1608 2203 1680 2225 certa
1694 2197 1796 2224 ratione

1006 2245 1216 2280 probaverimus,
1225 2249 1288 2272 tune
1297 2249 1432 2278 accusent,
1445 2248 1506 2271 tunc
1517 2243 1620 2278 probris
1632 2243 1757 2277 impctant
1767 2246 1796 2269 ut

1006 2296 1204 2326 arrogantes,ac
1215 2294 1396 2326 corruptores,
1409 2290 1541 2324 totiusque
1552 2293 1653 2316 natura:
1663 2287 1794 2315 inimicos.

1040 2337 1068 2364 2.
1089 2337 1209 2370 Quonam
1222 2344 1286 2371 ergo
1299 2336 1378 2363 modo
1392 2335 1456 2363 illud
1475 2333 1644 2362 manifestum
1662 2333 1733 2366 crit,
1753 2338 1796 2360 aut

1006 2391 1058 2419 qua
1068 2384 1170 2410 ratione
1183 2383 1307 2416 sciemus,
1324 2382 1447 2421 quisnam
1462 2381 1497 2407 sit
1508 2381 1552 2415 qui
1567 2379 1637 2415 quod
1652 2383 1792 2407 cousenta~

1006 2437 1085 2457 neum
1097 2433 1138 2456 est
1150 2429 1246 2461 videat,
1259 2433 1286 2456 et
1298 2429 1418 2463 quisnam
1431 2427 1455 2454 id
1466 2427 1571 2462 quidem
1586 2427 1655 2454 seire
1666 2425 1794 2456 videatur,

1007 2476 1157 2503 nullatenus
1172 2482 1235 2502 vero
1250 2474 1332 2501 sciat?
1346 2473 1372 2501 Si
1385 2473 1453 2500 dicta
1469 2480 1595 2505 mea,ceu
1609 2471 1734 2506 quasdam
1745 2470 1792 2498 ob-

1003 2521 1143 2557 jectioues,
1153 2521 1186 2548 ad
1195 2528 1305 2547 examen
1315 2519 1476 2547 descendere
1486 2526 1517 2546 ac
1527 2518 1650 2553 congredi
1659 2522 1795 2552 cogentes,

1007 2567 1167 2602 incorruptis
1184 2567 1318 2602 judicibus
1337 2566 1394 2592 haec
1412 2564 1582 2600 disquirenda
1604 2563 1795 2598 permittamus.

1007 2614 1060 2642 Lex
1083 2615 1172 2649 itaque
1193 2612 1346 2641 certaminis
1360 2619 1409 2638 nos
1427 2611 1555 2638 adversus
1571 2609 1751 2637 Christianum
1765 2608 1801 2635 ad'

1007 2668 1122 2696 pugnam
1136 2660 1209 2688 exire
1221 2659 1313 2694 jubet,
1328 2662 1408 2692 atque
1422 2664 1483 2684 cum
1495 2656 1541 2683 illo
1555 2659 1657 2682 tantunt
1671 2661 1797 2690 pugnare,

1007 2706 1128 2741 nihilque
1141 2704 1256 2740 amplius
1269 2703 1382 2738 requirit
1397 2709 1412 2729 a
1427 2701 1514 2729 nobis.
1530 2701 1598 2734 Quid
1612 2701 1678 2727 enim
1693 2700 1754 2726 mihi
1769 2700 1803 2729 de

1007 2753 1038 2780 iis
1059 2753 1134 2780 etiam
1155 2751 1197 2786 qui
1210 2751 1271 2785 {oris
1289 2754 1347 2777 sunt
1357 2749 1473 2783 judicare
1487 2748 1532 2782 (ί.
1547 2746 1607 2774 Cor.
1633 2746 1660 2773 5.
1675 2745 1746 2779 £2)?
1764 2744 1799 2771 ait

1008 2799 1102 2826 beatus
1127 2797 1238 2824 Paulus.
1259 2795 1358 2823 Verum
1385 2794 1445 2829 quia
1470 2793 1626 2828 plerumque
1651 2791 1798 2825 contingit,

1013 2844 1111 2876 multos
1130 2851 1222 2872 eorum
1237 2843 1281 2878 qui
1309 2841 1341 2868 ad
1363 2841 1457 2868 caelum
1481 2837 1688 2875 pertrahuntur,
1705 2835 1797 2864 inﬁde-
