2064 3115
179 183 233 212 $3

179 239 250 266 libus
269 234 388 271 patribus
400 236 478 260 natos
491 238 551 259 esse
561 251 568 263 ,
583 230 687 259 etiamsi
703 230 746 257 lex
761 228 914 257 certaminis
926 235 975 256 nos

179 292 195 311 a
207 289 296 318 pugna
313 287 374 309 eum
389 278 431 306 his
441 277 557 305 ineunda
573 276 672 304 liberos
686 275 768 308 sinat,
783 277 878 309 sponte
889 278 978 300 tamen

179 329 231 364 ipsi
244 332 272 355 et
283 326 410 355 alacriter
424 324 490 352 istos
510 323 610 359 primos
622 321 800 357 aggredimur.
816 320 902 354 Atque
925 318 978 346 uti-

179 383 241 402 nam
252 374 382 401 adversus
393 372 441 398 hos
451 375 551 398 tantum
563 369 639 397 nobis
648 373 784 396 certamen
793 371 874 399 esset,
886 374 978 402 quam-

181 427 259 455 quam
273 419 325 446 hoc
339 417 473 445 difﬁcilius
493 416 546 449 sit,
562 414 741 450 plurimasque
760 419 840 440 ansas
864 412 977 439 habeat:

180 464 307 492 Animalis
321 463 391 490 enim
406 462 479 488 homo
495 469 545 487 non
557 460 661 496 percipit
671 467 702 486 ea
714 466 770 494 qua!
782 462 838 485 sunt
849 457 975 492 Spiritus;

180 510 286 539 stultitia
307 509 399 544 quippe
413 513 448 535 est
462 507 502 534 illi
514 506 559 542 (1.
573 506 632 533 Cor.
647 505 673 532 1.
686 506 719 533 Η
730 504 738 539 )
750 513 757 531 :
778 504 901 538 idemque
915 510 979 530 cort-

182 556 259 591 tingit
271 563 302 582 ac
317 556 338 582 si
354 555 414 589 quis
428 554 509 580 vellet
523 552 556 579 ad
571 558 689 579 amorem
713 550 788 585 regni
801 549 920 584 aliquem
936 549 979 576 in-

182 602 299 633 dueere‘,
324 600 366 635 qui
383 599 500 627 nondum
522 597 644 635 crederet
659 604 717 624 rem
733 596 817 630 ipsam
838 596 978 623 exsistere.

180 649 307 677 Attamen
321 647 402 674 rebus
415 645 512 673 nostris
530 644 569 672 sic
587 634 613 671 in
629 648 768 678 angustum
784 642 916 674 redactis,
933 641 981 668 ad-

181 701 275 722 versus
287 694 350 720 istos
362 697 462 719 tantum
473 695 607 718 certamen
620 689 682 716 mihi
695 696 754 716 esse
767 696 903 724 cuperem.
914 687 980 714 Nam

182 741 310 767 adversus
321 739 426 766 ﬁdelem
436 741 590 772 argumenta
603 738 746 772 suppetunt
764 742 843 769 quam
855 734 978 769 plurima,

182 786 231 814 etsi
243 789 322 813 tantae
332 785 415 819 copim
426 783 588 818 voluptatem
604 782 729 809 obscuret
745 780 913 808 verecundiae
924 787 980 807 ma-

181 832 302 869 gnitudo.
318 831 400 858 Pudet
421 830 492 857 enim
507 837 551 856 me
565 828 635 864 quod
650 827 778 855 adversus
793 827 863 853 hunc
876 833 924 861 pro
939 825 980 853 his

183 887 297 914 pugnam
312 877 480 905 committere
493 884 582 910 cogar,
607 882 756 909 vereorque
770 881 804 900 ne
822 872 874 900 ltoc
893 873 980 900 solum

183 926 286 952 crimen
298 924 404 958 gentilis
424 923 484 958 jure
499 921 564 948 mihi
579 921 662 956 possit
674 920 808 954 objicere:
824 926 884 946 nam
897 918 923 945 in
937 925 980 945 re-

183 971 261 1005 liquis
272 970 344 997 illum
359 976 408 1004 ope
421 967 517 995 divina:
530 967 621 1002 gratia:
635 966 712 993 facile
732 966 867 999 capiemus
880 973 886 990 :
901 969 981 998 atque

183 1016 204 1043 si
216 1015 328 1043 voluerit
340 1020 416 1049 grato
426 1013 514 1040 animo
526 1011 679 1048 procedere,
692 1011 744 1038 cito
755 1010 828 1037 illum
839 1017 891 1036 non
901 1009 980 1036 modo

183 1061 216 1088 ad
235 1068 353 1087 antorem
372 1059 450 1093 hujus
463 1058 523 1085 vitre
545 1057 729 1089 traducemus,
745 1063 836 1083 verum
852 1055 884 1082 ad
899 1054 981 1089 ipsius

183 1114 290 1141 quoque
309 1105 436 1133 doctrina:
450 1103 628 1134 desiderium,
651 1110 666 1129 a
688 1109 740 1137 quo
753 1101 805 1128 vita
822 1101 879 1128 haec
900 1108 980 1135 argu-

185 1157 306 1180 mentum
320 1157 346 1180 et
362 1151 465 1179 initium
481 1150 564 1177 ducit.
579 1149 692 1177 Tantum
707 1148 779 1175 enim
792 1148 907 1174 abcstut
917 1154 980 1174 cer-

184 1205 275 1228 tamen
288 1199 415 1226 adversus
427 1197 502 1224 illum
516 1195 608 1223 subire
621 1199 738 1222 metuam
753 1214 761 1226 ,
782 1198 812 1220 ut
824 1200 884 1220 eum
897 1200 982 1227 expu-

183 1249 264 1280 gnatu
287 1243 465 1271 difﬁciliorem
487 1249 545 1269 mea
566 1241 687 1268 oratione
711 1239 898 1272 constituero,
925 1243 981 1265 tum

183 1291 290 1318 demum
309 1296 425 1324 pugnam
452 1287 599 1322 aggrediar.
622 1286 765 1320 Fingamus
787 1285 858 1312 enim
878 1288 980 1319 patrem

184 1335 337 1371 lmjusmodi
351 1342 405 1362 non
419 1333 497 1360 modo
514 1332 642 1367 gentilem
663 1338 723 1359 esse
734 1351 742 1364 ,
764 1331 812 1358 sed
826 1338 881 1365 prae
895 1330 982 1357 omni-

184 1382 233 1410 bus
246 1381 398 1408 hominibus
417 1379 537 1412 divitem,
557 1377 698 1412 insignem,
717 1377 836 1412 potentia
854 1375 982 1411 singulari

184 1427 339 1462 praeditum:
354 1426 452 1453 habeat
465 1431 543 1459 agros
558 1424 696 1458 plurimos,
712 1422 784 1450 aedes
799 1421 907 1455 multas,
921 1421 981 1449 auri

185 1473 323 1499 innumera
340 1471 449 1498 talenta.
466 1469 507 1498 Sit
521 1468 631 1503 insuper
646 1467 718 1502 regia
737 1467 821 1501 patria
832 1487 839 1500 ,
856 1466 981 1493 illustris-

185 1519 253 1546 simo
266 1525 376 1554 genere,
393 1517 461 1544 ﬁlios
475 1516 540 1543 alios
560 1522 647 1550 neque
663 1513 774 1545 habeat,
790 1520 877 1547 neque
890 1520 920 1540 se
934 1512 982 1539 ha-

184 1565 300 1592 biturum
315 1567 415 1599 speret;
432 1562 478 1590 sed
491 1569 524 1589 ex
539 1561 589 1588 hoc
602 1559 660 1587 solo
675 1559 798 1594 pendeat.
811 1558 868 1585 lino
881 1561 908 1585 et
919 1557 976 1592 ipse

186 1613 220 1640 sit
241 1618 351 1639 summa:
367 1610 442 1644 spei,
456 1613 535 1644 atque
558 1607 591 1634 ad
613 1606 723 1641 imperia
739 1608 842 1632 mature
856 1611 982 1632 ascensu—

185 1666 231 1686 rus
241 1678 248 1690 ,
263 1661 417 1693 patremque
438 1654 581 1690 splendore
599 1656 776 1688 superaturos
790 1655 961 1686 exspectetur
973 1671 980 1682 ,

185 1704 361 1738 omnibusque
379 1702 439 1728 vita:
461 1699 609 1728 commodis
630 1699 709 1734 longe
734 1698 891 1724 anteiturus.
915 1697 982 1724 Tum

186 1757 249 1778 vero
272 1749 300 1777 in
315 1748 403 1776 medio
419 1752 498 1774 tanta:
512 1746 568 1781 spei
584 1744 694 1773 accedat
706 1742 801 1778 aliquis
812 1763 819 1775 ,
835 1742 922 1777 deque
935 1742 985 1769 hac

187 1794 353 1836 philosophia
374 1799 456 1825 verba
475 1791 594 1827 faciens,
618 1788 778 1829 persuadeat
798 1788 822 1818 ei
843 1792 873 1815 ut
888 1788 985 1836 spretis

185 1831 310 1873 omnibus
321 1848 420 1871 vestem
435 1849 465 1870 sc
477 1841 600 1868 rusticam
614 1839 716 1872 induat,
730 1845 761 1865 ac
769 1836 859 1864 relicta
873 1834 938 1864 urbe
951 1831 985 1863 ad

188 1881 305 1920 montem
315 1889 465 1924 confugiat:
480 1887 568 1921 ibique
581 1886 690 1920 plantet,
706 1884 784 1919 riget,
800 1889 896 1918 aquam
907 1881 983 1914 ferat,

189 1943 340 1972 caueraque
362 1933 552 1963 monachorum
575 1930 656 1958 faciat
675 1937 773 1964 opera,
793 1935 852 1963 quae
877 1927 936 1953 vilia
957 1930 986 1953 et

189 1971 301 2017 indigna
314 1989 374 2009 esse
397 1979 553 2007 videantur:
569 1977 603 2004 sit
623 1980 751 2011 praeterea
762 1973 840 2000 nudis
858 1971 985 2007 pedibus,

189 2028 262 2055 humi
277 2027 372 2058 cubet;
388 2025 572 2058 efﬁciaturque
583 2029 672 2049 macer
685 2024 713 2048 et
726 2019 838 2055 pallidus
853 2018 987 2045 formosus

189 2074 234 2101 ille
245 2073 310 2100 olim
323 2071 488 2102 adolescens,
503 2069 546 2105 qui
562 2067 640 2095 tantis
654 2071 732 2093 antea
743 2066 770 2092 in
790 2064 891 2092 deliciis
904 2063 988 2090 hono-

190 2120 315 2154 ribusque
325 2118 454 2153 degebat,
467 2121 598 2150 tantmquc
609 2114 666 2149 spei
677 2117 744 2146 erat,
758 2111 898 2145 viliorique
909 2117 987 2145 quam

191 2166 259 2193 servi
273 2165 313 2192 sui
327 2169 402 2192 veste
415 2163 555 2191 induatur:
569 2169 631 2189 num
646 2159 710 2187 satis
729 2159 825 2186 multas
840 2156 988 2184 accusatori

192 2213 313 2240 dedimus
327 2218 423 2243 ansas,
443 2217 477 2236 an
496 2208 561 2235 satis
582 2205 764 2234 adversarium
791 2202 987 2230 instruximus?

194 2259 223 2286 Si
242 2259 299 2285 hate
318 2265 372 2285 non
393 2255 459 2283 satis
480 2254 551 2287 sint,
575 2252 627 2279 alia
650 2257 756 2286 quoque
775 2248 987 2284 suppeditemus.

199 2307 330 2333 Praeterea
344 2310 438 2330 omnes
453 2304 557 2328 moveat
573 2298 710 2325 machinas
722 2300 798 2332 pater
808 2315 816 2328 ,
829 2298 859 2321 ut
872 2293 954 2320 ﬁlium
973 2300 988 2319 a

195 2352 332 2387 proposito
352 2349 483 2381 deducat;
506 2347 553 2375 sed
573 2347 723 2376 incassum,
753 2346 843 2377 utpote
863 2347 922 2367 curn
946 2339 990 2366 ille

195 2385 274 2433 supra
289 2402 390 2432 petram
404 2395 550 2423 collocatus
565 2392 610 2424 sit,
633 2398 664 2418 ac
677 2388 841 2421 fluminibus,
856 2385 952 2422 pluviis
964 2389 991 2412 et

196 2431 396 2472 vehtisieederc
413 2448 466 2468 non
480 2440 564 2467 norit:
580 2438 669 2472 lugeat
682 2436 744 2463 item
759 2439 834 2469 pater
858 2437 937 2467 atque
951 2431 990 2458 la-

197 2482 301 2525 crymas
314 2488 428 2517 emittat,
444 2486 479 2513 ita
494 2489 524 2512 ut
538 2481 749 2518 indignationem
761 2478 881 2506 omnium
898 2483 990 2504 contra

198 2523 246 2563 nos
262 2534 404 2562 incendat:
427 2532 566 2559 universos
586 2529 739 2563 frequenter
761 2525 838 2553 adeat
853 2529 882 2552 ut
901 2531 949 2551 nos
964 2523 990 2550 in

196 2582 297 2608 crimen
313 2583 402 2606 vocet:
417 2577 501 2605 Genui
512 2596 520 2609 ,
531 2574 640 2602 educavi
653 2594 660 2605 ,
676 2576 834 2605 aetatemque
845 2577 950 2597 omnctn
965 2569 990 2596 in

198 2626 324 2653 utrumuis
335 2623 460 2654 contrivi,
483 2625 579 2648 cuncta
599 2625 680 2654 agens
703 2621 729 2644 et
745 2616 849 2651 patiens
862 2635 868 2646 ,
886 2622 946 2649 qua:
958 2622 992 2641 ex

200 2671 251 2699 hac
269 2671 414 2698 liberorum
427 2666 585 2695 educatione
597 2663 721 2691 accidere
734 2662 821 2689 solent
836 2669 843 2687 :
856 2667 930 2694 spem
946 2659 993 2685 lia-

201 2717 244 2744 bui
255 2716 383 2750 optimam
394 2735 402 2748 ,
417 2713 576 2748 paedagogos
587 2710 738 2744 alloquutus
751 2714 809 2733 sum
820 2726 827 2740 ,
850 2705 992 2740 magistros

201 2760 360 2793 obsecravi,
385 2759 511 2794 pecunias
533 2755 669 2791 impendi,
693 2752 801 2788 vigilavi
816 2758 887 2786 saepe
900 2758 992 2778 curam

201 2813 298 2841 gerens
308 2805 340 2832 de
352 2809 456 2836 ornatu,
470 2803 503 2831 de
514 2801 688 2832 institutione,
702 2804 730 2826 ut
741 2798 872 2832 majorum
885 2803 992 2823 suormn

203 2851 304 2879 nemini
314 2850 421 2878 inferior
432 2853 512 2882 esset,
523 2852 552 2875 ut
563 2845 687 2874 omnibus
697 2847 837 2879 appareret
848 2842 991 2870 illustrior:

206 2897 391 2933 expectabam
404 2896 483 2936 hunc
494 2893 624 2925 senectuti
644 2899 712 2921 mea:
726 2891 820 2921 solatio
834 2889 890 2918 fore
906 2898 912 2917 :
929 2897 991 2926 pro-

560 173 741 203 ADVERSUS
761 170 1035 201 OPPUGNATORES
1053 171 1147 200 VITL'
1165 171 1311 200 MONAST.
1330 171 1396 200 LIB.
1417 171 1449 200 ιι.

1767 174 1820 202 35-5

1032 236 1109 256 cessa
1119 229 1245 264 temporis
1253 229 1289 256 de
1298 237 1382 258 uxore
1394 233 1422 257 et
1433 229 1468 258 de
1480 230 1652 258 matrimonio
1660 230 1818 265 cogitabam,

1031 274 1064 303 tle
1075 274 1202 310 imperio,
1217 274 1252 303 de
1272 275 1444 310 magistratu;
1465 283 1526 303 cum
1546 275 1691 311 derepente
1705 283 1755 304 ceu
1770 275 1819 303 ful-

1032 327 1091 347 ruen
1105 326 1132 346 et
1148 319 1265 354 procella
1280 320 1371 348 nescio
1391 320 1461 348 unde
1483 320 1588 348 irruens
1601 321 1820 356 pretiosissimam

1031 374 1126 394 navem
1137 387 1146 400 ,
1162 367 1251 394 multis
1272 367 1385 395 sarcinis
1401 368 1544 401 refertam,
1557 367 1694 403 latumque
1713 368 1821 404 pelagus

1031 421 1178 446 emensam,
1188 414 1305 441 secundo
1314 419 1393 441 vento
1403 416 1580 449 navigantem,
1588 422 1649 443 eum
1655 415 1708 450 jam
1717 420 1821 450 portum

1031 460 1188 494 attingeret,
1205 467 1287 494 prope
1307 459 1392 494 ipsum
1405 460 1503 487 ostium
1523 460 1666 487 demersit:
1682 465 1825 495 metusque

1032 505 1125 540 ingens
1140 505 1229 538 adest,
1247 512 1280 532 ne
1303 513 1354 532 non
1369 505 1448 532 modo
1468 510 1616 532 extremam
1628 510 1823 540 paupertatem,

1030 552 1079 579 sed
1088 552 1167 579 etiam
1176 551 1354 579 miserabilem
1366 556 1478 578 mortem
1487 559 1518 579 ac
1528 552 1670 587 perniciem
1679 553 1736 580 viro
1744 553 1825 580 tantis

1032 597 1133 625 divitiis
1152 597 1281 624 instructo
1303 605 1372 624 sa-va
1401 601 1545 631 tempestas
1566 597 1670 624 afferat.
1692 597 1736 625 Sic
1761 605 1824 633 pro-

1033 642 1102 671 fecto
1122 643 1187 670 mihi
1207 651 1276 671 nunc
1288 643 1410 678 contigit.
1431 643 1552 678 Namque
1574 643 1755 671 exsecrabiles
1771 644 1825 678 illi,

1034 695 1203 724 corruptores
1213 710 1220 722 ,
1245 689 1400 717 seductores
1415 689 1493 725 (haec
1506 688 1578 716 enim
1592 689 1662 716 dicat
1673 709 1681 721 ,
1696 689 1761 716 nihil
1784 690 1822 716 illi

1032 733 1271 770 suecensebimus)
1294 738 1374 761 tantm
1391 735 1449 769 spei
1467 733 1567 767 ﬁlium,
1587 734 1733 762 senectutis
1757 742 1829 762 mete

1033 780 1180 813 nutritium,
1191 787 1239 807 ceu
1250 780 1356 814 quidam
1369 779 1508 814 prredones
1520 780 1545 807 in
1560 779 1667 807 latibula
1677 787 1724 807 sua
1738 779 1823 808 abdu-

1034 833 1114 853 xere:
1125 826 1245 860 adeoque
1258 826 1332 853 illum
1342 825 1398 853 suis
1416 825 1580 852 carminibus
1598 830 1818 858 excantaverunt,

1032 876 1060 898 ut
1074 871 1148 897 malit
1163 870 1291 898 adversus
1305 870 1417 903 ferrum,
1435 870 1523 906 ignem
1536 892 1543 902 ,
1558 870 1674 905 belluas,
1692 871 1824 899 adversus

1033 917 1122 944 omnia
1139 917 1254 952 denique
1268 921 1349 949 stare,
1359 924 1438 951 quam
1456 916 1490 944 ad
1505 917 1621 951 priorem
1633 917 1765 944 fortunam
1779 925 1823 946 re-

1032 970 1132 990 meare.
1140 962 1268 997 Quodque
1275 964 1381 997 gravius
1391 967 1441 996 est,
1450 966 1590 997 postquam
1600 962 1657 989 haec
1668 962 1704 990 illi
1716 970 1825 997 persua-

1033 1012 1135 1042 serunt,
1144 1008 1238 1035 melius
1248 1016 1277 1035 se
1287 1007 1349 1042 quid
1365 1008 1428 1035 utile
1436 1008 1470 1035 sit
1481 1008 1552 1035 scire
1566 1007 1734 1041 proﬁtentur,
1745 1015 1823 1042 quam

1033 1061 1092 1081 nos.
1105 1054 1221 1081 Desertae
1238 1053 1293 1089 jam
1314 1053 1425 1087 domus,
1442 1053 1540 1081 deserti
1553 1053 1623 1088 agri:
1641 1053 1691 1088 ipsi
1702 1053 1826 1088 agricola;

1034 1106 1065 1126 ac
1078 1098 1147 1126 servi
1163 1099 1269 1126 tristitia
1288 1106 1319 1126 ac
1331 1099 1432 1134 pudore
1446 1099 1534 1133 pleni;
1554 1099 1690 1126 exsultant
1709 1099 1735 1126 in
1747 1099 1826 1126 malis

1033 1145 1101 1173 meis
1116 1145 1215 1173 inimici
1225 1166 1233 1179 ,
1249 1152 1280 1173 ac
1294 1145 1395 1180 pudore
1408 1145 1564 1180 operiuntur
1580 1145 1669 1172 amici.
1685 1144 1763 1179 Apud
1776 1152 1820 1173 me

1034 1196 1121 1218 autem
1137 1191 1208 1218 nulla
1223 1191 1354 1218 sententia
1367 1191 1478 1224 obtinet,
1492 1191 1544 1218 nisi
1558 1196 1596 1224 ut,
1610 1191 1740 1226 subjectis
1755 1191 1825 1226 igni-

1033 1236 1083 1264 bus
1095 1256 1103 1268 ,
1119 1241 1214 1264 cuncta
1234 1237 1314 1264 simul
1336 1244 1445 1264 exuram
1457 1257 1464 1269 ,
1481 1237 1551 1264 mdes
1563 1257 1571 1270 ,
1588 1244 1667 1271 agros
1679 1258 1686 1269 ,
1702 1241 1824 1264 armenta

1033 1281 1124 1315 boum,
1137 1289 1231 1317 greges
1242 1289 1378 1317 pecorum.
1390 1282 1437 1309 Cui
1457 1282 1528 1309 enim
1547 1282 1613 1309 mihi
1626 1282 1685 1309 usui
1698 1280 1755 1309 lucc
1769 1281 1824 1316 jam

1033 1332 1121 1360 erunt,
1131 1334 1191 1355 eum
1207 1327 1252 1354 ille
1264 1335 1316 1354 non
1332 1326 1402 1354 adsit
1415 1327 1491 1362 cujus
1504 1333 1551 1354 usu
1565 1326 1622 1354 haec
1630 1331 1719 1361 parata
1732 1331 1826 1360 erant,

1034 1374 1154 1409 captivus
1161 1373 1262 1401 scilicet
1272 1373 1410 1406 abductus,
1423 1377 1501 1408 atque
1510 1372 1579 1407 apud
1589 1373 1719 1400 immanes
1729 1372 1826 1400 barba-

1035 1427 1080 1447 ros
1101 1419 1220 1447 servituti
1236 1419 1356 1446 addictus
1377 1419 1451 1446 omni
1465 1423 1551 1446 morte
1569 1418 1716 1446 acerbiori?
1730 1419 1827 1447 Dome-

1035 1465 1116 1493 sticos
1128 1472 1222 1492 omnes
1242 1465 1355 1499 pullatos
1373 1464 1496 1492 incedere
1508 1464 1573 1498 jussi
1584 1484 1591 1497 ,
1606 1463 1707 1498 aspersi
1735 1464 1826 1491 cinere

1035 1511 1140 1545 capita,
1163 1510 1304 1537 mulierum
1324 1510 1421 1537 choros
1442 1509 1559 1541 institui,
1572 1509 1693 1544 iussique
1710 1509 1828 1537 amarius

1036 1556 1172 1591 plangere,
1193 1563 1273 1591 quam
1292 1555 1315 1582 si
1337 1560 1471 1582 mortuum
1485 1555 1626 1582 vidissent.
1642 1555 1707 1583 Date
1720 1555 1827 1583 veniam

1036 1602 1094 1630 haec
1106 1601 1213 1629 facienti
1228 1601 1311 1628 mihi:
1327 1600 1371 1628 hic
1386 1600 1452 1628 mihi
1465 1600 1551 1628 luctus
1574 1601 1654 1636 longe
1666 1601 1713 1628 illo
1725 1601 1826 1635 major:

1033 1648 1088 1683 jam
1104 1648 1169 1675 mihi
1189 1648 1234 1675 lux
1252 1647 1308 1683 ipsa
1321 1647 1433 1675 molesta
1446 1651 1487 1675 est
1498 1668 1505 1680 ,
1520 1648 1646 1682 ipsosque
1659 1648 1724 1674 solis
1737 1647 1829 1675 radios

1036 1694 1139 1728 ingrate
1152 1693 1280 1727 suspicio,
1298 1701 1357 1720 cum
1378 1693 1404 1719 in
1426 1697 1543 1720 mentem
1559 1693 1632 1720 venit
1645 1693 1759 1720 infelicis
1779 1693 1829 1720 ﬁlii.

1037 1739 1161 1771 habitus;
1186 1746 1246 1766 cum
1268 1738 1341 1765 illum
1356 1738 1493 1765 vilissimis
1516 1738 1640 1773 agricolis
1661 1738 1830 1766 inhonestius

1009 1784 1011 1787 ’
1039 1785 1163 1812 vestitum
1175 1791 1271 1818 cerno,
1283 1788 1362 1819 atque
1382 1784 1414 1811 ad
1437 1783 1581 1818 abjectiora
1595 1791 1675 1818 opera
1695 1784 1826 1816 missum;

1037 1840 1098 1861 cum
1120 1830 1255 1860 immobile
1269 1829 1435 1865 propositum
1448 1828 1505 1864 ejus
1520 1828 1677 1862 considero,
1693 1836 1773 1862 uror,
1788 1829 1829 1856 la-

1037 1886 1127 1912 ceror,
1140 1877 1302 1913 disrumpar.

1074 1925 1101 1951 5.
1122 1924 1184 1951 Hcce
1197 1923 1299 1956 dicens,
1315 1920 1484 1958 provolvatur
1497 1920 1576 1949 etiam
1593 1919 1757 1947 audientium
1778 1927 1826 1956 pe-

1038 1970 1132 2003 dibus,
1148 1973 1270 2005 aspergat
1289 1969 1379 1996 cinere
1403 1972 1502 2003 caput,
1518 1967 1642 2002 deturpet
1661 1967 1769 2002 pulvere
1789 1967 1828 1994 fa-

1038 2018 1106 2044 ciem
1118 2037 1126 2050 ,
1141 2023 1286 2050 omnesque
1297 2019 1420 2049 precetur
1430 2018 1459 2041 ut
1469 2013 1605 2048 porrigant
1615 2021 1733 2046 manum,
1745 2020 1828 2040 canos

1040 2062 1154 2090 vellicet.
1170 2061 1240 2096 Satis
1260 2066 1323 2095 puto
1343 2060 1484 2094 diligenter
1502 2062 1683 2086 accusatorem
1704 2058 1830 2085 instruxi-

1039 2116 1109 2142 mus,
1124 2107 1158 2135 ad
1176 2106 1377 2135 inﬂammandos
1391 2105 1526 2132 auditores
1539 2111 1632 2132 omnes
1646 2124 1653 2136 ,
1671 2103 1831 2131 incitandos-

1040 2163 1092 2191 que
1104 2175 1112 2188 ,
1127 2159 1156 2182 ut
1169 2154 1264 2181 horum
1277 2156 1400 2180 auctores
1414 2160 1460 2186 per
1471 2151 1615 2186 praecipitia
1628 2154 1717 2185 agant.
1730 2149 1833 2177 idcirco

1041 2201 1112 2229 enim
1125 2207 1262 2235 supremas
1277 2198 1395 2226 omnium
1408 2197 1590 2225 accusationes
1601 2196 1688 2223 verbis
1701 2195 1834 2229 expressi,

1042 2252 1087 2280 ut,
1099 2247 1151 2274 hoc
1165 2246 1201 2273 ita
1221 2249 1375 2280 comparato
1396 2248 1552 2272 accusatore
1567 2250 1615 2277 per
1635 2241 1750 2269 divinam
1772 2248 1833 2276 gra—

1043 2295 1106 2321 tiam
1129 2296 1279 2328 prostrato,
1293 2299 1326 2318 ex
1342 2290 1452 2329 reliquis
1471 2296 1550 2317 nemo
1563 2293 1654 2324 postea
1674 2288 1771 2315 mutire
1785 2294 1831 2314 va-

1043 2341 1106 2368 leat.
1126 2339 1256 2372 Nam,eo
1275 2338 1317 2365 cui
1337 2337 1394 2365 haec
1413 2336 1504 2364 omnia
1527 2335 1606 2363 simul
1627 2338 1781 2369 competunt
1798 2333 1835 2360 ad

1043 2387 1177 2415 silentium
1191 2385 1299 2413 redacto
1308 2405 1316 2417 ,
1330 2383 1375 2419 qui
1385 2391 1438 2411 non
1457 2382 1545 2410 omnia
1558 2381 1637 2409 simul
1650 2380 1758 2408 habebit
1772 2379 1832 2416 (nc-

1043 2441 1096 2468 que
1110 2432 1180 2459 enim
1203 2431 1260 2458 ﬁeri
1281 2434 1387 2466 potest,
1403 2433 1433 2457 ut
1456 2429 1514 2456 hmc
1536 2427 1625 2455 omnia
1648 2427 1831 2461 concurrant).

1043 2479 1121 2507 facile
1135 2478 1212 2506 nobis
1232 2477 1368 2504 victoriam
1389 2475 1525 2503 concedet.
1541 2474 1589 2502 llic
1613 2473 1702 2508 itaque
1724 2472 1792 2503 ista,
1807 2475 1836 2500 et

1044 2525 1086 2552 bis
1106 2525 1181 2560 plura
1196 2524 1204 2539 ¹
1219 2524 1299 2550 etiam
1319 2523 1449 2557 loquatur.
1469 2521 1525 2556 Ego
1538 2527 1602 2548 vero
1622 2519 1724 2555 iudices
1738 2518 1833 2549 orabo.

1045 2579 1079 2599 ne
1100 2570 1189 2598 statim
1221 2570 1396 2596 misereantur
1419 2567 1490 2595 senis
1517 2566 1614 2601 hujus,
1631 2565 1677 2593 sed
1697 2569 1837 2599 postquam

1045 2619 1131 2653 ipsum
1152 2615 1349 2644 ostenderimus
1376 2614 1457 2641 lilium
1482 2615 1592 2648 lugere,
1608 2612 1674 2640 nihil
1694 2611 1757 2639 mali
1772 2618 1836 2645 pcr-

1045 2671 1151 2700 pessum
1162 2683 1170 2696 ,
1182 2669 1273 2689 verum
1287 2660 1410 2688 maximis
1422 2659 1536 2694 potitum
1546 2659 1633 2692 bonis,
1645 2657 1739 2692 quibus
1749 2655 1838 2683 excel-

1045 2710 1155 2737 lentiora
1180 2706 1292 2743 reperiri
1316 2713 1369 2734 non
1390 2709 1511 2740 possunt.
1528 2704 1603 2731 Tune
1621 2703 1693 2730 enim
1718 2702 1840 2736 profecto-

1044 2754 1216 2783 miserationc
1239 2756 1266 2780 et
1298 2751 1423 2787 lacrymis
1444 2750 1538 2785 dignus
1560 2747 1751 2776 existimandus
1774 2751 1834 2778 est,

1046 2808 1105 2829 eum
1119 2800 1173 2826 nati
1184 2798 1335 2826 felicitatem
1347 2797 1501 2830 conspicere
1512 2802 1564 2821 non
1577 2793 1668 2828 possit,
1682 2796 1839 2826 tantumque

1046 2847 1116 2875 absit
1136 2849 1165 2873 ut
1185 2845 1257 2873 illam
1282 2844 1387 2876 videat,
1402 2847 1433 2870 ut
1448 2846 1580 2874 tamquam
1606 2839 1632 2867 in
1650 2837 1760 2867 summis
1780 2836 1841 2873 ejus

1079 2904 1088 2921 ι
1108 2903 1196 2934 verba,
1209 2905 1232 2928 et
1240 2902 1278 2928 Ius
1288 2900 1372 2934 plura,
1385 2899 1474 2925 desunt
1482 2897 1507 2923 in
1517 2896 1600 2922 Morel.
