2058 3116
269 189 322 218 5'55

269 248 346 276 malis
357 247 528 274 lamentetur.
548 243 687 278 Quodnam
703 250 767 278 ergo
781 242 833 270 erit
846 245 945 269 nostra:
960 239 1059 268 oratio-

270 294 312 321 nis
322 291 489 321 exordium?
499 290 541 318 Ab
555 290 621 325 ipsis
634 289 728 324 opibus
742 296 774 315 ac
790 286 924 323 pecuniis.
937 284 1060 321 quando-

269 339 376 375 quidcm
393 338 420 366 id
433 338 478 365 ille
497 337 612 364 maxime
625 336 743 363 omnium
759 333 899 368 deplorat,
916 332 995 367 idque
1011 331 1059 365 ipsi

270 386 376 414 videtur
389 384 589 413 acerbissimum
600 403 607 415 ,
623 382 645 409 si
663 381 762 409 divites
777 380 824 407 ﬁlii
840 379 873 407 ad
895 379 963 406 hanc
980 378 1060 405 vitam

272 431 470 468 pertrahantur.
487 429 533 457 Die
551 435 615 463 ergo
637 427 718 460 mihi,
732 430 821 453 utrum
839 431 933 452 onmes
955 424 1061 451 beatum

271 478 386 506 dicnnus
411 480 439 503 et
463 475 540 510 plane
561 473 763 505 felicissimum,
783 480 878 499 eumne
900 471 946 507 qui
972 471 998 497 in
1019 470 1062 497 siti

271 530 379 558 semper
399 525 511 554 aestuat,
527 520 642 555 quique,
657 523 800 553 antequam
821 518 936 552 priorem
953 516 1062 544 calicem

272 568 422 602 sorbuerit,
436 575 529 594 rursus
548 566 601 594 alio
621 565 739 600 indiget,
758 569 837 599 atque
850 570 956 598 semper
971 563 997 589 in
1013 562 1064 590 hoc

273 619 429 651 perseverat
450 618 520 641 statu
532 633 540 646 ,
560 620 594 640 an
609 619 670 640 eum
681 632 689 646 ,
706 611 751 646 qui
770 610 891 645 superior
909 609 959 637 hac
972 616 1065 637 neces-

273 664 352 691 sitate
371 661 549 692 constitutus,
562 660 621 686 sine
632 659 676 686 siti
689 665 797 693 semper
820 660 920 689 manet,
936 661 963 684 ct
985 663 1064 683 num-

275 717 355 745 quam
371 708 403 736 ad
424 706 575 741 bujusmodi
591 705 753 741 potationem
774 703 902 739 pellitur?
916 709 1004 730 nonne
1022 701 1068 729 ille

276 755 383 790 quidem
397 753 466 781 febri
480 756 605 786 correpto
626 750 720 778 similis
732 755 792 782 est,
806 749 851 784 qui
872 748 1066 776 violentissima

277 800 436 828 necessitate
457 798 588 833 premitur
600 818 607 830 ,
622 796 728 824 etiamsi
742 803 776 823 ex
790 794 907 822 fontibus
919 794 1067 821 uberrimos

276 846 371 874 latices
386 844 494 872 haurire
515 843 618 878 possit,
635 842 677 869 hic
690 849 755 869 vero
769 841 836 869 liber
849 845 889 868 est
907 847 970 868 vera
985 840 1065 867 liber-

277 896 348 923 tate,
363 895 391 918 et
404 897 484 917 sanus
505 888 621 924 perfecta
643 888 757 915 sanitate
768 908 777 921 ,
790 887 928 922 ipsamque
945 890 1066 913 naturam

276 941 385 972 superat
411 936 570 963 humanam?
597 935 665 969 Quid
689 942 768 968 vero,
791 934 814 961 si
842 934 902 968 quis
929 932 1090 962 mulierem.

277 989 388 1016 amans,
404 989 465 1009 cum
486 988 517 1008 ea
536 980 744 1015 congrederetur
769 979 884 1014 jugiter,
901 978 948 1006 sed
967 978 1068 1012 majore

278 1032 340 1064 post
355 1027 524 1055 concubitum
542 1026 666 1061 ﬂagraret
687 1025 800 1058 ardore,
814 1025 883 1052 alius
905 1031 968 1051 vero
985 1027 1069 1050 staret

278 1074 328 1101 hac
343 1074 445 1101 insania
459 1072 535 1106 liber,
547 1080 578 1100 ac
594 1080 627 1099 ne
640 1073 667 1099 in
680 1071 790 1099 somniis
801 1071 908 1106 quidem
927 1070 978 1097 hoc
997 1069 1069 1096 malo

277 1124 436 1155 caperetur,
457 1119 517 1154 quis
543 1118 620 1145 nobis
647 1117 717 1144 felix
737 1117 884 1151 beatusque
915 1114 1069 1142 videretur?

279 1173 369 1193 nonne
380 1164 444 1192 hic?
456 1164 516 1198 quis
529 1168 618 1191 autem
632 1163 722 1190 infelix
737 1170 768 1189 ac
782 1161 967 1189 miserrimus?
981 1167 1070 1188 nonne

278 1211 335 1245 ille,
351 1212 394 1246 qui
410 1211 461 1237 hoc
474 1217 543 1237 vano
555 1216 648 1236 amore
662 1213 777 1241 tenetur,
789 1207 834 1243 qui
850 1214 993 1242 numquam
1007 1214 1069 1241 pos-

280 1257 316 1284 sit
340 1255 487 1290 exstingui,
511 1255 565 1282 imo
592 1262 657 1282 vero
683 1254 727 1288 qui
760 1253 916 1288 excogitatis
942 1251 1070 1280 remediis

280 1301 364 1328 multo
386 1301 468 1335 magis
484 1300 653 1328 incenditur?
666 1300 711 1327 Sin
733 1305 822 1326 autem
846 1303 944 1333 prwter
963 1306 994 1326 ea
1011 1306 1070 1333 qua:

279 1347 349 1376 dicta
363 1352 424 1374 sunt
439 1355 471 1375 ex
487 1347 545 1382 ipso
565 1347 659 1374 morbo
677 1354 707 1374 se
726 1346 831 1374 beatum
846 1346 932 1379 dicat,
945 1353 994 1373 nec
1008 1345 1085 1372 velit‘

281 1403 312 1423 ea
333 1395 492 1422 necessitate
516 1394 639 1426 liberari,
665 1393 889 1428 quemadmodum
916 1393 938 1419 is
963 1392 996 1419 de
1018 1399 1070 1426 quo

281 1449 352 1469 nunc
376 1441 479 1476 agitur,
502 1448 592 1468 nonne
613 1439 675 1466 hinc
698 1447 803 1474 quoque
820 1439 997 1466 miserabilior
1020 1437 1072 1465 erit

279 1492 360 1523 atque
376 1487 523 1520 infelicior,
539 1494 599 1513 cum
623 1492 676 1512 non
701 1490 802 1512 tantum
827 1488 954 1519 aegrotet,
970 1483 1016 1510 sed
1038 1491 1071 1510 ne

280 1534 331 1560 hoc
345 1532 452 1568 quidem
466 1533 551 1565 sciat,
571 1531 640 1566 quod
660 1539 729 1565 :rger
742 1531 794 1563 sit,
815 1531 925 1564 ideoque
945 1537 994 1557 nec
1015 1530 1071 1564 ipse

280 1578 388 1605 liberari
402 1578 481 1610 velit,
496 1577 640 1612 quinetiam
660 1584 707 1603 eos
720 1575 763 1610 qui
778 1575 880 1602 liberati
894 1581 954 1602 sunt
964 1574 1071 1610 lugeat?

280 1623 433 1650 Orationem
448 1623 536 1656 itaque
550 1621 619 1648 hanc
635 1621 666 1648 ad
683 1621 854 1656 pecuniarum
874 1621 1071 1655 possessionem

281 1668 429 1695 referamus
440 1688 446 1699 ,
458 1671 486 1694 ct
506 1666 654 1694 videbimus
671 1667 730 1701 quis
751 1666 839 1693 infelix
866 1670 893 1692 et
916 1666 998 1693 miser
1013 1667 1047 1692 sit
1063 1675 1069 1693 :

281 1714 351 1740 inter
365 1713 424 1739 illos
437 1713 534 1747 quippe
551 1719 656 1739 amores
669 1712 712 1741 i‘ic
729 1712 928 1743 vehementior,
943 1711 985 1739 hic
1001 1711 1071 1738 insa«

281 1758 333 1785 nia:
351 1758 458 1792 propior
477 1761 519 1784 est
531 1777 538 1790 ,
555 1757 667 1791 ideoque
689 1756 818 1790 majorem
839 1760 926 1790 potest
952 1755 1070 1783 dolorem

280 1803 389 1835 afferre;
406 1810 458 1830 non
473 1803 570 1830 idcirco
585 1807 685 1829 tantum
697 1801 766 1837 quod
784 1801 854 1829 faces
874 1801 970 1828 habent
986 1802 1071 1829 acrio-

281 1856 337 1882 res,
351 1849 397 1877 scd
411 1849 481 1884 quod
495 1849 650 1884 excogitata:
666 1848 775 1875 cuilibet
788 1848 962 1875 consolationi
976 1848 1072 1875 cedere

281 1902 333 1921 non
358 1894 461 1926 valeat,
483 1894 568 1929 sitque
592 1893 644 1921 illis
666 1893 789 1920 omnibus
814 1893 956 1927 potentior.
980 1893 1071 1920 Potius

279 1940 352 1967 enim
374 1940 418 1974 qui
443 1945 534 1974 potum
558 1943 585 1967 et
606 1946 717 1972 corpora
742 1943 847 1971 amant,
864 1943 1003 1973 postquam
1031 1938 1072 1966 his

280 1987 355 2021 potiti
376 1986 490 2018 fuerint,
506 1986 628 2014 satietate
646 1985 815 2021 gaudebunt,
832 1994 909 2021 quam
927 1987 943 2013 ii
959 1987 1003 2021 qui
1025 1987 1068 2014 in-

281 2040 347 2059 sano
367 2024 519 2059 divitiarum
538 2039 630 2059 amore
650 2033 780 2059 teruntur.
796 2032 925 2066 Quocirca
940 2032 999 2060 illos
1013 2032 1072 2067 qui-

280 2078 341 2105 dem
356 2082 446 2105 nostra
458 2078 579 2105 oratione
591 2077 717 2113 effingere
730 2087 840 2107 necesse
856 2079 918 2111 fuit,
933 2078 1003 2114 quod
1018 2086 1072 2106 non

280 2123 368 2149 statim
387 2131 478 2150 corutn
501 2123 689 2151 documentum
714 2128 740 2151 ct
760 2124 971 2159 experimentum
988 2132 1071 2159 appa-

281 2173 338 2195 reat
354 2177 361 2195 :
377 2167 456 2202 hujus
470 2176 532 2199 vero
547 2168 631 2196 morbi
645 2176 677 2196 ex
692 2169 773 2196 rebus
788 2169 852 2203 ipsis
869 2169 951 2196 multa
974 2177 1070 2204 possu-

281 2221 341 2240 mus
366 2213 488 2248 exempla
512 2213 643 2249 proferre.
665 2213 781 2247 ldeone,
806 2214 850 2241 dic
870 2222 962 2249 quaeso
987 2214 1069 2248 mihi,

280 2260 363 2288 filium
382 2260 474 2295 luges,
489 2260 559 2295 quod
579 2265 651 2288 tanta
671 2261 796 2292 vesania,
811 2261 882 2296 quod
902 2266 954 2288 tam
973 2261 1069 2296 despe-

280 2311 339 2335 rato
362 2308 458 2335 morbo
472 2307 538 2335 liber
563 2308 615 2340 sit,
643 2307 713 2342 quod
740 2307 877 2335 incurabili
903 2315 995 2336 amore
1015 2317 1069 2336 non

279 2354 418 2382 teneatur?
432 2353 502 2388 quod
519 2353 570 2381 hoc
582 2353 653 2381 bello
665 2358 692 2381 et
707 2361 793 2388 pugna
808 2358 915 2388 ereptus
930 2355 986 2382 sit?
997 2356 1030 2390 ᾼι
1044 2355 1070 2382 id

278 2407 421 2435 numquam
436 2399 481 2427 ille
504 2407 598 2434 passus
628 2399 739 2433 fuisset,
755 2399 875 2434 inquies,
889 2408 976 2435 neque
995 2401 1070 2435 plura

277 2446 493 2482 concupivisset,
507 2445 554 2473 sed
569 2445 660 2473 fuisset
679 2447 853 2480 praesentibus
866 2446 942 2474 bonis
956 2453 1069 2475 conten-

279 2497 331 2519 tus.
343 2492 413 2520 Sane
427 2499 484 2519 rem
500 2491 566 2519 dicis
581 2492 631 2526 ipsi
645 2496 748 2518 natura:
762 2512 769 2524 ,
786 2497 815 2519 ut
833 2493 867 2519 ita
881 2493 991 2527 loquar,
1003 2502 1069 2521 con-

277 2538 387 2564 trariam
402 2545 409 2562 :
427 2544 519 2563 verum
539 2537 579 2563 sic
593 2541 664 2569 esto,
678 2537 703 2564 id
719 2537 765 2565 tibi
783 2538 838 2572 jam
853 2539 1029 2571 concedatur,
1042 2545 1069 2567 ut

276 2584 309 2611 iis
320 2604 327 2616 ,
341 2591 400 2618 qua:
414 2582 541 2616 haberet,
555 2583 619 2609 nihil
634 2583 711 2611 vellet
735 2583 861 2619 adjicere,
877 2593 926 2612 nec
941 2586 995 2613 ullo
1009 2594 1068 2613 um-

277 2637 357 2665 quam
372 2629 522 2664 bujusmodi
537 2629 671 2658 desiderio
682 2635 816 2658 teneretur
831 2641 838 2660 :
853 2639 902 2667 ego
915 2633 953 2660 sic
964 2641 1068 2668 quoque

278 2675 354 2702 tilum
370 2675 465 2709 majori
490 2682 559 2702 nunc
583 2675 609 2702 in
629 2677 717 2711 quiete
737 2684 769 2704 ac
787 2678 924 2712 voluptate
948 2686 1067 2706 commo-

277 2721 332 2749 rari
352 2721 516 2748 monstrabo.
533 2721 601 2755 Quid
614 2723 685 2750 enim
708 2722 791 2750 levius
810 2731 870 2751 esse
883 2724 1065 2758 censebimus,

279 2768 395 2795 tantisne
419 2767 490 2795 curis
512 2767 657 2803 implicari,
672 2768 856 2805 ejusmodique
883 2770 1011 2798 custodia:
1036 2779 1068 2798 ac

279 2814 400 2841 servituti
423 2814 580 2842 obstrictum
603 2822 682 2848 esse,
705 2820 876 2851 metuereque
893 2825 925 2844 ne
943 2817 1007 2852 quid
1029 2818 1066 2845 rei

591 2868 656 2916 veto
665 2861 708 2916 his
722 2861 836 2916 “"99”
844 2863 965 2916 lupcmr,‘
975 2863 1067 2916 moi"
1103 2869 1111 2896 Ῐ
1153 2886 1161 2901 ι
1181 2886 1261 2916 Pergit
1271 2891 1335 2909 unus
1346 2885 1434 2914 codex,
1446 2888 1469 2910 et
1480 2888 1559 2911 vetera
1569 2886 1593 2910 et
1603 2889 1672 2914 nova,
1684 2889 1739 2915 quae
1752 2883 1783 2907 ab
1795 2882 1922 2906 Ambrosio

277 2905 389 2935 cedatur
403 2907 476 2935 illum
491 2907 558 2936 alias
570 2908 688 2936 sarcinas
706 2916 758 2936 non
773 2913 899 2944 appetere
913 2917 921 2936 :
935 2914 961 2937 at
984 2910 1067 2939 multo

619 186 647 214 S.
666 184 805 214 JOANNIS
822 179 1058 227 CHRYSOSTOAll
1077 179 1235 208 ARCHIEP.
1255 179 1522 210 CONSTANTINOP.

1851 181 1904 208 3‘56

1115 241 1210 268 melius
1229 246 1271 269 est
1293 240 1349 276 jam
1371 240 1508 276 impositas
1531 239 1679 275 despicere.
1695 240 1760 267 Nam
1771 240 1813 273 si,
1829 245 1858 268 ut
1879 241 1903 268 in

1113 287 1235 314 confesso
1256 290 1314 319 est,
1334 286 1455 322 plurimis
1476 294 1529 314 non
1554 286 1679 321 indigere
1694 286 1837 313 maximum
1864 292 1905 313 est

1113 333 1232 367 bonum,
1253 337 1328 361 extra
1351 341 1458 361 omnem
1482 341 1571 361 rerum
1598 341 1674 360 usutn
1703 341 1779 366 esse,
1794 333 1905 368 majoris

1114 379 1231 415 [refecto
1248 379 1380 407 felicitatis
1392 379 1453 406 erit.
1466 379 1490 406 is
1500 380 1570 406 enim
1583 380 1627 414 qui
1642 387 1728 414 neque
1742 380 1807 412 sitit,
1819 388 1906 415 neque

1114 430 1185 452 amat
1199 425 1277 459 (nihil
1290 425 1360 452 enim
1374 424 1485 460 impedit
1500 425 1642 460 quominus
1654 425 1687 451 ad
1705 425 1798 452 eadem
1812 433 1905 452 exem-

1115 472 1156 505 pla
1176 469 1340 505 redeamus),
1355 477 1408 497 non
1424 470 1504 497 modo
1519 470 1552 497 iis
1565 470 1609 505 qui
1631 477 1737 505 semper
1755 471 1865 504 sitiunt,
1879 477 1906 498 et

1115 526 1222 553 semper
1234 523 1324 545 amant
1337 538 1344 552 ,
1359 517 1405 545 sed
1419 517 1451 544 iis
1465 517 1545 544 etiam
1557 537 1565 551 ,
1579 517 1623 552 qui
1641 517 1674 545 ad
1698 518 1779 545 breve
1802 522 1907 554 tempus

1117 565 1168 592 hoc
1191 566 1341 600 patiuntur,
1366 569 1394 592 et
1414 565 1656 600 concupiscentiam
1679 565 1804 600 explent,
1828 565 1908 600 longe

1116 611 1221 639 beatior
1234 618 1294 639 esse
1310 616 1473 639 monstratus
1485 617 1526 638 est
1536 633 1544 646 ,
1559 616 1651 646 utpote
1666 612 1710 646 qui
1724 612 1750 638 in
1765 611 1844 647 hujus
1857 619 1908 639 ne-

1117 658 1249 686 cessitatis
1268 658 1482 693 experimentum
1504 666 1557 686 non
1579 658 1711 686 inciderit.
1727 658 1910 686 Pereontabor

1118 709 1145 733 te
1169 713 1280 738 rursus,
1302 705 1324 732 si
1348 705 1447 732 divitiis
1465 705 1535 733 ultra
1559 713 1653 732 omnes
1672 705 1807 737 eminere,
1824 705 1909 740 iisque

1119 756 1207 778 tamen
1227 751 1304 779 malis
1318 751 1416 783 eximi,
1433 759 1492 786 qua:
1504 751 1591 778 solent
1605 751 1658 778 illae
1672 758 1765 786 parere
1775 771 1782 782 ,
1799 751 1908 784 liceret',

1118 804 1207 824 annon
1229 797 1377 824 sexcenties
1396 801 1559 832 praeoptares
1575 797 1625 823 hac
1645 797 1769 824 felicitate
1787 796 1853 829 frui,
1874 796 1910 824 ita

1119 847 1149 870 ut
1168 850 1220 869 non
1244 842 1384 875 invidiam,
1407 850 1459 869 non
1484 842 1648 874 calumnias,
1672 849 1725 868 non
1747 849 1843 873 curas,
1857 849 1911 868 non

1119 888 1263 923 quidquam
1284 888 1356 915 aliud
1378 888 1510 923 ejusmodi
1530 887 1676 922 patereris?
1691 887 1718 915 Si
1735 887 1813 923 igitur
1827 887 1911 915 filium

1121 938 1194 961 tuum
1222 935 1278 962 haec
1298 934 1386 961 omnia
1411 934 1511 961 habere
1534 938 1735 966 monstravere,
1757 934 1811 960 imo
1834 933 1913 968 longe

1120 980 1243 1007 ditiorem
1259 987 1329 1007 nunc
1350 987 1428 1013 esse,
1443 979 1558 1007 finemne
1580 979 1686 1006 tandem
1706 978 1786 1006 facies
1806 979 1911 1013 lugendi

1122 1029 1175 1052 tam
1194 1026 1306 1052 amare?
1320 1025 1389 1052 Sane
1400 1024 1471 1059 quod
1485 1024 1588 1052 solutus
1602 1024 1636 1051 sit
1647 1024 1719 1051 curis
1732 1024 1844 1058 aliisque
1856 1031 1912 1051 ma-

1121 1071 1164 1103 lis,
1176 1078 1235 1105 qtnc
1248 1070 1336 1098 solent
1346 1070 1455 1097 divitias
1468 1070 1605 1105 subsequi,
1620 1077 1707 1104 neque
1721 1070 1777 1104 ipse
1791 1069 1911 1104 negabis;

1122 1116 1182 1144 ideo
1197 1123 1247 1143 nos
1259 1115 1293 1143 ad
1314 1121 1340 1143 te
1352 1115 1387 1143 de
1404 1115 1454 1143 hac
1473 1123 1502 1142 re
1520 1115 1600 1143 verba
1619 1115 1708 1142 facere
1726 1122 1836 1142 necesse
1859 1123 1912 1142 non

1122 1167 1163 1189 est
1177 1170 1183 1188 :
1198 1162 1295 1196 quaeris
1308 1166 1396 1188 autem
1409 1161 1543 1196 quomodo
1555 1161 1599 1188 ille
1612 1167 1636 1188 te
1647 1162 1682 1188 sit
1695 1161 1855 1196 opulentior,
1867 1162 1913 1196 qui

1122 1211 1175 1234 tam
1200 1207 1283 1234 tnulta
1303 1206 1433 1241 possides.
1446 1206 1502 1234 Hoc
1514 1211 1539 1233 te
1554 1206 1710 1234 docebimus
1722 1227 1729 1240 ,
1744 1206 1913 1234 demonstra-

1122 1254 1263 1287 bimusque
1275 1258 1314 1286 te,
1327 1253 1371 1288 qui
1389 1253 1475 1288 ipsum
1489 1253 1515 1280 in
1534 1257 1653 1280 extrema
1669 1261 1738 1280 nunc
1759 1257 1915 1287 paupertate

1124 1300 1221 1334 degere
1233 1290 1388 1333 arbitraris,
1404 1299 1456 1326 hoc
1471 1299 1556 1334 ipsum
1573 1299 1646 1334 pati,
1660 1299 1683 1326 si
1698 1306 1758 1326 cum
1780 1298 1826 1325 illo
1839 1307 1913 1325 com-

1123 1345 1234 1380 pareris.
1334 1378 1337 1381 λ

1157 1391 1184 1418 4.
1204 1391 1294 1426 Neque
1304 1394 1382 1426 putes
1396 1398 1439 1418 me
1452 1390 1485 1418 de
1498 1391 1648 1418 crclcstibus
1662 1390 1739 1418 bonis
1765 1391 1852 1426 loqui,
1867 1391 1915 1419 de-

1123 1444 1174 1472 que
1187 1436 1219 1463 iis
1230 1444 1288 1471 qua:
1300 1441 1360 1471 post
1374 1436 1443 1463 hanc
1456 1437 1537 1463 vitam
1552 1436 1708 1464 advenient:
1722 1444 1754 1464 ex
1781 1437 1814 1464 iis
1843 1437 1916 1464 enim

1123 1490 1182 1517 qua:
1192 1487 1254 1509 sunt
1268 1483 1295 1509 in
1309 1483 1431 1510 manibus
1445 1487 1629 1517 argumentum
1644 1483 1749 1510 ducam.
1766 1483 1805 1510 Tu
1826 1483 1918 1518 itaque

1123 1536 1215 1555 eorum
1237 1534 1337 1556 tantum
1351 1537 1410 1563 qua:
1433 1528 1553 1563 possides
1573 1529 1696 1556 dominus
1710 1537 1756 1556 es:
1780 1529 1824 1556 ille
1852 1537 1918 1556 vero

1123 1575 1240 1602 omnium
1252 1583 1311 1610 qua:
1322 1580 1381 1602 sunt
1400 1575 1425 1602 in
1440 1575 1505 1603 orbe
1526 1580 1668 1603 terrarum.
1682 1575 1709 1603 Si
1734 1584 1786 1602 non
1810 1576 1898 1603 credis
1909 1598 1916 1604 .

1123 1628 1172 1655 age
1188 1625 1213 1648 te
1227 1621 1259 1648 ad
1274 1621 1347 1648 illum
1361 1621 1523 1649 adducamus
1533 1643 1540 1654 ,
1555 1622 1632 1656 eique
1645 1622 1805 1648 suadeamus
1815 1643 1822 1655 ,
1844 1627 1872 1648 ut
1885 1622 1918 1649 dc

1125 1671 1215 1692 monte
1229 1666 1393 1694 descendens
1406 1688 1413 1699 ,
1428 1666 1482 1694 imo
1497 1667 1583 1701 potius
1609 1667 1662 1694 illic
1685 1666 1820 1700 residens,
1837 1667 1916 1694 alieni

1123 1720 1156 1739 ex
1170 1712 1201 1739 iis
1211 1732 1219 1745 ,
1233 1713 1277 1746 qui
1287 1712 1381 1739 divites
1391 1713 1467 1740 valde
1476 1713 1607 1748 simulque
1621 1713 1738 1747 religiosi
1749 1716 1827 1745 sunt,
1842 1721 1919 1739 man-

1124 1757 1185 1791 det,
1201 1757 1252 1785 sibi
1279 1758 1365 1785 mittat
1389 1763 1490 1785 tantum
1513 1760 1569 1785 auri
1581 1758 1701 1793 pondus,
1719 1763 1847 1793 quantum
1861 1759 1917 1794 ipse

1123 1805 1178 1832 vis:
1195 1805 1251 1832 sive
1267 1805 1327 1840 quia
1350 1804 1375 1832 id
1399 1805 1442 1832 ille
1463 1813 1515 1832 non
1527 1809 1671 1840 pateretur,
1687 1805 1765 1832 alicui
1787 1805 1916 1840 indigenti

1124 1851 1187 1878 dare
1198 1851 1304 1885 jubeat,
1319 1851 1473 1885 videbisque
1483 1851 1592 1878 divitem
1601 1851 1715 1878 alacrius
1725 1851 1916 1886 obsequentem

1123 1901 1150 1923 ct
1161 1901 1313 1931 erogantcm
1323 1917 1330 1929 ,
1347 1904 1425 1931 quant
1437 1896 1535 1924 faceret
1550 1903 1618 1923 unus
1633 1903 1666 1923 ex
1689 1896 1917 1931 dispensatoribus

1125 1943 1185 1969 tuis.
1197 1942 1245 1969 llic
1251 1942 1358 1977 quippe,
1366 1950 1427 1969 cum
1436 1942 1650 1977 aliquidjubctur
1658 1942 1825 1977 impendere,
1835 1943 1916 1970 tristis

1124 1995 1156 2015 ac
1164 1995 1280 2015 mcerens
1290 1988 1314 2015 id
1327 1987 1405 2019 facit;
1417 1993 1508 2015 contra
1518 1988 1562 2015 ille
1570 1995 1630 2014 cum
1640 1995 1693 2015 non
1702 1988 1843 2022 impendit,
1856 1993 1915 2015 ιαμ(

1125 2035 1221 2061 anxius
1230 2039 1314 2061 estne
1327 2034 1353 2061 in
1362 2034 1450 2068 aliquo
1461 2033 1683 2068 oﬂ‘cnderit,quod
1692 2033 1742 2060 sibi
1754 2033 1821 2060 lliltll
1831 2035 1916 2068 hujus

1124 2079 1196 2106 modi
1216 2079 1370 2114 imperetur.
1385 2079 1480 2106 Multos
1492 2083 1565 2106 certe
1580 2078 1627 2106 tibi
1641 2085 1748 2114 possem
1762 2081 1913 2107 ostendere,

1125 2133 1177 2152 non
1191 2133 1222 2152 ex
1236 2125 1423 2152 illustrioribus
1437 2124 1488 2158 his,
1499 2124 1546 2152 sed
1559 2132 1591 2151 ex
1603 2123 1788 2151 humilioribus
1798 2131 1912 2159 quoque,

1123 2170 1168 2206 qui
1182 2170 1230 2197 hac
1238 2175 1310 2198 tanta
1324 2174 1454 2205 potestate
1467 2174 1530 2197 sunt
1543 2169 1658 2205 pra-diti.
1674 2170 1711 2196 Ac
1726 2174 1753 2196 tu
1764 2169 1884 2204 quidem,
1893 2176 1914 2195 st

1124 2216 1256 2244 (economi
1269 2216 1319 2244 sibi
1330 2215 1431 2243 credita
1443 2215 1655 2250 absumpserint,
1667 2215 1747 2242 alium
1763 2222 1816 2241 non
1832 2214 1914 2241 habes

1124 2270 1139 2290 a
1153 2270 1205 2298 quo
1217 2267 1290 2298 petas
1302 2284 1309 2297 ,
1322 2263 1369 2291 sed
1386 2263 1474 2290 statim
1488 2270 1536 2297 per
1551 2262 1656 2289 illorum
1681 2262 1832 2301 nequitiam
1849 2261 1915 2289 divi-

1124 2309 1167 2336 tia:
1181 2314 1232 2336 tua:
1255 2309 1281 2336 in
1302 2313 1485 2344 paupertatem
1505 2309 1678 2336 mutabuntur
1695 2315 1730 2334 :a
1752 2307 1806 2335 filio
1827 2312 1914 2335 autem

1125 2360 1170 2382 tuo
1186 2355 1251 2382 nihil
1276 2359 1316 2382 est
1340 2355 1470 2390 ejusmodi
1493 2354 1676 2382 metuendum.
1700 2353 1765 2381 Nam
1782 2354 1804 2380 si
1825 2354 1869 2381 hic
1890 2354 1915 2381 in

1126 2405 1308 2436 paupertatem
1322 2401 1437 2434 incidat,
1448 2408 1554 2428 rursum
1574 2400 1651 2427 alteri
1666 2399 1822 2435 imperabit;
1837 2401 1878 2427 sin
1895 2401 1917 2426 is

1125 2454 1229 2482 quoquo
1251 2446 1337 2474 simile
1358 2453 1450 2481 passus
1472 2446 1523 2478 sit,
1544 2445 1578 2472 ad
1602 2446 1683 2472 alium
1706 2453 1736 2472 se
1759 2449 1914 2473 convertet:

1125 2493 1197 2527 prius
1212 2492 1327 2527 denique
1354 2492 1478 2520 deficient
1505 2491 1616 2519 fontium
1633 2492 1744 2524 latices,
1770 2500 1851 2527 quam
1871 2493 1915 2527 qui

1124 2543 1186 2566 nato
1196 2543 1242 2566 tuo
1252 2539 1417 2574 obtemperet
1426 2538 1576 2574 imperanti.
1591 2538 1667 2571 Quod
1694 2539 1716 2565 si
1729 2538 1869 2566 nobiscum
1889 2539 1916 2565 in

1123 2584 1252 2619 religione
1273 2584 1460 2616 concordares,
1471 2583 1553 2611 multa
1569 2583 1616 2611 tibi
1629 2583 1727 2611 similia
1748 2587 1776 2610 ct
1799 2591 1893 2619 magna
1905 2585 1916 2599 ί

1124 2637 1294 2663 narrassem;
1317 2638 1408 2658 verum
1433 2630 1494 2666 quia
1519 2635 1545 2658 te
1569 2630 1695 2666 gentilcm
1706 2630 1858 2665 profiteris,
1882 2637 1917 2657 ne

1123 2677 1185 2703 hinc
1197 2677 1304 2711 quidem
1311 2676 1432 2711 exempla
1447 2676 1574 2704 deerunt.
1597 2676 1754 2711 Audi(apud
1766 2676 1915 2708 Platonem)

1123 2723 1187 2758 quid
1200 2723 1233 2750 ad
1249 2722 1385 2750 Socratem
1396 2723 1519 2758 loquatur
1530 2722 1604 2750 Crito
1616 2731 1622 2749 :
1637 2722 1702 2749 Tua:
1713 2730 1774 2748 sane
1785 2726 1844 2748 sunt
1853 2729 1916 2747 mea:

1123 2769 1236 2804 pecunia
1245 2789 1252 2801 ,
1267 2774 1294 2795 ut
1309 2769 1425 2803 equidem
1438 2776 1506 2802 reor,
1526 2768 1589 2795 satis
1602 2768 1688 2795 multa:
1699 2776 1708 2794 :
1721 2768 1761 2794 sin
1786 2775 1844 2794 vero
1867 2772 1893 2792 tu
1905 2787 1914 2797 ,

1122 2815 1189 2851 quod
1203 2815 1250 2843 mei
1263 2823 1351 2843 curam
1362 2823 1434 2851 geras
1443 2835 1451 2850 ,
1463 2823 1479 2842 a
1489 2823 1516 2842 re
1528 2823 1584 2842 mea
1598 2815 1642 2842 tibi
1661 2814 1837 2842 aﬁstinendum
1855 2806 1916 2840 ειπ-

1121 2915 1256 2948 ἰιιιυηιι-θὶθ
1269 2915 1447 2948 exprimuntur.
