2064 3115
171 88 227 116 3'57

173 153 246 175 scas,
263 143 340 178 hiqm‘
354 141 574 176 adstant'ltospites
593 141 712 175 impensis
727 140 810 175 parati
829 144 897 168 stult.
919 139 967 166 In-

174 191 231 217 tulit
247 190 340 225 quippe
349 190 376 215 in
391 189 438 215 hoc
451 188 533 223 ipsum
544 188 674 222 pecuniam
696 188 820 222 ingentem
846 187 967 214 Simmias

173 235 324 263 Thebanus:
334 238 440 269 paratus
450 238 485 260 est
493 233 568 261 ϐρύει
582 241 687 268 quoque,
696 233 742 259 alii
752 233 809 259 item
821 233 901 259 multi.
913 231 969 258 Ita-

174 291 231 317 que,
247 287 274 308 ut
286 286 360 308 antea
371 280 494 312 dicebam,
504 279 576 306 nullo
589 279 679 306 Iterum
693 284 758 305 ntelu
771 281 867 313 fractus
878 299 885 310 ,
897 277 967 305 salu~

173 333 220 354 tem
230 335 292 354 cura
304 332 383 354 tuam.
400 326 489 361 Neque
501 334 557 353 vero
567 325 602 357 id,
619 325 686 360 quod
702 326 728 352 in
737 325 837 360 judicio
847 324 946 351 dicebas
956 345 964 358 ,

173 373 313 400 molestiam
326 373 370 399 tibi
378 372 471 406 pariat,
481 371 548 406 quod
560 371 655 398 scilicet
668 371 794 405 profectus
805 379 854 397 non
865 369 967 397 habere;

170 427 221 454 quo
229 419 337 454 teipsum
345 423 461 445 uertet-es.
474 417 562 444 Multis
569 417 635 443 enim
642 421 664 442 et
672 417 729 443 aliis
736 416 761 442 in
767 416 838 447 locis,
848 424 968 450 quocum~

172 474 220 500 qua
230 466 400 501 proﬁciscare,
415 465 536 490 amabunt
546 468 569 490 te
579 464 692 498 plurimi.
708 462 755 490 Sin
772 467 857 489 autem
866 462 926 489 velis
941 463 967 489 in

174 512 330 539 Thessalian:
339 519 452 546 pergere,
462 516 520 538 sunt
536 510 598 537 mihi
609 510 721 545 plerique
729 509 781 536 illic
792 510 911 544 hospites,
924 509 968 544 qui

173 563 198 586 te
205 559 307 593 plurimi
316 558 416 594 facient,
425 562 448 584 el
457 562 536 583 tutum
545 556 646 583 omnino
653 555 819 590 priestabunt:
827 556 863 581 sic
870 559 897 581 ut
903 554 968 581 nihil

174 604 217 630 tibi
225 605 250 630 in
255 603 390 630 Thessalia
398 603 470 629 desit.
480 602 548 636 Quid
556 602 604 629 hac
610 600 889 636 opulentiajucundius
898 600 909 627 ?
917 600 967 627 Ve-

173 656 231 675 rum
239 648 295 675 ha-c
301 648 418 683 quidem,
427 652 455 674 ut
462 647 495 673 ad
503 646 658 674 saecularem
673 645 808 672 hominem
818 645 871 672 sint
885 644 966 672 dicta.

174 694 249 728 Quod
264 695 285 721 si
300 694 380 721 modo
392 693 425 720 ad
442 692 635 728 philosophiam
648 691 888 719 accommodatiore
902 698 966 725 opes

173 741 306 768 discutere
316 740 429 767 velimus
439 759 446 771 ,
463 743 490 766 tu
505 738 618 765 fortasse
643 744 695 765 non
710 737 860 772 assequeris
886 736 965 764 intel-

174 786 245 813 lectu
256 806 264 818 ,
278 785 343 812 mihi
356 789 443 811 tamen
457 788 565 819 propter
575 783 680 818 judices
694 783 846 810 necessario
873 783 966 809 dicen~

173 831 236 858 dum
252 835 302 858 est.
317 830 409 857 Tanta:
430 830 500 857 enim
524 833 587 856 sunt
606 829 712 856 virtutis
738 836 819 863 opes.
847 828 967 863 adeoque

174 876 270 903 vestris
282 876 416 903 dulciores
429 880 454 902 et
470 875 657 909 optabiliores,
675 879 703 901 ut
726 875 770 909 qui
800 875 847 901 has
866 874 966 901 habue-

168 923 225 950 rint
237 930 270 949 ue
282 922 432 949 universam
446 920 553 956 quidem
568 925 663 947 terram
673 941 680 952 ,
696 920 800 947 etiamsi
814 920 857 947 illa
871 928 965 947 aurum

169 967 252 994 ﬁeret
264 975 325 994 cum
342 966 476 994 tuentibus
487 987 493 998 ,
523 966 589 993 mari
604 971 630 993 et
656 965 825 998 ﬂuminibus,
845 973 964 992 commu-

167 1017 230 1040 παι-ε
242 1020 301 1040 cum
315 1012 367 1040 illis
381 1012 522 1039 voluerint.
538 1012 572 1038 At
587 1012 608 1039 si
624 1011 650 1038 id
672 1011 729 1038 tieri
757 1016 848 1045 possat
860 1032 867 1043 ,
884 1018 966 1046 expe-

173 1059 286 1086 rimento
320 1063 392 1085 certe
415 1057 553 1085 didicisses
577 1064 626 1084 nos
647 1064 700 1084 non
724 1057 860 1092 jactantiie
885 1057 965 1084 verba

172 1105 244 1139 loqui
261 1113 267 1130 ε
284 1104 329 1132 sed
345 1104 460 1138 majores
472 1111 577 1138 quoque
590 1103 628 1130 illi
642 1102 748 1130 divitias
763 1102 833 1130 nacti
853 1110 964 1137 sperne-

172 1154 232 1177 rent
247 1155 273 1177 et
288 1157 429 1184 numquam
445 1156 554 1183 prorsus
569 1156 630 1176 cum
652 1148 710 1175 istis
730 1148 788 1175 illas
814 1153 964 1176 commuta-

167 1200 242 1223 vrent.
257 1196 289 1222 Et
301 1195 363 1230 quid
383 1202 432 1230 ego
446 1195 506 1221 dico
516 1216 522 1227 ,
537 1195 752 1221 eommutarent‘!
767 1201 800 1221 ne
825 1201 885 1221 cum
912 1194 965 1222 illis

167 1242 279 1278 quidem
295 1242 344 1269 bas
355 1242 453 1268 habere
463 1241 573 1268 vellent.
586 1241 664 1268 Certe
684 1241 706 1267 si
721 1236 780 1275 quis
803 1241 880 1268 vobis
903 1248 964 1267 cum

172 1288 293 1323 peCuuiis
308 1287 415 1314 virtutis
429 1287 562 1314 conferret
573 1294 648 1320 opes,
665 1286 767 1320 supinis
778 1292 826 1313 eas
843 1286 965 1312 manibus

172 1334 359 1368 susciperetis:
373 1333 440 1360 adeo
454 1332 503 1367 ipsi
521 1339 627 1367 quoque
640 1339 686 1358 eas
696 1331 801 1358 divitias
813 1335 840 1358 et
853 1338 964 1365 magnas

170 1385 199 1408 et
211 1380 379 1407 admirabiles
394 1387 454 1406 esse
469 1378 642 1406 confitemini.
657 1379 690 1405 At
714 1377 741 1404 hi
767 1385 801 1405 ne
821 1385 882 1404 cum
909 1377 965 1404 suis

173 1426 278 1461 quidem
293 1433 358 1460 opes
368 1429 470 1452 vestras
483 1424 580 1451 habere
601 1424 750 1456 voluerint,
766 1422 802 1449 ita
827 1431 882 1450 rem
904 1429 963 1450 esse

169 1471 348 1506 spernendam
365 1474 472 1498 norunt.
488 1469 575 1504 Atque
591 1469 641 1496 hoc
654 1469 739 1502 ipsum
753 1475 848 1495 rursus
871 1476 964 1495 exem-

172 1517 223 1551 plis
238 1517 333 1544 vestris
350 1516 517 1551 perspicuum
532 1515 639 1542 faciam.
651 1514 783 1548 Quantum
797 1514 869 1541 enim
885 1521 962 1548 pecu-

171 1565 274 1590 niarum
287 1563 467 1590 Alexandrum
484 1562 593 1596 Diogeni
607 1561 730 1588 daturum
742 1559 824 1587 fuisse
836 1565 928 1594 putas,
941 1559 964 1586 si

169 1610 278 1644 quidem
292 1609 336 1636 ille
351 1609 478 1635 voluisset
493 1606 634 1641 accipere?
648 1607 694 1633 Ille
721 1613 785 1633 vero
813 1605 909 1633 noluit.
925 1605 962 1632 At

173 1655 326 1683 Alexander
339 1654 439 1681 viribus
457 1654 520 1680 totis
530 1652 708 1680 contendebat
719 1673 726 1685 ,
742 1656 890 1686 cunctaque
906 1657 964 1677 mo-

172 1702 295 1733 liebatur,
311 1706 339 1727 ut
351 1701 384 1727 ad
399 1700 477 1734 hujus
490 1699 595 1726 divitias
606 1699 715 1733 propius
730 1697 877 1724 accederet.

205 1748 234 1775 5.
255 1747 305 1780 Qui
318 1747 402 1772 atimin
416 1745 522 1780 despicit
533 1752 590 1771 vere
608 1745 687 1770 dives.
703 1758 738 1764 —-—
755 1742 837 1770 Visne
858 1742 964 1771 aliunde

172 1801 275 1828 quoque
290 1797 317 1820 et
333 1797 405 1819 tuam
418 1791 533 1826 inopiam
543 1811 549 1822 ,
563 1795 589 1817 et
607 1790 652 1817 lilii
668 1789 704 1816 tui
728 1796 793 1823 opes
817 1796 963 1823 cognosce-

173 1839 219 1866 re?
233 1839 309 1865 Illum
325 1838 383 1869 adi.
399 1838 512 1871 ejusque
527 1835 652 1871 pallium,
669 1835 738 1870 quod
755 1835 839 1861 solum
868 1834 963 1866 habet,

173 1885 209 1911 illi
222 1883 312 1911 aufer:
329 1883 396 1911 edite
409 1883 472 1909 item
490 1890 523 1908 ex
536 1881 663 1913 latibulo,
691 1880 803 1915 ejusque
829 1881 962 1913 tugurium

173 1930 294 1957 destrue:
315 1937 347 1956 ne
362 1929 399 1955 sic
411 1927 518 1963 quidem
531 1934 592 1954 eum
617 1926 796 1960 indignantem
823 1930 868 1952 aut
893 1932 964 1959 :rgre

173 1977 301 2004 ferentem
315 1975 434 2007 videbis;
450 1981 541 2001 verum
558 1973 604 2000 tibi
616 1973 710 1999 herum
724 1972 823 2006 gratias
847 1971 962 2004 reddet,

174 2027 298 2056 tantoque
324 2021 457 2055 majores,
484 2024 583 2054 quanto
605 2019 689 2054 magis
714 2026 775 2045 eum
790 2017 823 2044 ad
846 2017 963 2051 philoso-

174 2067 260 2102 phiam
272 2066 387 2101 impellis
399 2074 404 2092 :
420 2065 465 2092 tibi
481 2072 544 2092 vero
555 2064 577 2091 si
592 2064 651 2098 quis
663 2063 705 2090 vel
718 2062 812 2090 decem
824 2062 964 2089 drachmas

174 2112 327 2144 abstulerit,
340 2111 445 2146 lugendi
459 2109 676 2144 lamentandiqne
690 2109 768 2135 tinem
791 2115 844 2135 non
873 2108 963 2134 facies.

175 2157 237 2186 Uter
250 2165 314 2192 ergo
328 2157 403 2184 dives
412 2155 604 2184 existimandus
617 2155 669 2181 est?
682 2154 740 2181 isne
749 2153 794 2188 qui
812 2153 853 2180 vel
869 2153 903 2180 de
915 2153 966 2180 mi-

175 2204 254 2231 nimis
264 2203 443 2234 excruciatur,
453 2209 486 2229 an
496 2202 541 2236 qui
551 2200 640 2227 omnia
651 2199 727 2227 simul
737 2198 860 2238 despicit?
873 2198 965 2233 Neque

174 2251 200 2278 id
216 2255 316 2277 tantum
328 2249 425 2281 facias,
443 2256 534 2275 verum
550 2255 583 2274 ex
598 2251 651 2273 tota
674 2246 783 2280 regione
805 2245 915 2272 exturba
933 2245 965 2271 il-

176 2297 285 2324 lum:et
295 2296 426 2323 ridentem
449 2294 555 2321 videbis
582 2292 657 2328 quasi
680 2292 713 2319 de
737 2291 846 2318 ludente
868 2298 963 2326 puero.

175 2343 212 2370 Te
226 2350 290 2369 vero
307 2342 328 2368 si
345 2341 405 2376 quis
417 2348 449 2367 ex
473 2339 558 2374 patria
581 2339 666 2365 solum
681 2337 817 2369 exturbct,
831 2335 966 2363 acerbissi-

176 2397 217 2415 ma
232 2387 339 2423 patieris
349 2407 357 2419 ,
371 2393 457 2421 neque
471 2385 542 2412 illam
558 2383 734 2411 calamitatem
757 2382 826 2408 ferre
848 2381 964 2416 poteris:

176 2434 221 2461 ille
233 2438 322 2460 autem
332 2453 340 2465 ,
356 2432 455 2466 quippe
469 2435 547 2458 terra:
562 2429 697 2463 marisque
712 2427 852 2459 dominus,
868 2426 905 2453 ita
924 2426 966 2452 la-

176 2480 226 2507 cite
240 2484 266 2506 et
287 2479 345 2506 sine
360 2484 475 2506 mcerore
496 2484 529 2503 ex
552 2475 594 2502 his
609 2474 674 2502 locis
687 2473 694 2489 ¹
709 2473 742 2500 ad
755 2473 805 2499 alia
831 2471 964 2507 migrabit,

177 2530 206 2553 ut
230 2530 258 2552 tu
282 2524 346 2552 facis
369 2531 430 2551 cum
459 2530 506 2557 per
515 2528 594 2556 agros
606 2525 665 2547 tuos
679 2518 862 2549 iucedis.imo
886 2518 965 2544 etiam

177 2571 291 2599 facilius.
305 2570 371 2598 Nam
383 2569 430 2596 tibi
443 2569 493 2596 etsi
519 2575 566 2602 per
580 2571 622 2594 tua
649 2565 774 2593 incedere
801 2564 895 2596 liccat,
918 2571 966 2598 per

177 2618 263 2645 ahena
275 2622 364 2644 tamen
393 2615 546 2642 necessario
567 2612 742 2640 incedendum
768 2616 810 2638 est
829 2616 877 2638 :at
902 2616 967 2639 vero

179 2669 277 2692 teriam
297 2663 341 2690 ille
366 2669 472 2689 omnem
498 2667 574 2688 suam
589 2658 762 2690 obambulat,
775 2657 853 2692 eique
876 2660 966 2691 potant

180 2711 295 2745 undique
318 2708 495 2744 largissimum
518 2705 689 2741 suppeditant
716 2708 829 2738 stagna,
856 2709 966 2735 amnes,

180 2756 266 2783 fontes
280 2763 287 2781 :
301 2754 375 2782 cibus
389 2753 438 2788 ipsi
454 2756 517 2780 sunt
529 2751 619 2784 olera,
640 2750 746 2782 herba),
772 2755 854 2783 panes
877 2747 968 2776 multis

213 2813 220 2827 ι
239 2815 264 2836 ιιι
275 2810 356 2835 Morel.
369 2812 461 2836 tantum
472 2808 562 2834 desunt
573 2807 662 2838 verba,
674 2811 706 2831 ex
717 2803 754 2830 his
763 2803 831 2830 locis.

552 83 736 113 ADVERSUS
754 81 1026 112 OPPUGNATORES
1046 83 1138 112 Ἥτῶ
1157 84 1308 114 MONAST.
1323 86 1387 114 LIB.
1408 86 1438 113 ιι.

1758 89 1809 117 538

1021 147 1053 167 ex
1070 139 1134 168 locis
1148 141 1262 170 advecti.
1278 143 1399 171 Nondum
1415 144 1486 172 enim
1500 144 1526 173 id
1539 144 1615 178 dico,
1630 145 1700 181 quod
1711 150 1810 174 terram

988 224 997 228 Δ
1020 186 1077 219 ipse
1098 194 1204 214 omnem
1226 195 1391 223 aspernetur,
1405 189 1506 217 habens
1527 190 1660 218 civitatem
1680 191 1808 218 ctelum‘.

1020 231 1095 264 Quod
1108 233 1129 258 si
1147 233 1311 261 moriendum
1326 234 1421 267 fuerit,
1434 235 1519 262 lzctius
1533 235 1600 263 feret
1613 236 1716 264 obitum
1729 244 1806 272 quam

1019 277 1130 304 delicias
1151 284 1268 313 vestras,
1295 287 1327 307 ac
1342 281 1502 316 praeoptabit
1512 282 1547 308 ita
1560 282 1734 317 mori,quam
1762 289 1809 309 vos

1020 324 1046 351 in
1061 325 1143 358 patria
1157 332 1182 353 et
1198 327 1286 354 lecto:
1303 327 1338 355 ita
1353 333 1380 355 ut
1403 329 1448 356 ille
1463 337 1525 357 vere
1539 330 1673 365 sitvagus,
1684 329 1809 365 fugitivus

1020 375 1046 397 et
1061 370 1242 405 palabuudus,
1256 374 1300 408 qui
1314 374 1405 401 urbem
1418 375 1508 403 incolit
1522 381 1548 404 et
1564 376 1589 403 in
1600 376 1680 404 domo
1696 377 1807 408 habitat.

1019 424 1070 443 non
1079 421 1168 444 autem
1175 416 1219 451 qui
1228 418 1397 447 hisomaibus
1404 420 1471 448 liber
1478 422 1571 449 evasit.
1579 422 1726 457 Numquam
1737 423 1808 450 enim

1019 461 1092 488 illum
1104 460 1139 488 de
1150 459 1235 495 patria
1248 465 1348 493 poteris
1360 465 1473 493 educere
1482 487 1490 499 ,
1501 467 1551 494 nisi
1561 475 1622 495 eum
1635 476 1668 495 ex
1683 468 1808 496 universa

985 519 1008 528 ιν
1019 512 1088 534 terra
1100 507 1237 542 dejeceris.
1254 508 1292 536 Ita
1306 510 1377 537 enim
1403 511 1507 539 interim
1528 513 1684 548 loquamur:
1699 522 1764 545 _nam
1785 514 1808 542 si

1019 560 1080 580 vere
1094 553 1254 588 loquendum
1263 556 1306 589 sit,
1321 560 1384 583 tunc
1397 565 1459 585 eum
1475 559 1589 586 maxime
1601 559 1626 586 in
1638 560 1749 594 patriam
1763 568 1808 588 re-

1019 599 1117 632 mittes,
1128 607 1188 627 cum
1195 609 1227 628 ex
1237 606 1307 629 terra
1315 602 1572 631 deduxerisNerum
1587 605 1611 632 id
1638 606 1754 633 nondum
1774 607 1808 634 ad

1019 649 1043 671 te
1056 645 1206 680 loquemur,
1218 647 1262 682 qui
1278 648 1382 675 nonnisi
1395 657 1426 676 ea
1439 657 1498 684 quae
1513 651 1598 678 oculis
1611 652 1809 686 perspiciuntur

1018 692 1098 718 nosti.
1121 692 1211 727 Neque
1227 693 1325 720 nudum
1346 702 1407 721 eum
1429 696 1528 730 poteris
1546 697 1705 730 ostendere,
1724 698 1810 726 donec

1019 738 1124 766 virtutis
1140 739 1301 767 indumentis
1316 741 1427 769 amictus
1443 742 1531 776 fuerit,
1545 751 1632 778 neque
1646 744 1714 772 fame
1728 752 1808 772 neca-

1017 784 1068 816 his.
1089 786 1214 820 quamdiu
1229 787 1273 820 qui
1288 788 1323 814 sit
1336 795 1415 816 verus
1433 789 1507 816 cibus
1526 790 1674 824 agnoverit.
1694 791 1747 819 Sed
1767 790 1808 819 liis

1019 829 1142 857 omnibus
1166 831 1262 859 divites
1284 832 1361 860 facile
1382 834 1531 869 capiuntur.
1558 835 1735 868 Quamobrem
1759 836 1809 864 hac

1017 875 1121 903 ratione
1135 884 1187 902 non
1203 876 1352 911 aberrabit,
1374 878 1419 913 qui
1439 879 1488 907 hos
1507 880 1613 915 quidem
1634 889 1764 916 pauperes
1778 890 1810 911 ac

1018 929 1126 956 prorsus
1142 923 1234 957 inopes
1255 923 1369 958 dixerit,
1391 925 1451 952 illos
1465 931 1554 954 autem
1569 927 1712 955 admodum
1733 928 1809 956 locu-

1018 967 1111 1002 pletes.
1126 968 1192 996 Nam
1205 969 1247 997 cui
1262 970 1345 1004 cibus,
1364 975 1450 1005 potus,
1468 971 1577 1005 domus,
1592 974 1698 1009 requies
1710 974 1809 1010 ubique

1017 1013 1149 1048 suppetit,
1173 1021 1221 1041 nec
1245 1014 1324 1042 tnodo
1349 1023 1402 1043 non
1415 1017 1425 1032 ³
1441 1016 1553 1045 moleste
1572 1018 1638 1051 fert,
1659 1019 1706 1046 scd
1727 1021 1807 1047 etiam

1017 1058 1043 1086 in
1066 1058 1106 1085 his
1118 1059 1259 1093 jucundius
1269 1080 1276 1093 ,
1293 1068 1372 1095 quam
1386 1069 1434 1088 vos
1447 1062 1473 1088 in
1487 1062 1600 1096 vestris,
1613 1068 1753 1097 versatur;
1774 1066 1807 1097 is,

1018 1108 1047 1131 ut
1061 1104 1154 1139 liquet,
1168 1107 1320 1140 opulentior
1333 1111 1375 1134 est
1387 1108 1511 1135 omnibus
1526 1109 1601 1137 vobis
1613 1109 1748 1144 divitibus,
1764 1113 1808 1147 qui

1017 1150 1091 1178 domi
1107 1155 1207 1179 tantum
1224 1152 1279 1179 haec
1298 1153 1415 1181 invenire
1431 1155 1550 1188 potestis.
1566 1155 1696 1189 Quocirca
1711 1165 1761 1185 nec
1775 1158 1808 1185 de

1017 1195 1105 1230 inopia
1115 1197 1159 1224 ille
1171 1205 1294 1232 umquam
1306 1198 1414 1233 lugebit.
1424 1199 1516 1234 Neque
1526 1201 1596 1228 enim
1609 1209 1640 1228 ex
1656 1202 1704 1229 hac
1716 1211 1805 1230 rerum

1016 1243 1092 1276 copia
1107 1246 1133 1270 et
1148 1242 1283 1278 voluptate
1306 1248 1408 1271 tantum
1423 1245 1522 1272 divitia:
1537 1246 1594 1273 ista:
1610 1247 1808 1281 prmstantiores

1016 1291 1096 1318 sunt;
1110 1287 1157 1315 sed
1174 1288 1253 1315 etiam
1268 1289 1339 1324 quod
1353 1289 1546 1324 insuperabiles
1559 1291 1622 1324 sint,
1638 1299 1687 1319 nec
1700 1293 1725 1320 in
1741 1301 1806 1328 pau-

1016 1337 1147 1367 pertatem
1163 1341 1288 1368 umquam
1309 1334 1405 1362 cadere
1424 1336 1542 1369 possint,
1556 1344 1643 1371 neque
1658 1337 1691 1364 iis
1704 1337 1808 1372 przediti

1016 1377 1128 1412 subjecti
1142 1379 1195 1406 sint
1209 1379 1289 1406 futuri
1304 1379 1482 1407 incertitudini
1493 1402 1499 1414 ,
1514 1389 1566 1408 non
1581 1382 1653 1410 curis
1667 1388 1806 1418 angantur,

1017 1432 1071 1452 non
1094 1425 1176 1452 livore
1199 1426 1356 1460 capiantur;
1380 1427 1427 1454 sed
1442 1427 1645 1456 adtuirationem
1661 1437 1766 1456 onmem
1781 1435 1809 1457 et

1016 1470 1122 1498 laudent
1137 1475 1164 1498 et
1177 1470 1273 1498 famam
1289 1472 1436 1500 obtineant.
1452 1473 1531 1507 Atqui
1547 1473 1572 1500 in
1589 1474 1662 1506 vobis
1674 1477 1808 1503 contraria

1016 1516 1123 1550 penitus
1138 1516 1262 1544 videntur
1276 1526 1283 1543 :
1298 1526 1350 1545 non
1364 1518 1444 1546 modo
1459 1519 1529 1546 enim
1543 1527 1591 1547 vos
1606 1520 1649 1547 alii
1663 1521 1695 1548 de
1708 1521 1808 1549 divitiis

1016 1570 1068 1589 non
1083 1562 1190 1589 laudant
1201 1584 1208 1595 ,
1223 1563 1269 1590 SCd
1283 1564 1363 1591 etiam
1378 1564 1491 1591 oderunt
1505 1569 1532 1592 et
1554 1571 1725 1601 aversantur,
1742 1568 1809 1594 invi-

1016 1607 1079 1634 dent
1091 1607 1155 1634 item
1167 1608 1241 1635 vobis
1256 1612 1335 1644 atque
1352 1610 1510 1638 insidiantur
1525 1611 1628 1646 plurimi
1643 1621 1650 1639 :
1665 1612 1708 1640 hic
1718 1618 1807 1641 autem

1015 1653 1087 1687 quod
1100 1653 1170 1681 veris
1183 1654 1282 1682 divitiis
1298 1655 1416 1690 locuples
1429 1656 1473 1689 sit,
1488 1656 1548 1684 ideo
1561 1657 1675 1685 maxime
1689 1658 1806 1686 admira-

1017 1698 1080 1725 tioni
1096 1703 1146 1732 est,
1171 1706 1219 1726 nec
1240 1699 1337 1726 invidia
1353 1704 1399 1727 aut.
1414 1701 1516 1728 insidiis
1530 1703 1673 1736 appetitur.
1690 1704 1730 1730 Ad
1745 1711 1807 1731 cors

1016 1745 1088 1780 poris
1100 1753 1165 1772 vero
1185 1745 1362 1773 valetudinem
1384 1751 1443 1774 uter
1461 1747 1568 1781 aptior?
1590 1755 1678 1775 nonne
1693 1749 1715 1775 is
1729 1756 1807 1784 agre-

1016 1792 1095 1818 stium
1111 1791 1195 1818 instar
1216 1792 1392 1819 animantium
1408 1797 1501 1827 vegeto
1516 1801 1628 1828 corpore
1642 1799 1700 1826 est,
1716 1799 1808 1829 utpote

1016 1836 1062 1870 qui
1080 1837 1224 1871 purissimo
1238 1836 1341 1864 fruatur
1354 1845 1425 1871 aere,
1442 1837 1547 1865 ﬂuentis
1561 1839 1720 1873 salubribus,
1736 1839 1808 1868 [lori-

1016 1881 1075 1913 bus,
1088 1881 1181 1916 pratis,
1195 1882 1277 1909 odore
1287 1882 1457 1917 gratissimo;
1474 1882 1517 1910 hic
1529 1890 1592 1911 vero
1604 1885 1678 1918 quasi
1691 1885 1716 1911 in
1729 1893 1807 1913 emno

1014 1927 1115 1961 jaceus,
1139 1931 1167 1954 et
1189 1928 1294 1954 mollior
1317 1933 1359 1955 est
1379 1931 1406 1955 et
1427 1928 1527 1955 morbis
1550 1928 1634 1963 magis
1655 1930 1808 1958 obnoxius?

1016 1972 1090 2005 Quod
1106 1972 1128 1999 si
1151 1973 1176 1999 in
1200 1973 1313 2000 sanitate
1333 1972 1431 2007 primas
1447 1973 1491 2000 ille
1507 1977 1615 2006 teneat,
1632 1974 1657 2001 iu
1673 1974 1807 2010 voluptate

1017 2026 1068 2045 non
1085 2018 1171 2045 minus
1182 2039 1189 2051 ,
1205 2024 1234 2045 ut
1254 2018 1344 2053 liquet.
1362 2019 1454 2046 Utrum
1470 2020 1541 2046 enim
1563 2021 1647 2054 magis
1669 2021 1806 2048 existimas

1017 2063 1042 2090 in
1056 2063 1159 2090 deliciis
1170 2071 1260 2099 agere,
1273 2071 1370 2091 eumue
1383 2065 1426 2099 qui
1440 2072 1521 2099 super
1534 2065 1662 2093 altissima
1676 2067 1807 2094 recumbit

1017 2109 1109 2143 herba,
1124 2117 1194 2145 pone
1209 2109 1307 2137 fontem
1322 2110 1461 2146 limpidum
1471 2132 1477 2144 ,
1492 2112 1542 2139 sub
1558 2112 1650 2139 umbra
1665 2113 1807 2140 densarum

1015 2156 1161 2189 arborum.
1182 2156 1342 2191 oculumque
1367 2157 1450 2192 pascit
1472 2163 1597 2192 aspectu,
1621 2158 1808 2194 puriorcmque

1018 2202 1076 2236 ipso
1099 2202 1164 2229 ctelo
1183 2202 1301 2229 animum
1318 2202 1452 2237 possidet,
1469 2210 1482 2229 a
1498 2211 1587 2231 rerum
1609 2205 1808 2238 perturbatione

1018 2255 1049 2275 ac
1061 2248 1174 2274 tumultu
1187 2248 1266 2283 longe
1278 2253 1413 2281 remotus;
1428 2256 1461 2275 an
1475 2257 1534 2276 cum
1546 2251 1590 2284 qui
1605 2249 1676 2277 domi
1691 2251 1808 2278 inclusus

1018 2294 1132 2321 manet?
1146 2295 1214 2322 Sane
1228 2303 1279 2322 non
1294 2302 1356 2322 aere
1370 2295 1476 2330 puriora
1491 2301 1552 2322 sunt
1567 2303 1709 2330 marmora,
1723 2305 1808 2331 neque

1019 2340 1112 2367 umbra
1136 2340 1199 2367 tecti
1223 2340 1341 2367 frondeis
1363 2341 1465 2368 umbris
1486 2341 1595 2376 gratior,
1620 2348 1706 2376 neque
1727 2342 1808 2377 lapilli

1019 2386 1078 2413 solo
1093 2386 1174 2413 variis
1188 2390 1282 2421 operto
1296 2385 1407 2413 ﬂoribus
1426 2386 1596 2414 amoeniores.
1612 2387 1698 2421 Atque
1713 2386 1807 2414 horum

1017 2441 1066 2460 vos
1080 2432 1176 2461 divites
1191 2436 1272 2460 testes
1291 2432 1374 2466 estis,
1396 2431 1441 2467 qui
1451 2452 1458 2465 ,
1474 2432 1496 2459 si
1511 2431 1569 2459 ﬁeri
1584 2436 1687 2466 possm,
1703 2432 1729 2459 in
1744 2432 1808 2467 ipsis

1019 2480 1096 2508 tectis
1108 2479 1217 2507 arbores
1231 2479 1329 2506 habere
1343 2479 1486 2514 cuperetis,
1501 2482 1529 2506 et
1548 2482 1682 2513 pratorum
1695 2479 1805 2506 animui-

1019 2530 1100 2553 tatem
1129 2525 1258 2558 niallctis,
1285 2532 1336 2559 qua
1361 2532 1442 2551 aurea
1461 2527 1540 2557 tecta,
1561 2524 1710 2558 arietesque
1730 2525 1808 2552 mira-

984 2576 1001 2602 δ
1019 2571 1097 2599 biles.
1112 2570 1293 2605 Quamobrem
1308 2577 1368 2597 cum
1389 2577 1423 2596 ex
1444 2569 1534 2596 multis
1554 2569 1689 2596 laboribus
1707 2577 1811 2597 recrea-

1021 2619 1118 2646 tionem
1132 2617 1254 2651 accipere
1266 2615 1355 2648 vultis,
1373 2615 1414 2643 his
1427 2615 1525 2642 relictis
1538 2614 1571 2642 ad
1585 2615 1630 2642 illa
1650 2616 1809 2650 properatis.

1020 2665 1122 2694 Verum
1146 2665 1259 2692 fortasse
1281 2670 1329 2697 pro
1351 2662 1435 2697 gloria
1457 2660 1629 2697 conqueraris
1650 2661 1694 2688 illa
1714 2666 1810 2694 magna

1054 2770 1062 2784 ι
1080 2771 1131 2791 nuo
1139 2769 1202 2791 Mss"
1213 2763 1238 2788 in
1250 2761 1316 2788 caelo.

1054 2800 1064 2815 ι
1082 2801 1164 2828 Deest,
1177 2802 1236 2826 non,
1248 2795 1272 2819 in
1282 2793 1377 2818 duobus
1386 2795 1441 2817 Mss.
