2058 3116
250 79 302 108 539

251 143 330 172 atque
346 135 462 172 ingenti,
475 141 535 170 quae
545 133 594 161 .hic
609 140 662 160 non
677 135 823 167 comparet.
844 130 954 165 Regiam
968 128 1039 156 enim

251 182 386 211 solitudini
411 182 569 214 conferens,
593 183 672 214 atque
696 178 834 211 utriusque
858 181 942 203 status
966 182 1040 210 spem

251 235 343 258 mutuo
369 234 537 263 comparans,
554 225 588 253 de
614 225 681 253 carie
705 225 763 259 ipso
784 223 866 250 ﬁlium
891 222 938 249 tibi
963 221 970 236 ¹
993 221 1041 248 dc-

250 276 348 303 cidisse
371 274 520 301 arbitraris.
544 272 573 299 ld
597 271 677 306 igitur
699 270 787 306 primo
810 268 965 296 discendum
988 271 1040 300 est,

250 320 320 357 quod
342 327 428 355 nequc
441 318 555 346 solitudo
571 316 724 352 ignobilem,
745 322 833 350 neque
853 314 925 349 regia
940 314 1041 340 clarunt

251 367 364 394 faciatct
376 366 503 393 illustrem
515 374 521 391 ε
532 368 611 399 atque
621 368 763 397 antequam
776 362 809 389 ad
823 362 939 388 rationes
951 360 1041 387 venia-

251 420 320 444 mus,
334 411 463 445 exemplis
475 415 504 437 te
518 410 551 437 ab
563 409 613 436 hac
628 408 778 443 suspicione
793 405 932 439 liberabo;
952 414 1042 434 exem-

250 458 301 492 plis
312 479 318 490 ,
336 457 442 491 inquam
453 477 460 489 ,
482 463 535 483 non
550 455 648 482 nostris
658 476 665 487 ,
680 454 728 481 sed
744 454 849 481 vestris.
865 453 904 479 De
916 452 1042 487 Dionysio

251 504 318 531 forte
342 503 438 530 audisti
462 502 559 530 Sicilia:
584 506 709 537 tyranno,
735 501 852 534 itemque
875 499 908 526 de
931 499 1042 525 Platone

253 551 385 578 Aristonis
399 550 464 577 tilio.
481 549 544 577 Uter
564 549 659 583 igitur,
675 547 718 574 dic
734 546 798 574 mihi
809 567 816 579 ,
829 545 959 580 insignior
975 544 1043 571 fuit?

253 602 313 626 uter
323 597 437 627 canitur,
447 600 533 629 .eLper
543 598 699 621 cunctorum
710 600 757 620 ora
771 591 939 619 celebratur?
955 597 1043 617 nonne

253 642 425 678 philosoplms
442 643 524 676 magis
535 662 541 672 ,
558 648 636 675 quam
654 638 802 675 tyrannus?
825 638 904 673 Atqui
926 637 970 664 ille
985 636 1043 671 qui-

251 689 312 717 dem
347 688 437 715 Sicilia
474 691 528 714 tota
548 688 558 702 ‘
580 686 745 721 potiebatur,
770 690 850 719 atque
885 684 913 711 in
941 683 1043 710 deliciis

252 734 384 770 degebat,
410 733 561 768 ingentibus
583 731 697 763 divitiis,
723 730 868 757 satellitum
892 728 1043 764 agminibus

251 781 378 815 stipatus,
394 787 426 807 ac
439 787 497 806 cum
512 778 621 813 reliquis
638 777 762 812 potentia:
780 776 926 811 insignibus
941 775 1045 801 diutur-

253 834 313 853 nam
338 826 417 852 vitam
440 824 524 859 gessit
544 833 551 850 :
573 823 616 850 hic
637 826 725 849 autem
747 822 772 848 in
795 820 944 848 Academia:
967 822 1044 847 horto

253 872 424 903 versabatur,
448 870 548 905 rigans,
572 869 694 896 inserens
707 889 713 899 ,
734 868 869 902 olivasquc
890 866 1042 899 comedens,

252 925 283 944 ac
310 917 464 944 vilissimam
491 922 628 950 apponens
658 921 778 941 mensam
805 913 851 939 illo
878 912 950 939 omni
976 919 1044 938 vano

252 962 393 998 splendore
416 968 524 988 vacuus.
549 960 582 987 Et
596 960 647 987 hoc
661 966 714 986 non
729 966 813 993 usque
835 957 901 985 adeo
924 957 1045 984 mirabile

212 1016 219 1021 ‘
252 1014 309 1041 est;
324 1008 370 1035 sed
384 1007 453 1041 (ιιιυά
469 1014 561 1033 servus
576 1006 684 1033 effectus
694 1026 701 1038 ,
718 1004 875 1039 tyrannique
890 1002 966 1037 jussu
979 1010 1044 1029 vcn-

253 1055 322 1082 ditus
333 1075 340 1086 ,
357 1059 456 1081 tantum
479 1053 563 1079 abfuit
584 1057 611 1079 ut
627 1053 671 1079 illo
687 1056 826 1086 propterea
843 1050 920 1077 vilior
933 1057 1042 1084 appare-

252 1105 303 1134 ret,
316 1105 344 1127 ut
359 1099 408 1134 ipsi
420 1107 523 1133 quoque
537 1104 651 1134 tyranno
665 1097 725 1124 hinc
739 1097 811 1124 visus
823 1097 858 1123 sit
870 1096 1045 1123 admiratione

252 1146 357 1181 dignus.
374 1145 457 1172 Tanta
472 1153 514 1171 res
528 1149 569 1172 est
582 1144 664 1170 virtus
677 1144 683 1170 l
705 1151 757 1169 non
776 1150 823 1177 per
842 1149 873 1169 ea
888 1141 968 1169 modo
985 1149 1046 1176 qua:

253 1192 316 1226 agit,
333 1191 379 1217 sed
397 1199 443 1225 per
461 1198 492 1217 ea
507 1190 586 1217 etiam
602 1197 661 1223 quse
683 1188 791 1223 indigne
806 1187 912 1222 patitur,
936 1194 986 1214 nec
1001 1195 1045 1214 se-

254 1238 349 1272 ipsam,
373 1244 422 1263 nec
445 1243 490 1262 eos
513 1235 557 1270 qui
582 1235 665 1269 ipsam
682 1238 807 1261 exercent
828 1234 913 1260 latere
936 1233 998 1260 sinit
1019 1236 1047 1260 et

253 1282 390 1311 occultari.
406 1282 474 1315 Quid
485 1289 549 1308 vero
563 1285 711 1316 praeceptor
722 1280 780 1315 ejus
792 1280 935 1308 Socrates?
947 1283 1046 1314 quanto

255 1330 278 1356 is
292 1328 423 1356 Archelao
436 1327 485 1354 fuit
500 1327 649 1354 illustrior?
662 1328 697 1354 At
716 1327 759 1354 ille
772 1334 819 1354 rex
834 1334 895 1353 cum
913 1330 985 1353 esset
995 1346 1002 1358 ,
1019 1325 1045 1352 in

254 1374 377 1409 plurimis
392 1373 485 1408 opibus
498 1373 628 1408 (legebat;
650 1372 692 1400 hic
706 1377 795 1399 autem
816 1373 842 1399 in
857 1372 942 1407 Lyeeo
957 1379 1046 1398 mora-

257 1421 348 1451 batur,
372 1419 491 1454 nihilque
506 1423 604 1454 prmter
615 1419 802 1446 vestimentum
819 1426 899 1444 unum
920 1417 1045 1449 habebat,

255 1475 307 1501 quo
319 1471 345 1493 et
366 1466 453 1501 hieme
465 1471 492 1493 et
510 1471 613 1498 testate,
628 1465 804 1499 omnibusque
819 1465 880 1490 anni
902 1468 1046 1498 tempesta-

255 1500 326 1551 tibus
338 1500 460 1540 utehaiur
477 1521 483 1539 :
499 1512 576 1539 nudis
595 1519 702 1546 semper
719 1511 829 1546 pedibus
847 1510 927 1543 vixit,
945 1518 975 1537 ac
990 1510 1047 1537 sine

256 1559 316 1586 cibo
337 1563 418 1585 totam
441 1557 604 1592 transigebat
624 1557 709 1588 diem,
726 1564 794 1591 pane
816 1555 873 1583 solo
895 1560 1044 1587 contentus,

255 1609 334 1639 atque
356 1604 382 1631 id
396 1608 453 1630 erat
465 1604 488 1631 ei
505 1608 530 1630 el
546 1603 685 1630 obsonium
698 1607 726 1630 et
738 1610 800 1630 esca
815 1612 821 1628 :
837 1610 886 1629 nec
899 1602 976 1628 istam
990 1602 1048 1636 qui-

255 1649 315 1677 dem
339 1657 458 1677 mensam
481 1657 516 1677 ex
533 1650 614 1677 rebus
635 1649 690 1676 suis
711 1648 863 1683 apparabat,
881 1648 928 1675 sed
941 1648 975 1674 ab
989 1647 1047 1674 aliis

256 1695 414 1729 accipiebat,
436 1699 557 1722 extrema
578 1695 678 1721 scilicet
705 1694 731 1720 in
757 1697 913 1728 paupertate
936 1692 1046 1727 degens.

257 1740 385 1774 Adeoque
405 1745 492 1766 tamen
507 1740 563 1774 ipso
580 1748 641 1775 rege
654 1739 752 1767 clarior
764 1743 828 1770 erat,
844 1743 873 1765 ut
885 1739 919 1766 ab
933 1738 978 1766 illo
993 1738 1048 1766 fre-

257 1790 371 1820 quenter
385 1785 520 1822 invitatus,
537 1785 619 1812 nollet
631 1785 719 1820 Lyceo
732 1784 843 1811 dimisso
856 1784 888 1811 ad
902 1784 971 1812 illius
983 1791 1049 1820 opes

258 1830 399 1866 proficisci.
416 1832 450 1858 At
463 1839 495 1858 ex
509 1838 541 1858 ea
554 1838 659 1865 quoque
671 1851 678 1863 ,
693 1838 753 1865 qua:
769 1837 841 1858 nunc
853 1830 973 1864 obtinet,
989 1830 1048 1865 opi-

258 1878 348 1909 nione,
360 1885 419 1912 qua:
433 1877 536 1911 potiora
550 1877 601 1903 sint
615 1881 725 1911 apparet
738 1885 744 1902 ε
757 1883 872 1910 namque
885 1876 979 1903 horum
992 1876 1050 1911 qui-

259 1923 319 1950 dem
330 1922 437 1949 nomina
449 1922 569 1956 pluritnis
581 1925 643 1948 nota
654 1925 733 1953 sunt;
747 1921 853 1948 illorum
865 1929 928 1948 vero
940 1921 1048 1948 nemini.

222 1968 225 1970 ’
258 1969 414 2004 Sinopensis
428 1972 516 1995 autem
531 1966 685 2004 (Diogenes)
701 1967 769 1994 alius
784 1967 958 2002 philosoplms
977 1972 1050 1994 tanto

258 2019 286 2042 et
300 2015 342 2042 his
355 2018 382 2041 et
395 2013 454 2041 aliis
469 2013 616 2041 innumeris
632 2013 739 2049 regibus
752 2013 903 2048 opulentior
917 2018 984 2045 erat,
1000 2014 1050 2041 etsi

260 2061 354 2096 pannis
366 2061 463 2088 laceris
476 2061 595 2093 vestitus,
610 2065 639 2087 ut
651 2060 802 2088 Alexander
815 2060 928 2095 Philippi
942 2060 1051 2087 Macedo

260 2107 409 2135 exercitum
423 2106 449 2133 in
464 2106 559 2133 Persas
570 2106 681 2138 ducens,
694 2106 737 2133 ubi
752 2106 825 2132 illum
837 2106 912 2139 vidit,
926 2105 1051 2133 omnibus

260 2151 388 2183 dimissis,
403 2151 436 2178 ad
451 2159 512 2178 eum
527 2157 663 2187 pergeret.
685 2159 716 2179 ac
729 2155 852 2186 rogaret,
867 2151 956 2178 ullane
969 2159 998 2179 re
1012 2152 1052 2179 in-

261 2200 374 2234 digeret,
387 2203 413 2226 et
425 2206 459 2225 an
469 2198 567 2233 aliquid
577 2199 695 2233 jubet-et.
707 2198 752 2225 Ille
763 2205 827 2225 vero
839 2198 923 2225 nihilo
933 2205 963 2225 se
973 2206 1052 2234 egere

261 2244 408 2279 respondit.
422 2243 491 2271 Num
509 2244 564 2279 jam
579 2244 765 2279 exemplorum
780 2244 845 2271 satis
859 2243 950 2275 habes,
965 2252 998 2271 an
1013 2244 1052 2271 vis

259 2292 309 2318 alia
319 2298 424 2326 quoque
435 2291 631 2319 memoremus?
639 2290 740 2325 Nempe
751 2290 793 2317 isti
803 2298 856 2317 non
866 2290 945 2318 modo
956 2291 998 2323 iis,
1007 2292 1052 2325 qui

261 2338 286 2365 in
301 2338 371 2372 regia
385 2338 501 2372 insignes
512 2338 596 2370 fuere,
610 2337 657 2364 sed
669 2337 734 2371 ipsis
745 2344 849 2371 quoque
860 2337 966 2372 regibus
979 2338 1053 2365 fuere

261 2384 390 2411 clariores
400 2404 408 2417 ,
424 2391 485 2411 cum
507 2383 635 2418 privatam
651 2384 822 2418 quietamque
836 2384 916 2411 vitam
937 2385 1053 2420 delegis-

261 2436 337 2462 sent,
354 2438 440 2466 neque
459 2430 493 2457 ad
517 2430 708 2466 rempublicam
725 2431 858 2459 ullatenus
878 2439 908 2459 se
931 2433 1054 2460 conferre

261 2475 419 2503 voluissent.

303 2521 399 2548 Virtute
408 2521 528 2550 clariores
543 2523 662 2558 efﬁcimur
670 2532 745 2558 quam
760 2525 859 2560 opibus.
870 2540 906 2545 —
915 2525 966 2553 Sed
982 2527 1053 2554 enim

262 2567 289 2595 in
303 2568 359 2602 ipsa
380 2575 487 2603 quoque
506 2570 658 2605 reipublica:
672 2570 903 2599 administratione
924 2581 975 2600 non
995 2575 1055 2602 illos

263 2616 350 2642 claros
363 2614 443 2642 fuisse
457 2614 641 2650 deprehendes
651 2638 658 2650 ,
674 2619 718 2653 qui
734 2618 849 2652 divitiis,
863 2619 964 2647 deliciis
978 2626 1005 2648 et
1018 2621 1056 2648 l'a-

262 2661 402 2689 cultatibus
416 2661 538 2689 instructi
553 2665 702 2697 erant,sed
714 2672 760 2693 eos
770 2686 777 2697 ,
792 2666 836 2700 qui
851 2667 877 2693 in
890 2672 1054 2703 paupertate,

262 2708 448 2742 simplicitate,
460 2712 487 2735 et
501 2708 635 2737 moderata
651 2711 702 2738 vita
722 2711 862 2746 degebant.
880 2714 957 2748 Apud
973 2714 1056 2742 Athe-

295 2765 303 2800 ξ
322 2768 346 2800 tn
360 2768 430 2789 textu
438 2772 517 2800 graeco
526 2766 607 2795 deest.
616 2767 670 2800 tibi;
683 2769 727 2795 sed
738 2769 859 2796 inveniutr
868 2772 892 2796 in
899 2772 994 2797 duobus
1002 2776 1054 2800 Mss.

294 2796 305 2811 ι
322 2798 372 2820 Duo
382 2800 446 2828 Manu,
454 2799 502 2824 tota
511 2801 583 2823 iura.

624 74 652 104 S.
673 72 812 102 JOANNIS
831 71 1068 101 CHRYSOSTOMI
1081 70 1240 100 ARCHlEP.
1261 72 1530 102 CONSTANTINOP.

1833 78 1886 107 340

1093 130 1200 158 nienses
1215 131 1345 159 Aristides
1355 152 1363 165 ,
1376 139 1455 167 quem
1468 131 1620 160 defunctum
1640 134 1733 162 civitas
1746 136 1887 170 sepelivit,

1098 177 1233 206 Alcibiade
1244 199 1250 211 ,
1267 179 1310 213 qui
1324 179 1419 214 opibus
1429 200 1437 212 ,
1458 179 1561 208 deliciis
1571 201 1579 213 ,
1594 181 1722 208 orationis
1735 181 1778 214 vi,
1792 189 1886 217 corpo-

1100 224 1131 252 ris
1143 224 1242 251 robore
1255 246 1262 257 ,
1275 225 1412 253 nobilitate
1422 226 1579 262 exterisque
1593 227 1716 255 omnibus
1726 230 1887 263 praestabat,

1102 275 1168 297 ante
1188 270 1284 298 clarior
1296 276 1370 304 erat,
1392 277 1490 306 quanto
1511 272 1557 299 vili
1576 273 1664 308 aliquo
1678 275 1789 308 puerulo
1801 275 1890 310 philo-

1105 316 1195 351 ;ophus
1209 317 1349 345 mirabilis.
1371 319 1448 353 Apud
1467 318 1608 347 Thebanos
1623 320 1838 354 Epaminondas,
1861 323 1889 350 in

1089 362 1251 390 concionem
1270 368 1397 397 vocatus,
1421 373 1482 392 cum
1505 370 1644 402 propterea
1662 374 1695 393 eo
1715 375 1745 395 se
1765 368 1890 396 conferre

1093 415 1146 434 non
1157 414 1260 443 posset,
1273 409 1342 443 quod
1354 415 1454 437 vestem
1467 410 1604 438 lavandam
1615 417 1736 445 curaret,
1748 421 1797 440 nec
1808 414 1889 441 aliam

1095 453 1206 481 haberet
1219 462 1269 488 qua
1285 455 1454 489 indueretur,
1466 456 1589 484 omnibus
1600 461 1687 484 tamen
1699 459 1742 493 qui
1754 466 1786 485 eo
1796 467 1892 487 conve-

1095 503 1208 532 nerant,
1225 500 1335 527 ducibus
1352 502 1520 536 prtestantior
1530 507 1597 529 erat.
1611 503 1650 530 Ne
1661 504 1750 538 itaque
1765 505 1830 532 mihi
1843 513 1888 532 so-

1095 544 1232 573 litudinem
1252 546 1375 581 jactitcs,
1398 552 1443 574 aut
1457 547 1568 582 regiam.
1582 548 1673 583 Neque
1690 549 1760 576 enim
1782 551 1807 577 in
1824 551 1890 578 locis

1096 592 1204 620 claritas
1215 597 1242 620 et
1257 593 1401 627 splendor,
1417 601 1470 620 non
1491 593 1517 621 in
1532 595 1651 622 vestibus
1661 616 1669 629 ,
1685 603 1738 623 non
1760 596 1786 623 in
1801 596 1889 631 digni—

1097 642 1168 670 tate,
1184 646 1238 666 non
1252 639 1278 665 in
1291 639 1409 674 potentia
1422 639 1470 667 sed
1485 639 1511 667 in
1524 640 1622 668 virtute
1636 646 1736 668 tantum
1751 649 1783 668 ac
1801 641 1891 677 philo-

1095 685 1200 719 sophia.

1133 730 1160 757 6.
1176 729 1275 758 Verum
1292 731 1354 766 quia
1373 732 1494 766 exempla
1510 740 1563 759 non
1586 736 1686 760 tantam
1700 734 1753 760 vim
1773 734 1889 768 habent,

1095 775 1131 803 ab
1142 776 1199 810 ipso
1211 776 1265 804 ﬁlio
1280 781 1325 804 tuo
1338 785 1396 804 rem
1409 777 1561 805 discutiam.
1570 778 1644 805 Illum
1657 780 1754 814 quippe
1770 780 1891 808 invenie—

1096 829 1155 849 mus
1163 829 1214 851 non
1221 821 1300 849 modo
1308 830 1379 850 nunc
1387 823 1538 856 clariorem,
1547 823 1593 850 sed
1600 824 1679 850 etiam
1686 833 1718 851 ex
1728 824 1819 852 iisdem
1827 825 1892 860 ipsis

1096 868 1176 895 rebus
1186 868 1383 896 honoratiorem
1392 869 1487 904 quibus
1499 874 1526 896 tu
1535 870 1608 897 illum
1619 874 1644 897 et
1655 871 1732 897 vilem
1747 876 1774 898 et
1787 871 1892 906 ignobi-

1098 914 1151 941 lem
1171 921 1231 941 csse
1248 915 1325 942 dicis.
1338 915 1403 941 Nam
1422 915 1444 942 si
1465 915 1505 942 vis
1521 915 1740 950 persuadebimus
1759 917 1795 944 illi
1817 922 1845 944 ut
1859 917 1893 945 de

1098 964 1189 987 monte
1209 960 1367 993 descendat,
1383 965 1407 988 et
1426 960 1452 987 in
1471 959 1558 987 forum
1577 961 1715 995 irrumpat.
1733 961 1893 997 Videbisque

1098 1005 1188 1032 statim
1205 1005 1286 1032 totius
1300 1006 1415 1032 civitatis
1430 1006 1457 1032 in
1469 1005 1542 1033 illum
1557 1013 1602 1033 ora
1615 1007 1736 1033 converti
1747 1027 1755 1037 .
1769 1011 1894 1034 cunctos-

1098 1058 1150 1085 que
1162 1058 1222 1078 eum
1236 1051 1451 1078 demonstrantes
1464 1059 1525 1079 cum
1536 1052 1712 1080 admiratione
1727 1060 1759 1080 ac
1774 1058 1893 1089 stupore,

1098 1103 1130 1122 ac
1143 1097 1164 1123 si
1174 1096 1284 1131 angelus
1294 1096 1400 1131 quidam
1410 1096 1443 1124 de
1452 1097 1518 1124 etclo
1525 1097 1702 1126 descenderit.
1715 1098 1813 1133 Ecquid
1822 1099 1894 1126 aliud

1098 1142 1146 1168 tibi
1156 1141 1259 1169 videtur
1269 1149 1329 1169 esse
1337 1143 1419 1177 gloria
1428 1143 1438 1169 ?
1446 1142 1516 1170 Sane
1527 1150 1579 1170 non
1589 1143 1621 1170 iis
1633 1143 1722 1175 modo,
1734 1144 1778 1178 qui
1789 1144 1814 1171 iu
1822 1145 1894 1179 regia

1097 1192 1255 1220 versantur,
1267 1187 1313 1215 sed
1330 1189 1388 1222 ipso
1410 1196 1515 1223 quoque
1526 1209 1534 1221 ,
1551 1188 1595 1222 qui
1614 1188 1765 1216 diademate
1787 1189 1896 1217 redituri-

1099 1237 1140 1260 tus
1163 1237 1219 1266 est,
1243 1233 1373 1260 illustrior
1386 1234 1436 1260 erit
1456 1241 1516 1260 cum
1535 1234 1579 1260 illa
1604 1234 1648 1261 vili
1667 1239 1747 1269 atque
1760 1235 1895 1262 conscissa

1100 1283 1185 1307 veste.
1197 1279 1288 1314 Neque
1305 1280 1376 1307 enim
1393 1284 1473 1307 tanta:
1484 1280 1653 1308 admirationi
1669 1281 1792 1309 onmibus
1805 1286 1895 1315 esset,

1100 1324 1121 1351 si
1139 1324 1258 1351 vestibus
1277 1325 1426 1358 operiretur
1444 1326 1549 1360 aureis,
1578 1326 1631 1353 imo
1651 1326 1672 1352 si
1689 1327 1744 1361 ipsa
1761 1334 1895 1361 purpura,

1100 1369 1210 1404 ipsaque
1223 1377 1322 1396 corona
1341 1375 1451 1397 ornatus
1464 1376 1553 1403 esset,
1572 1375 1599 1398 et
1621 1371 1642 1398 si
1658 1372 1748 1399 stratis
1769 1372 1898 1399 insideret

1100 1415 1210 1448 sericis,
1225 1415 1247 1442 si
1267 1423 1282 1442 a
1299 1416 1378 1442 mulis
1392 1416 1552 1449 veheretur,
1574 1421 1665 1443 aurata
1680 1417 1824 1444 satellitum
1842 1422 1898 1444 tur-

1100 1460 1132 1488 ba
1146 1461 1304 1494 comitatus;
1319 1466 1347 1488 ut
1363 1461 1442 1488 tnodo
1457 1466 1497 1489 est
1512 1462 1635 1497 squalore
1648 1467 1675 1489 et
1688 1462 1811 1490 sordibus
1825 1463 1897 1490 obsi-

1101 1512 1143 1535 tus
1155 1528 1161 1539 ,
1182 1515 1326 1543 crassoque
1337 1508 1447 1535 amictus
1466 1509 1622 1536 indutnento
1635 1530 1642 1541 ,
1666 1509 1739 1536 nullo
1753 1510 1897 1537 comitatus
1931 1505 1937 1510 ’

1101 1553 1218 1585 assecla,
1240 1553 1373 1588 mtdisqtte
1396 1554 1509 1588 pedibus
1529 1555 1664 1582 incedens.
1689 1555 1808 1590 Namque
1831 1557 1897 1591 regii

1101 1598 1138 1625 illi
1153 1604 1294 1634 apparatus
1315 1604 1342 1626 et
1357 1599 1459 1634 legibus
1473 1601 1564 1627 statuti
1578 1606 1636 1628 sunt
1648 1622 1654 1633 ,
1680 1605 1706 1628 et
1726 1602 1899 1628 consuetudio

1102 1652 1135 1671 ne
1149 1645 1248 1678 recepti
1264 1653 1271 1671 :
1287 1646 1459 1679 quamobrem
1480 1646 1502 1673 si
1518 1647 1576 1681 quis
1589 1647 1844 1675 cumadmiratione
1855 1648 1898 1674 di-

1101 1695 1174 1717 ceret
1196 1690 1383 1725 imperatorem
1405 1699 1463 1719 esse
1481 1697 1555 1720 veste
1575 1701 1656 1721 aurea
1672 1694 1795 1721 vestitum
1808 1715 1814 1726 ,
1843 1702 1897 1722 non

1101 1735 1181 1762 modo
1192 1744 1244 1763 non
1257 1736 1467 1770 admiraremur,
1483 1738 1529 1765 sed
1544 1738 1625 1765 etiam
1639 1739 1787 1766 rideremus
1798 1760 1805 1773 ,
1820 1741 1897 1775 quip-

1102 1788 1136 1816 pe
1156 1789 1216 1809 cum
1238 1782 1303 1809 nihil
1329 1783 1389 1810 novi
1414 1783 1524 1811 diceret.
1548 1784 1584 1811 De
1606 1784 1660 1811 lilio
1680 1790 1768 1812 autem
1788 1790 1852 1819 tuo,
1875 1786 1897 1813 si

1102 1827 1161 1862 quis
1173 1828 1320 1860 annuntiet.
1336 1836 1395 1856 eum
1406 1829 1539 1864 despectis
1547 1831 1664 1864 paternis
1678 1831 1782 1866 opibus,
1796 1832 1897 1859 calcata

1103 1874 1193 1901 smculi
1208 1882 1303 1909 pompa
1314 1896 1321 1907 ,
1346 1883 1393 1910 spe
1408 1876 1541 1904 mundana
1560 1878 1743 1912 superiorem,
1758 1879 1784 1906 in
1803 1879 1897 1907 descr-

1104 1924 1158 1947 ttun
1174 1928 1203 1948 se
1213 1921 1372 1955 contulisse,
1384 1923 1428 1949 vili
1438 1923 1579 1958 putidaque
1591 1924 1677 1951 tunica
1690 1925 1810 1953 indutum
1820 1934 1895 1954 esse:

1103 1967 1191 1993 statim
1212 1972 1372 2006 concurrent
1392 1976 1486 1996 onmes
1496 1990 1503 2002 ,
1520 1969 1700 2002 mirabuntur,
1715 1976 1794 2005 atque
1808 1971 1898 1999 lauda-

1104 2012 1170 2039 bunt
1180 2013 1237 2047 ejus
1249 2014 1457 2049 magnitudinem
1466 2016 1557 2043 animi.
1565 2016 1643 2043 Certe
1653 2025 1713 2044 cmn
1723 2017 1898 2052 imperatores

1105 2059 1252 2087 innumeris
1274 2060 1438 2095 impetuntur
1453 2062 1610 2096 maledictis,
1625 2063 1689 2090 nihil
1705 2064 1772 2098 ipsis
1785 2069 1901 2099 prosunt

1105 2112 1193 2133 aurea:
1208 2111 1307 2138 vestes,
1323 2112 1423 2135 tantum
1435 2109 1510 2136 abest
1520 2113 1548 2136 ut
1558 2117 1604 2137 eos
1615 2110 1750 2138 mirabiles
1761 2111 1879 2139 efﬁciant
1889 2122 1898 2127 -

1106 2151 1150 2179 hic
1172 2157 1259 2180 autem
1285 2155 1327 2181 vel
1347 2163 1380 2182 ex
1396 2155 1461 2190 ipsis
1481 2155 1646 2184 vestimentis
1663 2158 1759 2185 nmltas
1783 2158 1907 2186 admira—

1108 2198 1189 2225 tionis
1202 2207 1281 2226 ausas
1295 2201 1405 2235 pra‘bel,
1425 2201 1460 2228 ita
1473 2206 1502 2229 ut
1523 2203 1635 2230 amictus
1659 2203 1809 2238 huiusmodi
1820 2205 1908 2239 longe

1107 2244 1181 2270 illum
1198 2245 1410 2279 spectabiliorem
1425 2246 1519 2280 faciat,
1531 2256 1610 2282 quam
1624 2248 1722 2276 faceret
1735 2249 1823 2285 regius
1839 2260 1845 2277 :
1861 2251 1907 2278 si-

1108 2289 1215 2323 quidem
1224 2299 1256 2317 ex
1269 2291 1314 2318 illo
1325 2299 1405 2319 nemo
1418 2292 1606 2328 impcratoretn
1619 2295 1766 2322 admiratur
1773 2317 1780 2329 ,
1793 2296 1844 2324 hoc
1851 2304 1910 2324 au-

1108 2340 1160 2363 tem
1175 2337 1218 2364 ille
1227 2338 1340 2364 amictus
1349 2340 1443 2366 vestitu
1455 2340 1578 2368 omnibus
1586 2341 1753 2369 admirationi
1760 2347 1786 2370 et
1796 2346 1913 2378 stupori

1107 2386 1158 2410 est.
1184 2383 1284 2418 Ecquid
1306 2385 1385 2417 mihi,
1407 2386 1529 2421 inquies,
1552 2388 1622 2422 vulgi
1648 2389 1737 2423 opinio
1759 2394 1786 2416 et
1809 2389 1916 2419 laudes

1109 2428 1269 2456 conterunt?
1283 2430 1362 2458 Certe
1375 2431 1459 2466 gloria
1484 2433 1549 2460 nihil
1572 2434 1642 2461 aliud
1657 2439 1707 2461 est.
1732 2435 1785 2461 Sed
1802 2436 1891 2469 huth
1903 2458 1915 2470 ,

1108 2482 1241 2510 repones,
1260 2475 1394 2504 desiderio
1410 2485 1462 2504 non
1482 2482 1589 2511 teneor,
1607 2480 1751 2513 potentiam
1767 2486 1794 2508 et
1817 2481 1922 2509 homo.

1108 2528 1151 2547 res
1162 2529 1263 2556 qua-ro.
1281 2523 1315 2548 At
1328 2523 1372 2557 qui
1387 2523 1512 2555 laudant,
1523 2525 1601 2551 etiam
1616 2525 1795 2553 honorabunt.
1813 2527 1864 2554 Sin
1885 2535 1923 2557 tu

1109 2568 1252 2602 potentiam
1267 2573 1292 2595 et
1307 2569 1489 2603 praefecturam
1499 2570 1648 2603 desideras,
1661 2579 1719 2599 eam
1733 2581 1785 2599 non
1798 2575 1902 2603 minus
1912 2598 1921 2608 ,

1109 2622 1188 2649 quam
1211 2615 1315 2649 priora,
1339 2623 1421 2650 penes
1440 2616 1489 2643 hos
1510 2624 1569 2644 esse
1590 2619 1789 2654 comperiemus
1807 2628 1814 2646 :
1831 2623 1926 2655 quod

1109 2662 1194 2696 ipsutn
1211 2669 1271 2688 cum
1289 2662 1419 2697 exemplis
1432 2663 1593 2691 conﬁrmare
1614 2664 1761 2699 possimus,
1780 2666 1813 2692 ad
1830 2674 1928 2696 com-

1110 2708 1256 2735 modiorem
1270 2713 1296 2735 te
1309 2709 1463 2736 consolandi
1482 2711 1588 2738 modum
1604 2711 1724 2738 venimus
1734 2733 1741 2744 ,
1758 2720 1808 2739 nec
1819 2712 1929 2743 aliun-

1110 2753 1143 2779 de
1155 2774 1163 2785 ,
1177 2761 1254 2788 quam
1268 2762 1299 2781 ex
1312 2755 1368 2789 ipso
1381 2755 1495 2783 tiliotuo
1507 2764 1562 2783 rem
1574 2757 1749 2785 excutiemus.
1764 2758 1930 2791 Quodnam

1111 2807 1171 2829 esse
1186 2800 1250 2828 dicis
1265 2808 1375 2829 summm
1399 2804 1536 2838 potestatis
1552 2804 1757 2839 argumentum?
1772 2812 1875 2836 nonne
1896 2816 1933 2840 ιιι
