2064 3115
247 125 294 153 5H
622 121 800 150 Αυγιίιιευε
814 120 1028 148 ΟΡΡΙΞΟΧΔΤΟΙ

1081 120 1088 147 'i
1110 121 1199 148 ΥΠ·Ᾰέ
1222 122 1368 150 MONAST.
1391 124 1454 152 LIB.
1478 125 1509 153 ll.

247 182 329 216 possit
345 181 404 216 quis
423 187 537 210 maerore
556 179 703 207 allicientes
721 179 830 210 ulcisci.
854 183 880 206 et
902 178 1035 206 beneﬁcos

246 229 437 256 remunerare?
452 228 530 262 Atqui
551 227 620 255 hanc
635 234 668 254 ne
682 226 752 262 apud
767 226 956 261 Imperatorem
975 225 1034 259 qui-

245 274 305 302 dem
320 279 401 301 totam
417 273 602 308 deprehendas
618 282 624 299 :
641 280 756 308 namque
771 273 870 299 multos
889 271 968 298 habet
985 270 1035 298 sibi

247 319 376 352 infestos,
390 319 487 354 quibus
502 319 585 347 vicem
604 319 716 346 reddere
731 326 783 346 non
802 322 905 353 potest,
926 317 1036 344 multos-

245 373 297 400 que
320 365 471 398 beneﬁcos,
492 372 558 400 quos
577 372 629 392 non
645 369 732 400 potest
754 364 831 392 facile
852 370 1033 391 remunerare.

245 411 405 446 Plerumque
419 411 490 438 enim
511 411 537 438 in
557 410 648 442 bellis,
669 409 780 437 infestos
792 410 841 436 sibi
866 409 974 440 hostes,
991 409 1035 444 qui

245 463 276 484 le
291 457 437 484 innumeris
451 456 565 484 ali'ecere
580 456 656 483 malis
665 476 673 488 ,
685 455 779 483 ulcisci
791 463 851 483 cum
862 455 1036 482 vehementer

244 507 370 538 cuperet,
386 509 438 529 non
456 502 553 537 potuit,
569 502 714 537 amicisque
727 502 772 536 qui
795 509 888 537 magna
901 501 1035 528 fortitudi-

244 549 287 576 nis
305 549 399 576 indicia
415 549 561 582 dederunt,
577 549 650 583 paria
660 548 807 583 rependere
820 548 953 583 nequivit,
964 547 1034 583 quod

245 595 283 622 illi
298 594 352 622 fato
365 595 542 629 prtcoccupati
556 595 582 622 in
594 595 652 629 ipso
663 595 733 622 bello
748 594 944 621 occubuissent.

282 641 331 675 Qui
343 642 428 668 omnia
440 642 594 675 reliquerunt
606 646 663 668 sunt
672 641 863 676 imperatoribus
873 641 1033 676 potentiores.

243 701 279 706 —
287 687 354 718 Quid
363 687 384 713 si
396 687 445 713 hac
455 687 581 721 potentia,
593 695 644 722 qua
656 695 688 714 ne
703 687 774 721 ipsos
783 687 889 721 quidem
898 694 973 722 rcges
985 686 1033 713 frui

244 732 453 760 demonstratum
468 737 519 766 est,
535 733 613 759 aliam
627 733 705 767 longe
721 733 848 767 majorem
866 733 948 760 lilium
961 737 1033 759 ttmm

244 777 342 804 habere
361 778 565 805 monstravero?
583 777 667 805 Nemo
678 785 721 805 me
739 778 807 805 bona
822 778 937 805 crclestia
953 777 1033 804 modo

243 823 374 851 dicturum
387 828 476 858 putet,
491 825 585 858 quibus
599 829 625 851 tu
639 832 691 851 non
705 824 808 856 credis;
823 832 875 851 non
893 824 960 851 adeo
973 831 1035 857 pro-

243 871 384 897 missorum
397 870 494 898 oblitus
505 878 562 897 sum
576 879 583 901 ;
599 878 691 897 verum
705 878 738 897 ex
758 870 790 897 iis
805 877 864 904 qum
874 870 901 897 in
917 869 967 897 hac
980 870 1032 897 vita

243 916 327 949 ﬁunt,
346 916 505 944 documenta
518 916 638 944 alferam.
661 916 689 944 Si
704 917 774 944 enim
789 917 881 944 ulcisci
897 917 1032 949 inimicos,

242 969 273 989 ea
295 969 419 996 suprema
446 962 564 996 potentia
587 967 628 989 est
644 971 651 989 :
666 962 750 989 multo
769 962 847 997 plane
865 962 950 996 majus
965 963 1031 994 erit,

242 1007 322 1033 talem
338 1006 398 1033 vita:
422 1011 519 1033 statum
542 1007 676 1041 reperire.
694 1007 719 1034 in
741 1014 795 1041 quo
818 1015 897 1034 nemo
911 1008 964 1039 sit,
987 1007 1031 1041 qui

242 1051 292 1079 etsi
305 1052 382 1083 velit,
395 1059 492 1078 nocere
505 1053 596 1086 possit.
611 1052 676 1079 Nam
688 1052 758 1086 quod
770 1052 820 1079 hoc
833 1053 866 1079 sit
879 1053 924 1079 illo
935 1052 1030 1086 majus,

242 1100 305 1123 tunc
321 1097 404 1131 magis
424 1097 573 1128 constabit,
590 1105 650 1124 cum
664 1097 697 1124 ad
717 1097 867 1131 exemplum
883 1098 953 1124 aliud
973 1105 1032 1124 ora-

243 1143 341 1170 tionem
355 1143 552 1170 rcduxcrimus.
566 1143 612 1170 Dic
630 1143 700 1170 cnim
711 1165 718 1175 ,
731 1151 836 1179 qureso,
850 1148 937 1170 utrum
960 1151 1030 1178 pra!-

243 1189 369 1222 Itautius,
397 1189 471 1216 reine
494 1189 595 1216 bellica:
617 1190 651 1216 ita
666 1190 816 1224 quempiam
829 1190 941 1224 peritum
955 1197 1030 1222 ies~c,

241 1239 271 1262 ut
293 1243 385 1267 nemo,
397 1236 482 1270 quise
495 1235 616 1263 vulneret
628 1257 634 1267 ,
647 1236 828 1263 invulneratus
847 1236 956 1270 effugiat
972 1245 978 1262 :
997 1244 1030 1262 an

240 1280 370 1315 ejusmodi
385 1287 445 1308 esse
459 1288 572 1315 corpore
582 1301 590 1313 ,
604 1285 632 1308 ut
644 1281 810 1316 quantalibet
823 1281 935 1316 quisque
949 1285 1008 1314 agat
1021 1301 1028 1312 ,

239 1326 380 1354 vulnerare
395 1334 447 1353 non
462 1327 561 1361 possit?
585 1327 712 1354 Omnibus
733 1326 851 1360 profecto
863 1331 967 1354 constat
981 1326 1030 1354 hoc

240 1372 285 1399 illo
300 1374 387 1407 potius
395 1380 455 1400 esse
468 1381 499 1400 ac
509 1373 642 1400 divinius:
656 1381 741 1408 neque
754 1373 818 1400 illud
829 1378 929 1400 tantum
943 1372 1027 1405 adest,

240 1420 365 1454 sedquod
380 1420 424 1446 illo
439 1420 517 1455 longe
533 1420 654 1454 superius
668 1424 718 1446 est.
733 1419 871 1452 Quodnam
890 1419 954 1446 illud
969 1419 1030 1446 est?

240 1464 324 1491 Etiam
339 1465 531 1492 medicamenta
544 1472 636 1496 tiosSe,
657 1464 753 1499 quibus
765 1464 875 1491 vulnera
897 1469 1029 1491 curentur

238 1510 336 1537 omnia.
351 1510 447 1537 Tribus
462 1518 524 1545 ergo
541 1511 664 1545 potentia:
683 1510 768 1537 modis
787 1509 938 1537 c0nstitutis
949 1531 956 1541 ,
972 1510 1028 1544 pri-

238 1563 282 1582 mo
301 1555 407 1590 quidem
419 1576 425 1586 ,
442 1560 470 1582 ut
492 1555 575 1590 possit
592 1556 652 1590 quis
667 1556 776 1590 injurias
799 1555 909 1588 ulcisci;
925 1555 1027 1588 altero,

237 1601 281 1635 qui
295 1607 321 1627 et
340 1601 461 1634 superior
474 1606 529 1633 est,
546 1606 574 1628 ut
589 1601 698 1628 vulnera
712 1602 817 1636 propria
838 1608 931 1628 curare
945 1601 1025 1632 norit;

237 1653 323 1681 neque
340 1646 410 1673 enim
433 1647 541 1673 omnino
555 1646 605 1673 hoc
621 1646 683 1673 illud
700 1647 836 1680 sequitur;
862 1647 941 1673 tertio
962 1651 991 1673 ut
1013 1654 1027 1673 a

237 1692 309 1718 nullo
331 1691 468 1718 hominum
492 1692 551 1719 liv-di
574 1692 676 1727 pOSsit,
691 1692 762 1727 quod
780 1697 900 1719 naturam
922 1693 1028 1726 penitus

236 1737 341 1764 excedit
368 1738 509 1764 humanam
533 1747 539 1764 :
566 1738 616 1764 hoc
647 1743 808 1772 postrcmtun
833 1738 878 1765 lilii
908 1739 943 1764 tui
969 1745 1027 1766 esse

236 1782 451 1809 monstrabimus.

273 1828 296 1857 7.
304 1827 333 1853 Ei
346 1828 387 1862 qui
395 1828 479 1854 omnia
492 1829 599 1863 reliquit,
608 1837 679 1855 nemo
690 1837 777 1855 nocere
789 1828 850 1860 rnlt,
865 1837 908 1855 nec
919 1829 1027 1864 possclsi

235 1875 354 1901 τεηομ-
364 1875 401 1902 Nc
412 1881 500 1902 autem
515 1875 571 1902 lucc
586 1876 665 1902 verba
677 1876 805 1910 strepitus
817 1876 901 1903 inanis
911 1885 971 1904 esse
985 1877 1025 1903 vi-

210 1953 218 1961 ,
235 1920 358 1953 deantur,
375 1921 423 1948 hac
435 1921 491 1956 ipsa
505 1929 598 1956 magna
613 1923 730 1957 potentia
746 1930 838 1949 rursus
851 1923 929 1950 aliam
944 1923 1027 1957 majo-

236 1975 290 1994 rcm
314 1967 382 1994 inter
396 1967 567 2001 qurcrcndum
590 1967 750 1994 invenimus.
772 1968 828 1994 Non
853 1968 931 1995 modo
954 1969 1024 1995 cnim

234 2020 288 2039 non
312 2013 478 2046 reperientur
492 2013 535 2047 qtti
560 2020 657 2040 nocere
680 2014 792 2047 possint,
808 2013 853 2040 sed
868 2021 901 2039 nc
921 2014 965 2048 qui
981 2022 1026 2041 ve-

234 2059 283 2085 lint
306 2059 430 2093 quidem;
447 2059 481 2085 ita
504 2063 532 2085 ut
554 2059 650 2093 duplici
664 2067 695 2086 ex
711 2063 785 2093 parte
807 2063 880 2086 tutus
893 2060 938 2087 sit.
957 2059 1024 2092 Quid

235 2103 313 2138 igitur
326 2103 374 2130 lrac
385 2104 436 2130 vita
449 2103 571 2135 divinius,
585 2104 609 2130 in
624 2112 674 2138 qua
691 2112 769 2130 nemo
782 2112 878 2131 nocere
889 2105 962 2137 velit,
976 2113 1024 2133 nec

233 2150 255 2176 si
272 2149 343 2179 velit,
362 2149 464 2183 possit?
484 2157 544 2176 cum
567 2150 681 2176 maxime
703 2150 773 2177 nolle
796 2157 892 2177 nocere
915 2158 968 2177 non
990 2159 1024 2178 ex

234 2194 414 2222 imbecillitate
438 2195 518 2226 venit,
540 2199 568 2221 ut
581 2195 607 2221 in
631 2195 721 2221 multis
740 2195 878 2230 contingit,
893 2195 938 2222 sed
954 2196 1023 2231 quod

234 2241 305 2267 nulla
320 2240 467 2274 reperiatur
480 2247 568 2267 causa.
584 2240 649 2266 Nam
665 2241 686 2266 si
700 2240 724 2267 id
740 2240 825 2267 solum
838 2249 886 2274 per
899 2249 928 2268 se
941 2246 1023 2274 esset,

233 2285 334 2312 scilicet
355 2293 407 2312 nun
433 2292 520 2320 posse,
545 2293 596 2312 non
622 2286 684 2311 tanti
708 2290 779 2313 esset
795 2295 801 2312 :
817 2286 906 2312 odium
927 2287 1024 2321 quippe

233 2331 384 2366 gigneretur
399 2332 541 2358 maximum
565 2331 591 2358 in
611 2331 652 2363 iis,
668 2332 711 2366 qui
727 2340 785 2358 cum
802 2332 910 2364 vellent,
928 2333 1024 2360 la'dcre

234 2386 287 2404 "till
304 2383 412 2412 posst-nt
428 2386 434 2410 ;
452 2385 502 2404 non
520 2385 616 2412 parvus
631 2382 718 2404 autem
732 2383 772 2405 est
788 2378 830 2405 hic
853 2379 1024 2406 beatitudinis

233 2424 339 2451 modus.
354 2424 441 2458 ipsum
464 2432 527 2459 ergo
548 2425 674 2460 primum,
691 2424 713 2450 si
728 2424 841 2457 videtur,
858 2426 1024 2452 excutiamus

233 2470 383 2504 diligenter.
399 2470 526 2504 Quisnam
542 2478 601 2497 eum
615 2470 712 2497 lzcdere
735 2471 809 2504 velit,
826 2471 869 2506 qui
885 2471 950 2498 nihil
974 2471 1023 2498 ha-

233 2516 278 2543 bet
292 2523 431 2543 commune
446 2525 505 2543 cum
522 2516 682 2549 hominibus,
700 2525 750 2543 non
765 2521 850 2552 parta,
865 2525 918 2544 non
933 2525 1022 2553 agros,

233 2568 286 2588 non
304 2562 426 2594 pecunias
464 2570 515 2588 non
540 2563 655 2596 negotia,
677 2570 762 2596 neque
783 2562 852 2590 aliud
868 2563 1022 2598 quidpiam?

233 2614 282 2640 pro
299 2614 349 2639 qua
365 2607 425 2632 villa
445 2615 504 2632 tum
520 2607 564 2633 illo
578 2607 730 2640 contendet,
752 2615 800 2642 pro
813 2609 908 2643 quibus
921 2609 1023 2641 servis,

234 2660 282 2686 pro
295 2660 345 2685 qua
369 2652 472 2685 gloria?
487 2653 610 2686 quidnam
628 2659 758 2686 metuens,
782 2662 834 2688 quo
856 2655 1024 2682 lacessente?

234 2696 370 2731 Siquidem
387 2703 430 2724 aut
444 2698 550 2730 invidia,
567 2705 613 2726 aut
628 2704 709 2732 metu,
725 2704 771 2727 aut
785 2700 823 2727 ira
835 2707 982 2734 movemur,
995 2705 1025 2728 ut

233 2743 303 2770 alios
317 2742 452 2770 lardamus.
465 2744 498 2770 At
513 2743 554 2771 hic
568 2753 630 2780 rege
641 2746 733 2779 quovis
747 2747 890 2780 potentior,
902 2747 1025 2775 omnibus

234 2788 358 2820 superior
370 2792 420 2815 est.
436 2788 499 2822 Quis
519 2790 589 2816 enim
603 2791 626 2817 ei
649 2791 785 2821 invidebit.
800 2793 844 2827 qui
863 2793 918 2820 hch
936 2793 1023 2820 omnia

236 2832 346 2865 irridet,
371 2840 418 2868 pro
437 2834 531 2871 quibus
553 2835 595 2862 alii
621 2836 741 2864 laborant
761 2841 786 2865 et
807 2839 950 2874 satagunt?
965 2839 1023 2874 quis

1827 130 1879 157 359

1091 178 1219 206 irascetur
1238 180 1303 207 nihil
1326 181 1422 208 liESUS?
1437 183 1496 216 quis
1518 187 1627 216 metuet,
1649 190 1710 211 cum
1734 185 1821 212 nullus
1845 189 1879 213 sit

1088 225 1232 259 suspicioni
1255 226 1350 254 locus?
1364 227 1474 254 Constat
1497 228 1574 262 igitur
1596 236 1630 256 cx
1655 229 1697 257 his
1713 230 1798 258 nullos
1818 238 1878 260 esse

1087 270 1132 304 qui
1146 271 1169 297 ei
1185 279 1282 300 nocere
1304 272 1396 306 velint,
1411 274 1482 308 quod
1504 279 1591 302 autem
1606 283 1658 303 non
1681 276 1703 303 si
1717 277 1798 304 velint
1819 279 1878 312 qui-

1087 315 1159 348 dem,
1174 317 1286 351 pOSsiut,
1300 323 1327 346 et
1341 318 1392 346 hoc
1406 319 1528 348 similiter
1540 321 1708 349 manifestum
1728 327 1779 350 est.
1793 322 1878 351 Nullae

1087 363 1156 389 enim
1172 369 1234 391 sunt
1254 371 1341 392 causae
1355 370 1401 392 aut
1412 367 1576 401 occasiones,
1591 368 1687 403 quibus
1706 376 1767 396 eum
1783 369 1878 403 aliquis

1087 408 1211 436 cohibere
1223 410 1306 443 possit
1318 419 1324 443 ;
1342 411 1387 438 sed
1401 415 1430 438 ut
1441 412 1527 447 aquila
1541 413 1655 441 sublime
1669 414 1770 448 volans,
1788 422 1878 449 passe-

1086 460 1146 480 rum
1162 453 1263 488 laqueis
1283 462 1336 482 non
1357 456 1468 491 capitur,
1483 457 1518 484 ita
1540 462 1567 485 et
1581 458 1633 486 hic.
1650 459 1725 487 Unde
1744 459 1814 487 enim
1829 467 1876 487 no-

1086 505 1147 527 cere
1160 500 1184 526 ei
1206 500 1289 534 possit
1302 500 1419 536 aliquis?
1433 502 1554 530 Pecuniae
1569 511 1621 531 non
1639 504 1744 537 adsunt,
1766 510 1795 532 ut
1809 506 1877 532 mul-

1087 549 1156 572 ctam
1180 546 1356 574 Qumminelur
1375 555 1381 573 :
1397 548 1508 582 patriam
1530 556 1582 576 non
1603 549 1694 583 habet,
1710 556 1740 578 ut
1753 551 1874 578 exsilium

1086 590 1202 623 inferat;
1216 591 1327 626 gloriam
1349 599 1401 619 non
1417 594 1589 629 concupiscit,
1607 600 1634 622 ut
1649 595 1763 624 dedecus
1779 597 1875 624 inurat.

1087 636 1172 664 Unum
1188 637 1318 672 reliquum
1332 643 1383 671 est,
1400 646 1473 666 mors
1494 641 1595 667 scilicet
1610 650 1616 668 :
1631 641 1677 668 sed
1694 641 1743 669 hac
1763 643 1876 670 maxime

1087 683 1112 709 in
1127 688 1200 717 parte
1214 691 1274 711 eum
1293 684 1411 720 afﬂigere
1432 693 1484 712 non
1508 687 1614 721 poterit,
1639 687 1691 714 imo
1702 687 1804 721 juvabit
1817 696 1875 715 ma-

1086 728 1166 755 xime.
1182 729 1300 765 Namque
1311 738 1373 757 cum
1386 731 1418 758 ad
1439 731 1516 758 aliam
1531 733 1684 759 transmittit
1697 733 1787 764 vitam,
1800 733 1833 760 ab
1847 741 1876 760 se

1084 774 1275 809 desideratam,
1291 777 1365 811 cujus
1384 784 1463 804 causa
1479 778 1543 805 nihil
1560 785 1611 805 non
1627 779 1680 813 agit
1700 784 1727 806 et
1741 785 1874 814 operatur.

1086 818 1176 854 Itaque
1200 821 1243 847 illa
1267 821 1386 848 laborum
1408 823 1458 849 sibi
1483 823 1543 850 linis
1564 823 1624 855 erit,
1646 832 1698 851 non
1721 831 1814 858 pana,
1829 826 1876 851 scd

1085 866 1211 894 sudorum
1226 868 1327 894 solutio
1344 873 1370 895 et
1386 869 1501 903 requies.
1525 869 1606 897 \‘isne
1618 870 1699 896 alium
1714 871 1771 905 ejus
1786 875 1876 905 poten-

1085 912 1128 938 ti:c
1144 913 1250 940 modum
1271 914 1401 945 ediscere,
1418 915 1443 941 in
1468 914 1633 950 philosophia
1659 916 1735 950 longe
1751 921 1877 950 praestan-

1085 958 1201 985 tiorem?
1219 959 1327 986 Etiamsi
1343 960 1402 994 quis
1417 968 1476 987 eum
1493 961 1640 989 innumeris
1655 962 1774 989 alfecerit
1788 963 1874 992 malis.

1084 1004 1187 1030 etiamsi
1208 1005 1362 1032 verberibus
1377 1005 1525 1037 laniaverit,
1548 1006 1573 1033 in
1589 1007 1693 1034 vincula
1713 1008 1854 1042 conjecerit
1867 1028 1874 1038 ,

1084 1057 1180 1084 corpus
1202 1058 1250 1084 pro
1264 1055 1357 1078 natura
1370 1059 1417 1078 sua
1430 1051 1545 1084 heditur,
1561 1052 1666 1080 animus
1681 1060 1744 1080 vero
1758 1053 1876 1087 philoso—

1085 1094 1152 1128 phirc
1167 1095 1298 1127 addictus,
1314 1095 1414 1123 illmsus
1428 1101 1517 1124 manet
1532 1105 1538 1123 :
1555 1105 1640 1132 neque
1653 1097 1724 1124 enim
1739 1097 1874 1125 iracundia

1083 1140 1195 1174 capitur,
1214 1148 1265 1167 non
1279 1141 1340 1167 odiu
1354 1142 1506 1176 corripitur,
1523 1150 1575 1169 non
1591 1143 1742 1170 inimicitias
1755 1148 1874 1170 excreet.

1083 1184 1204 1211 Nondum
1225 1186 1259 1212 ita
1284 1194 1406 1221 magnum
1423 1187 1473 1214 hoc
1488 1191 1538 1218 est,
1555 1187 1601 1214 sed
1617 1188 1693 1222 longe
1707 1188 1854 1215 mirabilius
1865 1208 1873 1220 ,

1083 1229 1152 1264 quod
1167 1237 1224 1261 eos,
1238 1231 1283 1265 qui
1305 1238 1334 1258 sc
1350 1231 1385 1258 ita
1399 1236 1506 1263 vexant,
1521 1232 1560 1259 sic
1575 1232 1669 1267 diligit,
1687 1237 1715 1259 ut
1728 1232 1873 1265 beneficos,

1082 1281 1110 1302 ut
1125 1281 1260 1310 patronos,
1278 1277 1399 1312 bonaque
1420 1278 1472 1304 illis
1493 1282 1587 1304 cuncta
1611 1282 1778 1312 apprecatur.
1798 1278 1834 1306 At
1848 1283 1875 1305 tu

1082 1321 1144 1356 quid
1161 1323 1184 1348 ei
1199 1330 1324 1356 umquam
1339 1323 1391 1349 tale
1406 1327 1532 1357 prmstare
1543 1323 1685 1357 potuisses,
1697 1323 1801 1351 etiamsi
1813 1324 1874 1351 mil-

1082 1367 1131 1394 lies
1144 1367 1230 1402 ipsum
1244 1368 1314 1395 orbis
1337 1373 1466 1395 terrarqu
1482 1376 1571 1403 regem
1587 1369 1782 1402 constituisses,
1799 1375 1826 1396 et
1839 1370 1872 1396 ad

1081 1412 1174 1440 decem
1188 1420 1317 1440 annorum
1332 1413 1412 1440 millia
1426 1421 1535 1448 regnum
1551 1413 1599 1448 ipsi
1615 1414 1807 1449 prorogasses?
1822 1422 1872 1449 qua

1081 1465 1212 1492 purpura,
1228 1467 1280 1494 quo
1305 1459 1426 1493 imperio,
1442 1467 1494 1494 qua
1517 1459 1600 1493 gloria
1621 1467 1673 1486 non
1698 1460 1872 1494 pnestabilius

1081 1511 1121 1530 est.
1145 1504 1196 1531 hoc
1208 1504 1327 1531 bonum?
1342 1504 1403 1539 quid
1426 1512 1477 1531 non
1499 1505 1676 1539 impendcrcs,
1699 1511 1727 1532 ut
1741 1506 1871 1540 ejusmodi

1080 1551 1197 1577 animum
1213 1551 1366 1585 acciperes?
1379 1551 1500 1578 Arbi'ror
1522 1558 1571 1586 ego
1585 1551 1664 1578 etiam
1679 1559 1737 1585 eos,
1760 1551 1804 1587 qui
1817 1557 1871 1580 stu-

1080 1596 1180 1623 diosius
1191 1604 1303 1630 corpora
1313 1601 1415 1627 curant,
1427 1596 1494 1624 lianc
1508 1597 1586 1624 vitam
1599 1602 1790 1632 prtcoplaturos
1801 1606 1869 1624 csw.

1080 1643 1161 1670 Visne
1175 1643 1280 1670 aliunde
1293 1651 1398 1677 quoque
1418 1644 1561 1677 potentiam
1575 1643 1624 1670 viri
1638 1649 1663 1671 et
1679 1644 1869 1672 mirabiliorem

1079 1693 1106 1716 et
1118 1688 1302 1723 jucundiorcm
1325 1689 1425 1721 videre,
1452 1697 1484 1716 ex
1509 1693 1583 1723 parte
1602 1689 1709 1724 quidem
1734 1691 1869 1718 humilimi

1079 1736 1200 1769 petitam,
1216 1735 1262 1762 tibi
1283 1740 1369 1762 tamen
1389 1743 1492 1762 summe
1504 1736 1626 1770 gratam?
1640 1737 1675 1763 Ea
1690 1737 1796 1772 quidem
1811 1745 1870 1772 quae

1079 1781 1147 1808 dicta
1168 1784 1239 1813 sunt,
1256 1789 1315 1808 cum
1339 1788 1386 1807 nec
1406 1781 1463 1815 capi
1479 1788 1527 1808 nec
1547 1781 1638 1808 violari
1655 1790 1732 1816 posse
1745 1790 1870 1818 compro-

1079 1826 1152 1853 bant.
1175 1826 1251 1860 Quod
1272 1830 1358 1853 autem
1377 1827 1442 1854 alios
1457 1827 1641 1855 moderaturus
1656 1829 1699 1860 sit,
1716 1836 1814 1864 eosque
1831 1835 1872 1856 tu-

1079 1873 1195 1899 tissimos
1203 1872 1405 1905 eonstituturus,
1414 1872 1438 1900 id
1448 1873 1559 1901 fortasse
1568 1874 1664 1908 quaeris
1673 1874 1804 1902 ediscere.
1815 1875 1869 1903 lloc

1079 1927 1158 1954 porro
1181 1923 1222 1945 cst
1245 1919 1361 1953 primum
1384 1920 1580 1954 magisterium,
1606 1925 1634 1946 ut
1654 1921 1720 1948 alios
1742 1921 1774 1948 ad
1798 1922 1867 1949 idctn

1078 1965 1193 1992 studium
1207 1964 1330 1997 adducat,
1345 1969 1372 1992 et
1384 1965 1422 1992 sic
1437 1965 1497 1992 illos
1511 1965 1601 1992 lirmos
1623 1965 1756 2001 fortesque
1772 1969 1870 1994 consti-

1078 2017 1133 2040 tuat
1146 2021 1153 2043 ;
1168 2014 1209 2038 sin
1222 2020 1285 2039 vero
1307 2012 1342 2039 illi
1357 2012 1450 2042 nolint.
1468 2017 1654 2047 terrenamquc
1676 2013 1755 2040 vitam
1772 2015 1868 2041 sectari

1078 2058 1180 2090 tualiut,
1197 2057 1238 2084 hic
1253 2065 1357 2092 quoque
1371 2057 1471 2084 videbis
1484 2057 1585 2092 majore
1597 2062 1622 2084 te
1636 2058 1762 2092 opulcqu
1777 2065 1869 2092 poten-

1079 2104 1112 2130 tia
1129 2103 1266 2138 prarditum
1281 2110 1353 2135 eum,
1377 2104 1420 2138 qui
1442 2103 1507 2129 nihil
1524 2103 1611 2134 habet,
1636 2109 1716 2138 atque
1736 2103 1795 2131 ideo
1812 2113 1868 2130 ma-

1077 2150 1148 2177 xime
1161 2150 1230 2185 quod
1247 2149 1310 2176 nihil
1326 2149 1430 2176 habeat.
1446 2149 1512 2182 Quis
1525 2149 1596 2177 enim
1611 2150 1712 2184 majore
1726 2158 1786 2177 cum
1803 2150 1869 2177 lidu-

1077 2197 1116 2224 cia
1137 2201 1163 2223 et
1185 2201 1314 2230 potestate
1334 2196 1524 2230 imperatorem
1539 2196 1687 2230 alloquetur
1709 2201 1736 2222 et
1750 2197 1869 2229 intrroga-

1077 2243 1130 2270 bit'.’
1143 2249 1204 2270 tune
1213 2242 1257 2277 qui
1270 2247 1339 2269 tanta
1352 2242 1482 2276 possides,
1493 2246 1519 2268 et
1532 2247 1670 2276 propterea
1683 2242 1751 2268 illius
1762 2250 1868 2276 quoque

1077 2289 1160 2315 servis
1184 2288 1314 2315 obnoxius
1328 2295 1367 2319 es,
1393 2295 1495 2322 proque
1515 2287 1638 2314 omnibus
1663 2288 1764 2317 tremis.
1787 2294 1868 2314 ansas

1076 2341 1140 2360 vero
1156 2334 1191 2360 illi
1209 2334 1360 2360 innumeras
1378 2333 1491 2367 prtebcs,
1507 2332 1529 2358 si
1546 2333 1628 2358 iratus
1642 2337 1667 2359 te
1680 2332 1778 2359 laedere
1793 2333 1865 2364 velit;

1077 2387 1110 2406 an
1135 2379 1178 2406 hic
1196 2379 1240 2414 qui
1265 2379 1335 2405 illius
1359 2378 1481 2405 manibus
1502 2377 1623 2411 superior
1643 2377 1705 2404 est?
1722 2377 1776 2404 llnc
1794 2378 1865 2404 enim

1077 2426 1191 2453 maxime
1201 2432 1285 2460 genus
1296 2425 1431 2451 hominum
1442 2431 1545 2451 summa
1556 2430 1616 2450 cum
1630 2423 1751 2450 libertate
1762 2423 1866 2458 regibus

1077 2471 1219 2506 colloquuti
1235 2474 1304 2502 sunt,
1321 2473 1452 2504 quotquot
1463 2468 1587 2496 videlicet
1598 2475 1613 2495 a
1628 2468 1801 2496 szecularibus
1820 2475 1861 2496 ne-

1077 2517 1155 2553 gotiis
1174 2524 1203 2544 se
1225 2518 1434 2550 sequestrarunt.
1458 2514 1504 2541 Cui
1527 2521 1591 2541 vero
1615 2513 1718 2541 facilius
1741 2513 1818 2542 cedet
1839 2517 1862 2542 et

1077 2561 1281 2596 obtemperabit,
1304 2561 1347 2595 qui
1362 2565 1402 2587 est
1417 2560 1442 2586 iu
1457 2564 1588 2594 potestate
1603 2560 1773 2592 constitutus,
1789 2563 1815 2586 et
1839 2559 1862 2586 in

1077 2609 1148 2643 regia
1164 2606 1305 2634 versatur?
1320 2606 1400 2632 tibine
1424 2605 1468 2640 qui
1485 2605 1559 2632 dives
1580 2613 1620 2637 es,
1635 2613 1712 2638 quem
1727 2605 1771 2631 ille
1785 2611 1863 2638 pecu-

1078 2655 1181 2682 niarum
1196 2659 1274 2680 causa
1289 2652 1383 2678 crebro
1406 2651 1517 2686 plurima
1541 2650 1628 2677 facere
1650 2650 1816 2684 suspicatur;
1833 2658 1865 2677 ait

1077 2700 1101 2727 ei
1114 2699 1158 2734 qui
1178 2705 1256 2725 unam
1272 2697 1351 2724 habet
1362 2695 1511 2730 jussionmn
1527 2703 1645 2727 causam,
1661 2702 1755 2728 nempe
1770 2694 1864 2722 huma-

1078 2745 1187 2772 nitatem
1202 2750 1263 2777 crga
1283 2742 1367 2768 alios?
1386 2741 1469 2774 Quem
1486 2740 1635 2771 honorabit,
1652 2747 1729 2774 quem
1753 2739 1867 2766 adnuta-

1079 2790 1171 2818 bitur?
1185 2796 1280 2815 eumne
1294 2788 1326 2814 dc
1338 2795 1389 2822 quo
1404 2786 1467 2814 nihil
1482 2786 1613 2821 :ihjcctum
1627 2785 1755 2820 suspicari
1769 2790 1866 2819 potest,

1084 2845 1116 2865 an
1130 2843 1189 2864 eum
1204 2842 1282 2870 quem
1293 2836 1375 2862 servis
1389 2840 1491 2869 quoque
1506 2833 1560 2859 suis
1575 2832 1690 2859 \‘ilioren‘
1708 2830 1865 2859 arbitratur!
