2064 3115
197 97 216 124 3'
221 96 250 124 i3

197 155 271 180 Sicut
293 153 363 179 enim
385 151 490 188 quoties
512 151 610 186 aliquid
636 151 755 186 pecunia:
781 149 986 185 impendendum

197 203 247 230 est,
266 198 327 225 illi.“
339 198 425 233 potius
440 198 635 231 obtentperant,
659 197 694 224 ita
709 196 788 224 ctiant
809 196 914 231 quoties
932 196 990 230 jus-

198 242 600 278 serintalicui'patrocinari..'
651 253 655 256 γ
697 251 699 255 τ
735 246 737 248 ·

233 290 260 317 8.
270 290 318 322 Qui
330 294 428 316 terrena
438 287 522 314 omnia
532 287 636 322 spernit,
645 287 754 321 lugentes
763 286 866 321 facilius
874 285 989 313 consalu-

200 336 332 363 tur.—'—Siu
340 340 428 362 autem
435 333 628 366 volucris,nihil
638 334 681 361 ille
689 333 805 368 peralios
812 331 989 368 perficiat,sed

199 389 248 416 per
263 380 379 415 scipsum
390 381 496 412 omnia;
507 386 685 406 rerumuosum
696 379 809 414 aliquem
825 383 852 405 et
866 378 898 405 ad
914 378 988 404 illum

198 427 360 454 adducamus
372 430 396 453 te
407 425 440 453 ad
449 429 485 458 te,
497 425 551 452 imo
562 425 649 460 potius
660 433 712 452 non
723 425 755 452 ad
766 424 853 457 te,sed
860 424 893 451 ad
903 424 988 458 ipsum

201 473 391 508 Imperatorem
404 481 410 499 :
423 476 478 499 tum
486 471 623 499 videamus
636 476 695 498 uter
709 471 746 498 illi
756 472 840 506 magis
850 470 989 506 providere

197 518 290 553 possit.
299 518 456 553 Primusque
462 522 522 545 ante
530 518 596 545 alios
606 517 809 552 adducatur,qui
817 516 987 544 acerbissima

196 565 314 592 omnium
324 563 466 599 perpessus
476 564 519 591 sit.
531 563 571 591 Sit
581 563 653 590 verbi
670 563 753 598 gratia
762 563 893 598 quispiam
904 562 988 589 tilium

195 612 296 639 habens
315 611 440 644 unicum,
457 617 542 644 'qucm
563 610 589 637 in
610 610 666 644 ipso
686 606 775 636 uitatis
791 608 857 644 ﬂore
874 608 986 635 amittat“.

196 657 271 684 llunc
291 664 377 692 neque
394 656 534 691 princeps,
547 663 633 690 neque
646 663 704 688 rex,
723 662 808 689 neque
825 654 894 681 alius
916 653 988 688 quis-

194 703 264 737 piam
279 702 410 730 consolari
431 700 536 737 poterit,
547 701 643 728 uedmn
655 704 684 727 tu
698 700 780 727 :nihil
794 700 866 727 enim
876 699 927 726 tale
938 699 987 734 ipsi

194 748 279 779 dabis,
299 748 378 782 quale
401 747 499 774 amisit.
521 747 554 773 At
566 746 588 774 si
602 746 634 773 ad
647 745 730 772 lilium
746 749 819 772 tuum
833 744 985 776 adduxeris,

194 795 279 829 primo
293 794 378 829 ipsum
395 801 426 820 ex
440 798 558 828 aspectu,
573 801 604 820 ex
619 792 720 824 habitu,
735 800 766 818 ex
783 791 918 818 domicilio
931 794 986 817 sla-

194 841 239 867 11111
255 841 347 875 eriget,
363 839 466 874 ipsique
486 838 654 873 persuadebit
670 845 717 872 pro
730 837 814 864 nihilo
831 836 928 863 habere
943 842 986 862 res

194 887 339 918 luunanas,
364 890 417 912 tum
441 885 562 912 oratione
584 890 690 910 omnem
711 882 834 910 maeroris
859 881 984 908 nebulam

195 934 270 960 facile
289 932 400 967 fugabit.
416 931 471 958 'I‘ua
485 938 548 958 vero
560 938 593 958 ex
610 930 691 957 domo
703 929 801 956 luctum
819 927 984 955 acerbiorum

194 979 237 1005 illc
263 977 370 1005 referet.
393 977 459 1004 Cum
481 976 551 1003 enim
578 975 677 1002 viderit
699 982 756 1001 cam
771 973 848 1000 malis
862 972 986 1000 omnibus

193 1023 429 1059 cxpertem,multa
445 1022 569 1050 felicitate
585 1021 720 1054 refertam,
731 1019 829 1049 herede
841 1022 983 1054 prmseute,

193 1070 286 1105 majori
313 1070 385 1096 luctu
407 1067 671 1096 :estuabit.‘C0ntra.
686 1073 751 1093 vero
779 1064 840 1092 inde
870 1063 986 1099 quietior

192 1116 285 1142 evadet
294 1112 525 1150 philoSophitequc
537 1111 709 1147 propiuquior
718 1120 725 1137 ί
735 1118 795 1138 1111111
807 1110 901 1138 viderit
912 1109 984 1137 enim

193 1156 365 1189 tilium'tuum
384 1164 470 1188 tantas
493 1166 558 1194 apes
578 1158 725 1192 despicere,
752 1161 851 1184 tantam
873 1155 983 1190 gloriam

192 1212 347 1240 mitumque
360 1205 540 1241 splendorem,
554 1203 642 1230 minus
658 1202 761 1230 dolebit
773 1201 807 1229 de
820 1205 905 1228 morte
927 1200 982 1227 lilii.

192 1253 242 1286 Qui
258 1252 328 1279 enim
344 1250 501 1278 discruciari
525 1249 633 1284 poterit,
648 1248 717 1283 quod
730 1247 859 1274 honorum
885 1245 984 1273 herede

192 1304 291 1330 (111-1111,
306 1305 366 1325 eum
389 1296 484 1324 viderit
503 1296 583 1322 alium
607 1295 664 1322 hrec
683 1294 772 1320 omnia
795 1291 984 1320 contemnere?

193 1344 306 1371 Facilius
319 1344 382 1370 item
392 1342 564 1378 philosophiae
574 1340 654 1368 verba
663 1340 801 1367 facientem
810 1338 901 1365 audiet
911 1345 982 1370 eum,

194 1390 237 1424 qui
260 1388 385 1423 operibus
409 1387 525 1414 sermoni
552 1386 630 1413 ﬁdem
651 1384 723 1412 facit.
749 1384 788 1412 Tu
812 1391 875 1411 vero
893 1383 915 1410 si
942 1383 983 1410 vel

191 1435 295 1461 hiscere
309 1442 388 1461 ausus
404 1433 494 1464 fueris,
509 1439 570 1458 eum
596 1438 711 1458 mmrore
733 1429 832 1464 ingenti
855 1427 982 1463 replebis,

191 1486 283 1514 utpote
294 1475 339 1514 qui
352 1479 444 1505 alienis
456 1477 481 1504 in
494 1477 571 1504 malis
582 1475 785 1511 philosopheris.
798 1474 894 1506 Atille,
903 1473 984 1500 rebus

191 1528 253 1562 ipsis
268 1535 327 1553 eum
346 1525 481 1556 erudiens,
497 1523 571 1550 nullo
594 1522 699 1557 negotio
720 1520 900 1556 persuadebit,
916 1519 982 1546 nihil

190 1571 280 1604 a’iud,
305 1579 382 1606 quam
408 1577 531 1597 strmnmn
557 1575 616 1595 esse
640 1571 751 1594 tnortem
773 1575 779 1592 :
803 1573 890 1600 neque
911 1564 982 1591 enim

192 1619 320 1652 plurimus
343 1615 510 1644 enumerabit
535 1620 623 1648 patres
649 1613 741 1640 eadem
767 1609 982 1646 perpessos,sed

189 1665 306 1698 seipsum
321 1661 445 1689 ostendet
459 1660 577 1695 quotidie
592 1659 618 1685 111
633 1665 745 1692 corpore
760 1657 794 1684 de
816 1660 901 1683 morte
925 1663 983 1682 me-

190 1711 330 1742 tlitantcm,
345 1713 372 1736 et
384 1707 417 1734 ad
433 1706 524 1733 eadem
540 1712 645 1739 semper
659 1708 778 1738 paratum
797 1711 803 1728 :
819 1708 900 1736 atque
920 1701 983 1728 hinc

190 1753 394 1783 resurrectionis
408 1752 555 1780 doetrinam
570 1749 775 1785 probabiliorem
797 1748 915 1775 efﬁciens
925 1767 932 1780 ,
948 1747 982 1773 ita

190 1802 222 1828 ah
236 1808 265 1828 se
278 1800 403 1831 dimittet,
417 1796 670 1824 maxima’mmroris
689 1799 764 1830 parte
787 1798 959 1821 exoneratam
974 1800 983 1818 :

190 1848 325 1881 muneque
343 1843 462 1879 amplius
484 1842 612 1870 valebunt
632 1842 690 1875 eius
714 1839 794 1867 verba
817 1839 897 1866 rebus
919 1838 983 1873 ipsis

189 1896 302 1924 asserta,
317 1891 348 1918 ad
364 1889 504 1917 levandum
518 1887 599 1919 animi
613 1887 830 1919 dolorem,qttam
845 1884 982 1911 combibe-

190 1947 251 1966 num
266 1942 294 1966 et
318 1937 504 1972 parasitorum.
528 1934 561 1962 Et
581 1933 652 1960 hunc
672 1931 779 1967 quidem
800 1931 835 1958 ita
850 1930 980 1957 sanabit'.

190 1986 343 2013 Adducatur
366 1989 455 2010 autem
471 1982 502 2008 ad
523 1989 584 2009 eum
609 1985 637 2007 ct
655 1979 733 2011 alius,
745 1978 768 2005 si
789 1977 916 2010 volueris,
937 1977 1003 2012 qui,

186 2032 243 2068 11ιεὶ
258 2040 289 2058 ex
305 2030 398 2058 morbo
421 2028 514 2056 oeulos
538 2025 658 2054 amiserit
673 2033 679 2052 :
697 2023 760 2058 quid
776 2023 812 2050 illi
837 2022 981 2057 adiumenti

187 2079 284 2106 afferre
299 2076 416 2113 poteris?
435 2076 530 2103 Verum
544 2073 588 2100 ille
602 2071 748 2099 ostendens
759 2077 810 2097 non
825 2077 905 2104 grave
917 2068 982 2096 illud

189 2133 258 2156 esse.
273 2125 298 2152 in
314 2122 447 2151 domicilio
461 2128 543 2156 parvo
562 2119 691 2149 inclusus,
707 2121 734 2144 et
747 2116 779 2144 ad
801 2116 880 2143 aliam
895 2116 981 2144 lucrm

189 2179 347 2208 properans,
371 2173 600 2205 pratsetttemque,
624 2165 645 2192 si
658 2165 693 2191 illi
711 2168 901 2198 comparetur,
929 2171 980 2189 non

188 2219 276 2254 magni
291 2216 418 2245 momenti
432 2222 492 2242 esse
505 2213 615 2244 ducens,
630 2210 734 2238 crntliet
745 2217 805 2237 eutn
819 2209 851 2236 ad
870 2209 979 2236 calauti-

190 2270 271 2292 tatem
286 2263 389 2291 fortiter
417 2259 562 2288 ferendam.
579 2259 617 2284 Au
641 2261 668 2284 tu
693 2257 818 2283 damnum
840 2263 980 2290 perpessos

189 2311 222 2338 ad
249 2306 489 2345 philosophandum
515 2303 647 2330 induces?
661 2302 814 2329 Nullateuus
831 2310 836 2328 :
851 2301 915 2336 quin
931 2309 981 2335 po-

191 2358 243 2384 tius
258 2356 296 2383 eis
309 2355 437 2382 molestus
451 2352 504 2379 eris
521 2359 527 2376 :
544 2356 657 2384 namque
673 2348 755 2375 tristia
771 2353 860 2377 nostra
875 2349 899 2375 in
921 2355 982 2381 prn-

190 2404 322 2430 simurnm
347 2398 471 2427 secundis
498 2396 578 2423 rebus
593 2394 745 2429 diligentius
767 2394 982 2420 animadvertere

190 2448 318 2477 solemus.
343 2446 416 2472 Tuus
434 2447 522 2470 autem
547 2441 615 2468 filius
634 2439 683 2467 hos
703 2447 806 2474 quoque
821 2439 924 2466 facilius
938 2446 980 2465 re-

191 2494 303 2522 creabit.
326 2490 426 2518 Omitto
452 2495 558 2524 precum
581 2494 677 2520 opem,
703 2485 780 2520 longe
802 2485 844 2512 his
859 2484 982 2511 omnibus

191 2541 331 2573 majorem,
358 2536 470 2570 ideoque
494 2533 598 2562 omitto,
619 2531 690 2567 quod
714 2536 800 2558 tecunt
827 2530 890 2556 mihi
912 2536 981 2556 nunc

191 2592 281 2613 ιρι-11111
295 2584 338 2610 sit.
355 2581 430 2614 Quod
447 2580 467 2607 si
482 2585 506 2606 te
523 2583 631 2613 propter
651 2577 733 2604 Iilitnn
750 2575 875 2603 honorari
895 2575 981 2609 cupis,

192 2638 240 2657 nec
255 2636 313 2656 esse
324 2626 485 2661 contemptui
499 2623 656 2659 (verisimile
669 2628 708 2649 est
721 2622 790 2648 enim
805 2626 830 2648 te
839 2621 863 2647 id
874 2619 981 2647 deside-

192 2675 274 2708 ηπ),
291 2673 380 2701 nescio
396 2679 448 2707 quo
462 2674 538 2706 pauo
555 2669 578 2696 id
602 2668 708 2695 uberius
731 2666 858 2701 conscqtti
884 2665 980 2700 possis.

192 2728 269 2756 quam
285 2728 343 2746 eum
359 2718 441 2745 lilium
457 2717 564 2744 balneas,
583 2714 627 2749 qui
653 2717 774 2740 naturam
800 2711 911 2739 excedat
934 2711 982 2738 hu-

193 2774 306 2796 manant,
322 2765 418 2799 quique
445 2763 470 2788 in
496 2767 552 2787 tuto
576 2764 705 2786 terrarum
727 2757 793 2784 orbe
818 2757 982 2784 clarissimus

224 2824 230 2840 '
250 2826 298 2848 nuo
309 2825 373 2850 Mss,
385 2820 448 2844 hunc
459 2817 554 2851 quidem
566 2813 656 2847 pariter
666 2810 710 2838 ille
724 2809 840 2839 sanabit.

553 94 581 121 S.
594 93 739 122 'JOA‘NNIS
760 91 996 121 CHRYSOSTOMI
1016 93 1178 122 ARCHIEP.
1200 93 1466 123 CONSTANTINOI’.

1785 98 1836 127 32$

1045 150 1248 184 habeatur,.ac
1271 159 1337 186 cum.
1352 158 1428 185 tanto
1452 153 1594 188 splendore
1617 155 1718 183 nullum
1740 155 1836 184 haheat

1044 197 1190 225 inimicum.
1208 198 1272 225 Nam
1288 199 1331 226 illa
1343 205 1431 227 vestra
1452 200 1569 235 potentia
1591 201 1719 235 przeditus
1743 203 1834 230 multis

1044 243 1219 277 honorabilis,
1234 244 1355 279 plurimis
1367 245 1476 273 odiosus
1499 246 1593 274 fuisset
1609 256 1615 274 :
1631 252 1659 274 at
1675 247 1718 275 hic
1741 256 1835 277 omnes

1043 290 1088 324 qui
1102 290 1186 324 ipsum
1203 290 1336 318 honorant
1352 313 1358 323 ,
1374 291 1399 318 id
1411 300 1471 319 cum
1485 293 1618 327 voluptate
1638 293 1739 322 faciunt
1769 295 1835 324 Nam

1042 335 1064 362 si
1080 335 1200 362 nonnulli
1220 336 1317 363 infima:
1332 336 1428 369 sortis,
1443 345 1476 364 ex
1492 337 1588 365 vilibus
1611 339 1663 366 orti
1687 329 1794 367 rusticis
1808 347 1835 368 et

1043 380 1180 414 operariis,
1196 380 1264 408 hanc
1280 381 1392 416 ingressi
1405 382 1614 417 philosophiam,
1638 374 1706 411 adeo
1730 386 1835 414 cunctis

1042 427 1209 454 venerabiles
1223 426 1308 460 fuere,
1325 432 1353 455 ut
1366 435 1446 456 nemo
1466 436 1568 466 eorum,
1594 420 1646 464 qui
1661 431 1773 458 summis
1792 431 1833 458 di-

1041 472 1185 506 gnitatibus
1201 473 1344 513 fulgebant,
1353 474 1521 502 erubesceret
1536 475 1668 510 proficisci
1683 476 1715 502 ad
1727 477 1832 505 illorum

1042 519 1184 556 tugurium,
1201 526 1232 546 ac
1254 511 1378 554 colloquii
1397 513 1495 547 eorum
1519 524 1547 548 et
1572 528 1672 548 mensa:
1694 527 1832 550 censortcs

1039 570 1114 594 esse;
1139 563 1202 598 quin
1225 564 1259 590 ita
1283 563 1371 592 affecti
1393 569 1480 598 erant,
1503 573 1535 593 ac
1558 567 1580 593 si
1595 566 1672 594 bouis
1698 567 1829 601 maximis,

1040 607 1111 643 quod
1124 616 1216 636 verum
1230 614 1297 642 erat,
1311 610 1385 644 potiti
1407 610 1520 637 fuissent
1535 619 1543 638 :
1563 611 1648 638 multo
1662 619 1726 639 sane
1749 614 1832 648 magis

1041 654 1065 681 id
1082 655 1190 688 facient,
1206 663 1266 683 eum
1279 655 1394 683 viderint
1407 656 1502 683 illustri
1515 664 1614 691 genere
1627 663 1724 695 ortum,
1741 651 1831 693 splen-

1040 701 1108 729 didis
1121 700 1300 734 facultatibus,
1316 706 1449 736 tantaeque
1464 702 1520 737 spei
1532 702 1671 736 juvenem,
1686 711 1715 731 se
1728 705 1760 731 ad
1771 712 1830 732 eam

1039 747 1163 774 virtutem
1176 747 1329 774 contulisse.
1345 747 1434 784 Itaque
1442 747 1511 787 quod
1524 740 1726 787 tu'potissimum
1737 758 1831 785 quere-

1039 793 1086 824 ris,
1098 800 1130 820 ex
1145 792 1185 820 his
1195 800 1255 820 eum
1265 792 1298 819 ad
1308 793 1350 819 illa
1365 793 1502 825 transisse,
1519 793 1569 821 hoc
1581 799 1622 822 est
1631 795 1701 829 quod
1716 796 1830 824 maxime

1039 839 1112 866 illmn
1128 839 1300 873 spectabilem
1317 838 1388 871 facit,
1403 847 1548 874 onmesque
1560 844 1588 867 ut
1600 839 1632 867 ad
1649 841 1720 867 illum
1733 841 1827 868 oculos

1039 889 1143 912 vertant
1157 885 1266 920 inducit,
1282 892 1333 912 non
1349 885 1424 920 quasi
1440 885 1473 912 ad
1487 884 1630 919 hominem,
1646 886 1694 913 sed
1709 887 1782 921 quasi
1796 887 1829 914 ad

1038 931 1171 967 angelum.
1188 932 1278 966 Neque
1297 931 1368 958 enim
1383 939 1442 966 qua:
1465 931 1498 959 de
1520 932 1580 959 aliis
1604 932 1707 967 opinari
1731 933 1828 966 solent,

1037 978 1071 1006 de
1085 977 1139 1005 [ilio
1155 979 1200 1006 tu'o
1212 978 1428 1012 suspicabuntur,
1442 977 1512 1012 quod
1532 978 1635 1005 scilicet
1657 978 1764 1006 honoris
1788 980 1827 1007 vel

1038 1024 1208 1060 pecuniarum
1221 1024 1356 1058 cupidine,
1371 1023 1410 1050 vel
1427 1023 1536 1057 insignis
1549 1030 1582 1050 ex
1596 1023 1688 1050 humili
1706 1024 1760 1051 fieri
1778 1032 1826 1051 cu-

1037 1071 1122 1105 piens,
1139 1068 1207 1096 hanc
1220 1069 1328 1103 elegerit
1340 1069 1409 1095 viam
1425 1077 1432 1095 2
1446 1068 1503 1096 hme
1514 1069 1612 1103 quippe
1626 1069 1659 1096 de
1674 1069 1731 1096 aILis
1744 1069 1824 1102 dicta,

1037 1118 1085 1145 etsi
1109 1116 1174 1143 falsa
1190 1121 1217 1143 et
1239 1116 1327 1150 iniqua
1351 1115 1413 1146 sint.
1431 1115 1456 1142 111
1479 1119 1542 1142 nato
1565 1120 1610 1142 tuo
1631 1123 1664 1142 uc
1683 1116 1826 1150 suspicioni

1036 1163 1143 1198 quidem
1158 1163 1245 1190 locum
1259 1161 1324 1189 dare
1339 1165 1473 1196 poterunt.

1072 1209 1098 1236 9.
1120 1207 1257 1235 Christiani
1269 1212 1327 1234 tunc
1342 1207 1450 1234 maxime
1461 1207 1552 1241 ﬂorent
1565 1215 1622 1234 cum
1635 1213 1825 1242 oppugnantur.

1036 1269 1071 1274 —
1085 1253 1157 1280 Neve
1178 1258 1254 1288 putes
1270 1252 1326 1280 1111111
1346 1252 1406 1280 111110
1425 1252 1579 1287 contingere
1591 1272 1599 1285 ,
1623 1253 1692 1286 quod
1708 1252 1826 1287 Impera-

1037 1304 1108 1326 tores
1132 1299 1202 1333 piam
1223 1298 1378 1332 religionem
1401 1298 1490 1324 colant
1505 1306 1511 1324 :
1526 1297 1629 1324 etiarnsi
1644 1298 1714 1324 enim
1741 1298 1825 1332 impc-

1036 1344 1105 1372 rium
1119 1344 1235 1376 decidat,
1246 1349 1271 1370 et
1287 1344 1449 1378 imperantes
1460 1343 1485 1369 in
1496 1343 1678 1370 infidelitatem
1693 1343 1824 1375 labantur,

1036 1395 1099 1418 tunc
1113 1389 1168 1417 nati
1187 1389 1222 1416 tui
1238 1390 1348 1416 virtutes
1364 1389 1522 1416 illustriores
1538 1389 1660 1416 evadent.
1682 1390 1738 1416 Non
1753 1391 1824 1417 enim

1035 1436 1171 1471 gentilium
1192 1443 1267 1463 more
1286 1443 1328 1462 res
1353 1439 1451 1462 nostra:
1473 1442 1503 1462 se
1525 1435 1642 1467 habent,
1667 1443 1753 1470 neque
1773 1436 1826 1463 illa:

1037 1482 1222 1516 imperantium
1238 1481 1332 1515 placita
1353 1485 1521 1515 sequuntur;
1544 1488 1636 1508 verum
1658 1481 1763 1516 propria
1778 1489 1825 1508 sua

1035 1528 1132 1554 virtute
1146 1527 1293 1554 consistunt
1306 1548 1313 1559 ,
1329 1532 1443 1560 tuncque
1459 1526 1572 1553 maxime
1587 1527 1732 1561 splendent
1744 1547 1751 1559 ,
1764 1536 1825 1554 eum

1035 1574 1151 1600 maxime
1169 1577 1379 1608 oppugnantur:
1399 1572 1530 1606 siquidem
1556 1573 1633 1599 miles
1655 1573 1734 1600 etiam
1755 1574 1826 1608 pacis

1036 1626 1156 1654 tempore
1169 1624 1303 1654 spectatus
1321 1624 1361 1646 cst
1371 1640 1378 1650 ι
1394 1624 1420 1646 111
1434 1620 1510 1654 longe
1524 1620 1668 1654 spectatior
1681 1620 1821 1655 ingruente

1036 1665 1117 1693 bello.
1154 1665 1245 1700 Itaque
1271 1664 1416 1698 gentilibus
1443 1664 1633 1699 imperantibus
1656 1665 1748 1699 majori
1774 1666 1825 1694 erit

1036 1711 1136 1738 honore
1151 1711 1248 1738 clarus.
1274 1710 1338 1738 Nam
1354 1711 1398 1745 qui
1414 1710 1495 1738 lilium
1510 1714 1583 1747 tuntn
1604 1719 1674 1738 nttnc
1692 1719 1822 1738 veneran-

1037 1762 1087 1787 tur,
1105 1757 1186 1784 multo
1205 1756 1320 1791 amplius
1335 1755 1360 1782 id
1381 1755 1478 1783 facient
1491 1764 1550 1783 cum
1567 1757 1731 1790 prmliantem
1746 1758 1821 1785 vide-

1035 1803 1096 1834 rint,
1112 1802 1204 1836 majori
1219 1806 1337 1828 utentem
1359 1801 1453 1828 fiducia
1463 1822 1469 1832 ,
1486 1802 1668 1837 plurimasque
1683 1810 1739 1829 rem
1754 1811 1823 1837 111-τιν-

1035 1849 1105 1875 111111·11
1119 1848 1226 1882 gerendi
1244 1848 1397 1874 occasiones
1410 1847 1563 1874 habentem.
1583 1847 1665 1875 Visne
1680 1848 1722 1874 illa
1733 1848 1824 1879 etiam,

1035 1902 1094 1929 quae
1105 1894 1137 1921 ad
1151 1898 1176 1920 te
1189 1897 1320 1928 spectant,
1337 1892 1520 1928 expendamus
1532 1914 1539 1925 ,
1560 1900 1592 1919 an
1608 1901 1670 1920 vero
1686 1893 1711 1920 id
1727 1902 1822 1928 Supth

1035 1940 1117 1967 ﬂuum
1138 1940 1278 1967 videatut“!
1300 1939 1323 1966 Is
1337 1939 1407 1966 enitn
1422 1938 1465 1973 qui
1489 1939 1593 1966 catteris
1615 1939 1650 1966 ita
1670 1945 1824 1967 mansuetus

1034 1991 1062 2014 et
1078 1978 1155 2013 {mitis
1177 1990 1236 2017 est,
1262 1991 1289 2012 ut
1313 1986 1428 2020 querela:
1452 1992 1545 2011 ansam
1570 1985 1667 2012 nemini
1693 1986 1821 2020 przebeat,

1035 2032 1119 2059 multo
1133 2031 1216 2066 magis
1231 2034 1332 2065 patrem
1348 2037 1452 2057 summo
1473 2030 1581 2057 habebit
1596 2030 1621 2057 in
1636 2031 1747 2063 honore,
1763 2031 1823 2057 lon-

1033 2085 1119 2113 gcque
1133 2077 1246 2112 amplius
1258 2076 1373 2107 fovebit,
1395 2083 1473 2111 quam
1496 2076 1518 2103 si
1543 2076 1567 2102 in
1591 2075 1710 2103 smcnlari
1733 2076 1825 2103 fuisset

1034 2124 1199 2158 magistratu.
1225 2123 1290 2150 Nam
1312 2123 1333 2150 si
1357 2130 1480 2157 magnum
1502 2122 1640 2157 imperium
1656 2122 1824 2154 ohtinuisSet,

1035 2170 1164 2198 incertth
1177 2174 1216 2196 est
1233 2177 1266 2196 an
1281 2173 1381 2203 patrctn
1403 2168 1563 2203 contemptui
1583 2167 1721 2196 habiturus
1732 2175 1799 2196 esset
1815 2179 1822 2196 :

1035 2223 1106 2244 nunc
1126 2223 1188 2243 vero
1212 2223 1270 2242 eam
1292 2215 1372 2249 cl-ngit
1397 2215 1496 2246 vitam,
1518 2222 1569 2249 qua
1586 2213 1747 2248 Imperatorc
1768 2215 1825 2249 ipso

1035 2262 1150 2292 clarior,
1172 2260 1290 2288 omnium
1306 2260 1470 2287 luunillimus
1485 2268 1545 2294 erga
1561 2264 1586 2286 te
1602 2260 1663 2286 erit.
1682 2259 1822 2295 Siquidem

1035 2306 1185 2342 huiusmodi
1207 2306 1276 2341 apud
1293 2313 1341 2332 nos
1355 2306 1456 2333 obtinet
1477 2306 1653 2340 philosoiihia,
1670 2311 1749 2338 utea,
1765 2314 1823 2341 que

1035 2352 1169 2380 contraria
1185 2355 1312 2385 apparent
1325 2372 1332 2383 ,
1358 2359 1453 2385 nempe
1473 2352 1629 2379 modestiam
1644 2356 1670 2379 et
1685 2351 1823 2378 celsitudi-

1036 2407 1095 2425 netn
1109 2419 1116 2430 ,
1130 2398 1155 2424 111
1172 2405 1250 2424 unam
1263 2397 1378 2423 animam
1399 2402 1485 2431 erigat.
1509 2398 1538 2424 Et
1551 2397 1656 2432 quidem
1672 2398 1698 2424 iu
1714 2397 1822 2430 smculo,

1037 2448 1128 2478 utpoze
1153 2443 1324 2477 pecuniarum
1345 2443 1475 2476 cupidus,
1501 2448 1574 2469 tuum
1598 2443 1686 2470 forsan
1707 2447 1825 2478 optasset

1035 2489 1156 2519 obitum;
1171 2496 1240 2515 nunt:
1254 2493 1342 2514 autem
1361 2493 1388 2514 ut
1401 2496 1479 2522 quam
1494 2488 1647 2523 longissima
1664 2488 1709 2515 tibi
1728 2496 1824 2523 proro-

1033 2542 1111 2569 getur
1125 2535 1177 2561 vita
1193 2539 1326 2569 precatur,
1343 2538 1372 2560 ut
1385 2542 1416 2560 ex
1431 2533 1481 2560 hoc
1495 2535 1574 2561 etiam
1588 2535 1693 2561 coronis
1706 2535 1825 2562 clariori-

1035 2581 1085 2607 bus
1101 2581 1222 2607 donetur.
1241 2579 1297 2606 Non
1315 2580 1385 2606 enim
1400 2580 1495 2614 exigua
1517 2587 1619 2606 merces
1633 2579 1710 2607 nobis
1724 2587 1823 2615 propo-

1036 2627 1085 2654 sita
1101 2631 1159 2658 est,
1183 2626 1204 2652 si
1232 2630 1354 2660 parentes
1375 2625 1613 2655 honorare-rimus;
1638 2625 1684 2652 sed
1702 2625 1826 2659 juhemur

1035 2679 1082 2699 eos
1104 2680 1152 2706 pro
1175 2671 1290 2698 demittis
1311 2671 1409 2698 nostris
1433 2675 1558 2704 reputare
1571 2691 1578 2702 ,
1602 2671 1685 2698 verbo
1699 2675 1725 2698 et
1744 2678 1825 2705 opere

1035 2717 1134 2749 colere,
1152 2721 1213 2743 1111111
1226 2721 1312 2743 tamen
1327 2717 1352 2742 in
1367 2716 1438 2742 nullo
1457 2716 1540 2750 pietas
1554 2720 1579 2743 et
1595 2715 1687 2751 religio
1703 2716 1821 2742 hedattn.

1036 2763 1102 2798 Quid
1118 2763 1188 2789 enim
1202 2763 1272 2794 tale,
1292 2768 1318 2789 Ill
1335 2762 1430 2789 dicitur
1441 2783 1447 2793 ,
1474 2762 1537 2796 ipsis
1552 2761 1646 2788 reddes
1657 2782 1664 2792 ,
1686 2762 1762 2796 1ι11111ι·
1776 2761 1823 2795 ipsi

1038 2807 1105 2836 ubi?
1117 2807 1263 2836 Considera
1285 2808 1362 2843 igitur
1374 2828 1380 2840 ,
1404 2815 1464 2835 eum
1486 2807 1530 2842 qui
1546 2807 1570 2834 in
1584 2807 1687 2834 exteris
1701 2805 1824 2834 omnibus
