2064 3115
212 149 265 178 Ξιὸ

213 207 318 235 virtutis
339 206 441 241 apicem
465 206 601 241 attigerit,
623 209 720 240 quanta
741 213 800 232 cum
822 204 957 239 diligentia
974 209 1001 232 et

213 252 384 280 accuratione
415 259 462 286 par
488 252 522 279 sit
549 251 600 279 hoc
625 251 741 279 ofﬁcium
767 251 907 278 exhibere.
937 250 1003 277 Nam

213 299 262 324 ttsi
286 297 451 324 moriendum
465 297 499 324 sit
521 304 570 332 pro
590 297 676 332 rapite
696 302 758 330 tuo,
783 304 836 323 non
858 296 1000 328 recusabtt,

213 344 312 378 quippe
330 341 376 377 qui
394 350 446 369 non
470 342 581 369 naturali
594 342 674 369 modo
688 342 747 377 lege
760 347 785 369 te
800 342 863 369 colit
875 347 902 368 et
917 342 1004 368 hono-

216 394 277 421 rat,
299 388 345 416 sed
366 396 420 423 pro:
434 388 558 416 omnibus
582 393 690 423 propter
710 388 809 420 Deum,
832 389 908 422 cujus
920 388 1004 423 gratia

222 434 320 462 cuhcta
331 434 410 461 simul
425 433 555 468 despexit.
568 433 634 460 Com
647 434 727 468 igitur
741 434 785 460 ille
796 441 866 460 nunc
877 433 1005 460 illustrior

216 481 249 508 sit
262 501 269 512 ,
291 480 458 514 opulcntior,
482 480 613 514 potentior
627 484 654 507 et
675 480 816 511 liberalior,
838 484 940 507 etcum
956 480 1006 506 hae

217 532 288 553 tanta
301 526 382 553 animi
398 525 579 560 magnitudine
594 526 678 560 magis
693 533 786 553 servus
803 531 862 552 tuus
878 526 912 552 sit
925 533 1004 560 quam

217 578 306 604 antea,
322 579 380 605 cur,
396 579 498 606 qutcso,
516 572 667 606 ingemiseis
677 572 688 599 ‘t
700 579 732 598 an
747 572 806 606 quia
820 572 938 606 quotidie
953 579 1006 599 non

218 619 315 645 metuis
327 639 334 650 ,
351 626 384 644 ne
399 618 425 644 in
447 617 515 645 bello
533 618 609 645 cadat
624 639 630 651 ,
653 626 686 645 ne
708 618 876 653 Imperatoris
889 619 1005 645 animant

217 663 335 690 oﬁcndat
346 684 353 696 ,
371 671 404 690 ne
418 664 443 689 in
458 663 669 690 commilitonum
684 663 809 690 invidiam
826 664 945 690 incidat?
958 672 1004 690 att-

219 716 271 736 non
285 713 312 736 et
325 709 382 736 hatc
394 712 420 735 ct
432 708 472 734 his
484 709 561 735 etiam
572 708 644 743 plura
660 708 805 735 illustribus
816 708 877 735 [iliis
887 713 1008 737 metuunt

219 755 322 789 patres?
342 754 570 787 Quemadmodum
586 754 656 781 enim
672 754 715 789 qui
733 762 842 789 puerum
857 755 882 781 iu
897 754 1005 782 sublimi

218 800 276 826 loco
291 800 427 826 statuerint
438 820 444 831 ,
470 804 587 826 metuere
600 804 730 834 coguntur
744 807 777 826 ne
791 799 906 830 decidat,
929 799 964 826 ita
981 804 1008 827 et

218 845 236 873 ii
250 846 294 880 qui
309 845 376 871 filios
391 845 424 871 ad
445 845 574 879 insignem
596 845 750 880 dignitaem
775 846 935 880 provehunt.
955 846 1007 873 Sed

218 891 358 928 quamdam
379 891 458 918 habet
473 892 635 926 voluptatem
652 892 755 918 balteus
766 913 773 923 ,
788 896 814 918 et
832 892 967 928 chlamys,
982 896 1009 919 et

219 938 349 972 pra'conis
365 946 423 964 vox.
440 937 472 964 Et
486 937 543 964 lucc
557 943 620 972 quot
632 938 736 964 dierum
750 939 846 972 spatio,
861 938 903 965 die
920 938 982 965 mihi
996 939 1007 966 ?

218 991 251 1010 an
275 983 397 1018 triginta,
424 988 469 1010 aut
491 988 618 1015 centum,
640 988 685 1010 aut
700 983 740 1010 bis
756 983 886 1011 totidem?
908 984 1008 1019 Ecquid

220 1031 329 1064 postea?
358 1037 447 1056 nonne
473 1030 547 1064 quasi
573 1030 724 1061 somnium,
752 1038 839 1057 nonne
861 1034 890 1056 ut
909 1030 1007 1062 fabula,

219 1083 308 1102 nonne
320 1079 348 1102 ut
361 1075 453 1101 umbra
464 1093 473 1108 ,
488 1074 530 1101 illa
546 1075 633 1101 omnia
649 1075 828 1102 transierunt?
841 1076 874 1102 At
888 1083 957 1102 nunc
971 1075 1007 1102 illi

219 1129 301 1156 usque
317 1121 342 1147 in
358 1120 437 1147 finem
454 1121 540 1147 honor
554 1121 603 1147 iste
619 1126 765 1154 permanet,
782 1121 834 1147 itno
850 1121 932 1155 magis
949 1125 1009 1156 post

219 1171 332 1194 mortem
346 1186 353 1198 ,
375 1170 402 1192 ct
425 1165 532 1200 quidem
555 1166 639 1193 tnulto
658 1170 720 1192 tunc
733 1167 893 1193 cumulatius
909 1176 915 1193 :
930 1172 1008 1201 atque

220 1213 269 1238 hoc
296 1210 437 1245 imperium
461 1211 550 1238 nullus
573 1219 698 1246 umquam
717 1212 764 1246 ipsi
781 1212 896 1244 auferet,
912 1213 1009 1247 quippe

218 1265 278 1283 cutn
300 1265 351 1283 non
373 1257 407 1283 ab
423 1257 530 1283 homine
551 1257 575 1283 id
590 1257 633 1284 ille
647 1258 799 1291 acceperit,
816 1257 862 1284 sed
882 1265 896 1284 a
912 1259 1009 1286 virtute

219 1303 286 1337 ipsa.
302 1302 354 1329 Sed
365 1302 494 1330 voluisses
510 1310 570 1329 eum
585 1303 700 1337 pretiosa
722 1304 846 1330 atnictum
871 1308 961 1337 veste,
983 1309 1010 1332 ct

219 1355 289 1382 equo
304 1354 407 1375 vectum
431 1348 539 1381 videre,
561 1347 720 1375 famulorum
745 1350 871 1383 stipatum
887 1350 1006 1377 multitu-

218 1392 290 1425 dine,
305 1392 435 1427 parasitos
443 1393 647 1429 adulatoresque
660 1394 785 1422 alentem.
801 1394 854 1422 Cur
865 1396 900 1423 ita
911 1397 1009 1424 velles?

219 1447 283 1468 num
299 1445 327 1467 ut
341 1440 377 1468 illi
393 1440 554 1475 voluptatem
576 1448 608 1468 ex
630 1441 670 1468 his
685 1441 807 1468 omnibus
827 1442 955 1476 pareres?
981 1442 1009 1470 Si

220 1489 307 1522 itaque
321 1487 394 1514 illttm
406 1487 537 1514 dicentem
552 1487 644 1514 audias
660 1487 745 1523 (forte
761 1488 858 1522 quippe
870 1487 946 1514 nobis
957 1495 1008 1515 non

219 1533 336 1567 credes),
351 1538 424 1560 tanto
438 1541 466 1560 se
479 1533 558 1559 vitam
575 1533 651 1559 istam
665 1540 706 1565 ea,
723 1540 800 1567 quam
814 1533 912 1567 degunt
926 1534 970 1568 qui
983 1534 1008 1561 iu

219 1580 322 1606 deliciis
338 1580 428 1606 vivunt
440 1599 449 1612 ,
470 1579 567 1614 quique
582 1579 777 1610 meretricibus,
797 1587 840 1605 mu
857 1579 915 1610 ictu,
931 1587 1009 1614 para-

219 1627 294 1658 sitis,
315 1626 495 1653 adulatoribus
508 1645 515 1658 ,
541 1631 568 1653 et
590 1626 708 1653 lascivia:
727 1634 756 1653 se
771 1626 889 1658 dedunt,
912 1627 1008 1660 jucun-

219 1671 321 1698 dtorem
336 1671 488 1698 existimare
501 1692 507 1704 ,
529 1677 556 1698 ut
576 1671 650 1698 malit
665 1671 761 1698 tnillies
782 1671 866 1703 mori,
891 1679 970 1706 quam
985 1672 1010 1700 ei

219 1718 406 1752 obtemperare
418 1739 425 1749 ,
451 1718 494 1752 qui
513 1717 618 1752 juberet
639 1717 688 1744 hac
703 1717 810 1744 dimissa
830 1718 965 1752 voluptate
977 1717 1010 1745 ad

221 1764 291 1790 illam
309 1771 338 1790 se
352 1762 475 1790 conferre
486 1783 493 1795 ,
508 1762 569 1797 quid
588 1762 621 1790 ad
635 1761 692 1789 h.cc
707 1762 801 1790 dices?
822 1762 888 1789 Num
904 1763 1010 1798 ignoras

221 1814 345 1844 quantam
360 1809 521 1842 voluptatem
535 1809 618 1843 pariat
635 1808 687 1835 vita
703 1809 816 1843 negotiis
831 1809 930 1836 vacua?
953 1809 1009 1836 for-

223 1860 292 1882 tasse
314 1863 362 1882 nec
378 1855 447 1881 ullus
467 1854 492 1881 id
512 1854 649 1881 hominum
667 1854 757 1886 novit,
782 1854 879 1889 quippe
893 1854 937 1889 qui
950 1862 1008 1882 eam

221 1901 302 1927 vitam
318 1908 460 1935 numquam
475 1907 538 1934 pure
549 1900 703 1934 gustaverit.
716 1900 780 1927 Cum
792 1905 879 1927 autent
893 1905 919 1927 et
929 1900 1009 1927 clari-

223 1951 262 1974 tas
275 1946 363 1979 adsit,
384 1952 410 1973 et
435 1946 492 1973 h-.cc
516 1953 575 1980 qote
590 1945 632 1972 vix
648 1946 726 1973 simul
752 1946 864 1973 inveniri
887 1951 1008 1980 possunt,

222 1992 350 2019 securitas
367 1996 392 2018 ct
411 1991 515 2026 gloria,
536 1991 598 2025 qttid
623 1991 672 2018 hac
692 1992 742 2018 vita
768 1991 941 2025 praestabilius
955 1992 1010 2018 sit?

224 2036 320 2064 \‘erum
331 2057 338 2068 ,
353 2037 470 2071 inquies,
488 2036 551 2071 quid
566 2041 592 2062 tu
605 2036 662 2063 1111111
673 2036 735 2062 1111111
752 2036 878 2063 edisseris
892 2044 905 2062 a
921 2036 1008 2071 philo-

222 2081 314 2116 sophia
338 2081 536 2109 remotiSsimo?
559 2082 611 2108 Cur
625 2089 689 2116 ergo
704 2085 793 2108 uatum
808 2089 912 2116 quoque
935 2086 1008 2109 tuutn

221 2128 255 2154 ad
270 2136 327 2155 eam
349 2128 477 2155 accedere
493 2136 544 2154 non
560 2127 647 2155 sinis?
671 2127 735 2154 satis
756 2128 790 2154 sit
809 2127 858 2154 isto
874 2132 899 2154 te
912 2127 1009 2156 damno

221 2176 343 2203 alTectum
358 2183 427 2204 esse.
453 2178 549 2203 Annon
568 2183 702 2203 summum
722 2183 782 2203 esse
796 2175 921 2202 damnum
936 2175 993 2202 arbi

223 2223 316 2254 traris,
339 2222 445 2256 quando
465 2222 497 2248 ad
519 2227 666 2249 extremam
690 2225 856 2248 senectutem
880 2220 1008 2255 provecti,

223 2269 282 2302 quia
297 2269 322 2295 in
345 2269 468 2302 primawa
493 2273 572 2295 {etate
592 2268 656 2294 nihil
679 2267 740 2295 boui
761 2267 849 2301 adepti
862 2267 945 2298 estis,
963 2273 1010 2293 vos

223 2319 355 2341 senectam
375 2313 487 2341 moleste
512 2312 607 2340 fertis?
628 2314 663 2339 At
682 2312 742 2339 ideo
756 2311 868 2339 tnoleste
887 2311 1010 2353 ferimus,

201 2358 204 2362 ’
224 2359 337 2394 inquit-s,
350 2358 420 2394 quod
432 2361 525 2393 magna
539 2358 616 2386 nobis
626 2358 766 2385 commoda
773 2358 900 2393 juventus
909 2357 1007 2385 tulerit.

222 2405 287 2439 Qum
300 2404 416 2438 magna?
438 2404 548 2432 ostende
562 2411 652 2431 senem
663 2425 670 2436 ,
695 2404 739 2438 qui
754 2411 847 2439 magna
861 2403 918 2430 hzrc
934 2410 1009 2430 com-

223 2450 300 2477 moda
316 2450 420 2477 habeat.
436 2450 462 2477 Si
480 2450 550 2476 enim
566 2450 610 2476 illa
632 2449 784 2482 habuisset,
801 2453 826 2476 et
839 2448 931 2476 eadem
947 2455 1009 2483 per-

223 2501 390 2524 severassent
402 2516 410 2529 ,
433 2503 485 2523 non
505 2496 596 2530 utique
615 2499 645 2522 ut
659 2495 700 2523 his
712 2495 820 2522 orbatus
835 2494 959 2521 omnibus
974 2494 1008 2520 ita

219 2543 430 2573 lamentaretur;
450 2542 492 2568 sin
506 2549 569 2569 vero
582 2542 627 2568 illa
637 2541 818 2574 avolaverunt,
833 2546 861 2568 et
874 2547 1012 2567 0111010110-

216 2592 297 2618 runt,
319 2587 452 2621 quomodo
466 2595 559 2621 magna
572 2607 578 2616 ,
594 2595 652 2621 qua:
666 2587 701 2613 ita
719 2586 772 2613 cito
783 2586 912 2614 exstincta
925 2589 988 2613 sunt
997 2585 1011 2611 τ

219 2632 302 2665 Atqui
317 2639 368 2659 non
384 2632 434 2659 hoc
448 2632 516 2658 filius
537 2636 598 2658 tuus
616 2631 732 2665 patietur
743 2652 751 2664 ,
770 2631 817 2658 sed
831 2631 851 2658 si
865 2631 897 2658 ad
911 2631 1010 2665 longa:-

221 2685 280 2704 vatn
297 2685 399 2712 quoque
412 2681 576 2704 senectutem
594 2677 761 2712 pervenerit,
778 2685 829 2703 11011
844 2677 918 2703 11111111
932 2676 1007 2702 vide-

222 2723 263 2748 bis
280 2723 337 2749 lucc
356 2723 446 2756 iniquo
464 2722 554 2748 animo
567 2722 692 2749 ferentem
706 2742 712 2754 ,
730 2725 758 2748 ut
776 2728 823 2747 vos
841 2720 942 2753 facitis;
961 2719 1007 2747 sed

222 2767 382 2801 gaudentem
395 2786 402 2798 ,
426 2767 584 2801 gestientem
605 2772 632 2793 et
648 2767 826 2794 exsultantem
840 2775 846 2792 :
863 2771 924 2793 tunc
936 2766 1007 2793 enim

224 2811 293 2838 bella
316 2811 373 2846 ejus
397 2811 480 2846 magis
502 2812 597 2838 florent
617 2816 644 2838 et
666 2812 765 2845 vigent.
796 2810 895 2837 Vestra:
919 2817 1006 2837 autem

223 2856 339 2891 divitize,
366 2856 468 2884 etiamsi
495 2855 564 2883 bona
587 2855 701 2883 habeant
724 2854 1007 2890 iunumera,inpriuto

578 147 757 175 ADVERSUS
775 147 1046 176 OPI’UGNATORES
1068 149 1157 176 Vszﬁ
1177 150 1321 178 MONAST.
1343 151 1407 179 LIB.
1427 151 1459 179 ll.

1790 157 1841 186 316

1057 206 1143 233 :etatis
1166 206 1230 233 flore
1249 207 1293 233 illa
1314 208 1478 235 concludunt
1496 217 1502 234 :
1522 217 1574 236 non
1594 210 1657 237 item
1673 210 1714 238 11111
1730 211 1838 246 divitiaz,

1056 251 1102 278 sed
1122 252 1148 278 in
1162 257 1299 280 senectute
1317 259 1435 287 tuanent,
1451 255 1661 291 excedentesque
1673 265 1688 285 e
1699 257 1751 285 vita
1766 266 1840 285 com-

1056 296 1154 324 ilantur
1174 298 1192 323 ⁸.
1211 298 1311 326 Idcirco
1323 307 1371 326 vos
1380 307 1440 327 cum
1451 307 1515 335 opes
1532 302 1558 328 in
1569 307 1705 330 senectute
1719 310 1842 330 crescen-

1058 348 1097 369 tes
1110 343 1205 370 videtis
1214 364 1222 377 ,
1237 345 1410 381 plurimthue
1420 346 1495 374 vobis
1505 351 1532 374 et
1542 347 1634 383 gloriae
1648 353 1674 376 et
1686 349 1841 377 deliciarum

1056 389 1210 416 occasiones
1225 395 1386 425 suppetunt,
1403 392 1509 428 indigne
1524 393 1608 427 fertis,
1625 395 1695 429 quod
1709 400 1773 422 tetas
1788 404 1841 423 non

1057 434 1185 467 sufficiat,
1206 440 1234 462 ut
1250 436 1289 462 eis
1306 436 1358 464 frui
1377 437 1496 465 valeatis.
1524 438 1585 466 Ideo
1598 445 1711 467 mortem
1730 440 1841 475 perhor-

1057 481 1159 508 rescitis
1170 502 1177 514 ,
1197 489 1296 516 vosque
1312 486 1374 509 tunc
1387 484 1501 511 maxime
1515 485 1720 514 miserabiliores
1730 494 1790 514 esse
1799 487 1841 514 di-

1057 525 1126 558 citis,
1136 533 1195 553 cum
1206 526 1231 553 in
1244 535 1272 554 re
1283 535 1408 562 prospera
1419 529 1492 556 estis.
1502 529 1599 557 Contra
1609 531 1652 558 ille
1664 536 1717 558 tum
1727 532 1841 560 maxime

1057 573 1162 607 quietus
1184 574 1251 606 erit,
1275 581 1334 601 cum
1356 575 1493 608 sentterit,
1520 577 1616 611 quippe
1631 578 1674 612 qui
1688 578 1719 605 ad
1736 584 1841 613 portum

1059 624 1193 653 pr0peret,
1209 627 1241 647 ac
1251 620 1419 654 juventutem
1432 628 1539 656 semper
1552 623 1682 656 vigentem
1697 623 1801 655 habeat,
1816 630 1844 652 et

1059 662 1091 690 ad
1116 669 1278 692 senectutem
1297 673 1440 700 numquam
1459 671 1559 700 vergat.
1583 666 1622 693 Tu
1639 675 1701 694 vero
1717 669 1796 695 lilitun
1812 670 1844 695 iis

1059 709 1159 737 deliciis
1181 711 1231 738 frui
1252 712 1400 745 voluisses,
1425 720 1535 746 quarum
1559 713 1632 740 illum
1647 714 1741 741 millies
1761 715 1845 748 pomi-

1060 755 1153 782 tuissct
1164 776 1171 788 ,
1189 764 1219 783 ac
1233 757 1265 784 de
1279 757 1374 792 quibus
1391 758 1416 784 in
1430 763 1566 785 senectute
1586 758 1723 785 doluisset.
1749 759 1844 786 Verum

1059 800 1141 833 absit,
1167 806 1194 828 ut
1217 802 1314 829 inimici
1329 810 1433 837 quoque
1448 803 1530 830 nostri
1546 803 1586 830 his
1603 803 1706 831 deliciis
1725 804 1846 832 fruantur

1059 854 1192 881 umquam.
1215 848 1316 882 Ecquid
1335 853 1498 875 senectutem
1519 849 1660 876 memoro?
1683 850 1846 885 quandoqui-

1059 891 1119 919 dem
1135 892 1179 920 die
1198 901 1250 920 uno
1268 894 1389 928 voluptas
1410 894 1453 920 illa
1469 895 1555 921 omnis
1569 892 1767 928 exstinguitur,
1793 896 1845 923 imo

1060 945 1111 964 non
1126 938 1168 965 die
1182 946 1235 966 uno
1247 959 1254 971 ,
1275 947 1328 966 non
1343 947 1394 966 una
1414 939 1490 973 hora,
1504 939 1551 966 sed
1575 940 1599 966 in
1613 940 1770 968 brevissimo
1782 946 1847 968 tem-

1059 984 1132 1018 poris
1158 989 1302 1012 tnomento.
1339 985 1408 1019 Quid
1434 985 1504 1012 enim
1529 990 1569 1012 cst
1593 985 1732 1020 voluptas?
1758 994 1847 1014 nonne

1060 1030 1144 1057 ventri
1165 1038 1193 1058 se
1216 1031 1312 1058 dedere
1325 1052 1332 1065 ,
1355 1031 1511 1066 sybariticas
1533 1039 1638 1058 mensas
1655 1040 1747 1066 parare
1759 1053 1767 1064 ,
1786 1041 1845 1059 cum

1060 1076 1188 1109 slycciosis
1199 1076 1355 1104 mulieribus
1369 1076 1493 1112 congredi
1518 1084 1660 1111 porcorum
1676 1077 1757 1104 instar
1777 1086 1805 1106 se
1821 1079 1846 1105 111

1059 1128 1137 1148 emno
1151 1122 1344 1149 volutantium?

1096 1166 1138 1193 10.
1164 1166 1304 1202 Voluptatis
1318 1167 1432 1196 brevitas.
1446 1183 1481 1189 —-—
1493 1167 1544 1195 Sed
1565 1168 1597 1196 de
1614 1169 1653 1195 his
1669 1169 1785 1196 nondum
1806 1169 1846 1196 io—

1060 1220 1172 1246 quatnur
1188 1221 1195 1240 :
1211 1213 1316 1241 interim
1332 1214 1394 1249 quid
1414 1215 1448 1242 sit
1462 1215 1581 1250 voluptas
1596 1215 1782 1249 disquiramus,
1799 1224 1848 1242 an-

1061 1266 1113 1284 non
1130 1259 1206 1293 plane
1222 1258 1315 1294 frigida
1332 1264 1359 1287 et
1372 1260 1430 1287 vilis
1444 1260 1479 1287 sit
1490 1269 1496 1287 :
1509 1265 1589 1295 atque
1607 1259 1689 1291 illam,
1710 1261 1731 1286 si
1751 1260 1847 1294 pluet-1,

1061 1303 1175 1337 primum
1190 1304 1200 1319 ¹
1214 1303 1395 1340 inspiciamus,
1405 1313 1463 1340 qua:
1474 1304 1616 1340 jucundior
1631 1304 1743 1337 videtur,
1754 1313 1849 1338 nempe

1059 1348 1158 1382 gulam.
1176 1349 1232 1381 Dic,
1244 1357 1344 1384 qureso,
1358 1350 1428 1377 illius
1441 1353 1553 1386 tempus,
1565 1355 1699 1385 quotaquc
1710 1349 1759 1376 dici
1774 1355 1849 1385 parte

1061 1403 1109 1422 nos
1125 1395 1166 1421 illa
1180 1402 1311 1431 occupare
1327 1396 1410 1430 possit
1426 1405 1432 1422 :
1450 1400 1521 1423 tanta
1534 1401 1618 1431 certe,
1635 1406 1663 1426 ut
1682 1400 1723 1427 vix
1740 1396 1852 1435 perspici

1062 1440 1154 1474 possit.
1171 1439 1237 1466 Nam
1257 1440 1335 1467 simul
1350 1448 1382 1467 ac
1394 1441 1505 1476 quisque
1525 1441 1650 1478 impletus
1672 1445 1758 1476 fuerit,
1776 1446 1852 1473 volu-

1062 1489 1160 1518 ptatem
1182 1485 1309 1512 exstinxit
1324 1493 1330 1511 :
1345 1490 1371 1512 et
1394 1490 1455 1512 ante
1478 1486 1627 1515 satietatem
1652 1489 1751 1517 fluento
1773 1491 1851 1517 citius

1062 1529 1166 1561 transit,
1193 1530 1219 1556 in
1244 1531 1360 1565 ipsisque
1382 1530 1501 1557 faucibus
1522 1531 1623 1566 deficit,
1648 1542 1697 1561 nec
1721 1543 1771 1562 una
1792 1544 1852 1563 cum

1061 1573 1126 1601 cibis
1142 1579 1229 1609 potest
1243 1575 1345 1610 ingredi
1361 1584 1367 1602 :
1383 1576 1472 1603 statim
1483 1576 1555 1605 enim
1568 1582 1648 1613 atque
1664 1579 1778 1614 linguam
1791 1589 1852 1615 per-

1063 1620 1195 1653 transivit,
1213 1621 1265 1648 vim
1281 1622 1361 1648 etiam
1380 1622 1477 1649 amisit.
1494 1622 1592 1658 Taceo,
1618 1625 1718 1660 reliqua
1733 1628 1811 1660 mala,
1826 1634 1853 1655 et

1061 1670 1159 1700 quanta
1182 1674 1215 1693 ex
1240 1666 1290 1693 ista
1316 1667 1452 1702 voluptate
1472 1668 1596 1703 gignatur
1620 1675 1771 1706 tempestas.
1795 1673 1852 1700 Non

1063 1710 1142 1738 modo
1162 1711 1234 1739 enim
1245 1711 1386 1746 jucundior
1400 1712 1443 1747 qui
1459 1713 1493 1740 ab
1507 1713 1551 1741 illa
1571 1714 1698 1749 abstinet,
1713 1717 1760 1744 sed
1773 1718 1851 1744 etiam

1063 1756 1156 1788 levior,
1180 1757 1335 1792 faciliusque
1354 1759 1500 1791 recumbet,
1521 1767 1599 1794 quant
1623 1761 1645 1788 is
1667 1762 1710 1796 qui
1731 1762 1853 1790 satietate

1063 1802 1233 1830 distenditur.
1250 1803 1361 1831 Somnus
1375 1803 1456 1836 enim,
1473 1804 1566 1840 inquit,
1582 1806 1697 1833 sanitatis
1716 1807 1742 1834 in
1761 1808 1853 1835 viscere

1062 1848 1190 1876 moderato
1203 1848 1297 1884 (Eccli.
1314 1850 1358 1877 3t.
1378 1848 1435 1884 24).
1449 1849 1518 1882 Quid
1541 1858 1718 1880 memoremus
1733 1853 1850 1887 morbos,

1063 1902 1183 1927 nauseas,
1196 1895 1370 1929 calamitates,
1382 1895 1527 1931 inanesque
1538 1897 1678 1932 sumptus?
1691 1905 1749 1933 qua:
1762 1906 1794 1925 ex
1810 1899 1852 1927 his

1061 1940 1191 1967 conviviis
1210 1940 1280 1974 lites,
1304 1948 1365 1976 qua:
1387 1940 1500 1973 insiditr,
1520 1948 1578 1976 qua:
1592 1942 1686 1969 damna
1702 1943 1851 1977 pullulant?

1062 1985 1159 2013 Verum
1178 1993 1258 2014 suave
1273 1991 1314 2014 est
1331 1994 1392 2014 cum
1411 1987 1597 2015 meretricibus
1611 1989 1746 2023 congredi.
1762 1990 1850 2025 Ecqua

1061 2036 1149 2065 potest
1171 2039 1231 2059 esse
1245 2032 1366 2067 voluptas
1381 2032 1407 2059 in
1427 2036 1499 2060 tanta
1523 2033 1700 2067 turpitudine?
1718 2035 1769 2062 Sed
1794 2035 1851 2063 haec

1062 2076 1169 2104 interim
1188 2077 1313 2112 indagare
1334 2078 1499 2111 omittamus,
1521 2087 1569 2106 ttec
1584 2079 1617 2107 de
1639 2084 1786 2107 atuatorum
1805 2089 1851 2115 pu-

1061 2123 1120 2158 gnis
1141 2123 1289 2159 loquamur,
1309 2132 1359 2152 nec
1378 2124 1410 2152 de
1425 2124 1548 2152 rivalium
1570 2126 1786 2154 contentionibus
1808 2128 1850 2154 vel

1061 2170 1273 2197 accusationibus
1288 2179 1294 2196 :
1310 2169 1357 2197 sed
1374 2170 1409 2197 sit
1421 2170 1517 2205 aliquis
1529 2171 1572 2206 qui
1588 2179 1647 2198 cum
1667 2172 1787 2200 libertate
1800 2173 1850 2200 ob-

1062 2223 1151 2243 scaena
1173 2216 1216 2243 illa
1239 2216 1348 2244 libidine
1367 2216 1480 2250 fruatur,
1505 2225 1591 2253 neque
1614 2219 1721 2246 rivalem
1744 2220 1848 2252 habeat,

1062 2268 1149 2294 neque
1174 2261 1208 2288 ab
1229 2261 1328 2289 amasia
1350 2267 1547 2297 contemnatur,
1574 2265 1700 2299 pecunias
1724 2266 1796 2292 velut
1817 2275 1849 2293 ex

1064 2306 1179 2334 fontibus
1196 2307 1304 2335 haustas
1324 2309 1470 2343 impendat,
1486 2310 1589 2337 etiamsi
1613 2310 1670 2337 fieri
1695 2316 1807 2345 nequeat
1822 2317 1851 2339 ut.

1061 2352 1119 2381 hzrc
1132 2354 1220 2381 omnia
1236 2354 1314 2382 simul
1329 2356 1503 2389 conveniant;
1519 2361 1546 2383 at
1559 2356 1582 2383 ei
1597 2357 1641 2391 qui
1663 2357 1773 2385 rivnlem
1797 2365 1848 2385 non

1062 2399 1198 2427 habiturus
1219 2405 1260 2428 est
1276 2408 1369 2429 omnes
1381 2401 1520 2430 facultates
1533 2402 1719 2430 exhauriendte
1735 2408 1806 2436 sunt,
1820 2409 1851 2431 ut

1063 2444 1184 2479 largitate
1205 2453 1345 2473 munerum
1359 2447 1425 2473 alios
1440 2454 1533 2474 omnes
1552 2452 1677 2482 superet:
1692 2456 1850 2484 rursumque

1062 2497 1123 2516 eum
1138 2490 1184 2525 qui
1203 2491 1318 2525 inopiam
1339 2491 1449 2524 devitat,
1468 2499 1483 2518 a
1502 2493 1642 2520 meretrice
1661 2499 1802 2528 spernatur
1823 2499 1851 2522 et

1061 2541 1201 2570 respuatur
1225 2541 1341 2571 oportet.
1367 2537 1464 2565 Verum
1483 2537 1660 2566 concedamus
1687 2539 1751 2566 nihil
1779 2539 1851 2574 ejus-

1060 2582 1133 2609 modi
1146 2582 1211 2613 fore,
1224 2582 1270 2610 sed
1281 2582 1369 2609 omnia
1385 2583 1434 2617 ipsi
1445 2591 1477 2611 ex
1489 2585 1619 2612 sententia
1634 2589 1760 2613 eventura
1772 2593 1831 2614 esse
1840 2595 1849 2613 ί

1059 2635 1139 2662 quam
1159 2627 1185 2654 in
1205 2627 1246 2654 his
1258 2628 1421 2662 voluptatem
1436 2629 1513 2656 nobis
1530 2633 1606 2663 potes
1618 2630 1778 2658 ostendere?
1792 2630 1850 2658 Non

1059 2673 1131 2699 enim
1155 2672 1178 2698 iu
1203 2673 1260 2706 ipso
1283 2680 1443 2707 congressus
1467 2678 1586 2709 tempore
1604 2680 1723 2710 apparet,
1744 2676 1790 2703 sed
1806 2678 1849 2711 qui

1092 2739 1099 2753 ¹
1118 2739 1154 2763 sic
1169 2738 1238 2772 savii.
1252 2742 1278 2763 et
1294 2745 1380 2764 omnes
1400 2743 1452 2772 ttss.
1465 2740 1546 2772 litorei.
1561 2747 1628 2771 vero,
1638 2742 1825 2772 exsertantesque
1837 2750 1850 2768 ι

1059 2768 1107 2793 vita
1114 2768 1270 2803 comitantur._
1278 2774 1309 2803 τίς
1318 2775 1357 2794 vos
1368 2769 1464 2803 quidem
1476 2770 1592 2803 plyrirnas
1600 2768 1707 2803 et’gtoritra
1715 2776 1738 2797 et
1750 2768 1848 2798 deline-

1059 2805 1113 2833 111111
1118 2799 1253 2834 occasiones
1259 2799 1381 2829 habentes.
1392 2799 1489 2831 indigne
1496 2800 1574 2831 fertis,
1591 2799 1648 2832 eui,
1656 2802 1737 2827 multis
1748 2808 1846 2834 prmer-

1059 2829 1146 2853 missis.

1091 2859 1100 2874 ¹
1118 2862 1166 2883 Duo
1178 2862 1241 2889 Mss,
1253 2859 1364 2893 primum.
