2064 3115
269 169 316 196 τισί

269 181 303 197 ιιιδ

275 224 445 260 excipiendos
458 232 527 256 esse,
544 224 646 251 dicebat
661 233 666 249 :
684 224 837 259 Quirumqae
849 224 1056 250 scaiiitulizarerit

270 279 347 297 unum
362 279 393 297 ει
414 271 512 304 pusiliis
523 270 587 302 istis,
602 270 702 303 expedit
723 269 745 295 ei
761 274 785 295 ut
802 269 971 303 suspcntlatur
990 268 1057 294 mola

269 317 381 343 risiitaria
392 317 458 342 circa
472 315 564 342 collum
576 315 676 350 ejusfet
687 316 846 350 demergatur
861 316 884 340 in
901 314 1056 350 profundunt

269 363 347 389 muris
360 362 464 396 (Matth.
480 362 521 388 i8.
538 361 576 396 6).
595 362 680 396 Atque
698 362 729 391 is.
747 362 791 395 qui
808 363 933 387 talentum
954 361 1057 387 obtule-

269 412 319 439 rat,
332 415 383 433 non
397 406 465 440 quod
477 406 575 441 aliquid
590 415 621 433 ex
637 407 691 434 suis
705 406 916 441 contempsisset,
926 405 972 432 scd
986 411 1056 439 quod

270 453 450 487 proximorum
465 453 576 479 salutent
591 452 764 487 neglexisSet,
790 451 834 478 illo
849 450 978 486 supplicio
997 449 1055 476 afﬁ-

268 498 346 524 citur.
371 497 463 531 Itaque
481 497 531 524 etsi
553 498 633 523 vitam
659 503 776 524 nostram
793 496 1054 528 recteinstituamus,

270 543 335 569 nihil
348 543 372 569 id
386 543 492 577 prodest
506 542 593 575 nobis,
609 549 668 568 cum
684 547 822 577 peccatum
838 541 899 568 illud
914 540 997 575 possit
1009 548 1057 567 nos

270 589 296 615 in
310 588 440 625 gehenua:
461 588 619 623 profundum
642 589 810 622 inmergere.
833 587 860 614 Si
885 588 956 614 enim
984 586 1055 613 nulla

270 636 338 662 ratio
359 634 440 671 possit
453 642 500 661 eos
513 635 556 668 qui
573 634 701 668 proximis
715 640 871 668 corpoream
886 639 962 667 opem
987 631 1056 659 ferre

270 682 403 709 noluerint
416 681 540 711 liberare.
557 688 658 711 verum,
679 681 728 706 etsi
743 680 919 714 virginitatem
934 686 1058 705 servave-

270 728 333 758 rint,
351 732 437 753 tamen
457 730 530 753 extra
551 726 640 760 sponsi
658 725 802 751 thalamum
817 724 958 758 objiciendi
982 723 1054 750 sint:

271 774 293 800 is
305 773 348 807 qui
363 772 432 807 quod
453 773 534 798 multo
550 772 634 805 majus
650 775 689 797 est
703 770 822 799 omiserit
841 769 937 804 (multo
959 769 1057 803 quippe

270 818 354 853 major
369 824 409 845 est
422 818 570 844 animarum
581 816 655 852 cura)
670 824 718 843 cur
737 824 789 842 non
813 815 879 842 mala
893 814 981 840 omnia
997 821 1054 840 mc-

270 865 321 890 rito
337 863 465 897 patiatur?
475 862 612 889 Hominem
623 861 692 888 cnim
706 869 757 887 non
769 866 795 887 ut
809 860 857 887 sibi
870 863 969 886 tantum
981 857 1057 892 prod-

269 914 340 938 esset
357 909 455 936 creavit
472 909 558 941 Deus,
572 907 617 935 sed
633 913 660 934 ut
682 907 740 934 aliis
753 907 832 933 ctiam
843 906 942 933 multis.
956 905 1056 932 idcirco

271 955 366 981 l‘anlus
397 954 524 990 (Philipp.
540 953 567 980 ‘2.
593 953 636 987 15)
661 953 750 978 ﬁdeles
772 951 910 978 luminaria
930 950 1054 985 appellat,

272 1000 332 1026 hinc
347 999 491 1027 ostendens
503 1007 549 1026 eos
561 999 664 1026 caneris
681 999 759 1024 eti:un
774 998 830 1023 usui
845 1004 904 1024 esse
919 1000 1054 1031 oportere:

271 1045 401 1072 luminare
418 1045 524 1079 quippe,
551 1043 676 1079 quamdiu
701 1044 817 1077 Seipsum
840 1047 939 1068 tanturn
957 1041 1056 1068 illumi-

271 1095 325 1123 nat,
342 1091 470 1117 luminare
489 1090 607 1124 profecto
629 1097 680 1116 non
695 1093 744 1116 est.
760 1089 901 1123 Propterea
915 1088 1056 1123 gentilibus

270 1143 376 1170 quoque
400 1135 465 1170 ipsis
488 1135 634 1161 deteriores
659 1141 719 1161 esse
741 1133 787 1166 ait,
815 1133 859 1167 qui
875 1133 1055 1168 proximorum

271 1181 381 1207 Salutem
405 1181 578 1214 ncgligercnt,
593 1179 634 1206 his
653 1179 742 1206 verbis
758 1187 764 1205 :
785 1178 815 1205 Si
829 1179 884 1212 qui:
898 1183 980 1213 autem
996 1185 1056 1203 suo-

270 1234 337 1258 rnm,
356 1230 378 1251 et
391 1225 499 1251 maxime
510 1225 700 1251 domesticorum
713 1223 895 1255 providentiam
910 1230 959 1248 non
980 1222 1053 1257 gerit,

271 1272 344 1306 fidem
368 1271 475 1306 negavit,
496 1275 517 1297 et
533 1275 567 1296 est
591 1270 688 1304 inﬁdeli
713 1270 822 1296 deterior
838 1269 875 1305 (i.
890 1269 993 1295 Tint.5.
1015 1269 1054 1303 8).

270 1318 337 1351 Quid
353 1318 422 1344 eniut
440 1317 489 1344 ltoc
503 1317 560 1344 IoCo
575 1316 745 1351 providentia
759 1316 866 1342 nomine
879 1315 919 1342 vis
931 1314 1056 1349 intelligi?

270 1372 303 1391 an
331 1364 443 1391 fortasse
470 1363 679 1390 necessariorum
706 1361 902 1396 largitionem?
927 1361 1055 1395 Equidem

270 1415 333 1447 puto
356 1411 441 1444 ipsutn
462 1417 552 1435 curam
578 1409 672 1435 animat
697 1407 854 1441 signiﬁcare.
881 1407 927 1433 Sin
942 1414 1003 1433 vero
1029 1411 1055 1433 ιιι

269 1456 447 1491 coxitrtitlieas,
461 1455 499 1481 sic
513 1461 618 1488 quoque
631 1461 687 1480 mea
703 1453 832 1480 sententia
850 1452 950 1478 firmior
965 1458 1055 1478 mane-

269 1502 318 1529 bit.
332 1501 398 1529 Nam
414 1501 435 1527 si
451 1500 484 1528 de
502 1507 616 1534 corpore
638 1500 694 1526 luce
709 1499 782 1530 dicit,
799 1506 912 1533 eumque
928 1497 973 1532 qui
988 1505 1055 1532 quo-

270 1549 395 1575 tidianum
413 1547 483 1574 hunc
496 1547 582 1574 cibum
594 1554 646 1572 non
663 1546 763 1580 pra-bet
778 1549 851 1572 tanto
864 1545 993 1579 supplicio
1009 1544 1057 1571 ad-

269 1593 344 1627 dixit,
358 1593 552 1628 gentilibusque
563 1592 722 1619 deteriorem
736 1599 797 1619 esse
808 1592 846 1618 ait
861 1600 866 1618 :
883 1599 935 1626 quo
948 1590 1055 1617 tandem

270 1640 296 1666 in
311 1640 368 1666 loco
381 1643 510 1665 statuetur
522 1638 553 1670 is,
569 1637 612 1672 qui
624 1640 694 1672 quod
710 1637 796 1671 majus
811 1638 947 1672 magisque
963 1643 1056 1663 neces-

267 1677 366 1703 sarium
381 1681 421 1703 est
437 1677 602 1704 contemnit?

304 1721 330 1748 5.
353 1721 479 1754 Quantum
497 1722 528 1748 sit
548 1723 642 1748 malum
657 1722 790 1749 liberarunt
801 1723 936 1757 neglectus.
951 1737 987 1742 —
1002 1723 1056 1756 Age

269 1765 357 1800 itaque
379 1767 566 1794 ratiocinemur
585 1767 618 1795 de
639 1769 737 1802 peccati
757 1769 839 1795 nostri
856 1768 1034 1802 magnitudine
1047 1788 1054 1801 ,

268 1820 299 1839 ac
311 1813 434 1847 paulatim
450 1814 622 1841 ascendentes
640 1815 809 1841 ostendanius
831 1814 973 1840 maximum
996 1823 1055 1841 om-

269 1860 341 1886 nium
356 1864 492 1894 peccatum
506 1868 565 1888 esse
579 1860 721 1887 liberormn
735 1861 893 1895 neglectum,
915 1865 941 1887 et
962 1861 993 1887 ad
1015 1861 1054 1895 ip—

269 1913 326 1932 sum
350 1905 457 1933 malitia:
482 1906 583 1940 apicem
607 1907 765 1940 pertingere.
789 1906 837 1933 Est
858 1906 935 1940 igitur
956 1907 1055 1941 primus

269 1951 387 1983 malitire,
400 1951 544 1986 iniquitatis
557 1956 584 1979 ct
596 1951 761 1979 crudelitatis
774 1952 881 1986 gradus,
896 1952 995 1980 amicos
1010 1960 1055 1980 as-

267 1997 372 2030 pernari
394 2005 400 2023 :
415 1997 477 2031 quin
493 2002 519 2023 ut
533 1997 566 2024 ad
582 1996 705 2024 inferiora
720 2005 869 2024 sermonem
882 1998 1053 2032 reducamus;

267 2041 292 2068 id
306 2042 375 2069 enim
391 2042 479 2075 nescio
494 2043 627 2081 quomodo
643 2050 686 2070 me
705 2050 772 2076 perte
792 2042 909 2077 fugerat;
925 2044 997 2078 prior
1012 2045 1054 2071 illa

267 2088 309 2115 lex
324 2088 421 2116 Judtcis
432 2089 501 2120 data,
519 2097 551 2116 ne
562 2089 680 2123 jumenta
696 2088 802 2123 quidem
816 2089 982 2116 inimicorum
1006 2098 1053 2117 ne-

267 2134 365 2169 gligere
380 2136 518 2169 perntittit,
535 2135 590 2161 sive
600 2134 756 2166 deciderint,
768 2135 823 2161 sive
833 2135 977 2162 erraverint
989 2145 996 2167 ;
1008 2136 1053 2163 sed

268 2179 323 2206 lucc
336 2179 441 2213 quidem
454 2179 591 2210 reducere,
608 2178 651 2205 illa
665 2186 728 2206 vero
743 2180 844 2214 erigere
857 2180 940 2214 jubet.
952 2181 1055 2208 Estita-

266 2232 316 2259 que
333 2225 441 2259 prinms,
457 2225 490 2251 ah
505 2224 601 2250 intimis
617 2224 791 2258 ascendendo,
804 2226 909 2252 malitim
922 2230 949 2253 et
961 2227 1054 2254 crude-

267 2270 347 2296 litatis
358 2271 463 2305 gradus,
478 2269 644 2296 inimicorum
657 2270 775 2303 jumcnta
794 2275 820 2297 et
841 2279 934 2305 pecora
955 2272 1052 2299 malmn

267 2323 391 2350 perpessa
405 2315 537 2350 negligere
563 2323 569 2341 :
588 2315 718 2342 secundus
733 2316 776 2343 illo
786 2317 916 2351 superior,
932 2317 1053 2345 inimicos

267 2363 340 2398 ipsos
351 2363 525 2397 ncgligcntius
537 2370 631 2389 curare
643 2372 649 2388 2
663 2368 761 2397 quanto
779 2364 849 2391 cnim
870 2364 948 2391 homo
970 2364 1054 2392 brutis

267 2412 385 2442 praestat,
398 2411 471 2434 tanto
487 2411 621 2442 peccatum
638 2408 687 2435 hoc
707 2408 791 2442 majus
810 2409 862 2435 illo.
878 2409 982 2436 Tertius
1000 2415 1052 2444 est,

267 2454 361 2480 fratres
374 2454 519 2487 aspernari,
535 2454 595 2482 licet
610 2454 690 2488 ignoti
705 2455 801 2481 fuerint
818 2464 823 2481 :
840 2461 958 2489 quartus,
975 2455 1054 2483 tinni-

267 2499 345 2527 liares
358 2507 463 2533 quoqtte
486 2499 622 2534 despicere
643 2509 649 2526 :
670 2500 787 2534 quintus,
811 2508 871 2527 cum
893 2509 946 2528 non
967 2502 1052 2528 solum

265 2551 386 2578 corpore,
401 2544 445 2570 sed
460 2544 538 2571 etiam
552 2545 637 2571 anima
649 2552 740 2572 eorum
755 2550 890 2580 pereunte,
904 2547 1053 2573 contemni-

266 2597 341 2616 mus:
355 2594 454 2624 sextus,
468 2598 526 2618 cum
542 2599 593 2618 non
609 2592 694 2618 solum
709 2591 891 2625 familiaribus,
907 2601 998 2620 verum
1011 2595 1052 2628 ip-

266 2635 304 2662 sis
317 2643 422 2670 quoque
436 2636 525 2663 liberis
541 2637 720 2671 pereuntibus,
731 2638 902 2672 negligimus:
913 2640 1051 2674 septimus,

265 2686 324 2706 cum
336 2688 383 2707 nec
396 2681 461 2708 alios
474 2681 517 2716 qui
530 2682 633 2709 illorum
647 2689 736 2711 curam
753 2683 850 2710 habere
863 2684 964 2718 possint
978 2692 1053 2719 qua--

265 2726 369 2754 rimus:
385 2732 503 2760 octavus,
518 2735 578 2755 cum
592 2733 618 2756 et
627 2736 684 2761 eos,
703 2728 749 2763 qui
767 2729 792 2755 id
813 2737 827 2756 a
847 2730 942 2764 seipsis
965 2729 1053 2758 facere

265 2772 412 2804 instituuntl
427 2780 548 2800 arcemus
566 2779 644 2809 atque
668 2774 838 2808 prohibemus
858 2784 863 2801 :
880 2782 974 2809 nonus,
991 2783 1051 2802 cum

262 2827 315 2846 tton
330 2823 429 2846 tantum
444 2820 502 2847 illos
521 2820 701 2854 prohibemus,
717 2820 763 2847 sed
784 2827 967 2856 oppugnamus
987 2829 1052 2855 quo-

261 2873 322 2900 que.
339 2865 429 2902 itaque
441 2866 462 2894 si
479 2865 602 2901 primum,
617 2866 761 2894 secundum
781 2871 807 2894 ct
823 2866 926 2894 tertium
943 2867 1050 2895 malitia:

641 168 668 196 S.
680 167 820 196 JOANNIS
841 166 1075 196 (lllRYSOSTOMI
1087 167 1243 195 ARCHIEP.
1259 168 1523 198 CONSTANTINOP.

1847 174 1899 201 352

1110 223 1187 258 hujus
1203 223 1321 259 gradum,
1339 229 1408 252 tanta
1430 226 1549 260 sequitur
1566 234 1652 260 poma,
1669 234 1692 254 et
1708 228 1752 262 qtti
1769 227 1827 255 illos
1840 238 1898 256 om-

1110 277 1157 296 nes
1170 274 1286 303 superat,
1303 270 1327 296 in
1341 278 1393 304 quo
1417 278 1463 297 vos
1478 271 1551 303 estis,
1573 279 1667 306 nempe
1687 280 1765 304 nouo,
1784 281 1898 308 quantus

1109 314 1176 349 ignis
1190 314 1336 342 destinatus
1351 316 1407 342 est?
1429 315 1562 348 Quinimo,
1587 324 1638 344 non
1662 322 1762 345 tantum
1788 327 1896 349 nonum.

1109 368 1158 386 nec
1171 360 1312 392 decimum,
1331 361 1378 387 sed
1393 361 1471 388 etiam
1487 361 1654 389 undecimum
1673 362 1734 396 jure
1753 371 1785 390 ac
1805 365 1898 392 merito

1108 413 1169 432 eum
1183 405 1510 440 appellaverisﬁurhoe?
1532 407 1598 440 Quia
1621 414 1674 434 non
1696 412 1788 435 natura
1811 409 1897 436 solent

1109 450 1160 478 hoc
1176 455 1310 485 peccatum
1323 459 1400 486 supra
1416 453 1567 479 memoratis
1576 453 1659 487 majus
1673 457 1723 486 est,
1738 454 1782 481 sed
1797 455 1898 482 ratione

1109 497 1237 531 temporis
1250 497 1367 532 gravius.
1384 497 1451 530 Quid
1466 498 1516 525 sibi
1527 498 1583 525 vult
1595 498 1668 532 illud,
1683 499 1785 527 ratione
1797 506 1898 534 tempo-

1109 542 1167 569 ris‘t
1180 543 1245 575 Quia
1259 543 1335 569 nobis
1350 543 1441 570 eadem
1456 544 1640 578 peccantibus,
1656 553 1714 579 qua:
1741 545 1758 572 ii
1784 546 1827 580 qui
1848 548 1897 573 sub

1109 587 1167 622 lege
1182 592 1267 620 crant,
1284 595 1335 614 non
1350 588 1420 622 paria
1436 589 1562 622 supplicia
1587 588 1727 622 debentur,
1751 591 1796 617 sed
1819 591 1897 625 longe

1108 635 1238 669 graviora,
1254 639 1352 668 quanto
1373 634 1473 662 scilicet
1494 635 1586 669 tnajori
1609 635 1679 661 dono
1701 636 1786 670 potiti,
1808 636 1896 670 perfe-

1108 680 1182 706 ctiori
1197 679 1317 706 doctrina
1333 679 1436 711 imbuti,
1452 679 1545 714 majori
1569 680 1667 707 honore
1685 680 1770 708 allecti
1792 689 1894 708 sumus.

1108 725 1173 753 Cum
1187 726 1265 760 igitur
1278 731 1370 752 natura
1382 730 1407 752 et
1418 726 1520 753 ratione
1535 727 1660 761 tentporis
1676 727 1725 754 hoc
1738 729 1824 755 scelus
1835 738 1895 763 gra-

1108 770 1245 797 vissimum
1267 771 1310 803 sit,
1326 771 1463 798 considera
1478 776 1601 805 quantam
1616 772 1748 799 flammam
1765 774 1790 800 in
1803 782 1895 801 eorum

1108 816 1204 851 capita,
1219 815 1262 850 qui
1275 815 1300 842 id
1314 821 1468 850 perpetrare
1485 816 1592 849 audent,
1618 816 1733 845 inducet.
1756 818 1830 852 Quod
1851 827 1897 846 au‘

1109 866 1161 889 tem
1175 869 1227 888 non
1242 866 1342 889 temere
1358 863 1392 889 ita
1407 862 1558 895 ratiocinor,
1575 871 1606 890 ex
1621 871 1650 891 re
1670 864 1726 898 ipsa
1746 865 1895 899 exemplum

1108 907 1227 940 all‘eram,
1244 912 1273 934 ut
1287 908 1386 939 sciatis,
1401 909 1504 935 tametsi
1525 915 1568 935 res
1590 913 1694 936 nostras
1712 918 1804 937 (llltnCS
1825 916 1896 938 recte

1108 953 1288 986 instituamus,
1300 953 1321 980 si
1337 953 1451 980 ﬁliorutn
1462 954 1573 980 salutem
1590 954 1761 988 negligantus,
1784 963 1831 982 nos
1848 963 1896 982 ex-

1109 1003 1206 1025 tremas
1232 998 1341 1026 daturos
1360 1006 1420 1026 esse
1441 1006 1543 1033 poenas.
1566 999 1640 1032 Quod
1669 1000 1743 1026 vobis
1767 1000 1895 1028 allatnrns

1108 1052 1178 1077 sum,
1195 1052 1246 1071 non
1262 1052 1293 1071 ex
1311 1045 1412 1079 Ineipso
1425 1044 1540 1079 profero,
1552 1045 1598 1072 sed
1612 1045 1637 1072 itt
1649 1045 1744 1072 divinis
1752 1045 1895 1080 Scriptmis

1105 1090 1186 1124 jacet.
1203 1089 1333 1117 Sacerdos
1348 1090 1454 1124 quidam
1468 1090 1535 1124 apud
1548 1090 1652 1117 Judtcos
1666 1095 1729 1123 erat,
1745 1091 1785 1118 vir
1802 1092 1895 1119 mode-

1109 1139 1182 1163 ratus
1196 1143 1227 1162 ac
1238 1136 1346 1170 probus,
1359 1136 1417 1162 llcli
1433 1137 1549 1163 nomine.
1562 1136 1627 1162 lluic
1642 1136 1695 1162 duo
1708 1141 1784 1163 erant
1798 1136 1874 1163 liberi
1888 1146 1893 1164 :

1108 1189 1174 1216 quos
1189 1189 1248 1207 cum
1260 1181 1361 1208 videret
1381 1181 1414 1208 ad
1432 1182 1496 1208 vitia
1520 1181 1660 1213 declinare,
1687 1189 1741 1208 non
1765 1181 1893 1215 cohibuit,

1108 1234 1160 1253 non
1176 1226 1307 1258 coercuit;
1335 1227 1387 1253 imo
1409 1227 1498 1261 potius
1517 1226 1636 1253 cohibuit
1658 1230 1684 1253 et.
1701 1227 1828 1259 coercuit,
1848 1227 1894 1254 sed

1108 1279 1160 1298 non
1175 1276 1271 1306 quanta
1285 1271 1418 1306 diligentia
1432 1276 1458 1298 ct
1468 1279 1528 1298 cura
1544 1279 1590 1305 par
1603 1275 1668 1298 erat.
1687 1271 1785 1298 llorum
1806 1276 1894 1298 autem

1108 1317 1165 1344 lucc
1178 1321 1252 1343 erant
1265 1316 1385 1347 crimina,
1402 1316 1540 1343 fornicatio
1554 1321 1581 1343 et
1593 1316 1663 1350 gula.
1680 1316 1798 1343 lidebant
1811 1317 1891 1350 enim,

1108 1361 1193 1395 inquit
1207 1361 1244 1395 (ί.
1257 1360 1320 1395 Reg.
1336 1361 1362 1387 ‘2.
1376 1361 1432 1395 16),
1447 1365 1587 1395 antequam
1604 1360 1832 1388 sanetiﬁcarentur
1853 1369 1895 1388 sa-

1108 1416 1160 1435 cra:
1170 1415 1275 1440 carnes,
1291 1408 1479 1442 etpriusquam
1493 1407 1636 1434 offerretur
1651 1407 1705 1434 Deo
1725 1407 1892 1434 sacriﬁcium.

1108 1453 1154 1480 His
1167 1453 1310 1487 compertis
1325 1457 1400 1487 pater
1420 1460 1473 1480 non
1493 1453 1552 1479 illos
1577 1459 1654 1487 pan
1677 1452 1821 1485 mulctatit,
1848 1452 1894 1479 sed

1108 1499 1194 1526 verbis
1207 1505 1234 1525 ct
1248 1499 1356 1526 monitis
1370 1499 1403 1525 ab
1422 1498 1470 1525 hac
1486 1498 1600 1532 nequitia
1616 1498 1687 1532 ipsos
1705 1505 1829 1524 revocare
1849 1505 1894 1524 co-

1109 1550 1185 1572 natus
1205 1549 1256 1577 est,
1269 1550 1346 1579 atque
1362 1544 1403 1571 his
1422 1543 1573 1578 frequenter
1583 1543 1670 1570 verbis
1683 1551 1728 1570 eos
1741 1543 1894 1578 alloqueba-

1108 1594 1151 1616 tur
1167 1599 1173 1616 :
1190 1589 1286 1622 Nolite,
1298 1590 1355 1623 ﬁlii,
1371 1589 1447 1616 nolite
1461 1589 1496 1616 sic
1508 1590 1589 1625 facere
1600 1596 1609 1615 :
1621 1597 1670 1615 non
1684 1588 1747 1615 bona
1761 1590 1830 1623 fatua
1842 1593 1892 1620 est,

1107 1643 1181 1669 quam
1192 1643 1237 1670 ego
1251 1635 1327 1660 audio
1342 1635 1372 1660 de
1385 1634 1462 1666 vobis,
1479 1639 1504 1660 ut
1520 1634 1618 1669 faciatis
1635 1634 1755 1668 populum
1772 1641 1820 1659 non
1840 1642 1894 1660 ser-

1109 1678 1160 1704 vire
1170 1677 1288 1704 Domino.
1302 1678 1331 1705 Si
1342 1677 1489 1714 delinquens
1501 1678 1635 1711 peccaverit
1647 1678 1683 1702 t't'r
1697 1677 1723 1702 in
1737 1684 1826 1708 virum,
1841 1684 1896 1702 ora~

1109 1725 1168 1751 bunt
1184 1733 1229 1758 pro
1244 1724 1288 1750 illo
1306 1723 1441 1750 Dominum
1450 1732 1460 1756 ,-
1475 1724 1514 1750 sin
1528 1728 1611 1749 autent
1626 1721 1737 1748 Domino
1760 1722 1897 1756 peccaverit

1108 1772 1192 1804 Itonia,
1206 1771 1261 1805 quis
1272 1778 1317 1805 pro
1331 1769 1375 1796 illo
1390 1770 1469 1796 orabit
1483 1769 1521 1804 (l.
1537 1768 1598 1803 Reg.
1611 1768 1637 1794 2.
1653 1767 1717 1802 ειη
1730 1767 1808 1793 Multi
1824 1770 1898 1793 certe

1108 1821 1148 1843 est
1159 1817 1273 1851 gravitas
1282 1823 1313 1843 ac
1326 1815 1473 1842 reverentia
1485 1814 1701 1848 vcrborum,qu.u
1715 1814 1798 1840 virum
1809 1817 1896 1839 mente

1109 1863 1248 1898 prmdittun
1272 1861 1305 1888 ad
1331 1862 1468 1889 meliorem
1492 1861 1592 1895 frugem
1615 1867 1738 1887 revocare
1761 1863 1867 1894 possent
1887 1867 1894 1885 :

1109 1917 1169 1936 nam
1183 1909 1284 1936 crimen
1299 1908 1385 1940 affert,
1400 1915 1432 1934 ac
1455 1906 1621 1934 tremendum
1642 1913 1701 1932 esse
1722 1905 1894 1935 demonstrat,

1108 1955 1259 1990 ingruentes
1274 1961 1337 1980 vero
1351 1961 1445 1987 pinnas
1458 1951 1637 1979 intolerabiles
1650 1955 1676 1978 et
1690 1950 1836 1977 horrendas
1846 1949 1895 1976 de-

1110 2000 1221 2028 nuntiat.
1242 2000 1365 2026 Attamen
1385 1999 1445 2033 quia
1466 1997 1592 2033 quidquid
1614 1996 1744 2031 agendum
1767 2000 1824 2023 erat
1843 2002 1895 2022 non

1108 2046 1236 2076 exhibuit,
1252 2045 1308 2079 ipse
1320 2052 1379 2072 eum
1394 2044 1445 2071 illis
1455 2051 1506 2070 una
1523 2043 1610 2078 periit.
1624 2042 1741 2076 Namque
1753 2042 1837 2068 minas
1847 2040 1895 2068 ad-

1108 2091 1171 2119 dere
1183 2091 1320 2123 debuerat,
1335 2098 1350 2117 a
1363 2094 1506 2124 conspectu
1523 2096 1571 2116 suo
1590 2095 1723 2118 amovere,
1742 2087 1895 2114 verberibus

1108 2137 1248 2171 castigare,
1269 2136 1405 2170 multoque
1428 2136 1478 2162 illis
1502 2135 1608 2170 gravius
1629 2138 1655 2162 et
1674 2133 1765 2161 durius
1787 2133 1893 2160 instare.

1108 2183 1173 2216 Quia
1188 2183 1266 2217 igitur
1279 2181 1343 2208 nihil
1359 2181 1453 2208 horum
1470 2181 1532 2215 egit,
1546 2180 1630 2211 Deum
1642 2183 1668 2206 et
1682 2179 1731 2205 sibi
1747 2183 1773 2205 et
1788 2179 1837 2205 illis
1847 2178 1896 2204 iui-

1108 2228 1204 2255 micum
1218 2227 1296 2255 fecit:
1312 2231 1392 2262 utque
1407 2226 1466 2258 ﬁliis
1481 2225 1665 2260 intempestive
1679 2229 1808 2259 parceret,
1823 2223 1895 2257 etip-

1108 2281 1198 2301 sorum
1210 2277 1238 2301 et
1251 2280 1324 2300 suam
1336 2272 1448 2299 salutem
1459 2271 1557 2298 amisit.
1573 2271 1641 2298 Audi
1657 2277 1720 2304 ergo
1741 2268 1803 2304 quid
1825 2268 1895 2294 dirat

1109 2319 1145 2346 illi
1161 2319 1247 2351 Deus;
1262 2319 1314 2345 imo
1329 2325 1393 2346 vero
1407 2325 1459 2345 non
1473 2317 1527 2352 jam
1552 2317 1600 2348 illi,
1622 2324 1707 2351 neque
1729 2316 1799 2342 enim
1823 2314 1894 2340 illum

1108 2371 1237 2399 responso
1253 2363 1359 2398 digitum
1375 2361 1633 2397 ampliusjiulieavit,
1649 2360 1694 2388 sed
1711 2365 1842 2394 tamquam
1861 2360 1892 2384 fa-

1109 2409 1207 2437 mulum
1223 2410 1266 2445 qui
1281 2417 1310 2436 se
1322 2409 1438 2444 graviter
1457 2408 1619 2440 offendisset,
1645 2414 1692 2441 per
1713 2406 1792 2432 alium
1814 2414 1895 2432 even-

1108 2461 1165 2483 tura
1178 2456 1226 2490 ipsi
1241 2454 1486 2489 malasigniﬁcavit.
1502 2453 1587 2480 Tanta
1612 2458 1673 2479 tunc
1695 2456 1754 2478 erat
1775 2451 1820 2477 Dei
1847 2451 1894 2476 ira.

1107 2500 1175 2527 Audi
1190 2500 1278 2534 itaque
1287 2499 1349 2534 quid
1365 2498 1397 2525 ad
1412 2498 1570 2533 discipulum
1585 2497 1618 2524 de
1630 2496 1754 2530 magistro
1764 2495 1894 2529 loquatur,

1107 2546 1236 2581 siquidem
1247 2550 1274 2574 et
1285 2545 1414 2580 discipulo
1428 2550 1454 2572 et
1471 2544 1548 2571 alteri
1565 2543 1709 2578 prophetae,
1730 2547 1756 2569 et
1773 2542 1896 2568 omnibus

1107 2593 1204 2628 politis,
1219 2600 1298 2627 quam
1311 2591 1357 2623 illi,
1373 2591 1406 2618 de
1420 2590 1508 2617 futura
1519 2590 1669 2616 calamitate
1688 2589 1746 2622 ejus
1767 2587 1893 2622 loqueba-

1107 2644 1150 2666 tur
1165 2648 1170 2664 :
1185 2638 1252 2666 adeo
1267 2638 1339 2665 illum
1353 2637 1385 2664 ad
1395 2641 1542 2664 extremum
1556 2635 1735 2662 aversabatur.
1752 2633 1819 2668 Quid
1834 2640 1895 2666 ergo

1107 2684 1191 2719 inquit
1203 2683 1338 2711 Samueli?
1353 2682 1465 2709 Noverat
1483 2680 1552 2716 quod
1566 2679 1753 2706 maledicercnt
1773 2678 1818 2704 ﬁlii
1838 2677 1896 2711 ejus

1108 2729 1173 2760 Deo,
1183 2733 1209 2755 ct
1223 2735 1276 2755 non
1289 2727 1414 2754 monebat
1424 2733 1485 2758 eos;
1503 2733 1554 2752 non
1568 2725 1607 2752 sic
1626 2730 1724 2757 tamen,
1744 2731 1805 2750 nam
1823 2726 1896 2749 certe

1108 2778 1256 2806 monuerat,
1271 2773 1317 2801 scd
1334 2773 1401 2800 hanc
1416 2773 1484 2800 Deus
1498 2780 1545 2807 pro
1559 2771 1739 2798 admonitione
1751 2778 1802 2798 nou
1818 2776 1895 2796 acce-

1107 2822 1154 2856 pit,
1170 2821 1235 2847 adeo
1251 2820 1322 2847 illam
1338 2818 1514 2854 improbabat,
1530 2818 1600 2853 quod
1616 2817 1780 2844 vehementia
1795 2815 1895 2842 caruis-

1106 2872 1155 2896 sct.
1173 2867 1262 2902 itaque
1281 2866 1301 2894 si
1325 2866 1384 2893 ﬁliis
1407 2865 1602 2901 provideamus,
1624 2864 1669 2892 Sed
1696 2871 1747 2891 non
1768 2867 1892 2898 quantum
