2064 3115
197 125 250 154 353

196 185 311 218 oportet.
326 187 421 208 nonea
438 183 510 207 certe
529 178 693 214 providentia
714 177 825 205 dicenda
845 181 895 207 est,
918 176 986 202 sicut

195 236 246 256 nec
258 227 302 254 illa
320 226 467 254 admonitio
477 225 545 252 Heli.
557 225 624 252 Cum
639 232 702 251 vero
718 225 818 251 crimen
840 226 984 251 narrasset.

195 278 250 302 tum
267 280 372 308 poenam
394 272 494 307 ingenti
515 279 574 298 cum
598 271 732 298 iracundia
752 270 863 297 induxit.
884 268 984 300 λιιι-τιυὶ,

195 320 278 352 enim,
290 318 383 353 inquit,
397 317 484 344 domui
497 317 566 348 Heli,
579 318 601 344 u'
615 322 741 352 peccatum
756 316 823 342 istud
835 315 922 342 domui
934 314 986 340 lle-

196 367 214 393 li
227 365 379 400 expiabilur,
394 365 444 391 sive
457 363 619 398 thymiamnle
640 363 691 389 sive
714 362 845 396 sacrificiis
865 368 941 395 usque
960 359 985 386 in

195 417 316 439 etei-num
330 410 367 446 (t.
385 410 448 444 Reg.
464 410 490 436 5.
508 408 699 444 M).Vidistinc
716 409 847 442 ingentem
864 407 985 439 indigna-

196 456 305 486 tionem,
317 462 476 490 poenamque
491 455 562 481 omni
576 461 624 488 spe
641 453 725 480 venia:
740 452 895 480 carentem?
908 452 986 478 Pror-

195 509 251 534 sus,
267 501 361 534 inquit,
376 500 448 527 illum
464 499 550 535 perire
563 502 676 533 oportet,
691 506 741 525 nec
755 498 839 532 ipsum
860 497 939 524 modo
960 500 987 523 ct

196 547 254 582 cjus
270 547 347 578 ﬁlios,
359 546 406 573 scd
419 554 478 573 cum
493 546 550 580 ipso
564 545 672 572 domum
694 545 854 576 universam,
873 543 987 570 nullum-

196 599 247 628 que
262 591 482 618 medicamentum
507 591 567 622 erit,
590 590 660 625 quod
683 589 777 616 vulnus
800 588 869 615 istud
892 595 986 614 curare

197 639 281 674 possit
297 647 303 664 :
320 638 381 665 licet
396 638 452 665 seni
469 638 505 664 illi
522 642 619 671 prmter
633 637 745 663 liliorum
760 636 907 669 neglectum
922 634 986 661 nihil

196 684 266 719 quod
279 683 383 710 crimini
395 683 470 710 daret
485 682 604 709 habuerit
616 682 693 708 Deus.
706 681 770 708 Erat
785 681 854 708 enim
867 681 892 707 in
907 683 988 707 ca‘te-

196 730 234 757 ris
247 729 369 755 omnibus
383 728 564 760 admirandus,
582 728 693 762 ejusque
717 727 909 760 philoszophiam
929 733 986 752 om-

197 782 257 801 nem
268 782 318 800 non
330 781 362 801 ex
371 774 429 800 aliis
443 774 532 805 modo,
547 773 593 800 sed
607 781 639 800 ex
656 773 687 799 iis
700 779 804 807 quoque
817 779 876 806 qua:
898 771 922 798 in
941 779 988 798 ca-

197 819 314 846 lamitate
329 820 507 854 contigerunt,
523 818 613 845 videre
626 822 676 845 est.
698 818 814 844 Primum
835 818 905 843 enim
926 825 986 843 cum

197 864 254 892 hmc
267 865 355 892 omnia
371 865 498 897 audisset,
511 872 591 899 seque
601 864 633 890 ad
647 871 798 899 supremam
814 871 917 898 poenam
928 871 986 897 per-

196 911 301 938 venisse
321 911 498 945 conspiceret,
521 917 574 936 non
596 910 722 944 graviter,
748 916 799 936 n0n
820 909 987 943 indignanter

198 957 266 989 tulit,
283 965 335 983 non
349 956 375 984 id
390 957 456 983 dixit
469 956 540 991 quod
557 957 661 991 plurimi
680 956 809 983 dixissent
825 964 831 982 :
850 955 915 982 Num
938 962 987 989 ego

198 1002 308 1030 aliorum
321 1002 465 1029 voluntatis
479 1002 602 1029 dominus
618 1002 697 1029 sum?
717 1001 887 1028 Peccatorum
912 1008 987 1028 meo-

198 1057 254 1076 rum
267 1056 357 1083 pceuas
374 1049 446 1076 luere
456 1048 540 1075 debeo
556 1057 563 1076 :
579 1048 623 1075 lilii
637 1052 742 1074 aetatem
761 1047 869 1079 habent,
885 1047 987 1081 ipsique

197 1094 248 1121 soli
262 1094 420 1129 supplicium
434 1099 578 1121 merentur.
590 1095 689 1120 llornm
703 1094 770 1120 nihil
786 1093 852 1120 dixit
866 1094 905 1120 vel
914 1093 987 1128 cogi-

198 1139 281 1172 tavit;
295 1139 340 1166 sed
355 1145 383 1165 ut
394 1147 486 1166 servus
500 1139 569 1166 bene
581 1139 701 1172 affectus,
716 1139 757 1165 cui
772 1138 797 1165 id
816 1146 896 1165 unum
913 1138 987 1165 cordi

198 1188 266 1216 erat,
280 1184 454 1211 utadomino
480 1185 568 1210 omnia
592 1184 665 1211 facile
686 1184 868 1218 patienterque
893 1183 985 1216 ferret,

198 1229 392 1263 quantumlibet
404 1230 446 1256 illa
461 1230 557 1256 acerba
574 1234 671 1262 essent,
686 1231 725 1256 sic
746 1230 789 1256 ille
804 1230 884 1257 verba
900 1229 986 1264 philo-

198 1273 298 1307 sophia:
314 1274 391 1308 plena
406 1275 525 1309 protulit.
547 1274 682 1307 Dominus,
706 1275 788 1307 enim,
815 1275 908 1309 inquit,
931 1279 987 1307 est;

198 1319 265 1353 quod
279 1324 378 1354 gratum
393 1325 429 1346 es!
442 1320 467 1346 in
478 1325 611 1355 conspectu
623 1328 667 1346 suo
678 1320 752 1355 faciet
763 1320 801 1355 (ί.
816 1319 879 1355 Reg.
894 1320 985 1354 5.18).

198 1363 255 1391 Non
271 1365 355 1391 solum
369 1370 456 1392 autem
471 1366 543 1398 hinc,
556 1365 602 1392 sed
617 1365 723 1392 aliunde
738 1373 843 1400 quoque
859 1365 916 1400 ejus
935 1365 988 1391 vir-

199 1413 242 1437 tus
256 1409 416 1444 deprehendi
433 1415 529 1445 potest.
544 1411 609 1437 Nam
632 1418 691 1437 cum
712 1410 782 1437 bello
804 1416 986 1444 premerentur

199 1455 293 1488 Judaei,
308 1455 488 1491 accedensque
503 1456 610 1491 quidam
626 1456 783 1483 bclliclades
793 1458 985 1490 annuntiasset,

199 1506 278 1536 utque
294 1502 405 1537 turpiter
419 1507 444 1529 et
459 1503 554 1529 misere
571 1502 627 1536 ejus
649 1502 695 1528 ﬁlii
716 1502 741 1528 in
765 1502 854 1536 prmlio
874 1503 986 1529 cecidis-

199 1552 267 1580 sent,
283 1548 339 1575 Ιιιιεο
353 1549 440 1581 quiete
453 1549 566 1580 audivit;
583 1553 609 1575 at
631 1549 674 1575 ubi
702 1549 745 1575 ille
769 1554 866 1583 pra‘ter
886 1549 985 1576 cmdcm

197 1594 348 1628 hujusmodi
361 1602 450 1621 arcam
464 1595 496 1622 ab
511 1595 629 1621 ltostibtts
650 1600 753 1629 captam
772 1594 852 1622 fuisse
871 1595 985 1630 adjecié-

197 1643 247 1670 set,
261 1644 323 1666 tunc
337 1648 449 1667 mwrore
464 1640 651 1667 obteuebratus
667 1648 747 1667 senex
760 1641 854 1667 cecidit
867 1640 900 1667 de
922 1641 986 1667 sella

197 1690 270 1712 retro
282 1685 355 1720 juxta
377 1686 495 1720 januam,
516 1691 542 1713 et
560 1687 702 1712 contritum
720 1691 761 1713 est
782 1686 890 1714 dorsum
906 1687 963 1719 ejus
978 1695 984 1713 :

197 1739 278 1758 senex
289 1732 359 1758 enim
374 1736 439 1762 erat,
453 1736 478 1759 et
489 1732 576 1766 gravis
586 1735 612 1758 ct
627 1731 798 1764 honorabilis,
808 1737 834 1758 ct
852 1732 906 1766 ipse
917 1732 987 1766 judi-

198 1777 267 1804 cavit
290 1777 368 1804 Israel
389 1778 479 1812 viginti
493 1778 579 1804 annis.
592 1777 666 1811 Quod
678 1778 699 1803 si
709 1777 872 1804 sacerdotem
884 1785 984 1811 sepem,

199 1822 392 1855 honorabilem,
413 1825 455 1858 qui
479 1824 537 1851 sine
557 1825 663 1858 querela
688 1824 858 1851 Hebratorum
880 1830 986 1859 gentem

199 1868 289 1902 viginti
310 1869 387 1895 annis
411 1874 528 1902 rexerat,
551 1870 594 1904 qui
611 1869 643 1896 iis
657 1869 818 1902 lemporihus
833 1870 905 1901 vixit,
928 1877 987 1904 qua:

199 1921 250 1941 non
268 1918 367 1940 tantam
383 1915 442 1941 vita:
456 1915 617 1949 diligentiam
630 1914 882 1949 requirebant,nihil
893 1915 986 1942 horum

199 1967 326 1987 excusare
344 1960 441 1994 potuit;
454 1961 498 1987 sed
512 1961 533 1987 is
549 1961 608 1994 quia
624 1959 736 1986 ﬁliorum
759 1967 848 1986 curam
874 1967 925 1986 non
947 1964 988 1986 sat

198 2005 340 2040 diligenter
351 2005 487 2037 habuerat,
502 2007 598 2033 misere
609 2011 633 2032 et
649 2001 788 2032 infeliciter
801 2006 887 2040 periit,
901 2013 987 2032 acue-

198 2050 329 2085 gligentim
340 2051 409 2077 illius
421 2051 522 2078 crimen
539 2051 621 2078 instar
633 2050 729 2078 ﬂuctus
745 2051 858 2085 ingentis
872 2051 915 2078 illa
929 2059 987 2078 oni-

199 2095 240 2122 nia
255 2096 428 2128 transcmdit,
443 2101 469 2123 et
485 2100 556 2123 recte
566 2095 633 2123 facta
645 2097 733 2123 omnia
747 2097 833 2124 obruit
848 2106 853 2122 :
867 2105 924 2131 qua.-
938 2105 987 2124 nos

199 2141 264 2168 ultio
276 2142 400 2177 excipiet,
415 2143 458 2177 qui
473 2142 513 2169 liis
523 2143 688 2177 temporibus
703 2143 827 2175 vivimus,
847 2143 872 2169 in
893 2143 988 2177 quibus

199 2187 284 2222 major
296 2188 463 2222 philosophia
479 2188 631 2223 requiritur,
644 2194 671 2216 et
682 2194 767 2216 tamen
781 2188 819 2215 illi
832 2188 928 2215 virtute
947 2189 989 2214 in-

200 2232 309 2260 feriores
323 2242 415 2260 sutuus
426 2242 433 2265 ;
445 2241 476 2260 ac
492 2242 543 2261 non
559 2234 639 2261 modo
652 2234 712 2261 ﬁliis
727 2242 781 2260 non
802 2234 986 2268 prospicimus,

199 2279 244 2305 sed
257 2279 337 2306 etiam
350 2280 417 2306 alios
430 2280 455 2306 id
475 2279 562 2307 facere
577 2281 690 2307 nitentes
715 2280 817 2306 insidiis
839 2280 989 2314 appetimus

200 2330 429 2360 etoppugnamus,
446 2333 477 2353 ac
492 2326 611 2354 barbaris
635 2326 806 2353 immanioros
827 2334 888 2361 erga
913 2331 989 2353 natos

200 2377 306 2399 nostros
321 2373 432 2400 sumus?
447 2372 553 2400 illorum
567 2373 663 2408 quippe
677 2373 768 2400 feritas
783 2381 866 2407 usque
879 2372 911 2399 ad
931 2380 988 2400 scr-

199 2419 307 2445 vitutem
322 2422 434 2449 t:mtum,
449 2423 475 2446 et
488 2420 636 2446 vastitatem
649 2427 680 2446 ac
691 2420 869 2454 captivitatem
887 2419 988 2454 patrim,

199 2470 380 2497 corporeaque
392 2464 458 2490 mala
473 2465 551 2491 sazvit
560 2473 567 2498 ;
577 2473 624 2492 vos
637 2471 724 2492 autem
739 2466 821 2499 ipsam
836 2465 951 2492 animam
964 2465 988 2492 in

199 2510 353 2536 servitutem
363 2510 491 2545 redigitis,
499 2519 610 2546 eamque
623 2512 691 2538 velut
702 2511 833 2545 captivum
844 2511 988 2545 alligatam,

200 2554 234 2580 ita
248 2554 368 2590 malignis
380 2554 495 2590 ferisque
512 2556 676 2583 diumOnibus
692 2564 837 2591 eorumque
852 2556 990 2582 affectibus

203 2599 316 2626 traditis.
328 2600 394 2627 Cum
421 2602 492 2629 enim
516 2610 602 2636 neque
624 2603 674 2637 ipsi
698 2602 832 2637 quidpiam
855 2602 991 2637 spirituale

203 2645 326 2679 uiatietis,
343 2653 429 2681 neque
449 2647 516 2674 alios
535 2648 559 2674 id
573 2648 710 2683 cupientes
725 2647 810 2675 facere
828 2648 990 2682 permittitis,

204 2691 267 2718 nihil
284 2692 401 2726 profecto
415 2693 486 2721 aliud
513 2694 599 2729 agitis.
624 2694 678 2722 Nec
704 2694 768 2721 mihi
791 2694 862 2721 dicat
885 2694 990 2727 aliquis,

205 2737 313 2771 multos,
327 2739 372 2774 qui
384 2739 443 2774 plus
458 2747 535 2774 quam
553 2740 609 2767 lleli
634 2740 702 2767 ﬁlios
723 2739 893 2775 neglexerant
904 2761 911 2773 ,
928 2739 991 2767 nihil

204 2783 292 2811 simile
315 2792 409 2819 passos
423 2792 492 2813 esse.
515 2785 587 2812 Militi
607 2786 678 2813 enim
696 2793 768 2819 saepe
787 2785 822 2813 ob
842 2785 991 2820 hujusmodi

205 2828 308 2864 culpam
322 2830 401 2858 etiam
415 2830 447 2858 iis
456 2830 576 2866 graviora
592 2831 661 2867 passi
675 2835 746 2859 sunt.
762 2830 827 2858 Nam
841 2830 911 2858 unde
925 2839 991 2866 prae-

571 121 748 150 ADVERSUS
763 115 1035 148 OPPUGNATORES
1055 117 1145 145 \'iT.E
1164 118 1308 147 MONAST.
1330 119 1394 146 LIB.
1415 117 1460 148 ΙΙΙ.

1781 122 1834 150 554

1042 179 1153 202 matura:
1168 175 1285 202 mortes?
1299 175 1369 202 unde
1381 175 1530 210 gravissimi
1545 178 1572 202 et
1585 175 1736 210 frequentes
1746 177 1831 206 morbi

1040 225 1066 247 et
1077 221 1154 248 nobis
1165 226 1190 248 et
1203 221 1293 249 liberis
1319 222 1417 249 nostris
1439 222 1608 249 inferuntur?
1628 223 1699 250 unde
1723 222 1828 251 damna

1040 267 1109 294 unde
1123 268 1296 301 calamitates,
1308 269 1376 296 unde
1397 275 1566 300 nocumenta,
1582 269 1652 297 unde
1667 270 1735 296 mala
1753 270 1795 296 iur.
1810 279 1814 284 ν

1040 312 1130 339 mera?
1145 321 1234 340 nonne
1248 315 1317 348 quod
1333 315 1468 348 improbos
1492 316 1560 342 filios
1582 317 1723 343 emendare
1747 325 1793 347 ne:
1810 326 1825 339 :-

1039 358 1151 392 gamus?
1165 359 1238 391 Quod
1253 359 1308 386 haec
1321 365 1407 387 autem
1429 369 1480 387 non
1506 362 1656 396 conjectura
1682 362 1731 393 sit,
1759 369 1828 387 St‘lll:

1040 403 1110 429 illius
1124 411 1201 429 casus
1217 404 1280 430 satis
1296 406 1420 431 ostendit.
1438 406 1494 439 Ego
1510 415 1572 433 vero
1590 407 1718 441 sapicniis
1739 407 1829 442 cujus—

1039 449 1099 475 dam
1113 457 1144 475 cx
1164 450 1263 476 nostris
1277 449 1326 477 hac
1340 451 1372 478 de
1398 460 1426 478 re
1447 452 1544 479 dictum
1570 454 1681 480 referam
1699 462 1704 479 :
1721 453 1754 480 de
1770 453 1830 479 tihis

1039 495 1109 521 extim
1122 495 1265 525 disserens,
1277 497 1310 522 ita
1326 496 1442 530 lnquitur
1455 506 1460 522 :
1476 497 1614 524 Nalwteris
1625 499 1649 524 in
1662 499 1721 532 filiis
1733 499 1830 532 impiis;

1039 541 1088 566 nisi
1103 542 1177 575 fuerit
1191 541 1217 567 in
1228 541 1279 568 illis
1297 541 1345 567 Dei
1367 543 1449 574 (inter,
1467 551 1498 569 ue
1516 544 1629 577 con/idus
1646 544 1748 571 illorum
1773 545 1829 571 vita!

1039 586 1130 620 (Eccli.
1148 587 1189 614 16.
1209 588 1274 622 1-5).
1291 588 1449 623 lngemisces
1457 590 1526 616 enim
1541 597 1700 625 pra‘malttrn
1713 591 1830 622 lnctu,ct

1039 631 1181 666 derepente
1197 633 1300 660 illorum
1316 636 1544 669 con~uniptiouem
1559 637 1637 663 scies.
1655 637 1762 662 Plurimi
1779 637 1829 671 igi-

1039 681 1091 709 tur,
1107 683 1134 704 ut
1145 678 1209 710 dixi,
1227 679 1307 705 multa
1322 680 1452 713 ejusmodi
1469 681 1537 714 passi
1553 686 1624 707 sunt.
1642 682 1669 707 Si
1681 687 1767 707 autem
1779 682 1828 707 ali-

1039 725 1082 759 qui
1107 725 1263 759 effugerint,
1279 731 1305 752 at
1328 734 1379 752 non
1406 727 1430 753 in
1454 727 1532 754 finem
1557 728 1683 762 ciTugiettt
1700 729 1717 757 ί,
1736 728 1783 755 sed
1803 729 1828 755 in

1039 771 1132 805 capitis
1144 772 1183 798 sui
1198 773 1313 803 malum;
1328 773 1479 800 aee-rbiores
1492 774 1573 806 enim,
1590 782 1649 800 cuin
1665 775 1828 802 excesserint

1039 824 1054 843 e
1067 817 1130 847 vita,
1145 826 1237 853 poenas
1251 819 1330 846 luent.
1348 819 1400 846 Cur
1414 826 1513 851 autem,
1528 821 1641 854 inquies,
1655 830 1705 847 non
1721 822 1761 847 hic
1774 830 1829 848 om-

1039 872 1086 891 nes
1098 865 1256 899 puniuntur?
1271 865 1336 899 Quia
1354 867 1421 892 Deus
1435 867 1503 894 diem
1519 869 1621 900 statuit,
1635 876 1684 902 qua
1698 868 1830 902 judicatu-

1039 918 1084 937 rus
1097 914 1137 937 est
1150 911 1241 938 orbem
1258 912 1407 938 universum
1423 922 1429 939 :
1447 912 1504 939 hare
1522 920 1608 940 autem
1631 913 1688 940 dies
1712 914 1829 940 nomium

1039 956 1124 983 adest.
1140 957 1179 983 Ad
1192 957 1250 984 ba'c
1262 965 1324 984 vero
1341 958 1362 984 si
1384 958 1419 984 ita
1443 958 1525 989 ﬁeret,
1539 959 1592 992 jam
1610 959 1778 992 absumptum
1803 965 1830 985 et

1039 1003 1175 1036 abreptum
1191 1009 1261 1030 esset
1272 1012 1350 1030 omne
1368 1011 1451 1037 genus
1472 1003 1628 1030 humanum.
1651 1004 1702 1031 Sed
1729 1009 1756 1030 nt
1781 1012 1830 1030 uec

1040 1047 1090 1074 hoc
1106 1049 1250 1082 contingat,
1266 1056 1314 1076 uec
1330 1049 1435 1082 plurimi
1451 1050 1587 1083 segniores
1606 1049 1669 1075 ﬁant
1686 1057 1721 1076 ex
1747 1049 1828 1075 tardi-

1040 1097 1093 1119 tate
1106 1093 1208 1126 judicii,
1222 1093 1348 1128 quosdam
1362 1095 1429 1121 Deus
1442 1094 1557 1128 peccatis
1573 1094 1703 1121 obnoxios
1717 1094 1758 1120 hic
1774 1101 1829 1128 poe-

1039 1139 1081 1165 nis
1095 1139 1223 1171 afﬁciens,
1236 1139 1330 1166 horum
1346 1141 1467 1174 exemplo
1481 1141 1598 1175 reliquos
1608 1141 1695 1173 docet,
1707 1148 1828 1174 qua-nam

1039 1183 1074 1210 sit
1087 1184 1274 1218 suppliciorum
1289 1186 1356 1212 ratio
1369 1193 1400 1212 ac
1413 1193 1546 1217 mensura,
1558 1191 1585 1212 ut
1595 1186 1725 1218 ediscant,
1737 1193 1775 1217 se,
1788 1190 1828 1212 cl-

1039 1230 1062 1257 si
1077 1230 1102 1256 in
1119 1231 1167 1256 hac
1181 1231 1232 1257 vita
1246 1239 1336 1265 pcnnas
1349 1239 1399 1258 non
1416 1232 1499 1264 luant,
1516 1237 1574 1266 post
1588 1239 1725 1259 excessum
1740 1237 1827 1259 tamen

1040 1275 1116 1310 longe
1136 1277 1272 1310 graviores
1293 1277 1429 1304 subituros
1451 1285 1520 1304 esse.
1543 1277 1634 1312 Neque
1661 1278 1730 1304 enim
1757 1278 1827 1312 quod

1039 1321 1195 1356 prophetam
1210 1330 1279 1349 nunc
1294 1330 1346 1349 non
1362 1324 1448 1349 mittat
1463 1323 1544 1356 Deus,
1558 1330 1607 1349 nec
1621 1330 1711 1356 pmnas
1724 1322 1828 1349 denun-

1039 1367 1087 1393 tiet
1101 1371 1127 1393 ut
1144 1367 1200 1394 Heli
1216 1372 1345 1401 tempore,
1359 1368 1417 1394 ideo
1428 1367 1532 1394 desides
1543 1375 1601 1394 esse
1616 1367 1741 1394 debemus
1756 1377 1762 1394 :
1775 1375 1828 1394 non

1039 1413 1109 1440 enim
1124 1413 1310 1448 prophetarum
1337 1414 1387 1440 hoc
1409 1418 1513 1448 tempus
1536 1419 1595 1445 est;
1618 1414 1670 1440 imo
1694 1421 1757 1440 vero
1782 1420 1828 1440 eos

1038 1466 1109 1485 nunc
1122 1466 1226 1493 quoque
1241 1459 1330 1486 mittit.
1347 1458 1434 1494 [Unde
1446 1459 1470 1485 id
1489 1459 1565 1486 nobis
1576 1459 1654 1493 liquet
1666 1459 1676 1484 ?
1689 1458 1788 1484 [labent
1803 1459 1823 1490 ',

1038 1504 1131 1538 inquit,
1146 1504 1259 1539 Moysem
1270 1509 1293 1530 ιιι
1307 1504 1534 1540 praphelus](Luc.
1551 1505 1593 1531 16.
1607 1505 1664 1539 ‘29).
1678 1505 1711 1530 Ea
1727 1504 1824 1537 quippe

1039 1558 1098 1585 qua:
1111 1551 1181 1577 illius
1201 1551 1327 1585 temporis
1350 1551 1412 1577 viris
1434 1550 1503 1577 dicta
1529 1555 1599 1583 sunt,
1624 1550 1699 1576 nobis
1721 1557 1827 1584 quoque

1038 1597 1106 1624 dicta
1121 1601 1192 1629 sunt,
1209 1604 1258 1624 nec
1272 1596 1352 1623 modo
1364 1597 1430 1629 llcli,
1446 1596 1491 1623 sed
1507 1597 1630 1622 omnibus
1645 1596 1720 1622 simul
1733 1595 1826 1621 eadem

1039 1642 1210 1677 peccantibus
1226 1650 1272 1676 per
1287 1642 1358 1669 illum
1374 1649 1471 1676 perque
1486 1641 1554 1668 illius
1566 1641 1728 1668 Citlﬂlllilﬂle
1743 1641 1827 1675 loqui-

1040 1693 1082 1715 tur
1094 1689 1172 1715 Dcus.
1184 1688 1238 1716 Nec
1253 1689 1322 1715 enim
1341 1696 1466 1722 personas
1480 1688 1585 1721 accipit,
1601 1695 1649 1714 nec.
1663 1687 1705 1721 qui
1725 1688 1824 1714 minora

1039 1740 1193 1770 peccantem
1206 1743 1264 1761 cum
1279 1735 1422 1761 domotota
1442 1733 1558 1760 funditus
1580 1733 1684 1765 evertit,
1707 1733 1825 1767 graviora

1039 1789 1178 1816 aggressos
1193 1781 1306 1807 dimittet
1318 1780 1426 1806 iimltos.

1074 1827 1101 1854 4.
1124 1827 1201 1862 Leges
1220 1826 1405 1853 educaudorum
1421 1825 1554 1851 liberorum
1568 1824 1620 1850 Deo
1635 1823 1708 1850 dulce.
1724 1839 1759 1843 —
1769 1824 1824 1850 Non

1039 1873 1108 1900 enim
1122 1873 1211 1899 dicere
1226 1871 1264 1898 fas
1277 1876 1326 1902 est,
1342 1879 1401 1898 etim
1414 1878 1465 1897 non
1481 1870 1589 1896 multam
1603 1870 1681 1902 hujus
1695 1870 1731 1895 rei
1747 1869 1828 1895 ratio-

1039 1926 1099 1945 nem
1124 1918 1231 1950 habere,
1248 1924 1376 1943 summam
1392 1916 1498 1950 quippe,
1516 1914 1710 1941 educandorum
1733 1914 1828 1940 libero-

1039 1971 1097 1991 rum
1111 1963 1312 1990 sollicitudinem
1328 1962 1426 1988 inducit
1443 1970 1448 1986 :
1466 1960 1595 1995 siquidem
1614 1964 1711 1986 tantam
1727 1965 1827 1986 na'urze

1040 2009 1278 2043 concupiscentiam
1298 2008 1357 2034 ideo
1378 2007 1480 2039 indidit,
1504 2013 1530 2034 ut
1546 2006 1618 2041 quasi
1642 2005 1826 2032 necessitatem

1040 2056 1179 2092 quamdam
1196 2055 1374 2082 inevitabilem
1384 2062 1453 2080 cura)
1468 2054 1580 2080 filiorum
1592 2051 1719 2078 habendm
1731 2058 1830 2085 pari-n-

1040 2104 1108 2130 tibus
1128 2102 1301 2130 constitueret.
1326 2109 1331 2127 :
1358 2101 1428 2134 leges
1442 2099 1503 2126 item
1516 2098 1681 2133 postmodum
1698 2095 1829 2123 iutulitde

1040 2156 1101 2175 cura
1114 2148 1226 2174 ﬁliorum
1241 2145 1355 2181 gerenda
1370 2153 1417 2172 nos
1432 2144 1570 2180 alloquens
1583 2152 1590 2170 :
1606 2148 1629 2170 et
1649 2150 1709 2169 cum
1721 2142 1777 2169 dies
1789 2141 1829 2168 fe-

1040 2198 1095 2220 stos
1108 2197 1246 2224 statueret,
1269 2196 1297 2218 ut
1309 2198 1402 2217 causas
1418 2190 1476 2216 ﬁliis
1488 2190 1543 2216 suis
1555 2188 1701 2214 indicarent
1717 2187 1830 2221 impera-

1041 2240 1087 2266 vit.
1110 2239 1174 2265 Nam
1190 2245 1249 2264 cum
1269 2237 1302 2264 de
1319 2236 1448 2263 Paschate
1464 2235 1625 2268 loqueretur,
1646 2232 1742 2266 adjecit
1763 2240 1769 2258 :
1800 2230 1831 2256 fit

1041 2284 1200 2312 auuunliabis
1227 2284 1280 2318 [ilio
1307 2289 1347 2309 tuo
1368 2283 1393 2308 in
1423 2281 1463 2307 die
1486 2280 1531 2307 illa
1556 2279 1639 2306 dicens
1661 2286 1670 2304 :
1687 2277 1750 2303 ldro
1774 2276 1831 2310 fecit

1042 2331 1111 2358 Deus
1126 2331 1186 2356 milii
1209 2330 1271 2360 Iura,
1285 2337 1341 2355 cum
1359 2328 1451 2354 exirem
1462 2325 1492 2352 de
1509 2324 1634 2359 Egyplo.
1652 2323 1678 2349 lu
1694 2323 1750 2356 lege
1764 2329 1831 2355 quo-

1041 2386 1092 2413 que
1113 2377 1225 2411 idipsum
1255 2375 1338 2402 facit:
1362 2381 1421 2400 nam
1450 2372 1483 2399 de
1502 2369 1682 2405 primogenitis
1709 2368 1832 2402 loquutus

1042 2431 1133 2452 rursus
1166 2423 1254 2457 adjicit
1283 2430 1289 2448 :
1323 2420 1353 2447 Si
1377 2424 1458 2446 autem
1492 2415 1678 2451 interrogat-erit
1708 2419 1731 2440 te
1765 2413 1833 2445 ﬁlius

1043 2476 1111 2503 tuus,
1125 2469 1227 2496 dicens:
1246 2467 1312 2500 Quid
1328 2467 1373 2492 hoc
1388 2465 1443 2492 est?
1456 2464 1522 2490 diCt’S
1535 2462 1568 2488 ad
1581 2469 1646 2489 eum.
1661 2460 1726 2493 Quid
1740 2459 1765 2484 iu
1776 2466 1832 2483 nia-

1044 2524 1076 2542 nu
1091 2515 1173 2542 valida
1188 2515 1273 2541 eduxit
1286 2521 1330 2539 nos
1346 2511 1466 2538 Dominus
1482 2510 1512 2536 de
1530 2508 1643 2543 [Egyplo
1660 2515 1691 2533 ex
1701 2507 1765 2541 jugo
1781 2513 1834 2530 ser-

1044 2561 1138 2588 vitutis.
1152 2559 1213 2587 Cum
1222 2567 1278 2585 vero
1292 2555 1564 2584 obdurarclurPlutrao
1576 2561 1620 2579 nec
1631 2552 1765 2578 Pimitteret
1778 2558 1834 2581 nos,

1045 2607 1136 2634 occidit
1144 2614 1217 2632 omne
1225 2604 1416 2640 primogeuilmn
1425 2602 1449 2628 iu
1457 2606 1522 2627 terra
1528 2599 1635 2634 {Egypli
1642 2607 1656 2623 a
1666 2595 1836 2632 priiuogunitia

1045 2652 1175 2679 hominum
1188 2658 1265 2684 usque
1273 2649 1306 2675 ad
1318 2647 1482 2683 prium/lenita
1488 2647 1670 2681 junteulorum.
1683 2641 1782 2668 Μάνη)
1791 2648 1836 2674 eg.)

1078 2709 1085 2725 ³
1104 2713 1158 2733 ΗἘο
1169 2707 1253 2736 verba,
1265 2708 1288 2730 at
1300 2711 1345 2730 nan
1357 2704 1382 2729 iu
1392 2702 1465 2735 ﬁnem
1481 2702 1605 2734 e/ﬂzgieut,
1618 2701 1641 2725 tu
1654 2698 1734 2723 Morel.
1747 2702 1838 2722 tantum

1045 2740 1224 2766 desiderantur.
1603 2762 1608 2767 ,
1660 2761 1666 2766 ,

1078 2772 1088 2786 ³
1105 2774 1167 2798 Ila'c,
1182 2768 1248 2794 inde
1259 2767 1285 2793 id
1298 2765 1364 2792 nobis
1375 2762 1468 2794 ἱιηιιειῖ)
1492 2763 1592 2798 liceant,
1600 2763 1683 2798 ιηίιξίιι,
1698 2761 1839 2798 Μίῖυξέἶηὲηῗέ

1047 2791 1345 2831 νπόρῆξιῖιίςξᾴῦίὸιίίιιίὶιυε
1356 2791 1452 2831 abstttlt_,
1461 2800 1529 2831 exegi
1540 2797 1564 2829 to
1576 2791 1656 2831 novel.
1670 2798 1676 2815 :
1689 2797 1744 2822 qua:
1756 2793 1839 2820 aperta

1049 2824 1267 2863 estriaterp'olatio;
1280 2834 1355 2860 quare
1368 2827 1461 2852 uncinis
1472 2824 1622 2849 seclusimus.
