2064 3115
244 112 297 139 355

244 168 346 196 ininirla
370 167 480 195 Domino
497 175 569 195 omne
584 167 751 194 masculinum
770 167 916 201 adaperiam
939 167 1036 193 vulvam

244 213 341 248 (lima.
351 213 423 240 l3.8.
434 213 475 240 Μ.
489 213 533 246 15)
547 221 553 239 :
565 212 652 239 omnia
664 216 691 238 ut
702 219 748 238 eos
757 211 789 238 ad
802 212 847 238 Dei
858 211 1036 246 cognitionem

243 258 378 286 adducant
392 258 563 293 praecipiens.
573 258 624 285 Sed
634 262 660 285 et
669 258 732 292 ipsis
740 266 845 293 quoque
856 258 916 285 ﬁliis
925 258 1036 292 plurima

243 303 314 330 circa
337 310 394 336 eos,
417 303 460 338 qui
474 310 503 330 se
517 308 676 338 genuerunt,
702 303 824 337 imperat,
841 303 909 330 bene
929 303 1037 331 affectos

246 349 391 383 honorans,
411 349 529 384 ingratos
548 349 680 384 supplicio
697 348 816 376 afﬁeicns
830 358 837 377 :
859 349 907 376 hac
918 350 980 375 item
995 357 1037 375 ra-

246 395 317 422 tione
330 395 449 422 cariores
468 395 527 421 illos
543 394 698 429 parentibus
713 393 784 421 facit.
799 393 863 420 Nam
879 394 900 420 si
915 394 974 428 quis
989 401 1036 420 cu-

242 440 359 476 juspiain
375 448 423 468 nos
444 441 619 467 constitueret
632 440 765 472 dominos,
786 440 887 467 honore
903 441 953 467 isto
965 448 1037 466 suni-

245 493 316 513 mam
328 485 405 524 nobis
420 486 606 519 necessitatem
619 486 768 520 imponeret
789 494 820 512 ne
832 485 904 512 illum
920 485 1036 520 neglige-

245 539 336 559 remus
353 532 469 559 :etenim
485 533 507 559 si
521 531 584 559 nihil
597 531 678 564 aliud,
695 532 758 558 illud
773 536 845 558 certe
865 539 912 558 nos
926 539 1037 558 exorare

245 581 346 612 posset,
362 577 432 612 quod
452 577 523 604 illius
544 577 634 604 omnia
649 577 748 604 nostris
764 577 789 604 in
803 577 923 604 manilius
936 581 1036 609 essent,

245 631 296 651 nec
315 624 392 651 nobis
410 623 542 651 creditum
564 628 592 650 ut
607 623 780 658 prodercmus
795 631 917 657 umquam
943 621 1037 649 adduci

248 676 398 703 possemus.
409 668 476 696 Cum
489 673 577 696 autem
589 673 680 703 postea
690 669 768 695 etiam
785 669 924 700 irascatur,
943 668 1038 702 inagis-

247 721 298 748 que
309 721 386 747 quam
398 714 447 748 ipsi
456 714 624 741 contumeliis
636 713 702 744 lmsi,
715 713 875 748 indignetur,
889 720 1038 747 gravesque

250 766 342 794 pmnas
355 759 445 792 addat,
462 759 523 786 hinc
536 766 641 794 quoque
661 758 744 785 multo
762 759 844 793 magis
866 759 898 785 ad
922 758 1037 784 ofﬁcium

248 804 393 839 pertraliat.
409 804 485 837 Quod
500 805 585 839 ipsnni
602 805 671 831 Deus
693 805 823 838 pra-stitit.
849 804 889 831 Ad
903 804 960 831 luet:
977 811 1038 830 vero

248 850 354 876 tertium
378 854 479 876 natura:
505 850 638 876 vinculum
654 849 784 884 atljunxit,
801 849 841 876 siti
863 850 948 876 mavis
960 870 967 881 ,
983 849 1037 883 pri-

249 903 320 922 mum
339 905 345 922 :
366 903 397 922 ac
408 904 441 922 nc
456 895 567 922 illiusde
578 895 723 922 educandis
737 895 825 922 liberis
839 895 938 922 monita
949 899 1038 930 patres

247 945 569 975 asperiiareiitnr,natur:n
580 940 681 967 addidit
696 941 889 968 necessitatem.
899 940 936 967 Nc
950 946 1037 968 autem

249 985 292 1012 illa
308 985 420 1012 ﬁliorum
436 985 539 1019 injuriis
564 979 721 1012 imbecillior
743 985 837 1012 effecta
860 990 1036 1020 rumperetur,

247 1036 274 1058 et
284 1039 358 1057 suam
372 1037 398 1058 et
408 1036 545 1066 parentum
561 1032 687 1058 ultionem
700 1031 811 1059 liriiiiter
825 1032 971 1064 constituit,
988 1031 1038 1059 hoc

247 1077 326 1103 modo
347 1082 374 1103 et
396 1077 455 1104 illos
476 1085 580 1104 summa
594 1078 763 1104 aceuratione
776 1077 896 1104 subditos
911 1077 1037 1111 reddens,

247 1123 381 1150 etlioruin
405 1131 467 1157 erga
493 1123 560 1150 ﬁlios
582 1131 701 1150 amorem
727 1124 857 1150 excitans.
882 1123 973 1158 Neque
988 1123 1038 1151 hoc

247 1173 364 1200 tantum;
379 1169 425 1195 sed
439 1169 490 1195 alio
503 1177 608 1204 quoque
625 1174 651 1196 et
663 1175 758 1204 quarto
774 1170 852 1196 modo
866 1177 968 1197 summa
989 1177 1038 1197 nos

247 1214 299 1240 illis
313 1213 448 1248 diligentia
462 1214 600 1248 conjunxit
615 1224 620 1241 :
635 1223 687 1242 non
703 1219 802 1242 tantum
812 1216 883 1243 enim
896 1216 964 1242 filios
976 1223 1037 1250 erga

248 1264 370 1293 parentes
384 1250 597 1294 ingratosptﬁnis
608 1259 700 1292 :iflieit,
714 1253 892 1295 liouos‘autein
903 1260 1038 1295 amplexa-

248 1310 304 1336 tur;
327 1313 417 1331 verum
434 1305 499 1340 ipsis
514 1313 618 1340 quoque
638 1305 792 1339 parentibus
815 1306 841 1332 id
858 1305 941 1340 ipsum
964 1306 1036 1338 facit,

247 1349 390 1377 liberorum
416 1351 564 1384 neglectum
579 1350 694 1384 graviter
712 1351 852 1382 ulciscens,
869 1359 960 1378 eorum
975 1358 1038 1378 vero

246 1403 336 1422 curaui
353 1401 378 1423 et
392 1397 595 1424 sollicitudinem
615 1396 716 1424 honore
729 1401 756 1424 et
768 1397 890 1424 laudibus
904 1397 1035 1424 al‘lieiens.

246 1440 364 1475 Namque
377 1449 468 1468 senem
486 1442 559 1468 illum
572 1443 675 1469 tametsi
685 1443 751 1469 alias
761 1443 888 1470 illustrem
902 1451 934 1471 ex
948 1444 1038 1477 hujus-

248 1487 318 1513 inodi
341 1492 441 1514 tantum
465 1489 622 1523 negligentia
645 1489 757 1524 punivit,
784 1490 958 1524 patriarcliain
974 1497 1038 1517 vero

247 1540 298 1560 non
315 1533 401 1560 minus
415 1541 447 1560 ex
469 1533 529 1566 hac,
556 1541 638 1572 quani
656 1541 686 1561 ex
711 1534 770 1573 aliis
783 1535 864 1566 euris,
889 1535 1035 1562 honoravit.

246 1578 312 1606 Cum
333 1579 402 1605 enim
419 1572 499 1606 multa
516 1587 662 1614 magnaque
676 1579 744 1607 dona
760 1580 812 1611 illa,
829 1588 888 1614 qum
898 1588 926 1606 se
940 1580 975 1606 illi
989 1580 1038 1606 da-

247 1629 333 1651 turum
355 1624 538 1658 pollicebatur,
560 1631 708 1658 enarraret,
731 1630 757 1652 et
778 1633 884 1652 causam
900 1626 1035 1660 adj'ceret,

247 1670 316 1697 lianc
328 1670 428 1697 addidit
442 1679 448 1696 :
469 1670 594 1697 Noverunt
615 1672 697 1703 enim,
716 1671 810 1706 inquit,
826 1671 892 1705 quod
906 1672 1038 1697 constituet

247 1716 373 1742 Abraham
398 1716 457 1750 filiis
472 1717 533 1748 suis,
558 1722 579 1743 et
594 1717 679 1743 domui
694 1725 748 1743 siue
761 1723 815 1751 post
835 1725 900 1748 eunt,
917 1722 938 1743 ct
952 1722 1036 1743 custo-

248 1762 315 1788 diant
329 1763 380 1788 nias
397 1762 497 1788 Domini
513 1762 569 1794 Dei,
595 1767 622 1788 ut
639 1763 866 1797 faciantjustitiunt
880 1768 902 1788 et
913 1763 1037 1797 judicium

248 1807 323 1842 (Gen.
342 1808 383 1834 18.
399 1808 452 1841 19).
471 1808 532 1835 Haec
543 1812 631 1835 autem
642 1816 655 1834 a
669 1815 710 1834 me
722 1816 790 1834 nunc
804 1807 862 1834 ideo
873 1815 1037 1835 coniinemoq

248 1858 348 1885 rantur,
370 1857 398 1879 ut
411 1853 543 1880 discamus
563 1854 645 1880 Deum
661 1861 713 1879 non
727 1861 803 1887 teque
822 1853 910 1879 animo
923 1853 1036 1880 laturum

247 1906 305 1925 esse
316 1899 337 1925 si
354 1899 389 1925 illi
405 1899 581 1934 negligantur,
594 1899 637 1933 qui
650 1904 727 1925 tantm
741 1899 789 1933 ipsi
805 1907 875 1925 cura:
892 1903 962 1925 sunt.
983 1899 1036 1926 Nc-

247 1952 298 1979 que
311 1945 380 1971 enim
402 1945 471 1972 idem
496 1945 552 1979 ipse
568 1949 655 1980 potest
675 1950 745 1971 tanta
762 1953 809 1979 pro
824 1945 927 1978 illorum
951 1946 1037 1973 salute

247 1990 362 2024 operari,
389 1995 468 2025 atque
490 1990 512 2017 si
533 1991 568 2017 illi
585 1991 751 2025 negligantur
767 1991 832 2017 nihil
847 1998 951 2018 curare.
977 1990 1035 2018 Non

248 2036 335 2070 itaque
358 2036 487 2070 negliget,
515 2037 561 2063 sed
587 2037 775 2071 indignabitur,
801 2036 847 2063 sed
866 2037 1036 2064 vehementer

248 2081 386 2113 irascetur,
413 2086 439 2108 ut
455 2089 486 2108 ex
503 2082 582 2108 rebus
598 2082 662 2116 ipsis
676 2082 885 2108 demonstratum
901 2087 951 2108 cst.
966 2082 1037 2114 Qua-

249 2131 357 2160 propter
371 2127 463 2153 bealus
478 2127 572 2154 Paulus
586 2128 684 2162 jugiter
705 2127 829 2154 admonet
844 2127 935 2154 dicens
951 2136 957 2153 :
982 2127 1036 2154 Pa-

248 2177 306 2204 tres,
334 2174 437 2199 ctlucute
458 2174 524 2207 ﬁlios
539 2179 630 2200 vestros
648 2174 674 2200 in
694 2173 828 2207 disciplina
842 2178 863 2199 ct
882 2174 1038 2208 correptione

248 2216 350 2244 Domini
374 2217 480 2252 \E'pltrs.
497 2219 522 2246 6.
540 2218 577 2254 ιι).
603 2219 628 2245 Si
647 2218 717 2245 enim
733 2225 780 2245 tios
792 2218 916 2252 jubeniur
931 2219 1036 2253 vigilare

249 2271 295 2298 pro
315 2264 452 2290 animabus
469 2271 561 2290 eorum
582 2268 716 2297 tamquam
741 2263 870 2290 rationein
897 2264 1034 2296 reddituri,

247 2308 331 2334 multo
344 2309 425 2342 magis
442 2316 523 2342 pater,
537 2309 580 2343 qui
597 2309 697 2342 genuit,
719 2308 762 2342 qui
775 2308 906 2341 educavit,
921 2309 964 2343 qui
976 2317 1036 2335 eum

247 2353 293 2380 illo
305 2353 375 2380 domi
389 2361 496 2388 semper
507 2359 605 2380 manet.
620 2354 847 2387 Quemadmodum
861 2355 931 2381 enim
945 2356 968 2382 in
983 2356 1037 2382 suis

247 2398 349 2425 delictis
360 2406 412 2425 nou
426 2403 512 2433 potest
524 2399 556 2425 ad
570 2392 771 2426 excusationem
785 2405 811 2426 ct
825 2401 925 2427 veniam
942 2400 1019 2427 contu

247 2451 318 2478 gere,
335 2444 369 2470 ita
384 2452 432 2470 nee
447 2444 471 2470 in
485 2444 526 2476 iis,
538 2452 597 2478 qua:
611 2444 657 2471 ﬁlii
672 2445 838 2480 deliquerint.
852 2445 931 2480 quue
945 2452 1036 2472 rursus

247 2490 339 2516 beatus
349 2489 568 2516 Paulusdeclarat
577 2491 613 2526 (l.
621 2489 688 2517 Tim.
697 2491 723 2517 3.
733 2491 769 2526 4).
778 2491 842 2518 Cum
850 2493 919 2518 enim
928 2493 972 2519 ille
981 2492 1037 2528 lege

246 2534 363 2562 sanciret
373 2535 521 2576 cujusniodi
536 2543 594 2562 esse
609 2535 737 2563 deberent
754 2537 769 2563 ii
783 2537 827 2572 qui
841 2538 952 2564 aliorum
964 2539 1038 2574 prin-

246 2581 361 2615 cipatum
383 2581 491 2614 adeunt,
511 2589 569 2608 ctllll
585 2582 643 2608 aliis
659 2583 791 2616 omnibus,
808 2591 866 2618 qua:
879 2584 930 2610 illis
945 2592 1038 2610 neces-

246 2627 317 2653 sario
331 2627 417 2654 inesse
432 2627 573 2660 debebant,
587 2627 700 2656 ﬁliorum
721 2637 825 2664 quoque
839 2638 929 2656 curaui
943 2631 1036 2664 exigit,

245 2672 321 2707 quasi
335 2673 467 2707 nullajam
482 2674 580 2708 reliqua
596 2682 657 2710 spes
670 2675 754 2702 venia:
768 2676 812 2708 sit,
830 2677 851 2702 si
865 2675 902 2702 illi
919 2677 1036 2711 perversi

245 2717 344 2745 fuerint
359 2718 471 2754 :etjure
482 2720 598 2754 quidem.

283 2764 323 2792 Ea:
337 2766 464 2800 proposito
486 2767 556 2801 probi
575 2772 597 2794 ct
615 2768 721 2801 improbi
741 2768 868 2802 efﬁcimur.
884 2783 917 2787 —-
933 2768 997 2794 Nam
1015 2769 1036 2795 si

247 2819 278 2839 ex
292 2817 384 2839 natura
400 2812 461 2840 vitia
478 2813 631 2841 hominibus
643 2814 773 2848 inessent,
791 2814 885 2842 merito
903 2814 1034 2850 quispiam

616 111 644 138 S.
664 110 802 138 .lOANNlS
821 109 1057 138 (IllﬂYSOSTOMl
1078 109 1236 138 AllClllEP.
1258 109 1525 140 CONSTANTlNOP.

1829 113 1880 142 356

1090 165 1123 193 ad
1138 166 1335 194 excusationem
1346 167 1499 202 confugeret
1515 177 1521 194 :
1536 167 1661 202 quoniam
1673 172 1761 195 autem
1775 176 1806 195 ex
1821 177 1881 203 pro-

1091 211 1177 246 posito
1196 217 1222 238 et
1243 211 1356 247 improbi
1376 218 1403 240 et
1418 213 1492 247 probi
1512 212 1653 246 efficimur,
1676 221 1754 248 quam
1774 214 1879 240 tandem

1091 257 1134 284 illc
1149 257 1345 285 excusationem
1370 259 1466 292 poterit
1486 258 1641 292 obtendere,
1657 259 1702 293 qui
1722 267 1800 293 quem
1822 268 1880 286 um-

1091 303 1163 330 niuni
1185 303 1299 330 maxime
1318 303 1413 338 diligit,
1430 305 1544 338 perverti
1565 310 1644 339 atque
1659 305 1810 339 improbum
1825 305 1880 332 ﬁcii

1091 349 1228 384 permisit?
1239 350 1278 376 An
1293 350 1362 384 quod
1377 341 1492 377 noluerit
1504 358 1564 377 eum
1577 351 1687 385 probum
1703 342 1835 378 reddere?
1849 353 1881 379 At

1091 403 1179 426 nemo,
1194 396 1239 429 qui
1262 400 1336 430 pater
1350 396 1393 428 sit,
1412 396 1470 423 haec
1489 396 1600 428 dixerit,
1617 404 1677 423 cum
1693 402 1786 424 natura
1802 396 1881 424 instet

1090 440 1122 466 ad
1140 440 1189 466 hoc
1200 440 1315 467 ofﬁcium
1334 440 1407 467 illuni
1427 448 1511 475 usque
1525 441 1658 468 excitans.
1675 441 1727 468 Sed
1747 441 1815 469 forte
1828 450 1880 469 non

1090 486 1195 520 potuit?
1210 485 1301 520 Neque
1316 485 1366 512 hoc
1377 486 1428 513 diei
1443 491 1530 520 potest
1545 495 1550 513 :
1568 494 1628 513 nam
1643 486 1714 521 quod
1730 495 1790 514 eum
1806 491 1880 514 tene-

1091 539 1148 558 rnni
1163 532 1306 565 acceperit,
1321 536 1347 558 et
1361 531 1431 566 quod
1451 532 1552 566 primus
1566 537 1592 559 et
1612 532 1685 560 solus
1703 532 1728 558 in
1743 540 1790 559 sua
1805 537 1879 567 pote-

1090 582 1158 604 state
1173 581 1199 604 et
1219 577 1269 603 sibi
1284 578 1457 604 commissum
1477 577 1611 610 habuerit,
1632 584 1789 612 semperque
1809 577 1880 604 domi

1090 628 1252 654 versantem,
1274 623 1349 650 facile
1370 631 1401 650 ac
1414 623 1496 655 nullo
1518 624 1624 657 negotio
1643 623 1728 658 ipsum
1747 623 1880 650 moderari

1091 669 1184 702 poltlll.
1205 668 1295 703 Itaque
1313 668 1383 695 nulla
1404 668 1455 695 alia
1474 667 1509 695 de
1529 675 1606 695 causa
1624 668 1740 702 perversi
1765 668 1881 695 evadunt

1092 715 1177 745 liberi,
1189 714 1239 741 nisi
1250 715 1319 748 quod
1334 719 1421 749 patres
1435 715 1504 742 circa
1516 715 1656 750 prmscntis
1668 715 1728 742 vita:
1741 715 1879 742 commoda

1091 759 1232 786 lttsﬂtilttttl.
1247 759 1312 785 Cum
1329 760 1399 786 enim
1415 760 1448 786 ad
1467 760 1511 786 illa
1531 761 1617 787 solum
1632 760 1784 794 respiciant,
1800 759 1880 786 nihil-

1091 812 1142 839 que
1165 804 1216 830 illis
1234 804 1426 838 piare-rendam
1446 809 1582 838 censeant,
1599 810 1626 832 et
1645 813 1721 832 Sll‘tln
1744 805 1841 840 pariter
1854 810 1881 832 et

1091 850 1233 876 liberorum
1254 850 1370 876 animam
1391 851 1523 885 negligere
1543 855 1682 885 coguntur.
1700 850 1752 878 llos
1769 858 1818 885 ego
1832 858 1880 885 pa-

1092 899 1154 925 tres,
1175 894 1245 929 quod
1270 902 1349 921 nemo
1374 899 1462 922 tamen
1484 904 1526 922 iiic
1548 895 1585 922 ira
1609 899 1773 922 commotum
1792 895 1881 922 dicere

1091 942 1233 973 existimet,
1244 941 1358 968 tilioruni
1369 942 1531 968 occisoribus
1542 942 1727 969 sceleratiores
1739 949 1798 969 esse
1807 942 1880 968 dixe-

1091 987 1150 1014 rim.
1166 986 1204 1014 Illi
1222 988 1293 1014 enim
1308 995 1405 1022 corpus
1419 989 1452 1014 ab
1465 987 1554 1014 anima
1572 992 1706 1022 separant,
1723 987 1765 1014 isti
1783 992 1808 1014 ct
1823 987 1880 1013 ani-

1090 1039 1161 1059 mam
1176 1037 1202 1059 et
1221 1039 1318 1066 corpus
1337 1033 1466 1066 gehennze
1486 1033 1554 1067 ignis
1575 1032 1689 1059 tradunt.
1710 1032 1783 1059 Illam
1799 1039 1880 1067 porro

1093 1082 1205 1104 mortem
1227 1078 1338 1104 naturali
1356 1078 1413 1113 lege
1438 1078 1527 1105 subire
1542 1086 1651 1105 necesse
1665 1083 1716 1110 est,
1733 1078 1799 1104 hanc
1815 1084 1879 1105 vero

1089 1123 1207 1157 eﬁ'ugerc
1223 1123 1330 1156 licebat,
1346 1123 1394 1150 nisi
1410 1124 1492 1158 ipsam
1514 1129 1616 1158 patrum
1637 1123 1794 1158 negligentia
1810 1123 1880 1149 intu-

1091 1168 1174 1195 lissct.
1189 1167 1226 1195 Ad
1243 1169 1298 1195 limc
1310 1173 1421 1195 mortem
1433 1169 1550 1203 corporis
1564 1168 1709 1195 adveniens
1720 1169 1880 1195 resurrectio

1090 1215 1142 1241 cito
1156 1214 1246 1242 delere
1262 1215 1374 1249 poterit,
1392 1215 1486 1241 animm
1502 1222 1564 1241 vero
1578 1215 1712 1240 interitum
1728 1213 1792 1240 nihil
1807 1214 1878 1240 sola-

1090 1261 1160 1288 bitur
1177 1269 1183 1287 :
1200 1268 1285 1295 neque
1301 1261 1371 1287 enim
1385 1260 1457 1287 salus
1478 1260 1549 1286 illam
1564 1265 1706 1294 exceptura
1721 1264 1772 1291 est,
1787 1267 1879 1286 verum

1090 1306 1254 1334 lllltt'tOl‘lalCS
1267 1306 1311 1333 ille
1325 1313 1416 1341 punias
1430 1306 1582 1333 necessario
1596 1306 1658 1332 luet.
1671 1305 1760 1339 Itaque
1773 1313 1824 1331 non
1840 1304 1879 1331 in-

1087 1353 1155 1387 juria
1169 1357 1255 1386 patres
1266 1345 1415 1386 liujusmodi
1429 1352 1542 1378 liliurum
1557 1351 1721 1377 occisor-ibus
1732 1349 1880 1377 deteriores

1090 1406 1149 1426 esse
1164 1398 1321 1425 dixerimus.
1338 1397 1395 1425 Non
1409 1399 1443 1424 ita
1459 1397 1566 1424 crudele
1581 1396 1683 1423 facinus
1696 1401 1745 1428 est,
1761 1395 1877 1430 gladium

1089 1450 1184 1470 acuere
1199 1447 1225 1469 ct
1245 1450 1348 1469 armare
1368 1443 1514 1473 dexteram,
1528 1443 1607 1477 inque
1627 1442 1712 1476 ipsum
1731 1441 1776 1468 lilii
1789 1445 1879 1475 guttur

1090 1490 1257 1524 immergere,
1274 1494 1300 1516 ut
1314 1490 1429 1516 animam
1447 1489 1577 1523 perimere
1592 1493 1671 1522 atque
1686 1495 1857 1521 corrumpere
1870 1495 1876 1513 :

1090 1543 1175 1570 neque
1190 1535 1261 1562 cnim
1275 1534 1336 1561 huic
1349 1534 1459 1561 facinori
1474 1542 1521 1568 par
1537 1534 1672 1568 quidpiam
1687 1537 1737 1559 est.

1124 1581 1150 1610 ὃ.
1169 1581 1238 1608 Varii
1260 1581 1349 1608 salutis
1372 1582 1477 1616 gradus.
1493 1595 1528 1599 —
1540 1579 1608 1613 Quid
1631 1579 1728 1613 igitur?
1747 1586 1781 1605 an
1798 1578 1819 1605 is
1833 1578 1878 1612 qui

1089 1628 1222 1655 civitatein
1237 1627 1337 1660 incolit,
1354 1627 1398 1661 qui
1408 1626 1515 1653 domum
1530 1625 1608 1652 habet
1619 1630 1645 1652 et
1658 1633 1778 1653 uxorem.
1790 1625 1878 1651 salvus

1089 1682 1149 1702 csse
1164 1682 1216 1701 non
1238 1674 1353 1708 poterit?
1367 1673 1437 1700 Sane
1459 1681 1510 1698 non
1529 1679 1596 1698 unus
1611 1671 1703 1698 salutis
1718 1670 1812 1697 modus
1825 1675 1878 1702 est,

1090 1727 1183 1746 verum
1200 1719 1275 1746 multi
1291 1726 1321 1745 ac
1335 1719 1410 1744 varii.
1424 1717 1499 1751 Quod
1521 1716 1627 1751 quidem
1648 1716 1768 1743 Christus
1784 1715 1878 1741 indeli-

1090 1766 1143 1793 nitc
1156 1765 1219 1792 dicit
1230 1785 1236 1795 .
1253 1765 1350 1791 multas
1365 1764 1466 1790 scilicet
1479 1771 1538 1790 esse
1554 1762 1622 1796 apud
1638 1762 1745 1788 Patrem
1757 1761 1876 1787 mansio-

1089 1819 1136 1837 nes
1149 1810 1320 1844 pronuntiaus
1329 1817 1336 1841 ;
1345 1809 1441 1836 Paulus
1449 1816 1510 1834 vero
1518 1816 1577 1834 cuni
1587 1807 1755 1834 distinctione
1763 1806 1875 1840 quadam

1091 1856 1126 1883 ila
1137 1855 1242 1882 scribit:
1253 1855 1309 1881 Alia
1323 1854 1425 1881 claritas
1439 1854 1509 1884 solis,
1525 1853 1576 1878 alia
1589 1852 1690 1878 claritas
1701 1852 1778 1883 Iunw,
1792 1855 1815 1876 et
1827 1851 1878 1876 alia

1088 1902 1190 1928 claritas
1206 1900 1330 1927 stellarum
1343 1900 1433 1926 :stella
1448 1901 1512 1924 enim
1523 1907 1538 1924 α
1548 1898 1618 1924 stella
1630 1896 1714 1930 cli/fert
1728 1897 1753 1922 in
1764 1896 1879 1923 claritate

1090 1946 1128 1981 (l.
1140 1946 1193 1973 Cor.
1215 1946 1253 1973 I5.
1266 1945 1323 1979 ιι).
1335 1945 1409 1978 Quod
1419 1949 1505 1971 autem
1520 1943 1582 1970 dicit
1596 1942 1746 1977 linjusuindi
1761 1947 1801 1968 cst
1816 1942 1876 1968 :alii

1088 1991 1194 2026 quidem
1208 1990 1343 2025 fulgebunt
1354 1995 1379 2016 ut
1391 1990 1441 2020 sol,
1453 1989 1495 2015 alii
1509 1988 1614 2019 utluna,
1625 1988 1668 2013 alii
1681 1993 1707 2013 ut
1720 1987 1813 2013 stellx.
1825 1986 1877 2013 Sed

1089 2044 1142 2064 non
1152 2037 1193 2064 hic
1201 2037 1273 2063 stetit
1282 2035 1439 2067 differentia,
1450 2035 1495 2061 sed
1506 2035 1529 2061 in
1540 2034 1580 2060 liis
1590 2034 1653 2068 ipsis
1662 2041 1783 2068 magnam
1792 2038 1878 2059 osten-

1088 2082 1126 2109 dit
1135 2090 1193 2109 csse
1203 2082 1366 2114 varietatem,
1378 2085 1528 2114 tantamque
1537 2083 1660 2114 quantam
1673 2079 1697 2105 in
1709 2083 1781 2105 tanto
1791 2079 1878 2104 stella-

1089 2134 1148 2153 tum
1162 2134 1272 2153 numero
1285 2126 1436 2159 contingere
1451 2133 1496 2160 par
1507 2129 1556 2151 est.
1572 2124 1653 2151 Stella
1667 2124 1742 2155 enim,
1755 2124 1849 2157 inquit,
1862 2131 1878 2148 η

1088 2173 1161 2201 stella
1169 2172 1251 2205 cli/fert
1262 2173 1287 2198 in
1296 2172 1416 2199 claritate.
1426 2171 1560 2205 Perpende
1572 2170 1649 2204 igitur
1657 2178 1670 2195 ιι
1679 2170 1743 2196 solis
1753 2169 1878 2202 tiiagiiitu-

1089 2218 1151 2245 dine
1166 2218 1197 2245 ad
1210 2218 1327 2244 ultimam
1339 2218 1474 2244 stellarum
1487 2216 1641 2247 decurrens,
1655 2216 1680 2241 in
1692 2219 1755 2249 quot
1768 2213 1879 2248 dignita-

1091 2270 1145 2291 tuni
1161 2264 1256 2298 gradus
1268 2264 1415 2290 descendas
1428 2267 1556 2297 oporteat.
1567 2261 1706 2295 Quomodo
1721 2269 1772 2286 non
1785 2261 1878 2286 absur-

1089 2309 1151 2336 dum
1168 2309 1192 2336 id
1207 2309 1293 2339 fuerit,
1306 2308 1374 2343 quod
1390 2309 1411 2334 si
1426 2308 1451 2334 iii
1466 2308 1562 2342 regiam
1579 2308 1660 2333 lilium
1674 2307 1798 2337 adducas,
1813 2305 1878 2331 nihil

1090 2363 1141 2382 non
1155 2363 1216 2390 agas
1229 2360 1255 2382 ct
1269 2355 1387 2390 patiaris,
1400 2355 1538 2389 ipsumque
1553 2354 1584 2380 ad
1597 2354 1665 2380 idem
1674 2353 1825 2383 faciendum
1840 2352 1879 2378 iii-

1090 2401 1180 2433 ducas,
1196 2404 1224 2427 ut
1244 2409 1338 2435 nempe
1354 2401 1407 2435 regi
1427 2408 1440 2427 a
1457 2400 1539 2427 latere
1555 2400 1637 2434 possit
1650 2407 1719 2430 esse,
1738 2406 1787 2425 nec
1801 2405 1831 2425 ca
1845 2398 1880 2424 de

1090 2454 1168 2473 causa
1184 2447 1317 2481 quidpiaui
1331 2446 1517 2480 subterfugias,
1531 2454 1582 2472 non
1598 2450 1729 2480 sumptus,
1742 2452 1792 2470 non
1809 2444 1879 2478 peri-

1090 2493 1158 2523 cula,
1176 2501 1226 2519 non
1241 2497 1351 2520 mortem
1367 2493 1465 2527 ipsum;
1480 2500 1539 2519 cum
1555 2497 1641 2518 autem
1660 2491 1774 2518 caelestis
1788 2490 1878 2516 militia

1091 2539 1166 2566 nobis
1188 2537 1381 2565 consideranda
1403 2543 1429 2565 et
1453 2537 1601 2572 expetenda
1622 2541 1796 2571 proponatur,
1813 2535 1876 2561 nihil

1090 2584 1182 2612 doleas
1199 2585 1220 2610 si
1242 2589 1390 2610 extremum
1405 2583 1530 2610 sortiatur
1547 2584 1645 2613 locum,
1661 2583 1748 2616 sitque
1761 2581 1879 2617 omnium

1091 2630 1269 2658 novissimus?
1285 2630 1391 2661 Verum.
1407 2630 1428 2656 si
1443 2629 1487 2656 tibi
1501 2629 1614 2661 videtur,
1631 2634 1656 2655 et
1671 2629 1721 2656 hoc
1736 2629 1821 2662 ipsum
1838 2627 1878 2653 ii.-

1092 2677 1244 2711 spiriaiuus,
1268 2685 1329 2703 nuui
1351 2676 1382 2707 is,
1404 2676 1447 2710 qui
1472 2676 1496 2702 in
1518 2675 1605 2702 medio
1631 2682 1718 2702 rcrtmi
1744 2679 1874 2703 versatur,

1092 2723 1174 2757 pessit
1188 2722 1258 2748 illam
1274 2726 1373 2749 sortem
1389 2721 1508 2756 adipisci.
1532 2721 1627 2748 Beatus
1651 2720 1757 2755 quidem
1781 2719 1878 2746 Paulus

1092 2768 1197 2795 brevem
1213 2767 1245 2795 de
1261 2767 1311 2794 hoc
1331 2767 1488 2794 sententiam
1509 2766 1576 2799 tulit,
1594 2773 1693 2800 eosque
1715 2765 1759 2799 qui
1780 2764 1878 2791 habent

1094 2821 1199 2846 agures,
1218 2821 1269 2840 non
1283 2813 1358 2840 aliter
1371 2812 1457 2840 salvos
1468 2819 1526 2840 esse
1540 2819 1618 2847 posse
1632 2811 1785 2844 declaravit,
1801 2817 1879 2845 quam
