2064 3115
231 83 284 110 357

231 140 252 166 si
266 147 310 166 eas
326 140 360 167 ita
374 140 501 168 baberent
516 147 648 178 tamquam
661 152 712 171 non
728 145 865 178 habentes,
880 151 904 172 et
921 146 1020 172 mundo

232 194 284 212 non
300 185 483 214 abuterentur.
499 188 553 215 Nos
566 195 665 222 autem,
681 191 702 216 si
718 191 812 224 placet.
827 191 877 217 hoc
889 191 1021 226 disquira-

232 239 301 258 tuus.
317 232 431 259 Potesne
442 233 542 267 dicere,
556 235 597 261 vel
610 239 636 263 te
646 241 771 263 monente
781 236 914 264 audivisse
929 237 1020 268 tilium,

214 310 216 314 ν
233 278 272 304 vel
287 285 302 304 a
318 278 407 312 seipso
419 279 562 311 didicisse,
584 288 645 307 eum
665 281 710 316 qui
725 282 813 316 jurat,
837 283 940 310 etiamsi
962 290 1021 310 cum

233 324 335 351 ratione
349 324 530 359 inretrBeum
545 331 632 354 tamen
645 327 801 355 offendere?
812 328 854 356 An
869 329 930 356 item
943 337 1003 357 cum
1013 350 1021 361 ,

232 369 277 402 qui
292 369 447 403 injuriarum
462 372 635 405 recordatur,
661 373 765 400 salvum
781 381 841 401 esse
859 382 912 401 non
927 374 1023 409 posse?

233 425 294 444 nam
313 417 382 450 Vite,
408 418 507 453 inquit,
527 420 713 446 recordantium
730 421 849 455 injurias,
871 421 904 447 ad
918 426 1023 448 mortem

235 462 325 495 (Prov.
342 463 384 490 12.
400 463 459 498 28).
477 465 516 491 An
528 485 534 496 ,
551 465 620 499 quod
637 465 796 493 maledicum
812 467 845 493 ita
860 466 1022 493 dehonesta-

234 508 300 534 verit
315 508 392 538 Deus.
411 514 439 535 ut
451 517 511 536 cum
527 517 541 535 a
554 510 650 537 divina:
664 512 808 545 Scriptura:
820 512 934 538 lectione
946 519 1023 538 arce-

234 552 293 579 ret?
307 560 350 585 an,
367 554 436 587 quod
448 560 616 589 arrogantem
630 560 656 592 et
669 557 889 583 contumeliosum
905 557 937 583 de
952 556 1024 583 cadis

234 599 412 625 exturbaverit
423 619 431 631 ,
456 605 482 626 et
495 600 624 634 geltennte
640 601 708 635 ignis
721 601 879 628 tradiderit?
892 609 935 633 an,
953 602 1023 636 quod

234 651 295 671 eum
308 645 352 678 qui
366 644 509 678 impudicis
522 646 633 680 respicit
646 646 740 678 oculis,
757 647 833 681 quasi
846 654 908 673 vere
919 647 1024 674 adulte-

236 696 293 715 rum
308 690 418 722 puniat?
430 691 473 717 An
487 690 611 725 frequens
626 691 689 718 illud
703 696 730 718 et
741 692 864 719 omnibus
875 692 952 719 facile
963 699 1025 726 pee-

235 739 322 761 catum
334 755 342 766 ,
368 736 502 770 proximos
523 744 619 771 nempe
635 737 754 771 judicare
767 742 793 764 et
805 738 844 764 sic
858 738 963 772 gravius
975 737 1024 765 sibi

213 794 214 797 η
237 781 394 815 supplicium
408 782 553 814 attrahere,
569 788 598 810 ut
616 783 719 818 fugeret
733 784 869 816 monuisti,
884 789 911 810 et
926 784 997 818 leges
1010 791 1025 810 a

237 826 343 853 Christo
358 827 408 854 hac
421 829 456 854 de
469 835 498 855 re
518 829 618 863 positas
631 829 681 863 ipsi
696 829 801 863 legisti?
812 838 844 856 an
859 834 886 856 tu
906 830 973 864 ipse,
992 836 1026 856 ne

236 873 259 899 si
268 874 397 900 exsistant
407 874 525 908 quidem,
538 875 606 901 nosti
615 875 627 901 ?
636 875 756 909 Quonam
768 883 832 910 ergo
842 876 921 904 modo
931 876 1027 909 poterit

236 926 267 944 ea
282 915 351 946 filius
365 920 493 954 perlicere
503 928 637 955 ,‘quorum
653 928 702 949 nec
716 926 790 956 pater
805 922 878 956 ipse,
891 922 936 956 qui
951 922 1024 948 illum

236 964 344 991 erudire
363 965 508 1001 debuerat,
536 966 608 1001 leges
630 967 722 993 novit?
743 967 830 1001 Atque
851 968 951 994 utinam
975 966 1027 994 hoc

237 973 344 991 crumre
363 973 449 992 ueuue
483 973 508 999 t,
536 973 608 1001 teges
630 973 722 993 novu!
743 973 830 1001 Atque
851 973 951 994 utinam
975 973 1027 994 noc

237 1009 324 1036 solum
336 1009 426 1036 damni
441 973 548 1038 ﬂesset
558 1031 566 1043 ,
581 1011 651 1046 quod
664 1011 730 1038 nihil
744 1012 808 1039 utile
821 1016 909 1047 patres
922 1011 1027 1039 consilii

237 1055 343 1087 darent,
356 1063 410 1082 non
424 1061 525 1083 tantum
541 1057 632 1092 utique
646 1057 744 1084 malum
755 1062 844 1084 esset:
856 1064 925 1084 nunc
938 1061 1026 1084 autem

236 1108 283 1127 eos
296 1101 329 1128 ad
341 1102 476 1129 contraria
490 1109 599 1137 prorsus
613 1103 757 1137 impellitis.
771 1103 862 1138 Neque
873 1103 943 1130 enim
956 1102 1027 1130 aliud

239 1153 327 1182 patres
341 1149 432 1175 audias
453 1156 513 1176 cum
530 1149 590 1176 filiis
607 1154 721 1177 tractare
731 1169 738 1181 ,
752 1157 813 1177 cum
833 1157 879 1177 eos
894 1149 926 1176 ad
940 1149 1026 1176 studia

239 1193 372 1219 literarum
393 1193 532 1221 hortantur
542 1215 549 1226 ,
567 1195 618 1222 nisi
631 1195 711 1222 verba
728 1195 879 1229 huiusmodi
893 1203 899 1221 :
912 1194 973 1228 Ille,
987 1194 1028 1222 in-

237 1238 310 1271 quit.
333 1239 456 1272 humilis,
481 1240 626 1275 humilique
648 1241 708 1268 loco
727 1246 824 1274 natus,
849 1241 1026 1276 eloquentiam

237 1285 359 1318 adeptus,
373 1293 492 1312 summos
503 1287 673 1321 magistratus
684 1287 809 1321 obtinuit,
820 1286 925 1315 divitias
935 1288 1027 1322 acqui-

238 1332 299 1357 sivit
312 1331 442 1366 ingentes,
465 1338 575 1369 usorem
598 1333 673 1360 duxit
689 1334 853 1368 opulentam,
875 1333 1028 1368 splendidas

237 1378 383 1404 construxit
393 1379 475 1410 aedes,
491 1370 613 1406 omnibus
625 1380 720 1406 terrori
733 1384 783 1413 est,
798 1385 825 1407 et
838 1379 922 1414 gloria
935 1379 1024 1415 fulget.

237 1423 312 1450 Alius
331 1431 435 1450 rursum
449 1433 455 1451 :
468 1424 529 1456 llle,
556 1425 656 1460 inquit,
672 1425 764 1453 Latina
785 1426 872 1461 lingua
893 1426 1027 1459 eruditus,

238 1469 264 1495 in
277 1470 348 1504 regia
362 1470 527 1498 clarissimus
536 1476 587 1504 est,
599 1476 747 1506 cunctaque
762 1472 832 1498 intus
847 1471 1025 1498 administrat.

239 1515 272 1542 Et
283 1517 350 1542 alius
363 1517 442 1543 alium
456 1525 548 1544 rursus
567 1518 701 1551 ostendit,
721 1518 863 1553 cunctique
881 1526 928 1545 eos
941 1518 985 1553 qui
1000 1518 1025 1544 in

238 1566 308 1589 terra
321 1562 440 1597 insignes
454 1567 514 1589 sunt
529 1569 687 1596 memorant,
701 1564 846 1591 carlestium
857 1568 944 1591 autem
957 1564 1026 1590 nulla

237 1614 348 1641 usquam
364 1608 477 1639 mentio;
494 1609 546 1635 imo
556 1609 578 1635 si
589 1609 649 1644 quis
659 1610 702 1636 illa
713 1617 924 1637 commemorare
934 1617 1028 1646 aggre-

236 1652 335 1684 diatur,
351 1658 380 1680 ut
393 1654 438 1688 qui
453 1659 548 1681 cuncta
562 1659 707 1689 pervertat,
722 1656 837 1690 ejicitur.

272 1699 299 1726 6.
314 1699 380 1726 Cum
396 1700 476 1735 igitur
490 1707 504 1726 a
519 1701 650 1735 principio
666 1702 722 1728 haec
737 1702 790 1729 illis
801 1701 930 1728 occinalis
941 1722 948 1733 ,
961 1701 1027 1728 nihil

237 1744 308 1772 aliud
319 1753 366 1772 eos
380 1754 459 1780 quam
474 1747 593 1773 omnium
608 1748 738 1774 malorum
755 1748 892 1774 materiam
904 1748 1006 1774 docetis
1017 1767 1025 1780 ,

237 1791 304 1818 duos
318 1791 526 1819 violentissimas
539 1801 645 1820 amores
658 1793 838 1827 insinuantes,
857 1794 1026 1828 pecuniarum

237 1836 307 1869 dico,
324 1842 351 1864 et
364 1838 408 1872 qui
425 1838 502 1873 longe
510 1838 625 1873 iniquior
632 1844 683 1872 εει,
692 1847 767 1866 vanae
778 1839 916 1874 inanisque
925 1839 1025 1874 gloriae.

237 1880 337 1909 ﬂorum
352 1889 417 1910 vero
429 1883 558 1910 alteruter
573 1891 620 1918 per
632 1891 661 1911 se
680 1884 753 1911 solus
765 1889 859 1911 cuncta
875 1889 1027 1918 pervertere

237 1930 411 1960 potestzcum
425 1934 514 1955 autem
530 1929 609 1956 ambo
623 1929 649 1955 in
666 1933 782 1956 teneram
794 1929 899 1964 juvenis
911 1930 1026 1956 animam

237 1971 392 2005 conﬂuunt,
414 1973 490 2008 quasi
513 1974 622 2008 quidam
643 1978 774 2002 torrentes
800 1975 932 2009 conjuncti
958 1975 1025 2002 bona

237 2018 326 2045 omnia
338 2024 528 2054 corrumpunt,
551 2025 651 2047 tantam
668 2021 720 2048 vim
741 2022 877 2056 spinarum
893 2022 900 2037 ¹
920 2026 946 2049 et
965 2030 1025 2049 are-

238 2071 288 2096 nte,
305 2069 403 2092 tantam
417 2067 556 2093 colluviem
570 2067 768 2100 contrahentes,
785 2073 812 2095 ut
826 2069 941 2095 animam
956 2068 1026 2095 illam

238 2110 373 2143 sterilem,
396 2110 605 2145 infructuosam,
631 2113 759 2148 bonisque
777 2114 900 2140 omnibus
917 2121 1026 2140 vacuam

238 2155 365 2183 efficiant.
390 2156 487 2184 Horum
510 2161 594 2185 testes
614 2165 674 2186 esse
688 2164 798 2193 possunt
817 2160 900 2186 exteri
920 2167 1026 2194 quoque

238 2201 383 2235 scriptores
393 2209 399 2228 :
411 2210 523 2236 quorum
535 2210 602 2230 unus
612 2204 724 2230 alterum
735 2203 857 2231 affectum
866 2224 873 2235 ,
895 2212 946 2231 nun
966 2212 1026 2231 cum

239 2248 290 2275 alio
301 2250 421 2283 junctum
434 2270 442 2283 ,
459 2250 506 2277 sed
519 2257 566 2284 per
581 2258 610 2278 so
624 2251 709 2277 solum
721 2272 728 2283 ,
743 2258 831 2278 arcem
841 2271 847 2283 ,
862 2251 929 2278 alius
942 2259 1006 2278 vero
1018 2271 1025 2283 ,

238 2299 317 2330 caput
330 2296 459 2322 malorum
474 2297 599 2331 appellat.
616 2297 691 2330 Quod
714 2298 736 2324 si
759 2303 909 2331 separatum
926 2305 972 2324 arx
987 2301 1028 2324 est

239 2344 266 2367 et
275 2345 364 2375 caput,
379 2348 440 2368 cum
453 2341 520 2368 alius
534 2341 613 2376 longe
625 2341 732 2377 gravior
746 2346 773 2369 et
789 2343 921 2376 potentior
933 2349 1025 2369 acces-

239 2386 314 2418 serit,
326 2387 419 2413 insana
431 2394 526 2421 nempe
540 2387 633 2422 gloriae
644 2387 751 2421 cupido,
763 2392 859 2414 etcum
872 2387 917 2414 illo
929 2387 1030 2414 violen-

240 2435 281 2458 ter
294 2431 418 2465 irrucrit,
436 2433 591 2468 radicesque
609 2434 743 2467 posuerit,
758 2438 836 2468 atque
849 2433 954 2467 juvenis
969 2434 1027 2460 ani-

241 2485 315 2504 mum
331 2479 520 2513 occupaverit,
544 2479 604 2514 quis
623 2480 730 2506 demum
753 2480 883 2513 ejusmodi
905 2479 1027 2506 morbum

240 2531 364 2551 amovere
384 2525 486 2558 possit,
502 2532 563 2552 cum
584 2526 699 2552 maxime
720 2530 810 2559 patres
831 2525 897 2559 ipsi,
921 2532 974 2551 non
1001 2529 1029 2551 ut

241 2569 405 2602 evellantur,
427 2570 473 2597 sed
495 2574 524 2597 ut
539 2570 656 2596 firmiora
670 2570 723 2597 sint
738 2570 795 2596 hzrc
809 2570 877 2597 mala
890 2570 1008 2604 germina
1018 2590 1027 2603 ,

242 2615 308 2642 nihil
322 2623 375 2643 non
390 2621 470 2650 agant
484 2620 512 2643 et
525 2617 633 2643 dicant?
656 2616 721 2649 Quis
743 2616 823 2651 igitur
843 2616 909 2643 adeo
932 2616 1028 2643 stultus

241 2665 292 2693 est,
307 2665 337 2687 ut
352 2669 404 2688 non
418 2661 544 2696 desperet
555 2661 589 2688 de
602 2662 689 2689 salute
701 2662 776 2695 pueri
788 2661 821 2688 ad
835 2661 905 2688 hunc
920 2662 1027 2688 modum

242 2707 373 2734 instituti?
386 2698 590 2742 OptandumDest
602 2707 719 2734 animam
728 2707 869 2734 contrariis
882 2707 962 2734 rebus
975 2707 1027 2734 im-

274 2775 282 2790 ί
298 2779 352 2800 Haec
361 2774 445 2804 verba,
456 2776 546 2799 tinuum
557 2772 603 2798 vim
613 2772 746 2804 spinarum,
757 2772 845 2798 desunt
861 2774 886 2798 in
901 2772 983 2798 Morel.
1004 2779 1029 2800 et

242 2806 320 2837 Savil.,
332 2807 376 2831 sed
388 2806 506 2830 [labentur
518 2805 544 2830 in
553 2804 647 2829 duobus
659 2809 710 2830 Ms.

579 87 759 116 ADVERSUS
779 89 1049 119 OPPUGNATORES
1063 91 1154 120 ΥΙΤᾸΞ
1173 92 1319 120 ΜΟΝΔΞΤ.
1336 93 1400 123 ΜΒ.
1422 93 1464 122 111.

1811 95 1862 124 358

1074 147 1161 175 butam
1173 155 1187 175 τι
1199 150 1296 179 malitia
1310 158 1339 178 se
1351 150 1514 179 subducere:
1524 150 1631 184 quando
1643 153 1729 177 autent
1745 151 1860 186 undique

1074 193 1185 223 illiciunt
1205 197 1379 229 pecuniarum
1407 197 1532 233 prtemia,
1557 201 1585 224 et
1611 196 1734 223 scelerati
1757 197 1805 224 viri
1828 197 1862 224 ad

1075 239 1228 266 imitandum
1243 246 1438 276 proponuntur,
1453 249 1573 275 qumnam
1590 241 1684 268 salutis
1696 249 1757 275 spes
1767 249 1863 276 supcr-

1073 284 1133 310 est?
1147 284 1213 311 Nam
1229 293 1275 312 eos
1285 306 1294 319 ,
1309 287 1351 320 qui
1369 288 1537 321 pecuniarum
1552 294 1644 314 amore
1669 291 1792 314 tenentur
1805 307 1814 319 ,
1837 293 1864 314 et

1075 329 1188 362 invidos,
1202 334 1230 356 et
1243 331 1377 366 improbos
1391 336 1418 358 et
1429 332 1539 359 multum
1550 332 1682 366 jnrantes,
1692 336 1719 358 et
1730 332 1862 366 perjuros,

1073 375 1281 403 contumeliosos
1291 376 1364 408 item,
1378 376 1457 408 fures,
1473 377 1673 409 iuverecundos,
1685 376 1861 411 impudentes.

1074 419 1208 455 ingratos,
1222 421 1337 456 denique
1349 423 1421 449 omni
1439 423 1555 458 nequitia
1572 423 1665 458 plenos
1681 430 1741 450 esse
1753 429 1864 450 necesse

1074 469 1125 491 est.
1147 464 1247 492 Horum
1267 466 1341 493 testis
1358 467 1408 495 fide
1429 467 1524 502 dignus
1536 473 1578 495 est
1597 468 1689 495 beatus
1708 467 1805 495 Paulus
1823 468 1878 506 (l._

1075 509 1141 536 Tim.
1150 511 1176 537 6.
1185 511 1240 546 10),
1254 515 1299 546 qui
1315 512 1430 539 radicem
1438 513 1555 540 omnium
1565 513 1694 541 malorum
1704 520 1764 540 esse
1776 513 1863 540 avari-

1076 556 1138 582 tiam
1156 557 1223 583 dixit
1235 565 1242 584 :
1254 563 1280 584 et
1293 562 1355 584 ante
1369 558 1453 591 ipsum
1467 558 1588 586 Christus
1602 558 1627 585 id
1642 559 1727 595 ipsum
1740 558 1863 585 declara-

1075 605 1149 628 verat
1163 601 1268 637 (Manli.
1293 601 1319 629 6.
1340 602 1405 636 24),
1426 610 1584 631 asseverans
1599 610 1652 631 non
1666 610 1726 630 esse
1740 603 1865 637 possibile

1076 647 1244 684 Deo_scrvire
1256 656 1317 676 eum
1329 669 1337 681 ,
1352 649 1396 684 qui
1412 649 1448 675 illi
1462 649 1555 676 morbo
1567 649 1688 677 serviret.
1705 648 1772 676 Cum
1786 649 1865 684 igitur

1076 680 1152 719 initi'o
1162 693 1268 727 juvenis
1281 694 1313 721 ad
1328 694 1397 722 hanc
1415 696 1503 724 statim
1523 694 1670 722 adducatur
1689 696 1843 722 servitutem
1855 715 1863 727 ,

1077 739 1181 773 quando
1195 739 1263 766 liber
1275 740 1386 768 evadere
1402 741 1514 775 poterit,
1539 740 1643 775 quando
1661 740 1769 767 fluctum
1785 740 1866 768 susti-

1077 791 1151 816 nere,
1164 785 1288 812 omnibus
1304 786 1474 820 pollentibus,
1490 787 1615 813 onmibus
1629 786 1844 820 immergentibus
1855 805 1864 819 ,

1077 834 1104 856 et
1117 829 1142 855 in
1158 835 1285 857 extrema:
1299 831 1491 858 submersionis
1503 833 1689 859 necessitatem
1702 831 1786 866 ipsum
1799 839 1864 859 cou-

1077 875 1270 902 stituentibus?
1292 876 1358 905 Nam
1377 877 1416 910 si,
1437 877 1510 905 nullo
1526 878 1715 912 perturbante,
1737 877 1758 904 si
1776 877 1866 904 multis

1077 927 1184 947 manum
1197 922 1403 957 porrigentibus,
1419 930 1555 957 emergere
1573 923 1657 959 possit
1674 930 1705 950 ac
1716 923 1865 957 respicere.

1077 966 1254 1002 vitiorumque
1264 968 1424 1003 salsuginem
1434 969 1553 1002 abluere,
1564 977 1652 996 annon
1662 969 1778 1003 optabile
1787 967 1864 996 illud?

1077 1011 1098 1037 si
1109 1032 1115 1043 ,
1130 1012 1235 1047 inquam
1244 1033 1251 1044 ,
1267 1013 1346 1048 longo
1357 1018 1477 1049 tempore
1491 1014 1586 1041 divinis
1599 1019 1755 1041 excantatus
1768 1013 1867 1041 carmi-

1078 1056 1174 1090 nibus,
1204 1057 1351 1086 incidentes
1375 1059 1484 1087 morbos
1510 1059 1594 1094 pOssit
1617 1059 1750 1093 abjicere,
1778 1065 1866 1086 nonne

1078 1101 1246 1136 laudandus,
1276 1111 1364 1130 nonne
1393 1103 1490 1132 millies
1514 1103 1683 1131 coronandus
1708 1103 1771 1130 est?
1797 1104 1866 1132 llum

1077 1147 1175 1183 quippe
1201 1145 1242 1174 es}
1270 1149 1456 1181 consuetudo,
1489 1148 1556 1176 dura
1589 1153 1616 1175 et
1647 1148 1680 1175 ad
1709 1149 1865 1176 viueendam

1077 1193 1286 1228 capiendumque
1309 1195 1423 1220 animam
1446 1198 1614 1229 comparata,
1635 1201 1695 1220 cum
1719 1194 1866 1228 prmsrrtim

1079 1239 1136 1266 ba‘c
1155 1240 1316 1276 voluptatem
1336 1240 1493 1275 adiutricem
1510 1241 1614 1270 habeat.
1632 1241 1681 1267 illa.
1689 1247 1753 1266 vero
1767 1239 1866 1270 virtus,

1078 1284 1200 1318 adquam
1216 1285 1382 1317 festinamus,
1397 1294 1475 1320 quam
1487 1285 1616 1320 attingere
1630 1285 1766 1312 studemus
1776 1305 1782 1316 ,
1797 1284 1867 1310 mul—

1079 1335 1120 1356 tos
1134 1330 1209 1357 nobis
1225 1331 1309 1365 pariat
1324 1331 1437 1359 labores.
1451 1331 1551 1359 Idcirco
1563 1331 1643 1362 Deus,
1660 1330 1787 1362 Hebraeis,
1801 1337 1868 1364 quos

1078 1376 1218 1410 oportebat
1237 1377 1362 1403 vitiorum
1391 1380 1508 1404 veterem
1533 1376 1751 1403 consuetudinem
1783 1374 1867 1410 depo-

1078 1429 1223 1456 nerefane
1237 1430 1333 1457 nempe
1347 1423 1373 1449 in
1389 1421 1504 1458 Egypto
1516 1421 1673 1454 didicerant,
1692 1421 1803 1448 scorsim
1819 1421 1869 1448 ab-

1077 1467 1164 1494 ductis
1180 1468 1206 1494 in
1221 1468 1390 1496 solitudinem
1400 1488 1407 1500 ,
1423 1473 1450 1495 et
1461 1475 1476 1495 a
1496 1466 1697 1502 corruptoribus
1713 1467 1804 1501 procul
1826 1473 1869 1493 se-

1077 1515 1203 1550 gregatis,
1229 1513 1254 1541 in
1278 1514 1385 1542 deserto
1406 1521 1456 1541 ceu
1481 1513 1508 1542 in
1531 1513 1647 1548 quodam
1671 1512 1832 1539 monasterio
1858 1512 1867 1528 ¹

1078 1568 1170 1587 eorum
1191 1560 1345 1587 instituebat
1366 1561 1481 1592 animos,
1505 1560 1576 1587 viam
1598 1567 1706 1587 omnem
1729 1559 1869 1587 medicina;

1079 1610 1194 1638 lentans,
1217 1611 1271 1632 tum
1295 1606 1467 1639 asperiorem,
1493 1609 1548 1633 tum
1570 1605 1727 1636 dulciorem,
1750 1604 1869 1638 nihilque

1078 1655 1150 1677 retro
1158 1652 1311 1686 relinquens
1321 1659 1424 1683 eorum,
1433 1659 1492 1686 quae
1503 1651 1537 1678 ad
1544 1651 1722 1678 valetudinem
1732 1650 1867 1684 profutura

1078 1701 1178 1724 essent.
1194 1697 1287 1732 Neque
1306 1698 1344 1725 sic
1359 1701 1447 1724 tamen
1459 1705 1473 1724 a
1487 1697 1604 1732 nequitia
1621 1696 1805 1735 desciverunt,
1821 1696 1870 1722 sed

1077 1751 1138 1770 cum
1159 1751 1253 1770 manna
1274 1751 1364 1778 cepas,
1382 1744 1462 1777 allia,
1478 1748 1629 1778 ceteraque
1650 1736 1739 1769 omnia
1760 1742 1869 1777 {Egypli

1079 1790 1148 1816 mala
1163 1790 1342 1824 requirebant.
1358 1789 1472 1817 Tantum
1496 1790 1595 1817 malum
1617 1793 1659 1816 est
1681 1787 1866 1815 consuetudo!

1079 1835 1179 1863 Deinde
1191 1836 1276 1863 Judtei
1291 1840 1363 1863 tanta
1375 1836 1421 1863 Dei
1434 1843 1496 1863 cura
1508 1836 1638 1866 fruentes.
1655 1841 1707 1862 tam
1723 1834 1829 1868 egregio
1843 1830 1873 1860 εἰ

1078 1889 1208 1917 generoso
1219 1882 1344 1916 magistro
1356 1882 1407 1914 usi,
1416 1887 1443 1909 et
1456 1882 1550 1909 timore
1563 1885 1590 1908 et
1603 1881 1689 1913 minis,
1702 1885 1729 1908 et
1740 1879 1870 1907 benefit-io

1078 1933 1105 1955 et
1119 1929 1248 1963 supplicio
1260 1928 1292 1955 ad
1306 1936 1412 1955 omnem
1427 1929 1534 1955 modum
1551 1928 1662 1955 instituti
1674 1947 1682 1960 ,
1704 1931 1742 1954 tot
1753 1934 1868 1959 conspe-

1078 1975 1126 2001 ctis
1135 1975 1275 2009 prodigiis,
1286 1982 1337 2001 non
1349 1975 1381 2001 ad
1391 1975 1526 2002 meliorem
1536 1982 1565 2001 Se
1577 1974 1678 2008 frugem
1690 1978 1847 2007 receperunt
1860 1981 1868 1998 :

1079 2024 1105 2047 tu
1119 2028 1183 2047 vero
1199 2020 1280 2048 filium
1295 2025 1369 2048 tuum
1383 2021 1579 2048 adolescentem
1600 2021 1626 2048 in
1642 2021 1729 2048 media
1743 2020 1868 2056 IEgypto,

1078 2067 1132 2092 imo
1143 2067 1167 2092 in
1181 2067 1276 2093 mediis
1290 2067 1388 2094 diaboli
1411 2067 1505 2094 castris
1520 2071 1683 2098 versantem,
1705 2066 1868 2099 nullumque,

1077 2112 1122 2146 qui
1146 2111 1216 2146 quod
1239 2112 1303 2138 utile
1324 2112 1358 2138 sit
1379 2112 1519 2138 consilimn
1542 2111 1597 2144 det,
1624 2111 1787 2143 audientem,
1813 2119 1871 2137 om—

1078 2165 1179 2192 nesqne
1192 2165 1220 2184 se
1235 2157 1267 2184 ad
1282 2159 1414 2186 contraria
1426 2158 1554 2184 ducentes
1567 2157 1711 2189 videntem,
1725 2157 1871 2190 imprimis—

1078 2211 1130 2238 que
1145 2208 1268 2237 parentes
1282 2208 1309 2230 ct
1324 2203 1465 2230 eductorcs
1478 2210 1558 2235 suos,
1575 2208 1652 2237 putas
1679 2210 1757 2237 posse
1771 2202 1871 2228 diaboli

1080 2249 1189 2283 laqueos
1201 2249 1338 2284 effugecm
1350 2249 1436 2283 Unde,
1451 2249 1559 2283 qumso?
1573 2257 1635 2275 num
1647 2256 1680 2275 ex
1695 2247 1871 2275 hortamentis

1081 2295 1132 2321 luis
1143 2295 1155 2320 ?
1168 2295 1246 2330 Atqui
1260 2299 1286 2322 tu
1302 2294 1335 2321 ad
1350 2295 1482 2322 contraria
1505 2301 1614 2325 evocas,
1629 2301 1663 2320 ne
1678 2301 1724 2327 per
1738 2293 1871 2319 somnium

1079 2340 1187 2376 quidem
1202 2348 1262 2368 eum
1276 2340 1451 2375 philosophia:
1469 2339 1624 2367 meminisse
1644 2337 1807 2369 concedens;
1824 2339 1871 2364 sed

1081 2387 1144 2414 dum
1169 2386 1237 2413 hanc.
1259 2387 1341 2413 vitam
1365 2386 1474 2420 ejusque
1497 2384 1636 2412 commoda
1661 2383 1732 2410 ultro
1752 2384 1872 2417 citroque

1080 2440 1170 2460 versas
1180 2453 1188 2465 ,
1205 2433 1229 2459 in
1246 2432 1408 2460 decumanos
1422 2432 1496 2458 illum
1516 2430 1684 2465 majoresque
1698 2428 1795 2456 fluctus
1807 2435 1872 2455 con-

1078 2479 1148 2513 jieis.
1164 2478 1231 2506 Num
1251 2486 1285 2506 ex
1297 2477 1461 2513 semetipso?
1474 2476 1598 2504 Profecto
1617 2475 1724 2509 juvenis
1746 2482 1799 2501 non
1821 2473 1870 2500 sibi

1080 2526 1129 2560 ipsi
1144 2526 1209 2552 satis
1231 2529 1272 2552 est
1285 2524 1318 2551 ad
1334 2524 1457 2551 virtutem
1477 2522 1653 2550 exercendam
1669 2530 1676 2548 :
1697 2521 1745 2548 sed
1766 2519 1870 2547 etiamsi

1081 2571 1144 2605 quid
1161 2578 1193 2598 ex
1209 2571 1297 2604 seipso
1311 2574 1448 2605 strenuum
1462 2568 1562 2604 pariat,
1577 2573 1718 2602 antequam
1732 2566 1758 2593 id
1772 2565 1871 2601 κει-ηιμ

1081 2622 1137 2648 net,
1161 2616 1268 2643 assiduo
1290 2615 1431 2642 verborum
1451 2619 1557 2641 tuorum
1579 2613 1666 2640 imbre
1687 2610 1869 2639 suffocabitur.

1080 2661 1308 2696 Quemadmodum
1321 2661 1392 2688 enim
1413 2668 1525 2694 corpus,
1540 2659 1612 2695 quod
1624 2658 1782 2686 salutaribus
1803 2657 1871 2684 cibis

1081 2716 1136 2735 non
1151 2708 1254 2739 fruitur,
1268 2707 1314 2734 sed
1329 2706 1507 2733 insalubribus
1518 2705 1606 2738 aliter,
1621 2712 1654 2732 ne
1669 2711 1750 2739 parvo
1763 2703 1868 2738 quidem

1114 2807 1122 2826 |
1140 2807 1226 2837 verba,
1237 2807 1263 2832 in
1278 2805 1382 2835 deserto,
1400 2805 1425 2830 in
1441 2803 1522 2829 Morel.
1535 2803 1586 2828 solo
1597 2801 1696 2827 desunt.
