2064 3115
174 102 226 131 359

177 163 296 194 tempore
310 157 456 186 subsistere
472 157 559 192 valet,
572 158 612 186 sic
624 165 675 185 nec
686 158 773 185 anima
793 157 834 184 his
850 157 967 184 instituta

175 207 203 230 et
223 203 335 236 imbuta,
350 207 488 230 strenuum
507 203 569 237 quid
585 207 631 230 aut
643 210 767 237 magnum
787 203 904 236 cogitare
921 209 969 236 po-

176 248 249 280 terit,
266 248 311 275 Sed
331 256 441 275 110005ςο
455 253 497 275 est
509 255 566 275 eam
581 252 609 274 ct
632 247 782 282 languidatn
805 244 832 273 et
846 247 968 277 mollem,

178 295 295 330 nequitia
310 302 357 321 cett
374 294 486 329 quadam
503 299 575 328 peste
589 293 695 320 assidue
709 293 854 323 dctentam.
871 293 909 319 sic
923 292 971 319 dc-

179 348 251 367 mum
267 340 292 366 111
305 340 453 374 gehennam
468 344 494 365 et
507 340 532 365 111
548 339 690 373 perniciem
705 338 792 372 dejici.

216 386 241 410 7.
256 385 378 412 Parentes
401 393 468 420 ιιιιμε
481 385 634 411 contrariam
648 383 797 418 evnttgelicw
811 383 970 417 disciplinam

181 433 242 466 ﬁliis
255 431 368 458 tradunt.
382 446 418 452 —-
432 431 479 458 Sin
492 436 520 458 tu
533 431 606 458 dicas
615 452 622 464 ,
634 439 687 459 non
701 431 736 458 ita
749 439 778 458 se
790 437 845 458 rem
861 430 970 457 habere.

183 485 314 512 posseque
330 478 356 504 in
371 477 461 505 medio
474 485 563 504 rerum
579 481 729 504 versantem
749 477 874 504 virtutem
895 483 972 503 exer-

182 531 244 551 cere
259 531 375 556 omnem,
392 531 477 559 neque
490 523 584 551 ludens
599 523 645 550 sed
659 523 730 551 serio
743 523 777 550 ita
793 522 924 557 loquaris,
940 529 973 549 ne

183 574 219 602 te,
233 577 339 604 qumso,
367 569 453 605 pigeat
469 569 536 597 hanc
550 577 644 596 novam
667 576 716 597 nos
735 575 814 604 atque
828 568 972 596 inauditam

183 614 281 642 docere
293 614 461 650 disciplinam
475 624 481 641 :
495 622 579 650 neque
587 615 658 642 enim
673 614 751 642 velim
761 619 862 641 temere
872 618 973 640 tantum

184 661 250 688 mihi
273 661 372 695 negotii
394 668 547 692 assumere.
562 669 649 695 neque
662 665 700 687 tot
713 660 791 687 bonis
814 659 921 686 frustra.
931 667 975 685 ca-

186 714 254 734 rere.
272 706 368 733 Verum
383 706 407 733 id
420 706 540 733 ediscere
563 706 714 733 nullatenus
729 712 852 741 possrrm;
864 704 889 732 id
904 704 974 732 enim

186 760 237 779 non
255 752 407 787 permittitis
418 759 465 779 vos
478 761 485 779 :
497 756 575 787 atque
587 751 648 778 lmic
661 751 800 778 sententia:
812 755 839 778 et
848 749 938 777 verbis
949 754 976 776 et

185 798 267 832 gestis
283 798 450 832 repugnatis,
465 803 491 825 ct
504 797 636 824 contraria
655 797 756 824 docetis
771 804 779 824 :
801 795 930 831 siquidem
945 802 977 822 ac

187 845 208 870 si
223 843 310 871 dedita
321 851 401 878 opera
413 843 481 870 ﬁlios
508 843 618 878 perdere
629 842 767 875 studcatis,
779 842 819 868 sic
830 841 874 868 illa
888 840 976 867 omnia

186 889 329 924 ναι-01111118
343 890 398 921 eis,
412 897 471 924 qua:
493 889 536 923 qui
553 894 736 923 exsequuntur
754 889 867 916 salutem
884 895 978 914 conse-

187 934 233 968 qui
248 942 300 961 non
317 938 436 969 possunt.
461 934 527 962 Rem
544 933 622 961 altius
642 933 792 961 cousidcra.
813 933 866 964 Vw,
882 932 977 967 inquit,

189 979 327 1006 ridentibus
347 979 424 1014 (Luc.
450 979 476 1007 6.
497 980 541 1006 21.
563 984 587 1006 et
610 979 707 1014 seqq.);
732 986 780 1005 vos
801 984 888 1005 autem
915 978 979 1012 ipsis

189 1026 285 1052 mut-tas
310 1026 434 1060 ιιι-10110118
453 1025 555 1053 ridendi
576 1026 730 1052 occasiones
751 1034 758 1051 :
778 1024 822 1052 Va:
843 1024 979 1056 divitibus;

189 1078 237 1097 vos
247 1078 316 1098 vero
330 1076 358 1097 ut
372 1071 508 1106 pecuniosi
525 1070 578 1097 sint
590 1076 685 1097 cuncta
701 1069 828 1097 tnolimiui
843 1078 849 1096 :
870 1068 913 1095 Vw
924 1076 980 1095 cum

191 1116 360 1143 benedixerint
375 1115 443 1142 vobis
463 1124 548 1142 omnes
562 1116 692 1148 homines;
706 1122 754 1142 vos
768 1119 856 1142 autem
872 1121 920 1148 pro
934 1120 982 1148 po-

191 1162 275 1197 pulari
289 1169 352 1188 aura
367 1161 504 1189 facultates
517 1169 587 1197 Stcpe
599 1168 693 1189 omnes
708 1160 852 1188 elfuoditis.
866 1160 981 1188 Rursum

191 1209 225 1240 is,
240 1209 283 1242 qui
295 1207 372 1235 fratri
393 1207 581 1235 contumeliam
596 1206 693 1238 infert,
711 1214 773 1234 reus
788 1211 828 1233 est
838 1206 981 1241 gehenna‘,

193 1261 292 1288 vosque
312 1258 401 1280 tamen
421 1258 448 1280 et
461 1253 610 1280 imbecillos
633 1257 659 1279 et
680 1251 788 1279 timidos
801 1258 860 1278 esse
885 1251 982 1286 putatis

193 1305 250 1331 eos,
265 1298 308 1333 qui
324 1299 403 1325 tacite
415 1298 501 1325 illatas
514 1298 563 1325 sibi
578 1298 611 1324 ah
625 1297 683 1324 aliis
696 1297 872 1324 contumelias
885 1296 982 1323 ferunt.

193 1344 272 1372 1111101
285 1344 405 1372 Christus
418 1352 517 1379 pugnas
531 1349 559 1371 et
568 1344 626 1371 lites
637 1347 823 1374 contemnere;
834 1350 881 1370 vos
895 1347 983 1368 autent

195 1390 254 1416 Illos
267 1389 292 1416 in
307 1389 347 1416 his
359 1397 467 1424 semper
478 1389 554 1416 malis
567 1390 665 1416 versari
682 1389 790 1416 curatis.
805 1387 916 1415 Oculum
928 1387 982 1419 ille,

195 1435 218 1461 si
240 1440 345 1465 noceat.
368 1442 465 1462 eruere
486 1441 558 1469 sape
575 1433 666 1468 jubet;
683 1438 710 1460 at
732 1440 779 1459 vos
801 1440 848 1459 eos
870 1433 984 1459 maxime

198 1481 270 1514 verbis
283 1480 432 1508 conciliatis
451 1480 565 1512 amicos,
586 1479 630 1515 qui
651 1479 754 1514 possint
776 1478 900 1513 pecunias
913 1486 984 1512 prte-

197 1526 277 1559 bere,
295 1525 400 1553 etiamsi
415 1529 561 1553 extremam
577 1524 720 1559 nequitiam
733 1524 855 1551 doceant.
867 1523 983 1551 Uxorem

197 1574 337 1611 repudiare
349 1582 400 1601 non
413 1573 551 1609 permittit,
565 1577 743 1609 prmtcrquam
760 1571 785 1598 in
797 1571 851 1598 sola
863 1570 984 1597 adulterii

197 1628 294 1653 causa;
309 1624 336 1647 at
355 1627 402 1647 vos
423 1619 484 1646 dum
509 1619 634 1654 pecunias
659 1618 798 1653 acquirere
820 1617 910 1648 liceat,
936 1616 987 1643 hoc

201 1671 360 1701 prreceptum
374 1665 510 1699 despicere
521 1665 632 1692 docetis.
645 1663 832 1698 Jusjurandum
842 1666 913 1688 vetat
927 1669 986 1688 om-

200 1721 249 1744 ne;
265 1719 314 1739 vos
333 1711 355 1738 si
368 1719 447 1746 quem
464 1711 487 1737 id
502 1719 609 1738 servare
630 1711 768 1741 videritis.
784 1710 863 1736 etiam
884 1708 987 1735 ridetis.

201 1758 251 1791 Qui
268 1762 345 1789 aiunt,
367 1757 461 1792 inquit,
482 1757 593 1783 animum
610 1765 693 1788 niam,
718 1756 804 1790 perdet
823 1763 878 1782 eam
899 1753 987 1790 (Joan.

200 1804 245 1843 12.
260 1802 306 1838 25)
319 1811 326 1834 ς
342 1811 388 1828 vos
399 1803 430 1829 ad
448 1802 517 1829 hunc
529 1810 646 1829 antorem
662 1802 721 1828 illos
735 1809 841 1835 semper
852 1800 986 1827 inducitis.

201 1847 232 1874 Si
246 1856 296 1874 non
314 1847 469 1879 remiseritis,
487 1847 590 1881 inquit,
610 1847 751 1873 hominibus
774 1851 892 1880 pt’t‘mln,
912 1854 990 1876 neque

197 1893 269 1919 nobis
280 1893 388 1919 remitte:
401 1892 478 1919 Pater
491 1897 570 1919 uester
583 1892 688 1918 ett-[estis
704 1891 809 1926 (Matt/1.
824 1891 850 1918 6.
868 1891 878 1917 1
889 1891 927 1925 l);
942 1899 989 1917 vos

202 1938 255 1966 illis
278 1939 457 1973 exprobratis,
472 1946 532 1965 cum
559 1945 616 1970 eos,
631 1938 675 1972 qui
691 1944 720 1964 se
742 1937 870 1969 la‘scrinl,
899 1937 989 1964 ulcisci

202 1985 308 2018 nolunt;
324 1990 404 2020 utque
417 1985 441 2012 itl
455 1989 557 2012 mature
570 1989 696 2019 priestztre
718 1984 817 2018 possint
840 1984 899 2010 illos
913 1983 990 2011 iusti-

203 2031 286 2058 tdrilis.
312 2031 410 2058 Glori:e
423 2030 542 2065 rcupitlos
563 2030 653 2057 omnia
677 2029 774 2056 frustra
797 2037 875 2064 agere
901 2029 992 2055 docuit

203 2076 335 2109 Christus,
349 2077 406 2103 sive
422 2076 458 2102 illi
479 2075 671 2110 jejunaverinl,
688 2075 746 2101 sive
767 2075 918 2106 oraverint,
932 2074 991 2101 sive

206 2122 305 2149 miserli
319 2122 431 2154 fuerint;
444 2126 470 2148 :tt
482 2128 529 2148 vos
544 2127 572 2147 ut
587 2121 657 2148 illam
672 2124 847 2154 assequuntur
861 2120 924 2147 nih'l
939 2128 991 2147 non

203 2169 290 2203 agitis.
307 2168 407 2202 ECquid
422 2174 488 2201 opus
503 2167 590 2193 omnia
611 2165 744 2200 persequi,
759 2173 819 2192 cuin
839 2172 918 2199 supra
934 2174 989 2192 nte-

205 2219 306 2242 morata
318 2215 471 2241 innumeras
480 2213 614 2247 gehenuas
627 2210 725 2238 inferre
735 2211 846 2245 possint;
857 2219 904 2238 nec
914 2211 992 2238 modo

205 2260 294 2288 omnia
314 2259 403 2291 simul,
426 2258 472 2286 sed
492 2265 614 2284 seorsum
634 2256 756 2291 singula?
778 2258 811 2283 At
834 2264 881 2284 vos
905 2257 992 2284 omnia

206 2306 284 2333 simul
297 2310 432 2340 congesta,
449 2308 476 2331 et
489 2302 658 2330 intolerabile
674 2306 843 2336 peccatorum
860 2310 927 2329 (tltllS
941 2303 992 2328 im-

208 2348 353 2386 ponentes,
368 2350 445 2377 sicin
461 2348 568 2376 fluvium
590 2348 700 2382 igneum
717 2347 868 2374 immittitis.
884 2347 994 2380 Quando

206 2397 319 2424 salutent
336 2394 450 2422 nancisci
470 2398 594 2428 poterunt
615 2398 713 2419 tantam
735 2392 849 2420 ferentes
870 2393 936 2427 ignis
949 2400 994 2418 es-

207 2443 285 2470 cam?
298 2441 389 2474 Neque
411 2440 435 2467 id
449 2439 615 2466 solummodo
637 2446 716 2474 grave
731 2443 788 2470 ομί,
804 2438 873 2473 quod
898 2438 994 2465 Christi

209 2487 348 2522 prmcvptis
358 2485 491 2512 contraria
506 2484 622 2511 docentis
633 2505 639 2516 ,
655 2484 699 2510 sed
715 2484 784 2518 quod
803 2484 936 2518 prmclaris
951 2491 996 2517 ap-

210 2521 399 2567 pellationibus
409 2521 473 2557 vitia
489 2529 629 2564 obtegatis,
647 2530 827 2564 hippodromis
839 2536 870 2556 ac
885 2529 996 2555 theatris

207 2578 305 2614 jugitcr
314 2577 444 2603 interesse
451 2575 626 2602 urbanitatem
634 2580 768 2604 vocantes.
779 2575 883 2601 divitias
891 2574 997 2600 liberta-

210 2630 275 2655 tem,
285 2623 375 2656 gloria:
383 2629 501 2649 amorem
512 2622 765 2656 magnanimitatem,
775 2621 953 2655 arrogantium
965 2619 998 2645 li-

209 2671 325 2700 duciam,
337 2668 548 2704 prodigalitatcm
564 2668 766 2698 humanitatem,
777 2667 931 2701 iniustitiam
942 2665 997 2692 for-

211 2716 360 2744 titudinem.
374 2714 472 2742 Deinde
483 2735 492 2747 ,
517 2714 591 2750 quasi
609 2713 664 2740 limo
677 2713 782 2740 fallacia
799 2719 850 2737 non
862 2710 975 2736 sufficiat
990 2729 997 2740 ,

213 2763 334 2790 virtutem
349 2770 452 2797 (pioque
466 2760 607 2788 contrariis
621 2758 773 2786 nominibus
787 2756 888 2783 vocatis
903 2775 910 2787 .
932 2760 998 2782 10111-

213 2809 358 2845 peranliam
371 2808 534 2844 appellantes
549 2805 741 2836 rusticitatem,
756 2801 913 2830 modestiam
930 2801 998 2827 timi-

528 100 556 130 8.
577 100 716 130 JOANNIS
734 100 970 130 CllRYSOSTOMl
987 99 1145 129 AﬂClllEP.
1165 99 1435 128 CONSTANTINOP.

1755 100 1807 129 360

1021 157 1142 190 ditatem,
1154 156 1285 192 justitiam
1299 157 1518 188 imbecillitatem,
1531 160 1712 191 contemptum
1725 156 1808 185 fastus

1021 202 1145 230 servilem
1169 202 1287 229 animum
1301 223 1309 235 ,
1336 202 1489 237 iniuriarum
1511 202 1678 229 tolerantiam
1696 202 1810 230 infirmi-

1023 252 1103 274 tatem
1117 257 1124 273 :
1149 256 1181 275 ac
1194 248 1215 275 si
1231 249 1355 275 metuatis
1379 257 1412 275 ne
1428 268 1436 280 ,
1452 248 1473 274 si
1493 248 1528 275 ab
1542 248 1600 274 aliis
1612 256 1700 274 veram
1716 249 1810 274 horum

1029 292 1225 327 Ippellationem
1238 293 1370 320 audierint
1385 293 1429 319 lilii
1445 293 1525 319 vestri
1538 313 1544 326 ,
1560 294 1703 328 perniciem
1718 293 1811 327 hujus.-

1023 337 1095 364 tuodi
1110 337 1220 372 fugiant.
1234 337 1323 372 Neque
1333 337 1403 364 cuitu
1415 345 1508 372 parum
1523 338 1627 364 confert
1642 338 1675 364 ad
1687 339 1811 364 vitiorum

1024 384 1189 411 aversioncm
1203 404 1210 415 ,
1223 384 1245 410 si
1260 384 1337 411 mulae
1347 389 1373 410 et
1383 385 1496 418 propria;
1513 392 1606 411 eorum
1622 385 1812 418 appellationes

1025 429 1208 463 proferantur;
1230 429 1276 455 sed
1292 434 1392 456 tantmn
1407 430 1430 456 id
1444 429 1522 456 habet
1537 430 1641 457 roboris
1654 431 1685 457 ad
1701 438 1815 464 peccan-

1026 474 1090 500 tium
1110 475 1214 501 auimos
1227 475 1359 502 feriendus
1375 496 1382 507 ,
1397 480 1424 502 ut
1436 475 1555 510 plerique
1570 484 1640 510 εει-110
1656 477 1814 510 turpissimis

1026 520 1143 555 insignes
1155 520 1224 548 vitiis
1239 542 1247 555 ,
1262 529 1291 548 se
1304 522 1338 548 ita
1353 523 1440 549 vocari
1456 516 1509 549 non
1524 522 1639 549 libenter
1651 522 1751 553 ferant.
1768 523 1814 550 sed

1026 565 1094 593 adeo
1109 567 1219 594 satriant
1231 573 1257 594 et
1270 566 1439 602 indignentur
1456 588 1463 601 ,
1479 576 1510 594 ac
1521 568 1544 595 si
1555 568 1725 596 acerbissima
1740 574 1814 603 pate—

1026 617 1129 640 rentur.
1143 613 1171 640 Si
1185 614 1245 648 quis
1257 614 1433 642 adulteratam
1448 616 1586 642 mulierem
1598 635 1605 647 ,
1627 619 1654 642 et
1667 619 1814 649 stupratum

1027 667 1138 694 puerum
1152 667 1184 687 ex
1199 660 1351 695 turpissimo
1362 665 1422 687 actu
1436 662 1580 694 vocaverit,
1591 661 1816 688 irreconeiliabilis

1028 707 1143 734 0111011111-
1158 707 1280 734 inimicus
1294 727 1301 739 ,
1318 711 1408 742 utpote
1419 708 1462 742 qui
1474 715 1569 742 magna
1581 707 1700 734 affecerit
1711 707 1815 741 injuria.

1029 752 1121 787 Neque
1138 753 1186 779 hos
1206 757 1307 780 tantum
1321 773 1329 786 ,
1356 753 1403 780 sed
1424 754 1503 779 etiam
1519 761 1644 785 avarum,
1661 753 1794 779 ebriosum
1809 772 1818 784 ,

1030 804 1198 834 arrogantem
1214 820 1221 831 ,
1248 799 1407 833 denmmqne
1420 807 1512 826 onmes
1523 799 1681 834 gravissima
1693 803 1819 831 operatos

1031 846 1120 872 videas
1134 866 1142 878 ,
1167 853 1219 872 non
1236 849 1287 872 tam
1299 844 1332 872 de
1348 845 1405 879 ipso
1419 852 1501 879 opere
1513 865 1520 876 ,
1544 844 1666 879 vulgique
1690 844 1815 878 opinione

1031 891 1090 926 angi
1103 895 1127 919 et
1141 890 1242 923 dolere,
1259 898 1336 925 quatit
1350 890 1383 917 de
1395 889 1540 916 facinorum
1556 889 1714 916 nominibus.
1725 888 1821 915 Multos

1033 944 1112 971 porro
1121 937 1181 964 novi
1191 937 1240 964 hoc
1250 936 1405 963 emendatos
1414 936 1502 968 modo,
1513 935 1557 970 qui
1565 935 1714 970 opprobriis
1728 934 1821 961 mode-

1033 983 1144 1010 ratiores
1159 987 1311 1009 evaserunt.
1325 984 1357 1008 At
1371 989 1418 1009 vos
1438 982 1489 1009 hoc
1503 981 1626 1009 solatium
1642 985 1721 1016 atque
1736 988 1822 1007 reme-

1033 1028 1106 1055 dium
1131 1027 1298 1056 sustulistis:
1325 1027 1449 1062 quodque
1468 1027 1574 1062 gravius
1587 1031 1637 1059 est,
1660 1034 1711 1052 non
1733 1025 1821 1052 verbis

1034 1075 1132 1107 solum,
1144 1075 1190 1102 sed
1204 1074 1327 1108 exemplo
1340 1082 1445 1109 quoque
1455 1078 1481 1100 et
1495 1081 1576 1108 opere
1589 1072 1645 1099 haec
1657 1072 1708 1099 illis
1722 1072 1821 1097 inunita

1034 1121 1114 1154 datis,
1128 1120 1191 1147 dum
1206 1120 1277 1147 aedes
1287 1119 1439 1154 splendidas
1452 1119 1604 1146 construilis
1619 1142 1626 1151 ,
1638 1125 1716 1152 agros
1735 1117 1824 1143 emitis

1035 1166 1233 1202 pinguissimos,
1245 1166 1413 1200 reliquosque
1429 1165 1581 1200 magnificos
1594 1168 1736 1198 apparatus
1751 1162 1824 1188 addi-

1036 1214 1069 1242 tis
1085 1235 1093 1247 ,
1119 1220 1282 1249 prorsusque
1293 1213 1372 1240 veluti
1383 1211 1496 1247 quadam
1509 1211 1604 1238 nebula
1616 1211 1719 1236 animos
1733 1216 1824 1236 eorum

1036 1259 1228 1287 oblenehratis.
1255 1258 1330 1286 Unde
1354 1258 1434 1293 igitur
1457 1257 1521 1284 mihi
1549 1256 1702 1291 persuaderi
1727 1254 1825 1289 poterit

1037 1313 1116 1341 posse
1134 1306 1194 1332 illos
1208 1303 1319 1332 salutem
1335 1303 1481 1337 consequi,
1497 1310 1557 1329 cum
1573 1302 1605 1329 ad
1619 1309 1650 1329 ea
1665 1300 1769 1328 evocari
1783 1299 1823 1325 vi-

1037 1352 1113 1379 deam
1125 1373 1132 1384 ,
1148 1359 1207 1386 qua:
1219 1351 1263 1385 qui
1287 1350 1387 1377 faciunt
1406 1356 1513 1384 prorsus
1528 1348 1661 1382 perituros
1675 1354 1733 1373 esse
1748 1346 1826 1373 Chri-

1038 1402 1094 1424 stus
1117 1395 1279 1423 declaravit?
1301 1403 1361 1422 cum
1377 1394 1480 1421 videam
1503 1401 1550 1420 vos
1574 1393 1689 1419 animam
1713 1398 1826 1421 eorum,

1038 1444 1112 1478 quasi
1129 1444 1240 1470 minoris
1264 1442 1340 1477 pretii
1365 1440 1467 1476 aliquid
1491 1440 1623 1475 negligere
1639 1460 1646 1470 ,
1675 1438 1718 1465 illa
1739 1442 1827 1463 autem

1039 1498 1097 1524 qua:
1113 1497 1174 1515 vere
1187 1488 1319 1523 superlltta
1332 1492 1394 1513 sunt
1408 1506 1414 1518 ,
1432 1486 1506 1521 quasi
1522 1484 1672 1512 neccs>aria
1688 1488 1715 1510 et
1733 1482 1828 1517 praeci-

1040 1544 1092 1572 pua
1103 1535 1217 1562 curare?
1231 1534 1349 1568 Namque
1369 1537 1396 1559 ut
1410 1540 1501 1559 servus
1516 1552 1524 1564 ,
1540 1537 1570 1558 ut
1582 1538 1666 1564 equus
1681 1551 1687 1562 ,
1704 1535 1732 1555 nt
1745 1529 1828 1555 vesti-
1853 1559 1856 1561 _

1041 1587 1159 1609 mentum
1174 1580 1381 1615 pulcherrimum
1398 1579 1453 1605 lilio
1463 1578 1507 1610 sit,
1524 1577 1613 1604 omnia
1626 1576 1728 1607 facilis;
1744 1580 1771 1601 ut
1782 1583 1829 1600 au-

1041 1634 1093 1655 tem
1105 1628 1161 1662 ipse
1168 1627 1266 1661 probus
1276 1626 1320 1657 sit,
1333 1633 1365 1652 ne
1375 1625 1491 1659 cogitare
1501 1623 1606 1658 quidem
1619 1622 1712 1649 vultis:
1723 1628 1754 1647 ac
1768 1628 1828 1648 eum

1041 1674 1073 1701 ad
1088 1675 1206 1709 lignum,
1220 1672 1253 1699 ad
1275 1672 1388 1706 lapidem
1411 1671 1463 1697 hoc
1485 1669 1600 1697 studium
1626 1669 1634 1684 ¹
1652 1667 1803 1695 extendatis
1819 1687 1826 1698 ,

1041 1720 1157 1746 animam
1177 1726 1211 1745 ne
1233 1718 1341 1744 minitua
1366 1716 1474 1751 quidem
1495 1713 1682 1743 sollicitudinis
1697 1718 1770 1747 parte
1786 1713 1828 1739 di-

1041 1774 1120 1802 gnam
1135 1765 1270 1800 judicatis.
1285 1763 1337 1791 Sed
1352 1768 1379 1789 ut
1392 1767 1477 1789 statua
1492 1761 1613 1796 quaedam
1630 1761 1656 1787 in
1671 1760 1772 1787 :edibus
1783 1758 1831 1786 ad-

1042 1812 1163 1840 miranda
1173 1811 1300 1845 erigatur,
1309 1814 1405 1836 tecttun
1415 1809 1450 1835 sit
1462 1815 1584 1840 aureum,
1595 1806 1712 1834 laborem
1723 1812 1829 1832 omnem

1042 1857 1194 1892 suscipitis:
1209 1856 1326 1883 onmium
1341 1859 1488 1882 statuarum
1502 1852 1692 1887 pretiosissima
1703 1853 1789 1878 anima
1801 1854 1831 1876 ut

1043 1910 1123 1930 aurea
1133 1902 1278 1934 efficiatur,
1294 1901 1393 1928 nullatn
1408 1905 1499 1926 curam
1511 1905 1606 1933 gerere
1621 1897 1711 1924 vultis.

1079 1951 1106 1978 8.
1123 1949 1155 1976 lu
1169 1949 1293 1984 nefarium
1314 1947 1497 1974 Sodantiticum
1509 1945 1590 1972 scelus
1609 1944 1732 1970 inve/titur
1743 1963 1751 1975 ,
1765 1942 1830 1977 quod

1045 2002 1102 2023 tunc
1113 1997 1221 2022 maxime
1235 1993 1368 2021 obtinebat.
1379 1991 1473 2019 -—-Sed
1486 1991 1603 2018 nondum
1616 1990 1746 2016 tnalorttm
1757 1988 1830 2015 colo-

1045 2043 1160 2077 phonem
1171 2040 1235 2070 dixi.
1246 2047 1294 2066 nec.
1304 2038 1462 2065 calamitatis
1472 2041 1552 2071 caput
1562 2036 1648 2063 detcxi
1659 2043 1666 2067 ;
1678 2034 1747 2068 quod
1761 2041 1832 2067 stupe

1045 2089 1134 2115 dicere
1147 2093 1286 2121 aggressus
1299 2085 1402 2113 erubui,
1417 2091 1487 2118 smpe
1499 2091 1552 2118 pra:
1565 2081 1664 2117 pudore
1671 2081 1771 2108 destiti.
1786 2080 1833 2106 Ec-

1045 2133 1107 2168 quid
1120 2132 1182 2159 illnd
1196 2132 1256 2159 est?
1275 2131 1424 2157 audendum
1436 2130 1506 2156 cnim
1519 2129 1572 2162 jam
1587 2133 1613 2155 et
1627 2127 1766 2154 dicendmn
1780 2131 1830 2152 est.

1046 2181 1146 2215 Magna:
1160 2179 1256 2214 quippe
1271 2178 1381 2212 ignavia:
1398 2177 1421 2203 id
1434 2181 1514 2208 esset,
1525 2176 1546 2201 si
1561 2174 1623 2209 quid
1639 2174 1700 2200 tnali
1712 2179 1833 2200 resecare

1046 2227 1183 2261 cupientes
1197 2245 1205 2256 ,
1221 2232 1254 2251 ue
1270 2223 1365 2250 mutirc
1383 2221 1489 2256 quidem
1503 2228 1583 2254 super
1597 2220 1640 2246 illo
1654 2219 1812 2246 auderemus
1824 2238 1832 2248 ,

1047 2281 1078 2300 ac
1092 2274 1113 2300 si
1137 2272 1270 2299 silentium
1292 2269 1475 2304 aegritudinem
1490 2268 1559 2294 ultro
1578 2271 1731 2294 sanaturum
1753 2268 1833 2290 esset.

1048 2319 1086 2346 Ne
1099 2323 1234 2344 tat-eamus
1249 2316 1338 2350 igitur,
1348 2315 1449 2341 etiamsi
1462 2313 1557 2340 millies
1571 2309 1779 2339 erubescendum
1790 2309 1835 2335 sit.

1048 2366 1138 2400 Neque
1152 2364 1222 2390 enim
1237 2362 1355 2388 medicus
1366 2368 1425 2387 cum
1435 2359 1609 2394 abstergenda
1619 2356 1731 2392 putredo
1745 2355 1834 2387 fuerit,

1049 2412 1148 2439 ferrum
1164 2410 1282 2440 arripere
1295 2407 1426 2434 dubitabit
1440 2426 1447 2438 ,
1462 2410 1488 2432 et
1498 2405 1530 2432 ad
1545 2406 1630 2439 ipsum
1643 2402 1762 2430 vulneris
1775 2401 1836 2427 fun-

1049 2456 1213 2491 dumdigitos
1224 2447 1380 2481 immittere.
1394 2451 1448 2478 Nec
1463 2458 1511 2477 nos
1525 2450 1603 2484 igitur
1617 2449 1650 2475 de
1666 2448 1740 2475 hisco
1755 2446 1835 2474 verba

1050 2504 1137 2530 facere
1158 2500 1339 2528 recnsabimus
1355 2518 1363 2530 ,
1378 2501 1620 2531 tptantumcumqne
1647 2493 1782 2520 molestior
1802 2492 1837 2517 sit

1051 2549 1173 2584 putredo.
1188 2547 1263 2581 Quod
1279 2553 1343 2580 ergo
1358 2544 1464 2571 tandem
1479 2541 1549 2569 istud
1566 2540 1664 2567 malum
1686 2538 1744 2566 est?
1756 2539 1837 2564 Amor

1051 2583 1157 2629 quidam
1173 2600 1257 2620 novus
1271 2599 1303 2618 ac
1318 2590 1496 2625 nequissimus
1523 2588 1548 2614 in
1570 2590 1690 2613 nostrum
1712 2583 1837 2611 smeulum

1051 2641 1148 2675 irrupit
1164 2649 1170 2666 :
1185 2639 1294 2667 morbus
1308 2636 1384 2664 irruit
1394 2635 1566 2670 graviSsimus
1577 2630 1775 2662 etineurabilis,
1792 2636 1838 2662 pe-

1051 2689 1100 2715 stis
1112 2686 1230 2712 omnium
1247 2683 1358 2719 pestium
1372 2680 1517 2709 teterrima.
1532 2679 1634 2706 Novum
1656 2681 1683 2704 et
1696 2675 1840 2702 intoleram

1052 2734 1115 2762 dum
1131 2733 1217 2759 scelus
1230 2731 1405 2765 excogitatum
1417 2726 1531 2754 est.Non
1547 2725 1617 2752 enim
1631 2724 1738 2758 scripta:
1749 2721 1840 2754 modo,

1085 2803 1093 2818 ι
1112 2801 1197 2828 verba.
1210 2799 1253 2823 hoc
1265 2797 1380 2825 studimn,
1389 2796 1414 2819 in
1423 2793 1504 2819 .‘lorcl.
1513 2791 1564 2818 solo
1575 2791 1673 2817 desunt.
