2064 3115
187 147 235 174 361

186 202 233 230 sed
255 201 390 229 naturales
409 201 473 235 ipsze
498 201 568 235 leges
584 205 748 227 evertuntur.
762 200 844 227 Parva
865 207 907 227 res
920 199 973 234 jam

187 253 227 275 est
243 247 276 274 ad
291 247 463 281 impudicitia:
478 246 605 273 rationem
621 245 759 272 fornicatio
776 253 782 271 :
803 253 834 272 ac
849 245 975 280 quemad-

188 292 295 320 modnm
309 293 334 318 in
348 291 494 323 doloribus,
507 290 550 325 qui
564 290 704 317 violentior
718 290 871 324 supervenit
882 290 977 324 prioris

187 346 295 366 sensum
309 338 399 365 obruit
414 358 422 370 ,
438 337 476 364 sic
498 341 522 363 et
540 336 618 370 hujus
640 337 808 363 contumeliae
822 335 976 370 magnitudo

190 393 241 411 non
261 383 400 418 permittit,
416 388 444 410 ut
465 382 534 417 quod
549 391 610 408 vere
622 382 787 408 intolerabile
809 385 859 412 est,
870 381 923 415 jam
938 381 977 407 iu-

191 429 328 457 t‘olcrabile
350 428 494 460 videatur,
515 427 640 454 obsctPua
668 434 762 460 nempe
783 434 842 453 eum
860 426 977 461 mulieri-

191 475 240 501 bus
252 474 362 500 ‘libido.
375 473 524 506 Optandtnn
537 472 607 498 enim
622 471 725 498 videtur
737 479 813 505 posse
826 471 976 504 huiusmodi

191 521 255 548 retia
270 519 384 554 emisere
405 528 410 545 :
426 518 626 552 periculumque
645 522 686 544 est
703 525 735 543 nc
749 523 828 543 Sexus
842 516 979 542 muliebris

191 567 243 601 jam
267 566 416 600 superfluus
434 564 564 591 efficiatur
578 584 585 596 ,
600 563 812 590 adolescentibus
828 562 900 589 vices
921 562 980 596 ejus

192 619 284 638 OlllllcS
300 611 479 645 implentibus.
494 609 569 643 Quod
583 609 768 644 gravissimum
782 616 847 635 sane
860 613 898 634 est
914 628 921 639 ,
933 607 978 634 sed

193 658 271 691 longe
283 657 400 683 atrocius
416 655 486 690 quod
501 663 543 682 res
558 661 610 681 tam
625 653 787 681 exsecranda
806 653 904 687 ingenti
918 660 978 679 cum

193 702 299 729 audacia
316 706 481 735 perpetretur
496 721 507 735 ,ι
519 700 553 726 ita
572 705 599 726 ut
623 699 725 725 facinus
735 698 802 725 adeo
817 698 979 732 ilb-gitimnm

193 748 219 774 in
234 748 318 782 legem
333 746 477 773 transierit.
491 745 574 772 Nemo
584 745 640 780 jam
655 744 758 773 metuit,
774 751 852 770 ncmo
867 743 982 777 perhor-

195 794 273 820 rescit
286 814 294 825 ,
314 800 392 819 nemo
405 797 510 818 veretur
524 796 567 818 aut
581 791 715 817 erubescit
730 811 737 821 ,
760 790 806 816 sed
819 790 894 823 quasi
908 790 941 816 de
953 797 982 815 re

196 839 263 866 bene
276 843 350 872 gesta
364 837 482 867 ridetur;
496 837 545 870 ipsi
566 840 745 870 temperantes
755 835 874 862 insanire
885 834 980 861 viden-

196 888 246 915 tur,
259 887 286 910 ct
297 882 443 909 munitores
458 882 544 908 furere
556 889 562 912 ;
579 881 623 915 qui
637 881 658 907 si
673 880 860 907 imbecilliores
874 879 981 910 fuerint,

195 928 350 955 verberibus
364 927 531 959 afficiuntur;
557 926 597 953 sin
613 925 774 960 potentiores
787 946 794 957 ,
812 925 959 951 irridentur
974 945 981 956 ,

196 973 350 1004 illuduntur,
366 980 397 999 ac
411 973 516 1007 probris
529 977 722 1006 resperguntur
738 971 894 997 innumeris.
911 969 982 996 Nihil

193 1019 248 1054 jam
262 1019 413 1050 tribunalia,
428 1018 493 1045 nihil
505 1018 577 1052 lrgcs
589 1018 695 1044 valent:
708 1024 760 1043 non
771 1015 919 1051 paedagogi,
932 1023 983 1041 non

197 1070 295 1099 patres,
310 1073 362 1092 non
377 1065 498 1095 asscclw,
511 1072 562 1090 non
577 1063 708 1097 magistri:
723 1062 766 1089 alii
781 1063 851 1089 enim
865 1061 985 1095 pecuniis

197 1110 449 1145 corruptisunt,alii
465 1110 489 1136 id
502 1109 586 1136 soltnn
598 1112 725 1135 cm‘antut
737 1115 840 1134 merces
854 1106 983 1133 solvatur:

197 1165 231 1184 cx
255 1157 287 1183 iis
305 1163 368 1183 vero
384 1155 429 1190 qui
454 1155 521 1189 frugi
547 1159 609 1181 sunt
622 1174 629 1186 ,
650 1158 676 1180 et
702 1153 751 1179 sibi
768 1151 984 1178 concreditorum

197 1203 277 1229 saluti
315 1201 509 1236 prospiciunt,
546 1200 592 1227 alii
628 1199 705 1226 facile
742 1198 986 1226 circumveniuntur

197 1255 228 1274 ac
251 1247 437 1280 decipiuntur,
459 1246 503 1272 alii
522 1245 715 1280 impudicorum
735 1244 877 1279 potentiam
900 1242 987 1270 κίοι-ε

199 1291 308 1318 midant.
336 1291 450 1318 Facilius
480 1291 550 1318 enim
578 1290 699 1317 elabatur
722 1290 767 1324 qui
799 1290 824 1316 in
857 1288 987 1316 alfcctata:

200 1337 344 1371 tyrannidis
381 1336 558 1371 suspicionem
584 1336 719 1367 ·νυιι‹ϊίι,
750 1342 830 1369 quam
869 1334 987 1368 ipsorum

200 1389 294 1408 manus
318 1381 428 1416 effugiat
463 1381 505 1415 qui
540 1388 636 1415 pueros
667 1379 701 1406 ab
735 1379 905 1406 essecrandis
934 1379 988 1406 illis

201 1426 351 1454 hominibus
370 1426 503 1454 abducere
517 1425 666 1452 tentaverit.
689 1425 733 1452 Sic
756 1425 850 1451 mediis
875 1424 901 1451 in
918 1424 988 1451 urbi-

200 1473 260 1506 bus,
276 1473 351 1507 quasi
374 1473 399 1499 in
422 1476 496 1499 vasta
511 1471 663 1504 solitudine,
685 1471 795 1497 masculi
814 1471 839 1497 in
857 1470 988 1497 masculos

201 1519 388 1554 turpitudinem
403 1521 537 1545 exercent.
549 1517 625 1552 Quod
638 1517 659 1543 si
673 1517 717 1551 qui
731 1516 781 1544 bos
797 1516 906 1551 laqueos
920 1515 987 1542 etfu-

198 1571 297 1606 gerint.
311 1569 412 1595 malam
431 1572 522 1594 tamen
537 1567 733 1593 sceleratorum
753 1564 852 1591 famam
875 1562 982 1590 difﬁcile

199 1615 322 1641 vitabunt
335 1622 341 1639 :
360 1613 446 1648 primo
457 1612 578 1647 quidem,
593 1611 656 1645 quia
668 1610 813 1637 admodum
829 1609 906 1643 pauci
921 1616 982 1635 cum

199 1661 263 1692 sint,
280 1658 465 1693 improborum
479 1655 654 1684 multitudine
666 1655 745 1681 facile
755 1653 925 1681 obruuntur?
940 1659 982 1680 se-

199 1705 298 1736 cundo.
311 1704 376 1739 quia
388 1703 540 1731 detestandi
553 1703 591 1730 illi
603 1710 635 1729 ar.
645 1702 753 1729 scelesti
762 1701 910 1732 daemones,
922 1706 985 1725 cum

200 1754 402 1784 contemptores
419 1757 484 1776 suos
497 1749 550 1775 alio
565 1747 646 1775 modo
661 1746 758 1774 ulcisci
776 1749 923 1780 nequeant.
936 1744 986 1771 hac

200 1795 242 1821 via
250 1795 345 1821 laudere
352 1797 494 1821 conantur.
505 1792 574 1826 Quia
582 1793 653 1819 enim
664 1792 742 1819 letale
751 1790 805 1818 illis
813 1790 912 1816 vulutts
921 1788 987 1815 infli-

200 1848 262 1875 gere
269 1848 322 1868 non
330 1844 455 1875 possunt,
465 1847 554 1874 neque
561 1846 646 1873 usque
654 1838 687 1865 ad
696 1837 813 1864 animam
822 1835 986 1871 pertingere.

203 1887 367 1914 exteriorem
385 1887 481 1914 saltent
506 1889 632 1913 ornatum
654 1885 761 1915 laedere,
779 1884 931 1916 bonamque
950 1881 990 1908 fa-

201 1942 270 1962 mam
292 1941 398 1961 omnem
421 1932 526 1959 auferre
549 1931 680 1958 nituntttr.
701 1927 880 1960 Quamobrem
894 1928 994 1955 multos

200 1980 298 2012 audivi,
319 1980 364 2014 qui
385 1986 415 2006 se
430 1978 519 2005 mirari
535 1977 664 2007 dicerent,
683 1973 753 2008 quod
766 1972 882 2000 nondum
899 1972 992 1999 hodie-

201 2034 253 2060 que
273 2026 359 2052 imber
382 2025 452 2052 alius
474 2024 565 2059 igneus
580 2022 705 2056 delapsus
727 2019 772 2052 sit,
795 2019 919 2054 quodque
939 2026 992 2046 non

202 2071 273 2106 paria
297 2078 357 2098 cum
380 2070 503 2098 Sodomis
524 2068 587 2095 urbs
612 2073 701 2094 nostra
717 2071 794 2101 passa
815 2065 860 2097 sit,
881 2072 941 2099 quae
961 2072 993 2091 co

203 2117 324 2151 graviore
346 2114 578 2150 supplicioudigna
599 2117 651 2144 est,
668 2119 721 2147 quo
742 2119 778 2139 ne
793 2110 865 2138 illius
887 2109 992 2144 quidem

203 2163 286 2191 cladis
299 2163 422 2197 exemplo
437 2161 604 2189 emendatur.
626 2160 725 2186 Verum
741 2157 846 2186 etiamsi
863 2156 905 2183 illa
921 2156 994 2189 regio

203 2211 238 2237 ab
250 2210 328 2237 annis
342 2209 382 2236 bis
403 2207 477 2235 mille
496 2215 562 2234 voce
576 2206 696 2241 qualibet
716 2204 859 2232 clariorem
879 2210 994 2236 (ωηερε-

204 2261 275 2282 ctum
289 2254 420 2290 prtcferat,
436 2260 488 2288 quo
499 2252 557 2280 orbi
573 2251 696 2278 universo
709 2250 805 2277 clamat
821 2257 854 2276 ne
865 2247 927 2283 quid
943 2247 994 2274 ltu-

203 2301 317 2336 jusmodi
330 2300 437 2332 audeat,
449 2306 503 2326 non
524 2298 604 2325 modo
619 2297 757 2331 segniores
771 2295 803 2322 ad
819 2295 871 2322 hoc
893 2295 995 2321 facinus

207 2347 268 2373 facti
283 2354 335 2374 non
359 2349 432 2377 sunt,
446 2344 493 2372 sed
508 2344 588 2371 etiam
603 2348 666 2370 sunt
683 2341 907 2376 impudentiores:
924 2347 954 2366 ac
971 2339 994 2366 si

206 2399 267 2419 cum
290 2392 344 2419 Deo
356 2390 530 2422 contendant,
553 2387 632 2423 atque
647 2387 772 2422 operibus
787 2386 924 2413 declarare
938 2389 995 2411 stu-

207 2439 287 2466 deant
310 2445 370 2465 sese
393 2442 467 2464 tanto
489 2436 574 2471 magis
598 2434 640 2462 liis
665 2434 741 2460 malis
763 2433 902 2459 dedituros
924 2439 994 2461 esse,

206 2488 307 2519 quanto
321 2483 437 2517 majores
458 2482 504 2509 ille
526 2489 618 2516 paruas
631 2481 808 2507 comminatus
832 2478 920 2505 fuerit.
943 2478 997 2504 Cur

207 2537 271 2564 ergo
287 2528 353 2556 nihil
367 2528 466 2555 factum
479 2530 520 2554 est
541 2525 709 2561 liujusmodi:
725 2523 773 2551 sed
793 2531 852 2550 cum
866 2523 997 2550 Sodomo-

207 2583 266 2604 rum
279 2575 381 2603 scelera
402 2574 586 2605 admittantur,
602 2572 779 2599 Sodomorum
802 2575 890 2596 tamen
907 2568 997 2596 clades

209 2630 263 2649 non
275 2621 449 2656 contingunt?
463 2619 529 2654 Quia
545 2623 634 2646 manet
649 2620 696 2645 θος
709 2617 776 2651 ignis
791 2617 868 2650 longe
881 2615 996 2650 gravior,

207 2673 236 2694 et
248 2667 407 2702 supplicium
424 2666 503 2693 finem
519 2673 571 2691 non
586 2664 748 2690 habiturum.
763 2662 828 2689 Nam
842 2669 902 2687 cum
914 2660 998 2686 multo

209 2712 329 2747 graviora
345 2712 457 2743 scelera,
473 2718 551 2745 quam
567 2709 584 2736 ii
597 2709 641 2744 qui
655 2708 731 2742 aquis
743 2707 836 2734 diluvii
851 2706 995 2740 perierunt,

209 2758 316 2793 plurimi
334 2762 424 2793 postea
436 2755 604 2787 admiserint,
620 2755 705 2781 nullus
720 2759 808 2780 tamen
831 2752 916 2779 inil'er
928 2751 998 2785 ejus-

189 2833 197 2836 ”
242 2835 249 2850 ¹
267 2833 379 2859 sicsavil.
392 2834 416 2859 in
426 2837 496 2859 textu
509 2836 534 2858 et
546 2831 593 2857 duo
605 2835 668 2861 Mss;
677 2830 756 2855 κίοι-οι.
766 2833 791 2854 et
798 2827 867 2854 sarit.
880 2826 903 2852 in
913 2833 1000 2858 marg“

209 2873 265 2891 cum
277 2865 384 2890 muliere.

541 143 720 171 ADVERSUS
738 141 1011 171 OPPUGNATORES
1032 142 1122 171 VITE
1144 143 1284 172 MONAST.
1308 144 1370 172 LIB.
1393 145 1437 172 Ill.

1759 146 1810 173 56‘}

1028 201 1097 227 modi
1121 205 1288 236 postmodum
1310 203 1414 230 accidit.
1430 202 1527 230 Eadem
1543 203 1584 229 hic
1606 207 1710 237 quoque
1733 210 1811 229 causa

1027 243 1161 275 alTérenda
1171 254 1221 275 est.
1245 249 1298 276 Cur
1311 249 1381 276 enim
1396 250 1422 282 ii,
1437 250 1481 284 qui
1500 250 1577 284 paulo
1593 253 1652 284 post
1666 249 1755 276 mundi
1770 249 1810 275 iu-

1029 293 1103 319 itium
1128 293 1243 323 fuerunt,
1259 302 1317 321 cum
1341 302 1426 328 neque
1440 294 1581 322 tribunalia
1604 298 1704 327 essent,
1727 300 1813 327 neque

1029 339 1226 373 magistratuum
1239 344 1324 367 metus
1342 340 1500 372 immineret,
1517 347 1569 367 non
1586 340 1651 374 legis
1665 340 1811 366 commina-

1030 384 1075 414 tio,
1087 392 1140 410 non
1156 384 1343 418 prophetarum
1368 386 1475 416 chorus,
1491 387 1535 419 qui
1552 385 1745 417 moderaretur,
1763 392 1814 411 non

1029 430 1192 463 exspectatio
1205 430 1342 464 gehennat,
1360 438 1411 457 non
1427 431 1499 465 regni
1515 438 1588 465 spes,
1604 437 1657 458 non
1678 430 1728 457 alia
1751 430 1810 464 phi-

1030 475 1161 509 losophia,
1176 482 1227 501 non
1243 476 1377 506 miracula,
1394 482 1453 510 qua:
1467 480 1576 510 possent
1592 476 1634 503 vel
1649 476 1750 510 lapides
1764 483 1811 501 cx-

1030 521 1128 547 citare:
1143 527 1201 552 cur,
1215 520 1330 554 inquam,
1342 521 1378 546 illi
1391 521 1434 554 qui
1449 521 1521 547 nullo
1531 520 1627 547 borum
1640 521 1713 554 potiti
1722 524 1809 551 erant,

1033 574 1119 595 tantas
1133 568 1264 595 scelerum
1286 576 1377 602 plenas
1390 568 1538 599 dederunt;
1559 567 1603 601 qui
1619 571 1707 594 autem
1723 567 1815 592 lzorum

1032 614 1149 640 oinnium
1165 613 1306 647 participes
1322 612 1436 644 fuerunt,
1453 617 1479 639 et
1500 612 1568 638 inter
1582 616 1669 638 tantos
1682 615 1736 638 tmn
1750 611 1818 637 divi-

1034 667 1127 686 norum
1144 665 1197 686 tum
1214 660 1389 685 humanorum
1405 657 1576 685 tribunalium
1601 661 1687 684 metus
1709 663 1818 683 versan-

1034 709 1086 736 tur,
1110 704 1225 730 nondum
1248 703 1319 737 paria
1335 703 1387 730 illis
1410 702 1478 736 passi
1501 707 1570 733 sunt,
1585 709 1644 728 cum
1668 701 1721 728 sint
1743 701 1820 735 longe

1032 749 1145 783 graviori
1161 749 1289 782 supplicio
1303 748 1395 782 digni?
1410 747 1503 774 Nonne
1518 747 1558 773 vel
1574 753 1654 781 puero
1670 746 1751 780 liquet
1761 745 1820 773 illos

1033 794 1155 821 atrociori
1176 793 1269 820 ultioni
1291 793 1439 819 reservari?
1452 791 1517 819 Nam
1539 792 1560 818 si
1575 798 1624 818 nos
1638 798 1718 825 super
1731 791 1771 817 his
1785 791 1820 817 ita

1035 840 1174 866 irascimur
1189 844 1216 866 et
1231 839 1407 873 indignamur,
1425 838 1496 865 Deus
1517 837 1560 872 qui
1579 844 1662 872 genus
1677 836 1820 863 humanum

1034 885 1093 919 plus
1107 893 1185 919 quam
1206 885 1258 911 alia
1270 885 1359 911 omnia
1372 888 1456 915 curat,
1477 888 1504 910 et
1523 882 1665 917 nequitiam
1679 881 1821 908 admodum

1035 936 1182 962 aversatur,
1202 929 1335 964 qttomodo
1349 930 1406 956 lta'c
1421 929 1528 964 impune
1545 928 1600 955 fieri
1617 928 1750 963 patiatur?
1765 927 1822 954 Non

1037 977 1070 1003 ita
1084 982 1166 1009 certe,
1190 985 1243 1003 non
1258 977 1292 1002 ita
1311 983 1340 1002 se
1361 983 1403 1002 res
1418 975 1508 1007 habet,
1523 974 1570 1001 sed
1588 974 1711 1000 immittet
1725 973 1750 999 in
1766 973 1824 1000 illos

1037 1022 1114 1056 plane
1136 1029 1242 1048 manum
1265 1021 1335 1048 illam
1349 1020 1474 1051 validam,
1498 1019 1654 1054 plagamque
1677 1018 1821 1045 intoleran-

1036 1069 1107 1098 dam.
1123 1072 1202 1102 atque
1217 1067 1381 1093 cruciatuum
1396 1065 1502 1093 illorum
1516 1065 1636 1092 dolorem
1651 1065 1685 1091 ita
1704 1072 1822 1099 gravent,

1037 1118 1066 1140 ut
1088 1113 1264 1140 Sodomorum
1278 1111 1367 1138 clades
1389 1111 1426 1137 illi
1441 1114 1593 1144 comparata
1609 1110 1685 1136 ludus
1705 1109 1825 1136 videatur

1037 1165 1106 1185 esse.
1123 1158 1196 1190 Quos
1210 1158 1281 1184 enim
1297 1156 1333 1183 illi
1350 1156 1477 1183 barbaros
1496 1163 1547 1182 non
1563 1155 1739 1190 superarunt?
1754 1154 1824 1189 quod

1038 1205 1152 1231 ferarqu
1175 1211 1259 1239 genus
1286 1211 1331 1236 per
1360 1201 1619 1236 impudentissimam
1649 1209 1821 1236 congressum

1039 1259 1090 1277 non
1103 1253 1174 1276 retro
1186 1248 1357 1283 relinquunt?
1369 1248 1416 1274 Est
1429 1248 1455 1274 in
1467 1246 1624 1281 quibusdam
1634 1247 1718 1274 brutis
1729 1246 1827 1273 ardens

1039 1295 1130 1327 libido,
1145 1294 1294 1329 cupidoque
1308 1293 1494 1325 intolerabilis,
1511 1292 1577 1319 nihil
1592 1292 1625 1319 ab
1639 1291 1740 1318 insania
1755 1290 1827 1318 dill'e.

1040 1349 1119 1368 rens:
1135 1349 1195 1376 qua:
1217 1344 1304 1367 tamen
1320 1339 1390 1366 ltunc
1404 1345 1522 1365 amorem
1538 1345 1591 1365 non
1606 1341 1712 1367 norunt,
1729 1336 1774 1363 sed
1789 1337 1827 1362 in-

1041 1392 1080 1414 tra
1103 1391 1204 1413 natura:
1229 1385 1358 1412 terminos
1380 1389 1504 1416 manent;
1529 1384 1580 1410 etsi
1603 1382 1701 1410 millies
1721 1382 1828 1408 libidine

1039 1436 1161 1464 urantur,
1176 1437 1278 1458 natura:
1298 1438 1441 1464 numquam
1457 1430 1529 1464 leges
1542 1433 1673 1456 evertunt.
1697 1429 1730 1455 At
1746 1427 1827 1454 ratio-

1040 1479 1143 1506 nabiles
1165 1477 1214 1510 illi,
1238 1477 1326 1504 divina
1348 1476 1424 1511 potiti
1439 1476 1571 1507 doctrina,
1592 1476 1636 1510 qui
1649 1482 1708 1509 qua:
1727 1473 1827 1508 agenda

1040 1525 1081 1552 vel
1104 1532 1156 1551 non
1172 1524 1273 1558 agenda
1288 1524 1342 1550 sint
1362 1523 1422 1549 aliis
1442 1522 1596 1557 prmdicaut,
1624 1521 1829 1555 Scripturasque

1040 1579 1072 1597 cx
1088 1569 1154 1597 cado
1168 1569 1290 1604 delapsas
1303 1569 1453 1600 audierunt,
1468 1576 1518 1594 non
1533 1568 1567 1594 ita
1583 1566 1750 1601 impudenter
1764 1572 1825 1592 cum

1041 1615 1227 1643 meretricibus
1249 1619 1278 1642 ut
1299 1621 1360 1642 cum
1374 1606 1588 1641 adulescentibus
1607 1611 1826 1647 congrediuntur.

1040 1662 1106 1689 Nam
1119 1661 1194 1696 quasi
1208 1660 1329 1687 houiines
1341 1667 1393 1686 non
1407 1658 1472 1692 sint,
1487 1665 1571 1692 neque
1584 1656 1748 1690 providentia
1761 1662 1830 1689 prae-

1041 1707 1076 1734 sit
1096 1706 1176 1734 rebus
1189 1705 1312 1732 humanis
1325 1705 1411 1740 deque
1425 1704 1499 1730 factis
1510 1703 1622 1737 judicet,
1635 1701 1682 1729 sed
1697 1701 1772 1736 quasi
1788 1705 1828 1727 te-

1042 1753 1132 1780 nebris
1154 1755 1250 1779 cuncta
1271 1749 1473 1785 occupantibus,
1495 1748 1622 1783 tntlloqnc
1643 1747 1699 1774 haec
1723 1746 1830 1773 vidente

1042 1799 1084 1826 vel
1095 1798 1231 1829 audiente,
1247 1796 1286 1824 sic
1298 1797 1387 1822 omnia
1397 1799 1497 1822 etcum
1515 1798 1587 1822 tanta
1602 1792 1704 1820 insania
1718 1791 1828 1819 audent.

1043 1844 1201 1871 Vitiatorem
1213 1847 1302 1869 autem
1313 1848 1455 1876 puerorum
1469 1844 1559 1875 patres
1569 1839 1627 1866 bzec
1637 1838 1716 1865 tacite
1730 1838 1830 1870 lerunt,

1043 1894 1094 1913 nec
1107 1894 1199 1915 secum
1212 1886 1283 1914 filios
1291 1890 1364 1914 terra
1375 1887 1506 1918 obruunt,
1517 1893 1567 1913 nec
1577 1885 1650 1920 quod
1661 1892 1742 1919 quain
1753 1888 1831 1911 tanto

1044 1931 1115 1958 malo
1128 1932 1277 1959 remedium
1290 1935 1426 1966 quierunt.
1441 1932 1475 1958 At
1488 1931 1560 1958 enim
1571 1930 1594 1958 si
1607 1930 1633 1956 in
1644 1929 1771 1957 exsilium
1783 1928 1830 1955 ab-

1044 1977 1161 2004 ducendi
1173 1980 1265 2004 essent
1280 1977 1338 2008 tilii,
1351 1981 1380 2004 ut
1389 1977 1423 2003 ab
1434 1976 1487 2004 hac
1497 1979 1573 2010 peste
1591 1975 1786 2006 liberarentur,
1804 1974 1827 2001 si

1045 2025 1072 2052 iu
1081 2030 1166 2054 mare,
1175 2023 1198 2049 si
1207 2022 1233 2049 in
1246 2022 1361 2053 insalas,
1369 2023 1391 2049 si
1402 2022 1429 2049 in
1436 2026 1536 2049 terram
1543 2021 1691 2052 desertam,
1702 2019 1724 2047 si
1735 2020 1829 2047 ineant

1044 2076 1104 2104 qua:
1125 2068 1195 2095 ultra
1215 2076 1266 2095 uos
1285 2071 1327 2094 est
1348 2067 1424 2094 orbis
1440 2071 1561 2100 partem,
1578 2074 1669 2093 nonne
1690 2068 1830 2100 oporteret

1045 2116 1136 2143 omnia
1147 2114 1236 2142 facere
1247 2119 1273 2141 et
1282 2115 1396 2149 perpeti,
1407 2122 1441 2141 ne
1453 2113 1610 2148 huiusmodi
1619 2112 1719 2147 tlagitia
1731 2111 1830 2138 admit-

1046 2159 1185 2188 terentur?
1204 2159 1285 2187 Certe
1306 2159 1328 2187 si
1351 2159 1501 2186 insalubris
1525 2163 1598 2185 esset
1617 2158 1694 2185 locus
1711 2157 1830 2191 aliquis.

1048 2213 1138 2232 nonne
1147 2204 1209 2231 inde
1217 2204 1285 2231 lilios
1292 2208 1508 2238 asportaremus,
1517 2203 1624 2230 etiamsi
1631 2203 1705 2229 lucra
1712 2202 1831 2236 ingentia

1048 2252 1083 2278 ibi
1098 2251 1294 2285 consequuturi
1313 2254 1427 2282 essent,
1439 2249 1545 2276 etiamsi
1561 2249 1662 2284 optima
1679 2247 1832 2275 valetudine

1049 2296 1218 2332 potirentur?
1229 2296 1306 2323 Nunc
1315 2300 1405 2323 autem
1417 2303 1479 2322 cum
1492 2299 1566 2321 tanta
1576 2295 1635 2321 lues
1648 2293 1738 2321 omnia
1752 2300 1833 2319 occu-

1051 2347 1094 2378 pet
1110 2351 1162 2370 non
1178 2343 1257 2370 tnodo
1271 2350 1319 2369 eos
1337 2342 1370 2368 ad
1385 2342 1514 2369 barathra
1533 2341 1678 2373 trahimus,
1692 2340 1739 2366 sed
1751 2338 1832 2374 siqui

1051 2391 1111 2417 illos
1122 2390 1227 2424 eripere
1250 2389 1351 2420 velint,
1380 2396 1427 2416 eos
1447 2392 1477 2415 ut
1496 2391 1671 2422 corruptores
1695 2386 1832 2420 pellitnus.

1052 2437 1158 2468 Quanta
1167 2436 1206 2462 ira
1215 2435 1320 2466 isthmc,
1327 2434 1436 2470 quantis
1446 2433 1604 2461 fulminibus
1611 2433 1692 2467 digna
1699 2439 1752 2458 non
1761 2431 1836 2458 sunt?

1051 2482 1270 2517 quandoquidem
1277 2482 1395 2516 linguam
1403 2481 1469 2516 ipsis
1478 2484 1703 2515 perexternamsa
1709 2478 1835 2512 pientiam

1050 2530 1183 2566 perpolire
1199 2528 1346 2559 studemus,
1367 2525 1481 2553 animam
1504 2529 1568 2550 vero
1591 2522 1617 2548 in
1634 2521 1691 2555 ipso
1704 2517 1838 2553 spurcitia:

1050 2563 1128 2604 cinno
1140 2576 1285 2611 iacentem,
1297 2572 1459 2605 omninoque
1471 2571 1679 2604 putrescentcm,
1694 2571 1747 2592 non
1759 2563 1838 2590 modo

1052 2609 1222 2657 despicimus,
1245 2619 1292 2646 scd
1306 2617 1387 2645 etiam
1405 2622 1550 2650 exsurgere
1564 2613 1697 2640 volentem
1711 2609 1838 2645 prohibe-

1052 2656 1121 2696 mus.
1146 2667 1213 2694 Nutu
1239 2665 1298 2699 quis
1322 2663 1410 2690 adhuc
1429 2661 1518 2688 dicere
1537 2660 1607 2686 ausit
1628 2660 1706 2693 posse
1726 2656 1838 2682 salutem

1052 2712 1188 2747 conscqui-
1206 2717 1263 2741 eos,
1278 2709 1321 2744 qui
1348 2708 1374 2735 in
1398 2707 1478 2734 tantis
1503 2706 1580 2731 Inalis
1601 2700 1760 2730 versantur’
1784 2702 1839 2730 Qua

1053 2745 1174 2788 ratione?
1190 2757 1308 2791 Namque
1323 2755 1352 2786 ii,
1368 2752 1413 2788 qui
1432 2751 1596 2779 exoletorum
1619 2748 1752 2775 vesaniam
1777 2745 1842 2772 etfu-

1054 2809 1158 2841 geruut,
1182 2802 1227 2838 qui
1252 2801 1327 2836 pauci
1343 2807 1408 2827 sane
1427 2803 1538 2825 numero
1553 2799 1624 2825 sunt,
1651 2799 1758 2819 amores
1782 2790 1842 2840 illos

1056 2835 1198 2882 violentos,
1219 2849 1264 2882 qui
1288 2847 1376 2874 omnia
1400 2846 1584 2876 corrumpunt,
1600 2838 1718 2874 pecunia:
1740 2835 1844 2863 scilicet
