2058 3116
238 161 289 191 ἔϋό

238 222 263 247 et
278 217 380 252 glorize,
395 224 448 243 non
463 215 590 250 effugiunt
600 224 606 242 :
617 214 706 249 plums
720 217 844 240 autemet
856 212 898 239 his
910 212 984 246 ipsis,
998 215 1026 239 et

239 270 289 289 una
298 261 436 296 impudicis
444 260 773 288 amoribusvehementius
783 258 901 294 oppressi
909 257 1018 284 detinen

242 312 292 334 tur.
305 306 402 335 Deinde
408 314 467 335 cum
475 306 534 333 illos
543 305 778 333 litcrarnmstudiis
784 305 889 332 tradere
896 304 1026 334 volumus.

244 360 296 380 non
312 357 412 381 tantum
427 360 458 379 ea
476 360 534 387 qua:
548 352 609 379 huic
625 351 783 379 institutioni
797 351 904 378 officere
918 354 1028 385 possunt

240 398 396 430 auferimus,
410 398 455 425 sed
466 406 525 432 quae
535 398 719 433 ipsamjuvare
727 402 839 433 possunt
849 404 1006 431 apparamt.s
1019 403 1026 427 ;

224 464 230 469 .
241 443 397 478 paedagogos
418 449 444 471 et
461 444 600 478 magistros
621 444 686 478 ipsis
702 451 890 478 procnramus,
904 442 1028 476 pecunias

206 519 221 530 ﬁ
241 489 426 523 expendimus,
441 495 521 525 atque
535 498 549 516 τι
563 490 667 518 caneris
679 491 758 517 rebus
769 490 850 516 otitun
861 493 1027 523 pnestamns,

206 530 215 535 iv
242 542 273 562 ac
287 535 459 570 frequentitts,
477 544 556 570 qttam
575 535 727 570 ptedotribte
746 535 770 562 in
784 533 928 569 Ulytnpicis
940 537 1027 560 θυι-ιιι-

242 580 358 609 minibus
373 580 549 608 vociferantes
563 601 570 611 ,
587 585 768 615 paupertatem
784 587 862 615 quam
885 577 1027 613 imperitia,

242 625 347 654 divitias
356 634 420 660 quas
427 627 542 654 eruditio
550 627 626 654 affert
635 626 800 657 exhibemus,
812 625 878 652 nihil
887 632 938 650 non
949 631 1029 658 agen-

243 677 283 699 tes
293 673 459 705 acdicontes,
479 679 506 700 et
524 678 615 700 nostro
629 677 655 700 et
666 673 778 699 aliorum
791 678 926 704 sermone,
941 674 968 696 ut
982 677 1029 696 eos

243 718 276 746 ad
295 718 374 747 finem
397 723 476 746 unum
492 719 677 746 sollicitudinis
692 718 878 752 perducamus,
893 724 980 751 neque
991 716 1030 742 sic

243 764 336 791 crebro
347 765 399 792 voti
407 769 544 798 compotes
554 765 686 791 efticimnr
700 773 706 790 :
719 772 822 790 morum
836 771 899 790 vero
912 762 1030 798 probita~

244 815 311 843 tem,
326 815 353 836 et
366 810 485 837 hoaesta:
501 811 562 837 vitze
581 818 672 837 curam
693 810 762 836 ultro
777 809 842 843 ipsis
857 809 1030 835 obventuram

243 855 404 890 putabimus,
421 862 482 884 cutn
502 855 617 882 maxime
641 860 679 882 tot
703 860 829 888 tantaque
848 854 910 886 sint,
925 861 984 887 quin
999 853 1031 879 il-

243 901 296 929 lam
312 902 478 935 impediant"!
492 901 593 936 Ecquid
605 901 654 928 hac
668 901 832 928 absurditate
846 900 964 927 deterius
974 899 1030 933 fue-

244 948 288 978 rit,
302 947 325 973 id
341 947 409 981 qttod
424 947 527 974 facilius
538 952 578 974 cst
593 949 617 974 in
632 955 727 982 magno
741 947 826 981 pretio
841 946 939 973 habere
951 965 959 977 ,
977 950 1029 971 tam

244 993 357 1019 Soliicllc
375 993 507 1028 persequi,
529 994 603 1028 quasi
628 1001 679 1020 non
693 993 772 1020 liceat
787 992 859 1019 aliud
880 991 958 1018 aliter
970 990 1031 1017 adiv

245 1038 323 1072 pisci,
339 1039 408 1073 quod
422 1044 510 1066 autem
523 1038 599 1074 longe
611 1038 746 1065 difficilius
760 1042 810 1070 est,
822 1037 872 1064 hoc
885 1037 961 1064 nobis
971 1035 1033 1062 (lor-

246 1077 392 1113 ntientibus
408 1084 582 1110 obventurunt
595 1091 654 1110 esse
675 1088 776 1117 putare,
793 1083 867 1117 quasi
881 1081 977 1116 aliquid
993 1081 1033 1106 vi-

245 1128 280 1158 lis
295 1130 371 1164 pretii
386 1134 411 1156 et
425 1129 497 1163 parvi
512 1129 638 1156 momenti
651 1129 661 1155 ξ
677 1128 845 1161 Philosophia
859 1127 956 1162 quippe
974 1125 1032 1152 ani-

246 1181 296 1203 tme
308 1174 442 1201 literarum
456 1174 620 1200 institutione
631 1178 703 1200 tanto
717 1172 849 1200 difficilior
859 1177 886 1199 et
896 1171 1034 1205 operosior

246 1224 297 1251 est,
321 1224 420 1253 qttanto
441 1219 576 1246 dit‘licilius
599 1223 641 1246 est
662 1219 758 1249 facere.
782 1225 860 1252 quam
881 1217 980 1248 dicere,
1008 1220 1035 1242 et

247 1270 345 1299 quanto
358 1272 438 1298 opera
451 1268 513 1291 sunt
525 1264 693 1291 sermonibus
708 1263 892 1290 laboriosiora.

284 1312 310 1337 9.
330 1309 499 1344 Philosophia
510 1309 560 1336 sive
575 1316 673 1335 morum
682 1308 805 1335 institutio
815 1316 888 1342 quam
895 1306 1035 1333 necessaria

250 1355 445 1389 riu—Ecquid,
459 1355 562 1390 inquies
576 1354 742 1390 philosophia
751 1359 778 1380 et
792 1353 947 1380 accuratiori
958 1352 1035 1379 iusti-

250 1401 351 1428 tutione
366 1401 425 1428 ﬁliis
436 1400 534 1428 nostris
548 1400 636 1434 opus?
649 1400 714 1426 Illud
736 1399 806 1427 enim
819 1420 826 1432 ,
841 1399 905 1426 illud
924 1398 1035 1425 omnino

248 1446 370 1481 estquod
384 1447 470 1473 omnia
484 1446 610 1481 perdidit,
621 1445 690 1481 quod
704 1452 746 1472 res
757 1446 791 1472 ita
806 1445 966 1476 necessaria,
977 1451 1035 1478 qua:

247 1492 327 1520 vitam
340 1492 475 1519 contineat
490 1496 619 1524 nostrain,
635 1490 769 1525 superflua
782 1495 809 1517 et
821 1490 906 1516 otiosa
920 1497 980 1516 esse
991 1489 1034 1515 vi-

247 1537 351 1564 deatur.
368 1536 446 1564 Certe
460 1537 481 1563 si
495 1537 554 1572 quis
569 1537 651 1563 filium
665 1536 733 1563 mala
747 1536 867 1570 corporis
884 1535 1035 1562 valetudine

248 1582 412 1610 laborantem
436 1583 541 1614 viderit,
563 1590 706 1617 numquam
719 1582 789 1609 dicet
810 1590 816 1608 :
832 1581 901 1614 Quid
918 1581 954 1607 illi
968 1589 1036 1615 opus

251 1628 318 1653 bona
341 1631 368 1654 et
387 1627 463 1654 firma
488 1627 659 1654 valetudine?
678 1627 724 1654 sed
748 1627 837 1654 omnia
857 1626 992 1659 molictur,
1009 1630 1037 1652 ut

249 1672 322 1701 lunia
332 1672 456 1700 valetudo
475 1672 510 1699 ita
535 1673 583 1707 ipsi
598 1674 764 1705 restituatur,
781 1677 809 1699 ut
822 1673 931 1699 morbus
945 1676 1035 1706 postea

250 1728 303 1746 non
319 1719 419 1748 salutat.
434 1720 530 1749 Anima
542 1728 604 1748 vero
619 1725 775 1754 :egrotante,
791 1719 856 1746 nihil
869 1719 943 1745 aiunt
957 1726 1035 1745 ettra-

250 1765 321 1792 tione
333 1773 404 1799 opus
413 1773 483 1798 esse,
501 1766 595 1802 bisque
609 1767 720 1801 prolatis
732 1766 821 1793 verbis
842 1770 930 1800 patres
943 1772 973 1792 se
987 1773 1034 1791 vo-

249 1819 311 1839 care
323 1812 431 1839 audent.
445 1812 512 1845 Quid
529 1813 627 1847 igitur?
645 1813 718 1839 aiunt
730 1821 737 1843 ;
753 1811 1034 1846 pbilosophabimurne

249 1865 352 1890 onntes,
367 1863 394 1884 et
416 1858 504 1884 omnia
519 1866 579 1892 qua:
597 1858 628 1884 ad
643 1857 769 1884 Steculum
791 1861 912 1891 spectant
930 1864 1034 1891 pessum

251 1902 344 1931 ilntut?
357 1902 414 1929 Non
430 1904 464 1930 ita
481 1911 602 1937 promus.
617 1902 732 1930 virorum
748 1902 848 1936 optime
859 1923 867 1933 ,
883 1909 936 1929 non
951 1901 1036 1937 philo-

250 1947 356 1982 sophia,
369 1948 415 1974 Stttl
429 1947 606 1982 philosophia:
616 1948 705 1982 inopia
714 1947 802 1974 omnia
816 1947 932 1982 perdidit
944 1952 972 1973 et
981 1954 1038 1974 cor—

250 1993 331 2026 t'ttpit.
357 1993 482 2026 Quinam.
509 2000 610 2028 quzeso,
638 1998 795 2028 prmsentcm
823 2001 910 2020 rerum
937 1997 1036 2019 statum

250 2039 446 2072 corrumpunt?
460 2040 533 2066 illinc
545 2040 589 2074 qui
606 2040 740 2067 moderate
756 2044 784 2066 et
794 2039 876 2075 probe
889 2039 989 2071 vivunt,
1004 2046 1037 2065 an

249 2084 297 2118 qui
315 2092 399 2113 novos
420 2091 447 2112 et
469 2086 575 2120 iniquos
589 2087 735 2120 excogitant
752 2086 907 2113 deliciarum
919 2084 1036 2112 modos?

251 2129 296 2162 qui
311 2138 357 2158 res
368 2131 486 2158 (nimium
501 2131 550 2157 sibi
565 2138 700 2158 assumere
714 2132 835 2158 nituntur
848 2151 854 2163 ,
876 2139 909 2157 an
923 2131 966 2165 qui
981 2131 1036 2157 suis

250 2175 367 2201 contenti
385 2180 446 2202 sunt
458 2177 468 2202 Σο
482 2177 526 2210 qui
547 2176 751 2203 domesticurtnn
767 2177 911 2210 phalangas
927 2176 1035 2208 habent,

248 2224 275 2246 et
287 2225 482 2248 assuttalorum
498 2222 505 2236 ¹
520 2228 621 2248 cuneos
635 2221 836 2248 circumducunt
850 2241 857 2254 ,
873 2228 905 2247 an
920 2221 962 2254 qtti
977 2229 1035 2247 scr-

249 2273 311 2293 vum
324 2274 404 2292 ttntnn
418 2267 468 2293 sibi
483 2267 547 2293 satis
558 2274 616 2293 esse
629 2267 790 2293 arbitrantur
800 2267 814 2292 ἷι
824 2265 952 2300 (nondum
964 2266 1034 2292 enim

248 2312 282 2339 de
303 2319 426 2345 suprema
449 2312 614 2346 philosophia
640 2312 742 2346 loquar,
765 2311 811 2338 sed
830 2311 863 2338 de
886 2311 940 2342 illa,
956 2320 1035 2346 quam

248 2356 354 2392 plurimi
369 2356 444 2384 adire
459 2362 585 2391 possunt:
600 2356 614 2392 )
627 2356 701 2383 illine
719 2357 763 2390 qui
785 2356 892 2383 humani
906 2365 938 2384 ac
959 2365 1035 2383 Innu-

249 2402 316 2428 sueti
331 2406 404 2434 sunt,
420 2401 650 2436 multitudinisth
665 2401 794 2428 honorem
811 2409 862 2428 nott
875 2406 986 2434 curant,
1003 2410 1035 2428 an

249 2447 278 2479 ii,
293 2447 338 2480 qui
353 2447 482 2474 ltonorem
499 2447 556 2480 plus
577 2454 657 2481 quam
677 2455 758 2474 ontne
776 2447 894 2474 debitum
915 2448 1034 2482 exigunt,

249 2492 448 2526 inutnnet‘isque
462 2492 655 2519 calamitatibus
667 2492 785 2519 alliciunt
794 2500 857 2520 eum
868 2492 914 2527 qtti
927 2501 979 2520 non
992 2502 1035 2519 as-

249 2541 349 2570 surgat,
365 2544 417 2564 non
441 2538 543 2571 primus
555 2538 663 2569 salutet,
680 2542 731 2564 ttou
747 2546 776 2565 so
791 2539 909 2571 inclinet,
925 2545 1036 2567 cuncta-~

249 2588 301 2614 que
315 2588 453 2609 scrvotum
469 2582 596 2616 obsequia
614 2591 667 2617 pra:
681 2590 710 2610 se
732 2583 815 2611 ferat?
829 2584 874 2619 qui
886 2585 973 2612 alieno
986 2585 1036 2612 im-

247 2627 323 2662 perio
334 2633 429 2660 parere
439 2633 544 2659 curant,
560 2636 595 2656 an
609 2629 652 2664 qui
665 2629 833 2664 magistratus
848 2631 1034 2664 profecturas-

249 2680 300 2705 que
321 2676 424 2705 amant,
445 2677 472 2700 et
488 2673 537 2700 hac
559 2673 594 2700 de
611 2682 640 2702 rc
658 2675 746 2702 omnia
763 2675 876 2703 libenter
891 2676 990 2703 faciunt
1004 2684 1038 2703 ac

249 2717 408 2750 patiuntur?
420 2718 464 2752 qui
479 2725 509 2746 se
521 2720 638 2746 omnium
650 2721 763 2755 optimos
777 2729 837 2748 esse
850 2722 950 2755 dicunt,
967 2722 1037 2748 idem.

248 2768 301 2796 que
315 2762 404 2790 uitalia
417 2763 507 2791 dicere
519 2769 546 2791 et
556 2764 643 2793 facere
655 2766 704 2794 sibi
721 2766 802 2796 licere
813 2767 984 2799 arbitrantur,
998 2776 1036 2795 ait

257 2857 261 2863 I
281 2828 364 2864 {unus
375 2828 451 2853 codex
462 2829 544 2861 habet,
556 2833 729 2861 assentatorum
745 2835 768 2859 et
780 2831 949 2863 parasitorum,
963 2835 987 2857 et
1000 2832 1034 2861 sic

247 2857 321 2888 Sitti.
333 2859 358 2886 tn
368 2865 487 2891 neruiue.

590 157 618 184 S.
638 155 776 184 J0.\NNIS
794 152 1028 182 CIIRYSOSTOMI
1042 151 1200 179 ARCHIEP.
1216 150 1481 180 CONSTANTINOP.

1815 144 1873 178 sat"

1081 210 1126 245 qui
1148 217 1177 236 se
1199 209 1300 237 ultimis
1314 213 1506 242 annumerant,
1523 213 1550 236 ct
1570 208 1609 236 sic
1621 209 1727 236 brutam
1743 208 1867 235 vitiorum

1080 255 1223 290 potentiam
1234 255 1386 290 castigant?
1394 256 1438 289 qui
1451 254 1604 289 splendidas
1614 257 1773 281 construunt
1785 254 1863 284 a-des,

1080 305 1108 327 et
1119 301 1203 327 lautas
1225 304 1361 334 apponunt
1382 307 1497 329 mensas.
1513 307 1546 326 an
1560 299 1604 334 qui
1623 303 1650 326 et
1663 299 1722 325 cibo
1736 303 1762 325 et
1777 298 1864 324 domi-

1079 346 1141 373 cilio
1161 346 1274 381 simplici
1290 345 1409 373 contenti
1423 345 1488 372 nihil
1511 345 1626 379 amplius
1641 343 1803 378 requirunt?
1822 343 1865 377 qui

1081 391 1218 418 innumera
1230 395 1309 418 terra:
1322 390 1423 417 sulcant
1432 389 1523 424 jugera
1537 410 1544 421 ,
1559 397 1591 415 an
1604 388 1648 423 qui
1663 396 1696 415 ne
1709 388 1792 422 gleba:
1804 389 1880 426 qui:

1080 435 1141 463 dem
1160 435 1237 462 ttuius
1247 435 1442 469 possessionem
1454 434 1504 460 sibi
1514 433 1692 460 necessariam
1704 432 1868 459 existimant?

1081 481 1124 515 qui
1138 480 1240 507 fmnora
1256 479 1402 507 fmnoribus
1416 479 1573 514 adjicieutes
1590 478 1706 513 iniquam
1729 478 1868 512 cujuslibet

1081 525 1235 553 commercii
1252 526 1320 552 viam
1342 525 1451 556 adeunt,
1468 532 1501 552 an
1526 524 1571 558 qui
1591 524 1696 558 iniquas
1719 523 1871 557 hujusmodi

1082 571 1249 607 syngraphas
1269 571 1431 605 discerpunt,
1447 578 1533 606 exque
1551 569 1721 597 facultatibus
1739 569 1793 596 suis
1806 577 1870 603 cge-

1083 624 1133 644 nos
1147 616 1259 643 forent?
1272 616 1315 650 qui
1330 615 1450 643 mortalis
1467 621 1570 642 natura:
1591 615 1719 641 vilitatem
1745 614 1870 640 conside-

1083 668 1162 695 ram,
1178 671 1211 690 an
1226 663 1270 698 qui
1287 663 1312 690 id
1333 671 1367 690 ne
1388 654 1456 690 scire
1471 661 1578 696 quidem
1592 661 1693 692 volunt,
1709 660 1755 687 sed
1771 659 1870 694 ingenti

1083 716 1129 735 sua
1143 708 1304 743 arrogantia,
1318 716 1348 735 se
1361 707 1483 734 homines
1493 707 1645 735 existimare
1660 706 1816 733 desierunt?
1828 705 1872 739 qni

1083 753 1237 781 meretrices
1256 754 1340 786 alunt,
1355 753 1509 787 alienasque
1521 752 1626 787 nuptias
1642 751 1772 786 polluant,
1786 759 1818 777 an
1827 751 1872 785 qui

1083 807 1097 824 ει
1114 799 1220 834 propria
1244 799 1324 826 etiam
1339 806 1421 825 uxore
1437 798 1593 825 abstinent?
1607 797 1702 825 Nonne
1714 797 1749 823 illi
1765 796 1872 831 quidem

1084 845 1164 872 veluti
1181 849 1299 871 tumores
1313 843 1418 878 corpori
1433 843 1556 877 ventique
1570 842 1688 870 furentes
1700 842 1765 869 mari
1780 841 1875 867 adver-

1085 898 1131 917 sus
1159 894 1258 917 rectam
1284 890 1358 917 orbis
1381 890 1574 916 institutionem
1599 889 1748 923 insurgunt,
1773 895 1875 922 perque

1089 944 1165 964 suam
1181 936 1411 970 intemperantiam
1428 942 1476 963 eos
1490 956 1498 968 ,
1510 935 1555 970 qui
1570 934 1682 961 salutent
1697 933 1813 960 nancisci
1826 941 1873 967 po-

1086 986 1180 1014 terant,
1195 981 1220 1008 in
1236 981 1332 1008 fluctus
1347 980 1512 1015 conjiciunt;
1526 980 1552 1007 hi
1568 988 1632 1007 vero
1647 985 1780 1016 tqmquam
1796 978 1875 1005 lumi-

1086 1028 1158 1054 naria
1182 1027 1208 1054 in
1225 1026 1361 1062 profundis
1384 1026 1500 1054 tenebris
1524 1026 1657 1058 micantia,
1674 1032 1731 1057 eos,
1745 1024 1789 1058 qui
1805 1032 1875 1051 nau—

1086 1074 1169 1108 fragio
1190 1073 1302 1108 proximi
1322 1073 1347 1099 in
1364 1072 1452 1099 medio
1465 1077 1624 1104 versantur,
1648 1071 1680 1098 ad
1704 1071 1875 1098 securitatem

1086 1124 1208 1152 evocant,
1224 1124 1251 1146 et
1266 1118 1441 1154 philosophiae
1457 1117 1527 1145 faces
1547 1119 1572 1144 in
1588 1117 1696 1145 sublimi
1711 1117 1768 1143 loco
1783 1117 1875 1151 procul

1086 1172 1211 1192 accensas
1226 1169 1370 1199 ponentes,
1385 1164 1423 1191 sic
1435 1171 1481 1191 eos
1494 1163 1538 1198 qui
1554 1163 1686 1190 voluerint
1698 1163 1730 1189 ad
1746 1163 1875 1196 tranquil-

1086 1209 1139 1236 lmn
1162 1214 1266 1244 portum
1281 1209 1438 1236 deducunt?
1460 1208 1554 1236 Nonne
1568 1213 1678 1242 propter
1690 1208 1750 1234 illos
1762 1207 1875 1234 seditio-

1087 1262 1145 1287 nes,
1161 1255 1238 1286 bella,
1258 1262 1361 1289 pagum,
1377 1253 1482 1281 urbium
1502 1253 1615 1286 excidia,
1633 1253 1747 1285 vincula,
1762 1252 1877 1279 servitu-

1088 1305 1137 1332 tes,
1153 1299 1335 1334 t-aptivitates,
1349 1299 1435 1326 caedes
1456 1304 1483 1325 et
1505 1298 1642 1325 innumera
1664 1298 1752 1324 saeculi
1765 1297 1833 1323 mala
1850 1297 1879 1323 "P

1087 1354 1139 1373 non
1152 1350 1251 1372 tamum
1265 1352 1306 1377 ea,
1323 1353 1381 1380 qua:
1396 1352 1443 1378 per
1458 1344 1579 1371 homines
1590 1343 1742 1370 hominibus
1757 1343 1877 1370 inferun-

1088 1397 1141 1423 tur.
1156 1391 1201 1419 sed
1215 1392 1294 1419 etiam
1313 1399 1353 1418 ea.
1370 1398 1428 1425 qua:
1441 1390 1474 1416 de
1486 1390 1551 1416 casio
1562 1390 1680 1421 veniunt,
1693 1393 1720 1415 ut
1733 1390 1879 1420 siceitates,

1089 1437 1210 1464 imbrium
1235 1435 1413 1467 exundantize,
1431 1439 1510 1462 terra:
1529 1439 1626 1466 motus,
1655 1434 1749 1464 ruime,
1772 1434 1879 1459 urbium

1088 1483 1280 1515 demersiones,
1292 1481 1386 1514 fames,
1397 1486 1485 1516 pestes
1498 1480 1603 1515 aliaque
1611 1480 1709 1511 omnia,
1724 1487 1783 1514 qua:
1799 1479 1877 1506 nobis

1087 1530 1188 1558 cmlitus
1201 1529 1396 1557 immittuntur?

1125 1577 1168 1604 10.
1189 1576 1268 1612 Leges
1289 1581 1313 1602 ct
1334 1574 1459 1610 supplicia
1471 1573 1616 1609 reipublicae
1628 1572 1780 1599 necessaria.
1794 1586 1830 1591 —
1844 1571 1876 1598 lli

1089 1623 1178 1657 itaque
1191 1626 1249 1650 sunt
1260 1643 1267 1655 ,
1280 1621 1323 1656 qui
1342 1620 1532 1655 rempublicam
1545 1624 1677 1651 evertunt,
1691 1618 1783 1653 reique
1806 1625 1881 1644 com-

1089 1668 1161 1695 muni
1185 1672 1285 1702 pestem
1302 1666 1418 1694 inferunt
1438 1675 1446 1693 :
1465 1665 1558 1692 ltialiis
1580 1664 1780 1691 innumerarum
1807 1664 1880 1691 cala-

1089 1714 1210 1741 mitatum
1231 1719 1310 1740 causa
1334 1717 1412 1744 sunt,
1437 1712 1483 1746 qui
1510 1711 1571 1738 vita:
1595 1710 1718 1745 quictiori
1742 1709 1882 1737 studentes

1089 1760 1256 1795 perturbant,
1282 1759 1398 1793 undiqttc
1420 1757 1584 1792 pertrahunt,
1608 1761 1636 1784 et
1656 1756 1785 1782 dilaniant
1804 1764 1811 1782 :
1834 1755 1885 1782 lto-

1090 1813 1147 1833 rnnt
1162 1812 1241 1832 causa
1264 1804 1402 1832 tribunalia
1417 1807 1497 1836 sunt,
1513 1803 1596 1837 leges,
1620 1802 1743 1834 mulctaz,
1768 1807 1795 1828 ct
1817 1802 1885 1829 varii

1089 1851 1277 1885 suppliciorum
1302 1849 1372 1876 tnodi
1401 1857 1408 1876 :
1433 1855 1464 1876 ac
1484 1847 1706 1883 quemadmodum
1730 1848 1755 1874 in
1778 1847 1860 1874 donto
1875 1868 1885 1880 ,

1090 1896 1133 1923 ubi
1165 1895 1238 1922 multi
1257 1895 1347 1930 jacent.
1377 1893 1491 1926 infirmi,
1521 1893 1669 1920 incolumes
1694 1900 1759 1920 vero
1783 1892 1860 1927 pauci
1876 1914 1886 1924 ,

1089 1946 1117 1968 et.
1139 1941 1313 1968 medicamina
1336 1944 1363 1967 et
1393 1939 1509 1966 medicos
1529 1938 1681 1972 complures
1701 1938 1791 1964 videas
1808 1959 1815 1970 ,
1843 1945 1891 1965 suc

1089 1991 1115 2014 ct
1144 1987 1169 2014 in
1182 1986 1249 2013 orbe
1268 1990 1324 2012 toto
1346 1985 1416 2012 nulla
1435 1992 1500 2020 gens
1520 1988 1560 2011 est
1579 2004 1585 2016 ,
1609 1983 1679 2010 nulla
1706 1983 1814 2015 civitas,
1837 1984 1892 2010 ubi

1091 2040 1142 2059 non
1163 2033 1252 2059 multae
1279 2031 1350 2066 leges
1368 2030 1420 2057 sint
1437 2051 1444 2062 ,
1476 2030 1550 2057 multi
1577 2030 1745 2064 magistratus
1764 2050 1772 2061 ,
1799 2030 1897 2057 multa

1090 2078 1226 2112 supplicia.
1238 2077 1329 2111 Neque
1339 2076 1409 2103 enim
1422 2077 1477 2110 ipsa
1489 2075 1535 2110 per
1546 2083 1574 2102 se
1586 2075 1758 2102 medicamina
1771 2082 1896 2109 possunt.

1090 2132 1188 2158 mgrutn
1203 2124 1316 2158 erigere,
1329 2123 1377 2149 nisi
1391 2122 1477 2150 adsint
1488 2122 1532 2156 qui
1547 2123 1683 2155 imponant
1696 2121 1738 2147 illa
1752 2130 1759 2148 ι
1777 2121 1801 2146 hi
1817 2129 1901 2148 vero

1090 2175 1151 2196 sunt
1164 2170 1275 2204 iudices,
1288 2169 1333 2204 qui
1347 2176 1441 2203 aegros.
1457 2168 1540 2194 velint
1556 2168 1658 2199 nolint,
1671 2166 1702 2193 ad
1721 2166 1900 2194 medicinam

1089 2214 1268 2249 accipiendam
1282 2219 1388 2249 cogunt.
1402 2214 1525 2240 Attamen
1539 2213 1573 2239 ita
1588 2212 1696 2238 morbus
1709 2211 1851 2243 obtinuit.‘
1861 2218 1897 2240 ut

1091 2259 1172 2294 ipsatn
1189 2260 1351 2286 medicorum
1365 2263 1447 2285 artem
1461 2262 1578 2292 superet,
1591 2257 1714 2291 ipsostpte
1727 2256 1837 2289 jmlices
1851 2257 1897 2284 in-

1090 2305 1204 2332 vaserit:
1217 2305 1382 2339 idipsumque
1393 2304 1530 2337 contingit,
1544 2311 1575 2329 ao
1588 2304 1609 2329 si
1621 2303 1680 2337 quis
1692 2302 1769 2334 febri,
1786 2304 1905 2331 mnrbo

1090 2351 1211 2377 intercut-i
1227 2371 1233 2382 ,
1256 2350 1453 2384 iunumcrisque
1473 2349 1533 2375 aliis
1553 2348 1719 2383 gravioribus
1741 2354 1908 2380 correptus

1090 2396 1295 2426 inﬁrmitatibus,
1310 2396 1378 2423 mala
1394 2394 1499 2430 quidem
1522 2394 1628 2428 propria
1650 2401 1701 2420 non
1723 2400 1884 2427 superaret
1896 2417 1909 2429 ι

1089 2442 1136 2468 sed
1149 2441 1231 2473 alios,
1248 2441 1295 2475 qui.
1308 2440 1402 2467 iisdem
1417 2439 1592 2466 incommodis
1612 2438 1783 2470 laborarent,
1802 2439 1848 2466 ab
1867 2441 1913 2468 iis

1089 2487 1193 2520 eripere
1206 2485 1335 2512 studeret.
1351 2484 1487 2518 Siquidem
1503 2483 1628 2517 nequitia:
1643 2483 1749 2515 tinctus,
1763 2489 1820 2510 ceu
1840 2490 1911 2513 tor-

1090 2539 1152 2559 rens
1165 2552 1171 2565 ,
1186 2531 1306 2558 obicibus
1320 2530 1432 2557 suhLatis
1446 2530 1570 2556 oumilms
1586 2529 1611 2555 in
1627 2529 1757 2556 humanos
1776 2531 1915 2560 animos

1089 2579 1262 2607 vehementer
1276 2577 1372 2605 effusus
1383 2582 1433 2603 est.
1451 2576 1550 2611 Ectptid
1560 2576 1654 2610 loquor
1666 2575 1700 2602 dc
1711 2580 1794 2602 rectm
1815 2576 1897 2606 iusti
1909 2597 1912 2600 ι

1089 2624 1198 2652 tutionis
1208 2623 1368 2650 evursione?
1380 2622 1529 2649 Periculum
1543 2622 1615 2649 enim
1629 2626 1680 2654 εει,
1696 2629 1730 2648 ne
1741 2621 1786 2647 illa
1808 2627 1916 2656 ιιρκιίς

1088 2670 1123 2699 ab
1133 2668 1259 2703 improbis
1273 2667 1547 2699 hominibnsinvecta,
1559 2675 1590 2694 ea
1602 2667 1693 2698 etiam,
1706 2675 1762 2700 qna-
1777 2667 1824 2695 de
1840 2679 1917 2704 pm.

1087 2715 1203 2742 \‘ideutia
1220 2714 1265 2741 Dei
1279 2721 1294 2740 a
1309 2713 1428 2748 plurimis
1441 2713 1572 2747 disputata
1592 2717 1673 2744 sitat,
1696 2712 1816 2739 refellat.
1835 2724 1844 2741 ε
1864 2725 1904 2744 us

1088 2769 1138 2794 quc
1148 2760 1215 2787 adeo
1232 2759 1408 2794 progreditur.
1422 2765 1543 2793 augetur,
1560 2759 1647 2785 otnnia
1662 2757 1827 2792 [ternuit-re
1848 2771 1919 2790 sat-

1088 2807 1141 2840 agit
1151 2826 1159 2838 ,
1180 2805 1268 2831 omnia
1284 2805 1417 2839 snsdequc
1436 2804 1532 2831 evertit
1542 2825 1549 2835 ,
1562 2809 1724 2835 domumque
1737 2803 1778 2829 ad
1788 2813 1915 2843 γει-εειει

1121 2863 1129 2878 ¹
1147 2864 1181 2887 sic
1199 2859 1267 2888 satil.
1288 2863 1313 2885 et
1331 2863 1383 2885 Mss.
1397 2863 1425 2887 tn
1434 2860 1515 2887 Morel.
1529 2859 1639 2891 quaedam
1651 2859 1825 2888 otuittuulng,
