2064 3115
177 179 232 208 565

178 235 266 269 ipsum
276 230 369 259 caelum
380 227 490 263 suscipit
502 227 599 254 bellum
607 247 615 258 ,
626 226 687 252 dum
699 224 834 251 hominum
846 223 958 256 linguas,

177 286 231 306 non
244 277 298 312 jam
313 280 406 303 contra
416 280 571 304 conservos,
583 271 629 298 sed
641 275 733 298 contra
747 269 868 296 oumibus
881 269 962 302 impe-

177 328 280 351 rantem
295 321 434 349 Dominum
447 323 542 346 armat.
558 317 693 345 Uudenam
707 336 714 348 ,
732 323 822 350 quarso
834 335 841 345 ,
862 318 901 340 tot
920 313 963 340 illa

178 370 275 404 ubique
288 367 322 395 de.
337 367 390 393 fato
401 364 551 400 colloquia?
563 363 694 390 undeuant
707 361 877 389 irrationabili
890 360 962 387 side-

179 422 237 441 rum
251 413 333 439 motui
348 411 435 438 omnia
450 418 509 445 quae
524 409 600 441 fiunt,
611 407 765 434 adscribunt
779 405 903 441 plurimi?
917 412 965 432 cur

179 459 323 487 fortunam,
337 463 384 482 cur
397 462 487 483 casum
502 454 609 488 quidam
624 451 789 487 pra-dicant?
804 459 851 477 cur
865 456 965 477 temere

179 509 207 530 et
228 503 285 530 sine
304 501 405 528 ratione
426 499 488 526 ferri
502 499 590 525 omnia
610 497 722 532 putant?
743 500 852 531 propter
865 501 964 524 eosne,

180 550 224 584 qui
236 548 317 582 probe
323 551 349 574 et
357 546 492 573 moderate
498 546 598 575 vivunt,
607 551 639 569 an
649 547 756 577 propter
766 548 812 568 eos
821 548 887 575 quos
896 545 922 566 tu
930 539 967 567 di-

180 597 260 624 cebas
272 593 461 628 rempublicam
474 591 619 621 continere,
627 596 676 623 ego
683 596 746 615 vero
753 594 919 614 communem
926 593 966 612 or-

182 641 222 667 bis
228 644 328 675 pestem
337 645 397 666 esse
403 636 546 664 monstravi
554 635 565 662 ?
571 635 682 669 Propter
692 633 741 660 hos
753 640 826 664 sane,
834 636 862 659 ut
875 631 966 666 liquet.

182 685 265 712 Nemo
277 684 347 711 enim
361 683 527 717 indignatur,
540 680 608 715 quod
621 679 664 706 hic
674 683 745 706 recte
757 677 966 713 philosophetur,

181 729 307 764 autquod
322 728 366 755 ille
377 735 469 761 mquus
483 726 560 761 plane
576 724 780 758 moderatnsque
793 723 836 755 sit,
848 726 894 749 aut
907 726 969 748 tem-

183 782 289 808 perans,
303 772 426 807 quodque
436 779 479 798 res
492 771 570 804 hujus
583 769 672 796 Sicculi
684 768 829 802 despiciat;
843 767 888 795 sed
899 767 968 801 quod

183 819 229 846 ille
240 819 275 845 sit
285 818 425 852 opulentus
437 825 444 848 ;
459 815 528 850 quod
542 814 567 842 in
582 814 684 841 deliciis
697 817 757 848 agat
769 833 776 845 ,
793 812 863 847 quod
875 818 970 838 avarus

184 865 228 895 sit,
243 863 313 898 quod
329 863 423 897 rapiat,
439 862 508 896 quod
522 858 557 886 sit
572 860 706 894 improbus
716 880 724 891 ,
739 859 862 893 vitiisque
878 858 970 892 plenus

184 907 340 939 innumeris,
353 907 423 941 quod
438 905 592 941 splendidus
605 904 639 931 sit
652 909 679 931 et
692 911 817 938 prospere
827 908 896 938 agat.
910 903 971 929 Haec

184 958 325 988 querentes
333 958 361 981 et
369 954 518 979 incusantes
526 951 656 985 jactitanl,
668 949 712 984 qui
725 949 777 976 Deo
787 956 839 975 non
849 948 969 976 credunt.
980 962 985 966 ι

186 998 231 1025 llis
241 998 408 1025 otl'endnntur
417 996 531 1031 plurimi,
540 997 573 1022 ita
583 1001 610 1021 ut
620 995 722 1021 illorum
734 994 826 1028 gratia,
835 995 878 1028 qui
891 993 971 1028 probe

186 1044 264 1070 vitam
276 1047 364 1077 aguitt,
374 1049 426 1069 non
440 1041 518 1068 modo
531 1039 680 1075 hujusmodi
692 1039 756 1066 nihil
767 1039 898 1073 loqunturi
908 1039 970 1070 sint,

185 1090 232 1117 sed
242 1090 343 1123 seipsos
353 1088 512 1120 damnaturi,
521 1087 542 1114 si
550 1087 582 1113 ad
593 1085 782 1121 providentiam
793 1084 840 1112 Dei
851 1085 973 1111 incusan-

186 1135 246 1161 dam
258 1135 354 1162 inducti
364 1134 468 1161 fuerint.
478 1133 552 1166 Quod
559 1133 581 1160 si
590 1139 683 1159 omnes
690 1137 735 1158 aut
744 1135 815 1158 certe
826 1131 910 1165 major
923 1130 970 1157 ho-

186 1181 287 1207 tninum
298 1188 356 1214 pars
367 1180 400 1206 ita
411 1179 500 1206 vivere
510 1177 706 1210 vellent,nullus
712 1184 836 1211 umquam
843 1176 972 1211 ejusmodi

188 1226 266 1253 verba
275 1226 424 1260 cogitasset,
431 1232 517 1259 neque
526 1225 568 1251 ille
576 1225 705 1251 malorum
713 1223 842 1257 coioplton
852 1223 974 1250 inductus

188 1272 278 1298 t‘uisset
292 1292 299 1303 ,
318 1276 347 1298 ut
365 1276 528 1306 qu:ereretur
546 1270 615 1296 unde
628 1269 682 1296 sint
693 1269 772 1295 mala.
787 1268 853 1295 Nam
868 1268 889 1295 si
905 1268 973 1294 mala

189 1325 238 1345 nec
247 1322 346 1350 essent,
359 1325 406 1344 nec
417 1321 575 1351 apparerent
583 1335 589 1346 ,
600 1315 659 1350 quia
670 1315 796 1349 potuisset
809 1320 929 1348 quamam
940 1313 974 1339 sit

189 1363 318 1390 malorum
331 1369 410 1388 causa
425 1369 554 1395 qua:rere,
569 1366 596 1387 et
609 1362 657 1395 per
669 1360 736 1386 hanc
749 1360 919 1394 quaestionem
936 1359 975 1384 itt-

189 1417 312 1435 nuuteras
326 1409 440 1435 haereses
451 1406 599 1434 suscitare?
613 1407 715 1433 Etenim
727 1406 842 1433 Marcion
853 1425 860 1438 ,
875 1405 975 1437 Manes,

190 1453 354 1482 Valentinus,
362 1458 388 1480 cl
398 1453 501 1487 plurimi
513 1452 665 1479 Graecorum
677 1451 738 1478 ltinc
748 1451 976 1484 initiuutsumpse-

189 1505 261 1526 runt.
276 1499 304 1526 Si
316 1504 403 1526 autem
418 1506 511 1526 omnes
522 1497 768 1533 pltilosopltarentur
779 1516 787 1529 ,
803 1496 891 1522 nullus
905 1499 976 1522 esset

190 1544 251 1571 huic
258 1544 396 1579 quiestioni
409 1544 491 1575 locus;
504 1543 549 1570 sed
563 1543 645 1570 sinon
653 1542 768 1573 aliunde,
779 1542 812 1568 ab
825 1541 874 1568 hac
883 1541 974 1567 saltent

190 1590 287 1624 optima
300 1588 402 1616 vivendi
416 1590 517 1615 ratione
526 1588 680 1615 didicissent
693 1594 796 1618 omnes,
806 1593 854 1613 nos
866 1586 915 1613 sub
924 1586 976 1612 Deo

191 1643 252 1670 rege
263 1635 362 1666 vivere,
371 1635 496 1667 illumque
505 1641 548 1660 res
556 1637 658 1660 nostras
668 1632 812 1660 secundum
821 1631 976 1666 sapientiam

193 1680 409 1714 prudentiamque
422 1686 496 1705 suam
511 1678 695 1705 administrare
707 1682 734 1704 et
746 1677 886 1703 moderari.
902 1674 976 1709 Quod

193 1732 262 1751 mine
271 1732 375 1759 quoque
383 1724 421 1756 fit,
429 1724 476 1750 sed
487 1731 537 1751 non
551 1723 627 1750 facile
638 1722 794 1757 perspicitur
802 1721 836 1748 ob
846 1722 976 1756 ingentem

194 1771 265 1798 illam
277 1771 409 1802 nebulam,
424 1778 500 1805 quam
514 1777 560 1804 per
573 1774 655 1795 totum
668 1773 795 1795 terrarum
809 1768 898 1794 orbeut
913 1767 977 1794 etfu‘

194 1815 300 1842 derunt.
316 1815 392 1848 Quod
406 1815 428 1842 si
443 1823 485 1842 res
498 1822 550 1841 non
563 1814 598 1840 ita
613 1822 643 1840 se
655 1813 781 1845 haberet,
794 1812 868 1847 quasi
884 1812 909 1838 in
923 1820 979 1838 me-

196 1861 295 1887 ridiana
308 1861 367 1887 luce
381 1864 408 1887 et
426 1868 520 1887 sereno
534 1867 596 1886 aere
610 1860 655 1886 Dei
672 1859 836 1894 providentia
854 1859 978 1885 omnibus

196 1911 344 1941 appareret.
358 1906 423 1933 Nam
439 1906 460 1932 si
474 1913 525 1932 non
537 1906 677 1932 tribunalia
691 1909 790 1937 essent,
802 1912 854 1931 non
869 1912 978 1931 accusa—

198 1956 285 1984 tores,
301 1959 352 1978 non
367 1951 553 1986 sycophanta),
569 1959 620 1977 non
636 1951 778 1982 cruciatus,
795 1958 846 1976 nott
861 1950 976 1980 llllticlﬂ),

198 2005 250 2023 non
265 2003 386 2023 carceres
399 2016 406 2028 ,
422 2004 475 2023 non
490 1996 632 2031 supplicia,
648 2003 700 2022 non
716 1996 843 2022 bonorunt
859 1995 977 2030 publica-

199 2042 292 2073 tioncs,
308 2050 360 2068 tton
376 2042 484 2074 damna,
499 2050 551 2068 non
565 2042 675 2068 timores
687 2046 714 2068 et
727 2041 851 2075 pericula,
865 2047 917 2066 nou
931 2040 988 2069 ini-,

199 2088 313 2119 tuicitim,
325 2097 376 2114 non
388 2088 499 2121 insidiae,
511 2096 562 2115 non
573 2088 691 2114 convicia
702 2092 728 2114 et
741 2087 811 2119 odia,
823 2095 874 2113 non
885 2087 978 2118 fartres,

200 2142 250 2160 non
263 2139 350 2168 pestes
361 2154 368 2166 ,
386 2143 439 2161 non
451 2134 521 2161 aliud
536 2134 670 2168 quidpiam
684 2141 785 2164 eorum,
800 2141 858 2167 quae
872 2133 898 2159 in
911 2141 981 2159 teru-

200 2180 268 2206 ﬂllliS
285 2185 472 2211 IIUIIH'I'anlIl',
492 2179 538 2206 sed
556 2187 648 2206 OllllleS
668 2183 829 2214 congruente
844 2186 903 2206 cum
921 2187 982 2213 pro-

201 2223 280 2251 bitate
295 2225 429 2256 viverent,
444 2224 504 2259 quis
518 2232 641 2259 umquam
656 2224 773 2251 vivorum
789 2223 822 2251 de
839 2224 981 2259 providen-

201 2270 235 2296 tia
257 2270 343 2297 divina
362 2270 518 2297 dubitaret?
537 2270 659 2297 Profecto
678 2270 776 2297 nullus.
798 2269 872 2297 Nune
893 2275 981 2297 autem

202 2315 312 2349 idipsnm
333 2316 470 2350 contingit,
483 2323 514 2342 ac
528 2315 549 2342 si
564 2315 701 2350 ingruente
713 2319 877 2349 tempestate,
888 2315 983 2350 guber-

203 2366 276 2387 nalor
289 2369 349 2388 suas
364 2361 485 2396 impleret
498 2365 595 2396 partes,
609 2365 636 2389 et
645 2361 769 2395 scapham
784 2366 913 2394 servaret,
925 2361 982 2395 ejus

204 2411 288 2433 tamen
301 2407 393 2441 peritia
407 2407 592 2441 diligentiaque
605 2415 619 2434 a
634 2406 783 2434 vectoribus
796 2415 848 2433 non
861 2407 984 2434 adverte-

203 2455 283 2482 retur,
297 2452 331 2478 ob
347 2452 582 2485 perturbationem,
597 2455 708 2482 metum,
724 2451 983 2486 impendentiumque

203 2495 330 2522 malorum
345 2496 561 2524 sollicitudinem.
577 2497 645 2523 Deus
657 2497 754 2532 quippe
769 2497 818 2523 hoc
832 2496 982 2523 universum

202 2541 280 2568 etiam
298 2548 367 2568 nunc
385 2541 530 2576 gubernat,
552 2542 640 2569 multis
657 2546 745 2569 autem
765 2541 790 2568 id
811 2549 862 2569 non
881 2542 984 2569 videtur
1017 2537 1020 2540 ’

203 2587 236 2614 ob
250 2595 337 2615 rerum
354 2588 577 2622 perturbationem
594 2595 626 2615 ac
640 2592 919 2622 tempestatein,quam
935 2589 942 2603 ι
957 2587 983 2614 hi

203 2633 316 2659 maxime
327 2633 444 2659 outnium
459 2633 583 2660 excitant.
597 2633 687 2668 Itaque
702 2641 753 2659 non
768 2638 867 2660 tantum
881 2633 984 2659 institu-

203 2677 300 2704 tionem
316 2685 418 2705 morum
432 2684 569 2712 evertunt,
585 2679 632 2706 sed
649 2683 676 2706 et
694 2680 761 2713 piam
778 2680 931 2713 religionem
947 2680 984 2706 la-

204 2721 335 2750 befactant
347 2732 353 2750 :
372 2731 421 2751 nec
433 2731 496 2751 sane
514 2725 634 2759 peccabit
647 2725 690 2759 qui
704 2732 751 2752 eos
761 2732 915 2751 cotntttunes
931 2724 981 2750 1111-

235 2800 243 2816 ¹
260 2803 309 2824 Duo
325 2804 378 2827 llas.
390 2807 443 2832 pro,
461 2807 541 2833 quam,
562 2801 660 2831 habent,
674 2802 873 2833 perturbationem
890 2810 945 2828 vero
960 2805 983 2828 εἰ

201 2831 367 2862 (nuptialem,
380 2831 427 2857 etc.
437 2831 474 2857 sic
481 2833 553 2858 etiam
564 2833 589 2857 in
600 2836 623 2856 Β.
631 2831 788 2858 Resitituimus
797 2835 863 2859 savii.
877 2839 899 2859 et
908 2833 989 2858 Morel.

202 2858 337 2893 lectionem,
349 2858 432 2896 a'tpote
442 2869 497 2896 quae
508 2864 643 2896 expeditior
655 2864 758 2889 videtur.

530 169 708 199 ADVERSUS
725 166 995 196 OPPUGNATOIKES
1016 165 1103 193 Vl'l‘zE
1123 166 1267 193 MUNAST.
1290 166 1354 193 LIB.
1368 166 1411 193 Ill.

1747 168 1798 196 366

1019 222 1103 248 mlcos
1118 223 1297 256 appellaverit,
1313 223 1357 258 qui
1371 223 1430 251 ideo
1444 224 1534 251 vivunt
1548 225 1576 251 ut
1589 227 1745 252 emterornm
1758 234 1797 252 sa-

1018 267 1064 294 luti
1079 268 1262 301 udversentur,
1277 269 1490 304 exsecrandaque
1505 278 1550 296 sua
1568 270 1686 297 doctrina
1699 291 1705 302 ,
1721 275 1800 305 atque

1018 313 1196 346 impurissima
1206 313 1256 340 vita
1268 320 1324 345 eos,
1334 314 1379 348 qui
1389 321 1478 341 secum
1491 315 1623 349 navigant,
1633 315 1799 350 demergunt.

1054 358 1097 384 ll.
1112 356 1294 384 Monachot‘um
1305 359 1353 385 vita
1364 360 1483 394 ongelicm
1498 364 1667 394 comparatur.
1678 375 1714 380 —-
1727 361 1760 387 At
1776 361 1800 387 in

1019 403 1188 430 monasteriis
1210 403 1274 430 nihil
1296 403 1445 438 ltujnsmodi
1465 405 1553 432 videre
1566 411 1622 438 est;
1638 406 1683 432 sed
1698 406 1800 434 etiamsi

1019 452 1091 475 tanta
1111 453 1252 483 tempestas
1273 449 1447 481 intumescat,
1464 450 1512 477 soli
1536 451 1560 477 in
1582 456 1671 485 portu,
1687 452 1713 478 in
1729 457 1802 478 trun-

1019 494 1148 529 quillitate
1163 499 1189 521 et
1208 495 1348 522 securitate
1368 502 1462 530 magna
1481 497 1616 530 resident,
1637 504 1667 524 ac
1680 498 1754 531 quasi
1771 506 1802 524 ex

1020 540 1087 566 cale
1106 540 1164 574 ipso
1178 545 1334 567 caeterorum
1356 539 1491 575 naufragia
1509 541 1662 575 respiciunt.
1685 542 1803 577 Namque

1019 587 1080 613 vita:
1095 593 1178 621 genus
1189 587 1255 614 cmlo
1265 587 1372 622 dignum
1383 587 1545 623 delegerunt,
1560 596 1607 615 nec
1618 589 1745 616 minorem
1757 598 1804 616 an-

1020 633 1106 667 gelico
1127 636 1225 660 Statum
1247 634 1376 661 obtinent.
1397 633 1624 666 Quemadmodum
1643 635 1712 661 enim
1735 630 1803 668 apud

1021 679 1129 713 angelos
1142 679 1210 706 nulla
1226 683 1266 706 est
1276 679 1450 714 inaiqttalitas,
1460 687 1546 714 neque
1557 679 1600 706 alii
1614 687 1747 714 prospere,
1761 680 1803 706 alii

1023 724 1048 751 in
1063 724 1190 751 extremis
1205 724 1280 751 malis
1294 728 1443 756 versantur,
1457 724 1504 751 sed
1516 732 1608 752 omnes
1623 724 1649 751 in
1665 733 1714 751 una
1730 732 1803 759 pace,

1023 769 1111 796 laatitia
1127 774 1155 796 et
1168 769 1267 803 gloria,
1282 770 1320 797 sic
1335 774 1362 797 et
1375 770 1417 796 his
1432 770 1457 796 in
1474 771 1556 803 locis;
1574 778 1651 797 nemo
1666 775 1805 805 pauperta-

1024 821 1076 842 tem
1091 816 1241 850 exprobrat,
1256 824 1332 843 nemo
1347 817 1380 844 de
1395 816 1492 843 divitiis
1512 812 1639 851 gloriatur
1654 826 1660 843 :
1676 825 1763 843 Ineunt
1779 821 1806 844 et

1024 866 1095 887 tuum
1110 861 1171 887 illud
1181 882 1188 893 ,
1205 861 1274 895 quod
1287 862 1374 889 omnia
1390 863 1518 889 subvertit
1529 867 1556 889 et
1569 862 1718 896 perturbat,
1733 862 1806 896 peni-

1024 910 1065 932 tus
1077 906 1175 933 cxulat.
1191 907 1284 933 Umnia
1306 906 1368 941 ipsis
1383 907 1532 934 communia
1545 911 1624 938 sunt,
1639 915 1728 933 mensa
1739 927 1745 938 ,
1759 906 1807 932 do—

1000 983 1004 988 γ
1024 951 1150 978 tuicillutu
1164 972 1171 983 ,
1187 952 1354 979 vestimenta.
1375 951 1475 986 Ecquid
1491 953 1585 978 mirum
1596 972 1603 982 ,
1622 952 1727 986 quando
1751 953 1806 986 ipsa

1024 997 1111 1024 anima
1134 1004 1184 1023 una
1206 997 1352 1031 cadentque
1372 997 1494 1023 omnibus
1512 997 1575 1023 est?
1595 996 1693 1023 Ouuus
1716 997 1806 1023 eadettt

1025 1048 1086 1070 sunt
1101 1043 1238 1070 nobilitate
1249 1043 1361 1075 nobiles,
1375 1043 1468 1070 eadem
1481 1043 1605 1069 servitute
1620 1043 1699 1075 servi,
1715 1042 1806 1069 eadem

1025 1088 1147 1115 libertate
1160 1088 1246 1116 liberi.
1260 1088 1323 1115 Uine
1339 1088 1392 1115 illic
1403 1088 1525 1114 omnibus
1541 1087 1638 1114 divilize
1650 1109 1657 1120 ,
1673 1096 1732 1122 qu:e
1747 1095 1808 1115 vere

1025 1133 1122 1160 divitia:
1135 1137 1214 1160 sunt:
1230 1140 1280 1159 una
1293 1133 1375 1167 gloria
1386 1154 1394 1166 ,
1408 1140 1466 1167 qua:
1481 1140 1542 1159 vere
1554 1132 1635 1167 gloria
1649 1142 1655 1158 :
1672 1141 1723 1158 non
1738 1133 1807 1159 enim

1025 1179 1143 1211 nomine,
1157 1178 1204 1205 sed
1216 1185 1245 1205 re
1260 1178 1327 1205 bona
1343 1183 1450 1209 tenent;
1464 1185 1514 1204 una
1526 1178 1655 1211 voluptas.
1672 1186 1751 1204 unum
1764 1177 1809 1204 de-

1024 1212 1226 1255 sideriumfnna
1239 1230 1300 1257 spes
1309 1222 1432 1249 outnibus
1444 1230 1451 1248 ι
1465 1229 1495 1249 ac
1505 1222 1578 1256 quasi
1591 1222 1703 1256 quadam
1718 1229 1809 1249 norma

1025 1272 1052 1295 et
1064 1268 1128 1294 libra
1142 1268 1227 1294 omnia
1239 1271 1362 1294 accurato
1373 1266 1538 1294 ordinantur.
1552 1266 1625 1293 Nulla
1638 1267 1809 1301 ina‘qu.ili:as,

1026 1313 1072 1341 sed
1089 1313 1163 1345 ordo,
1177 1313 1351 1344 concinnitas,
1367 1312 1514 1345 harmonia,
1529 1316 1556 1339 et
1569 1312 1648 1339 multa
1663 1313 1811 1340 concordia:

1026 1359 1163 1386 servandae
1184 1359 1340 1393 diligentia,
1365 1363 1544 1394 perpetuaque
1570 1358 1667 1385 lietitia:
1692 1359 1810 1385 materia.

1027 1405 1203 1439 Quamobrem
1228 1412 1321 1432 otnnes
1342 1405 1430 1432 omnia
1452 1405 1550 1432 faciunt
1566 1410 1592 1431 et
1614 1405 1762 1438 pa‘iunlur.
1785 1410 1812 1431 ut

1028 1452 1150 1479 lurletttur
1168 1456 1195 1478 et
1214 1451 1356 1486 gaudeant.
1381 1451 1437 1478 lllic
1451 1451 1521 1478 enim
1543 1451 1628 1478 solum
1652 1452 1741 1478 videas
1756 1451 1811 1478 ha-c

1028 1498 1144 1532 perfecte
1156 1499 1324 1532 contingere,
1337 1505 1465 1532 nusquam
1480 1497 1541 1523 alibi
1555 1506 1561 1524 :
1578 1504 1629 1535 non
1645 1497 1722 1523 tttodu
1742 1498 1811 1532 quod

1029 1544 1167 1578 praesentia
1182 1544 1269 1570 omnia
1285 1547 1472 1575 contemnant,
1491 1547 1569 1577 atque
1584 1550 1689 1568 oinncm
1705 1542 1767 1569 t‘ile‘.
1782 1550 1813 1570 ac

1028 1588 1167 1616 discordia:
1184 1589 1320 1615 materiatn
1337 1587 1514 1620 abseideriut,
1535 1587 1724 1622 splendidaque
1746 1589 1813 1615 littu-

1029 1640 1119 1662 rortun
1135 1642 1181 1668 spe
1196 1634 1251 1660 fulti
1266 1635 1328 1664 sint,
1343 1634 1389 1661 sed
1405 1635 1484 1661 etiam
1500 1633 1569 1668 quod
1590 1641 1619 1659 ea
1633 1642 1690 1667 qua:
1704 1633 1813 1668 singulis

1029 1679 1173 1711 accidunt,
1192 1686 1237 1706 seu
1261 1679 1344 1705 tristia
1366 1686 1412 1705 seu
1432 1676 1516 1709 bona,
1530 1678 1651 1704 omnibus
1665 1679 1813 1704 contmunia

1030 1732 1089 1751 esse
1109 1729 1242 1759 putentur.
1264 1723 1360 1750 Maeror
1380 1723 1477 1759 quippe
1498 1723 1601 1750 facilius
1617 1724 1731 1754 tollitur,
1753 1732 1813 1751 cum

1031 1770 1200 1804 proportione
1217 1769 1329 1804 quadam
1350 1776 1443 1796 euntes
1467 1769 1626 1803 singulorum
1649 1775 1815 1804 camporteut

1029 1822 1111 1843 oiicra
1123 1824 1130 1842 :
1144 1815 1241 1842 laetitia:
1257 1822 1320 1842 vero
1339 1815 1434 1841 multas
1449 1815 1546 1842 habent
1565 1816 1719 1842 occasiones
1733 1836 1740 1848 ,
1762 1824 1814 1843 non

1030 1861 1063 1888 de
1073 1861 1128 1887 suis
1142 1860 1221 1887 utodo
1234 1860 1392 1893 commodis,
1402 1859 1448 1887 sed
1462 1861 1495 1887 de
1509 1860 1619 1887 11110111111
1633 1869 1746 1895 quoque,
1762 1870 1813 1888 non

1030 1907 1127 1938 minus,
1144 1913 1221 1940 quant
1237 1905 1270 1932 de
1283 1905 1347 1937 suis,
1362 1905 1517 1939 gaudentes.
1529 1905 1611 1937 Quem
1628 1905 1706 1940 igitur
1716 1906 1814 1932 exitum

1031 1951 1165 1978 habebunt
1187 1958 1230 1978 res
1250 1955 1348 1977 nostra:
1359 1971 1365 1982 ,
1381 1951 1403 1977 si
1416 1956 1502 1978 cuncti
1516 1958 1564 1977 nos
1581 1951 1730 1978 imitemur?
1743 1948 1817 1978 Nunc

1031 1999 1101 2024 enim
1125 2002 1231 2032 propter
1249 2005 1295 2024 eos
1316 1998 1450 2031 perierunt
1468 2005 1498 2024 ac
1518 2002 1639 2031 corrupta
1664 2001 1726 2024 sunt
1739 2019 1746 2031 ,
1768 1998 1811 2032 qui

1033 2043 1110 2078 longe
1127 2044 1160 2069 ab
1181 2043 1231 2070 ltoc
1247 2043 1308 2070 vita:
1326 2044 1444 2070 instituto
1457 2049 1604 2070 γει-5³111111.
1619 2044 1658 2070 Tu
1674 2052 1737 2071 vero
1753 2045 1814 2071 dmn

1031 2088 1164 2115 contraria
1179 2088 1318 2120 decernis,
1334 2088 1446 2122 idipsum
1467 2089 1546 2120 facis,
1566 2096 1597 2115 ac
1615 2090 1635 2116 si
1654 2090 1712 2124 quis
1735 2090 1817 2126 lyram

1031 2135 1161 2161 concinne
1179 2139 1293 2168 aptatam
1309 2135 1383 2169 quasi
1403 2135 1520 2161 iuutilcnt
1541 2135 1694 2169 reproburet
1709 2156 1715 2168 ,
1741 2144 1818 2163 secus

1032 2180 1185 2213 dispositam
1198 2200 1206 2212 ,
1222 2179 1263 2206 vel
1282 2180 1427 2206 intentione
1439 2201 1446 2212 ,
1459 2180 1500 2206 vel
1517 2181 1670 2206 remissione
1685 2181 1762 2207 nimia
1779 2181 1817 2207 la-

1033 2225 1188 2252 befactatam
1202 2244 1209 2257 ,
1228 2225 1348 2252 idoneam
1369 2225 1468 2252 diceret
1491 2225 1523 2252 ad
1547 2225 1721 2259 pulsationeiu
1740 2230 1766 2253 et
1785 2227 1817 2252 ad

1032 2275 1210 2305 spectatorum
1221 2271 1393 2305 Voluptatem.
1408 2270 1440 2297 At
1452 2277 1536 2304 neque
1549 2271 1580 2297 ad
1596 2272 1701 2297 musiea-
1713 2271 1818 2305 imperi-
1857 2278 1863 2288 κ

1033 2317 1096 2343 tiam
1110 2316 1166 2342 huic
1181 2315 1291 2342 dicentis
1304 2315 1374 2342 aliud
1391 2315 1475 2349 majus
1488 2321 1671 2350 argumentum
1686 2324 1819 2350 quaerere-

1034 2370 1101 2394 tnus,
1115 2368 1202 2396 neque
1212 2361 1244 2388 ad
1259 2361 1369 2388 livorem
1381 2366 1407 2388 et
1418 2361 1635 2388 inltumanitatem
1647 2361 1763 2392 illorum,
1773 2363 1817 2397 qui

1035 2407 1069 2434 ita
1082 2407 1238 2439 decernunt,
1249 2405 1509 2433 commonstrandam
1520 2406 1622 2440 signum
1635 2407 1705 2433 aliud
1721 2407 1818 2434 clarius

1035 2453 1224 2487 proferremns.
1234 2453 1329 2480 Verum
1341 2453 1403 2488 quid
1414 2453 1504 2479 dicunt
1517 2458 1606 2487 patres
1619 2453 1654 2480 illi
1670 2454 1713 2488 qui
1729 2454 1819 2481 mode-

1035 2498 1133 2525 ratiore
1147 2498 1236 2525 animo
1249 2499 1327 2525 sunt?
1343 2498 1465 2530 Discant,
1479 2499 1551 2525 aiunt
1561 2519 1567 2530 ,
1585 2499 1697 2532 primum
1714 2499 1818 2533 literas,

1035 2548 1113 2577 atque
1133 2551 1193 2570 cum
1213 2543 1264 2570 illis
1283 2544 1365 2577 probe
1383 2545 1474 2570 intbuti
1497 2543 1609 2577 fuerint,
1627 2550 1687 2570 tunc
1703 2545 1820 2578 philoso-

1036 2589 1123 2623 phiam
1146 2589 1212 2615 ltanc
1232 2594 1372 2615 exerceant
1394 2598 1400 2616 :
1420 2595 1482 2616 tunc
1502 2598 1579 2616 nemo
1606 2591 1763 2624 prohibebit.
1788 2591 1820 2618 Et

1035 2634 1103 2661 unde
1117 2639 1219 2661 eertum
1235 2635 1285 2660 erit
1296 2635 1354 2660 illos
1366 2634 1399 2660 ad
1411 2635 1513 2662 virilem
1528 2639 1632 2662 {etatem
1647 2642 1820 2671 pervenimus

1035 2682 1113 2708 esse?
1129 2681 1202 2707 nutlti
1213 2682 1283 2707 enim
1301 2687 1456 2715 prmniatura
1472 2689 1557 2710 morte
1571 2683 1665 2710 sublati
1681 2689 1751 2710 Sltttl.
1767 2684 1818 2710 Sed

1035 2728 1195 2754 concedatur
1210 2727 1234 2753 id
1249 2732 1434 2760 eet-tiumcsw,
1453 2734 1631 2762 pnnantusque
1647 2729 1703 2755 illos
1718 2728 1819 2756 Futurus

1034 2781 1094 2799 esse
1111 2774 1199 2804 viros;
1220 2773 1278 2807 quis
1296 2781 1408 2807 sponsor
1425 2774 1474 2799 erit
1493 2781 1539 2807 pro
1559 2774 1600 2800 illa
1621 2775 1700 2808 priori
1718 2780 1794 2802 :etate
1809 2775 1820 2801 1

1035 2818 1166 2845 Niltildum
1179 2819 1343 2846 contentiosa
1355 2819 1424 2851 dico,
1435 2827 1493 2846 nam
1508 2819 1529 2845 si
1540 2820 1599 2854 quis
1610 2819 1677 2847 hanc
1690 2819 1820 2854 praeberet

1038 2864 1069 2892 iid
1075 2865 1167 2897 ariam,
1178 2873 1210 2892 ne
1221 2869 1274 2892 tum
1287 2865 1391 2900 quidem
1407 2866 1546 2892 edurerem
1558 2873 1617 2893 cum
1630 2866 1711 2893 literis
1726 2867 1817 2895 imbuti
