2064 3115
239 141 290 170 567
594 136 622 164 5.
641 135 699 163 ,ιοίι
705 133 780 161 NNIS
797 130 1034 160 CHRYSOSTOMI

238 201 339 226 essent,
355 194 400 221 sed
417 201 479 221 tunc
494 192 627 226 pr.rcipne
642 191 693 218 illic
708 196 817 216 manere
828 188 966 222 juberent;
982 194 1031 214 nec

243 242 377 270 laudarem
393 246 440 267 eos
451 260 460 272 ,
480 240 523 274 qui
543 238 574 265 ad
587 234 682 271 ‘fugain
705 235 924 263 cohortarentur,
941 233 986 260 sed
1003 236 1033 258 ut.

239 293 394 317 communes
416 286 567 321 reip’ublica:
586 284 677 311 hostes
691 289 831 308 aversarer
845 288 851 306 :
867 280 927 314 quia
944 279 1031 305 lucer-

240 342 288 361 nas
299 333 473 362 occultantes,
485 335 511 357 et
525 328 665 356 luminaria
676 335 709 355 ex
720 327 786 354 urbe
797 325 823 352 in
837 325 970 352 desertum
983 323 1033 349 dii-

240 384 342 410 centes,
352 377 485 405 civitatem
499 374 622 402 maximis
633 374 767 408 privarent
777 370 973 398 emolumentis.
985 369 1032 396 Sin

241 430 330 452 autem
344 431 422 450 nemo
436 422 525 454 fuerit,
540 421 583 456 qui
598 421 654 447 hcce
665 419 782 454 polliceri
796 418 890 452 possit,
905 424 964 451 qua:
979 416 1032 442 titi-

243 471 302 497 litas
317 469 338 496 si
352 469 384 495 ad
401 469 540 502 magistros
553 467 700 497 mittantur,
714 465 758 492 ubi
774 465 846 499 prius
864 463 939 495 vilia,
953 469 1032 496 quam

242 517 333 543 literas
347 515 467 542 ediscent
478 535 484 543 .
500 513 616 547 dumque
632 512 657 539 id
671 511 741 546 quod
762 511 850 537 minus
867 513 909 537 est
928 508 1033 543 assequi

242 561 388 588 studebunt
398 581 405 591 ,
421 559 491 594 quod
509 557 593 592 majus
605 562 646 584 est
662 556 790 591 perdent,
802 555 873 581 vires
885 554 966 581 animi
980 553 1034 580 sci-

243 607 315 638 licet,
331 612 492 639 omnemque
508 603 646 638 probitatis
665 601 802 629 indolem?
815 600 883 634 Quid
896 599 980 634 ergo?
995 599 1035 626 lu-

243 653 328 680 dosne
341 659 434 678 omnes
449 651 581 678 literarios
595 649 742 681 diruemus,
758 648 851 675 aiunt?
866 647 973 674 Minime
984 645 1036 673 hoc

244 698 305 725 dico
321 706 327 724 :
344 697 391 724 sed
407 702 432 723 ut
449 704 483 724 ne
498 695 604 722 virtutis
623 695 792 722 destruamus
812 693 969 723 mdificium,
985 699 1035 718 neu

245 744 331 770 \‘ivam
343 743 485 769 obruamus
501 741 628 768 animam.
643 740 706 774 Qum
726 741 746 766 si
762 743 914 774 temperans
929 737 1035 772 quidem

245 789 336 820 fuerit,
351 788 450 815 nullum
467 795 498 814 ex
515 787 649 813 literarum
665 785 795 819 imperitia
811 788 938 818 sequetur
951 782 1035 810 detri-

246 840 380 865 mentum;
392 835 432 860 sin
444 838 567 867 corrupta
579 832 668 862 fuerit,
681 831 824 858 niaximum
835 829 961 857 damnum
975 828 1035 861 erit,

245 880 350 908 etiamsi
372 881 460 914 lingua
476 879 649 906 vehementer
665 883 742 904 acuta
765 877 843 903 fuerit
858 880 884 902 et
903 874 1035 909 expolita,

247 931 374 960 tantoque
394 925 477 960 majus
491 924 616 952 damnum
629 945 635 955 ,
649 928 748 958 quanto
772 922 857 956 major
879 921 984 948 dicendi
998 921 1037 947 vis

247 972 398 998 accesSerit.

284 1016 403 1052 Nequitia
424 1024 480 1042 cum
500 1015 642 1051 eloquentia
656 1015 791 1049 conjuncta
806 1013 872 1048 quod
887 1013 991 1039 malum.
1003 1027 1039 1032 —

247 1062 368 1098 Nequitia
381 1063 451 1089 enim
464 1070 524 1089 enm
538 1061 642 1089 dicendi
657 1060 781 1088 facultate
796 1060 937 1094 conjuncta
954 1059 1038 1086 multo

247 1108 389 1140 deteriora,
403 1116 481 1142 quam
501 1107 643 1141 imperitia,
655 1107 723 1133 mala
738 1114 829 1140 parere
842 1105 920 1132 solet.
933 1105 1001 1137 Quid
1016 1104 1037 1130 si

249 1155 309 1181 illuc
327 1155 465 1185 abeuntes,
486 1154 603 1187 inquiet,
623 1158 796 1187 pra-terqnam
812 1152 882 1187 quod
897 1152 1037 1178 tardiorem

249 1200 362 1234 linguam
375 1198 499 1229 habeant,
511 1198 544 1224 ab
557 1198 599 1224 illa
611 1198 690 1225 etiam
706 1198 802 1224 virtute
815 1197 955 1224 excidant?
970 1195 1038 1230 Quid

250 1253 314 1272 vero
328 1246 350 1272 si
369 1249 523 1277 manentes,
542 1244 585 1271 dic
600 1244 675 1276 inihi,
697 1249 870 1279 prmterquant
892 1243 962 1278 quod
983 1243 1036 1269 ani-

249 1300 317 1319 mam
336 1291 464 1326 perdant,
484 1291 547 1318 nihil
562 1291 596 1318 ad
614 1291 791 1326 eloquentiam
809 1291 833 1318 in
849 1291 939 1317 schola
956 1290 1039 1325 profi-

247 1337 334 1364 ciant"
356 1337 417 1363 lllilii
430 1337 527 1370 quippe
539 1336 622 1370 magis
636 1336 693 1363 lucc
710 1336 799 1363 dicere
812 1336 945 1368 convenit,
959 1343 1037 1369 quam

249 1383 291 1409 illa
304 1382 359 1409 tibi.
374 1382 477 1415 Quare?
492 1382 557 1415 Quia
572 1382 622 1408 etsi
637 1382 769 1415 utrimque
779 1381 896 1408 futurum
909 1381 1038 1408 incertum

248 1434 299 1461 est,
311 1436 342 1455 ex
357 1434 397 1455 tua
420 1433 492 1462 parte
508 1427 635 1455 incertius
653 1432 704 1454 est.
727 1427 866 1460 Quomodo
886 1432 913 1454 ct
933 1435 984 1462 qua
1005 1426 1039 1454 de

247 1473 344 1500 causa?
370 1473 436 1506 Quia
467 1473 614 1500 litterarum
639 1472 754 1499 studium
780 1480 884 1499 morum
908 1473 1038 1506 probitate

248 1525 314 1552 opus
330 1517 426 1551 habet,
444 1525 546 1544 morum
562 1523 649 1545 autent
668 1517 784 1552 probitas
799 1525 850 1544 non
866 1518 928 1544 item
944 1517 1036 1544 literis.

248 1563 460 1598 Temperantiam
485 1571 580 1598 nempe
597 1563 654 1590 sine
674 1563 724 1590 hac
745 1563 896 1589 eruditione
911 1571 1038 1590 exercere

250 1616 398 1644 possumus.
412 1608 588 1636 eruditionem
604 1616 667 1635 vero
679 1608 780 1643 absque
791 1616 893 1635 morum
907 1609 1038 1642 probitate

249 1663 327 1681 1101110
341 1659 498 1689 assequatur
512 1662 647 1688 umquam,
662 1662 722 1681 cum
737 1662 816 1680 omne
832 1659 936 1687 ιυιιιμιιιιι
950 1655 976 1680 in
989 1662 1038 1681 ne-

249 1700 331 1734 quitia
352 1705 377 1726 ct
399 1699 504 1727 lascivia
527 1700 691 1726 absumatur.
715 1699 804 1733 Itaque
822 1699 892 1733 quod
913 1698 966 1725 illic
984 1706 1039 1726 ine-

251 1746 352 1778 tnebas,
367 1745 410 1772 hic
427 1753 531 1780 quoque
551 1744 696 1772 timendum
711 1749 766 1776 est;
792 1744 844 1770 imo
863 1749 936 1770 tanto
955 1745 1038 1778 magis

250 1791 302 1824 hic,
314 1795 412 1825 quanto
426 1790 588 1825 frequentius
605 1799 619 1815 a
638 1797 719 1824 scopo
738 1789 887 1820 aberratur,
899 1794 926 1816 et
939 1794 1039 1823 quanto

249 1837 392 1872 majoribus
404 1837 437 1864 de
451 1837 530 1864 rebus
545 1837 688 1871 periculum
701 1840 751 1863 est.
767 1836 852 1870 Atque
869 1835 920 1861 illic
930 1835 1038 1869 quidem

250 1883 326 1911 uuitts
347 1887 448 1910 tantum
470 1882 507 1909 rei
527 1882 681 1917 exercitatio
697 1881 844 1908 necessaria
862 1886 919 1913 est,
936 1881 977 1907 hic
990 1889 1037 1906 an-

250 1935 302 1956 tem
319 1937 362 1956 res
372 1929 431 1955 dua:
446 1928 614 1962 acquirendm
628 1930 822 1962 proponuntur,
836 1927 872 1953 ita
887 1931 915 1952 ut
927 1927 1038 1953 alteram

248 1975 306 2002 sine
316 1975 398 2002 altera
410 1974 525 2001 nancisci
540 1981 668 2008 nequeas,
683 1973 772 1999 literas
790 1980 886 2006 nempe
900 1973 958 1999 sine
973 1977 1040 1999 tem-

250 2020 378 2054 perantia.
400 2019 446 2046 Sin
461 2024 549 2046 autent
561 2020 610 2051 vis,
626 2018 696 2053 quod
711 2025 773 2045 vere
794 2025 846 2044 non
869 2021 954 2052 potest
969 2025 1036 2048 esse.

248 2065 425 2092 Concedamns
441 2072 500 2092 esse
515 2072 610 2099 posse;
631 2064 693 2099 quid
712 2064 816 2090 tandem
835 2064 896 2090 boni
915 2063 992 2091 nobis
1006 2064 1040 2090 ab

249 2111 298 2138 hac
318 2111 409 2145 peritia
420 2111 563 2144 contingat,
580 2111 601 2137 si
622 2111 691 2137 letali
710 2111 821 2137 vulnere
837 2110 1039 2136 confodiamur?

247 2156 308 2191 quid
324 2164 387 2183 vero
398 2156 459 2182 mali
475 2156 508 2182 ab
519 2155 661 2190 imperitia.
674 2156 696 2182 si
711 2164 769 2189 qua:
785 2155 898 2181 maxima
915 2159 976 2181 sunt
994 2163 1038 2182 as-

247 2203 406 2237 sequamur?
422 2203 483 2228 lla-c
498 2210 561 2228 vero
575 2210 626 2227 non
639 2202 723 2228 solum
737 2201 805 2235 apud
819 2209 877 2233 nos,
893 2202 937 2236 qni
949 2207 1039 2228 exter-

248 2257 307 2276 nam
320 2249 390 2275 illam
407 2248 562 2282 sapientiam
574 2248 702 2277 ridemus.
712 2255 824 2281 eamque
834 2247 971 2274 stultitiam
980 2255 1040 2274 esse

247 2295 418 2326 arbitramur,
430 2293 476 2320 sed
490 2294 568 2320 etiam
579 2293 647 2326 apud
663 2293 734 2327 ipsos
747 2298 853 2319 exteros
868 2293 1039 2327 philosophos

249 2339 273 2365 in
293 2339 414 2365 confeSso
429 2338 569 2365 habentur.
592 2337 654 2364 ldeo
669 2346 700 2364 ex
716 2337 766 2364 illis
781 2337 885 2372 plurimi
902 2346 954 2365 non
973 2338 1040 2365 inul-

249 2389 302 2409 tum
312 2384 402 2409 literas
409 2387 550 2415 curarunt;
565 2383 609 2409 alii
621 2390 684 2409 vero
695 2383 799 2417 penitus
810 2388 1038 2418 contempserunt,

248 2434 273 2456 et
292 2429 406 2462 imperiti
423 2435 636 2462 permanserunt,
650 2433 785 2463 totamque
796 2431 876 2456 vitam
891 2430 916 2456 in
931 2438 962 2457 ea
978 2430 1039 2464 phi-

248 2473 376 2508 losophia:
396 2479 480 2507 parte,
496 2481 554 2508 qua:
570 2482 657 2502 mores
673 2474 790 2508 respicit,
808 2481 926 2508 agentes,
944 2476 1038 2502 claris-

247 2518 308 2545 simi
331 2523 411 2552 atque
427 2519 592 2545 celeberrimi
606 2524 757 2546 evaserunt.
780 2521 882 2547 Etenim
898 2521 1037 2548 Anachar-

247 2565 285 2591 sis
295 2585 301 2596 ,
317 2562 409 2591 Crates
422 2569 448 2591 et
461 2564 590 2599 Diogenes
602 2565 660 2600 ejus
674 2566 773 2592 nullam
793 2565 909 2593 habuere
928 2574 1037 2599 curam;

249 2610 301 2636 imo
317 2617 350 2636 ne
364 2609 488 2636 Socrates
502 2610 607 2644 quidem
620 2631 626 2641 ,
647 2615 675 2637 ut
689 2611 806 2637 nonnulli
820 2611 910 2637 dicunt
923 2632 930 2642 ,
948 2611 1038 2646 hujus-

247 2663 299 2689 que
323 2655 361 2682 rei
383 2656 455 2683 testis
477 2656 554 2683 nobis
569 2665 629 2684 esse
648 2658 730 2691 possit
751 2659 781 2690 is,
800 2658 844 2692 qui
864 2658 913 2684 hac
934 2659 958 2685 in
982 2663 1038 2685 arte

249 2700 325 2733 longe
338 2705 448 2728 caeteros
463 2702 614 2734 antevertit,
633 2707 659 2729 et
679 2702 785 2739 qui‘czt,
803 2711 863 2736 qua:
885 2702 958 2729 illum
978 2710 1038 2737 spc-

249 2751 274 2773 ct
283 2746 363 2778 .bant,
375 2747 452 2782 longe
465 2748 614 2775 accuratius
624 2757 702 2780 quam
713 2749 813 2780 caueri,
829 2753 946 2776 noverat.

290 2790 367 2819 Verba
388 2792 501 2819 Socratis
525 2793 595 2827 apud
616 2793 749 2820 Platonem
763 2793 834 2820 initio
848 2795 988 2829 Apologia.
1002 2810 1037 2814 --

250 2835 315 2863 Cum
324 2837 392 2864 enim
407 2837 480 2866 illum
494 2837 635 2874 aliquando
647 2838 680 2866 ad
695 2839 808 2868 tribunal
828 2840 1035 2876 introduxisset,

1054 128 1214 157 AlltjlllEP.
1236 127 1501 158 CONSTANTINOP.

1824 128 1877 156 368

1088 194 1113 213 ιιι
1129 194 1236 213 cau~ain
1254 194 1327 213 suam
1351 186 1516 217 defenderet,
1531 186 1557 212 in
1577 185 1699 220 apologia
1720 185 1754 212 ad
1775 185 1878 220 iudices

1086 234 1120 259 ita
1136 234 1288 268 loquentcut
1303 233 1421 260 inducit:
1444 233 1492 259 Vos
1506 238 1589 259 autent
1604 241 1636 260 cx
1648 241 1687 259 tne
1699 233 1811 260 audituri
1821 235 1879 260 citis

1085 287 1183 304 onmem
1195 278 1340 310 ceritatem;
1355 283 1509 311 nontamen,
1521 287 1559 304 me
1575 277 1675 309 Hercle,
1687 279 1733 305 viri
1744 279 1879 305 Atlienleu-

1086 333 1134 356 ses,
1150 325 1263 351 oratione
1276 325 1393 359 eleganti,
1410 330 1435 350 nt
1449 325 1490 350 isti
1501 345 1508 356 ,
1522 325 1601 351 verbis
1614 333 1644 351 ac
1655 325 1880 352 nontiuifiusexor-

1086 375 1167 396 nutu:
1181 369 1225 396 sed
1242 370 1355 396 audituri
1367 369 1425 396 estis
1439 370 1583 404 vulgaribus
1597 370 1722 403 obuiiaqne
1738 371 1880 398 nominibus

1086 416 1237 450 loquentem.
1260 414 1340 442 Credo
1359 416 1425 441 enim
1439 416 1512 450 justo
1525 425 1577 442 esse
1591 424 1648 451 qua:
1659 416 1732 447 dico,
1748 417 1881 452 nullusque

1088 466 1196 487 vestrum
1209 461 1280 487 aliud
1300 465 1433 495 exspectet.
1452 461 1541 495 Neque
1555 463 1620 488 cnim
1634 465 1758 497 profecto,
1769 463 1879 498 judiccs,

1087 506 1144 532 huic
1152 507 1346 537 mtttticonveuit,
1357 507 1623 540 veltttadolesccntnlo,
1633 509 1788 534 concinnatis
1797 509 1831 535 ad
1840 517 1881 535 vos

1087 552 1183 586 ingredi
1195 552 1283 578 verbis.
1299 552 1354 579 lloc
1365 558 1453 579 autem
1463 560 1522 579 cum
1533 553 1607 586 dicit,
1616 554 1732 580 ostendit
1744 562 1773 581 se
1783 562 1835 581 nun
1847 563 1880 581 ex

1088 598 1256 632 negligentia,
1266 599 1312 625 sed
1326 598 1395 632 quod
1407 606 1465 625 eam
1480 606 1534 625 rem
1550 607 1602 625 non
1614 599 1701 634 magni
1712 599 1818 631 faceret,
1832 607 1881 627 nec

1087 644 1223 676 didicisse,
1237 652 1285 671 nec
1300 645 1344 671 illa
1357 652 1431 671 nsum
1444 645 1534 671 fuisse.
1548 645 1636 679 Itaque
1648 653 1698 672 non
1712 645 1882 680 philosopho-

1088 698 1146 717 rum
1159 695 1199 717 est
1214 691 1374 724 eloquentia,
1388 691 1440 716 imo
1453 698 1486 717 ne
1498 691 1616 717 virorum
1627 691 1744 725 quidem,
1758 692 1803 718 sed
1819 692 1883 719 ado-

1088 735 1294 763 lescentulorum
1307 741 1407 762 tantum
1424 736 1569 764 ludentium
1581 738 1724 769 a-niulatio,
1738 742 1766 764 ut
1779 743 1804 764 et
1820 739 1882 772 ipsis

1088 788 1194 815 quoque
1212 781 1379 815 philosophis
1392 781 1511 813 videtur;
1534 791 1582 809 nec
1597 782 1657 809 aliis
1670 783 1748 809 modo
1762 783 1873 818 philoso-

1090 826 1160 860 phis,
1178 826 1225 852 sed
1244 826 1324 852 etiam
1343 826 1377 856 ci,
1393 827 1438 861 qui
1458 835 1551 854 onmes
1575 828 1652 855 facile
1675 829 1829 861 superavit:
1843 833 1876 855 et-

1090 871 1159 897 enim
1172 871 1325 905 magistrtnu
1340 879 1370 898 ea
1386 880 1414 898 re
1425 871 1515 898 ornari
1531 881 1582 899 non
1600 873 1737 907 permittit,
1749 881 1809 901 cum
1822 882 1882 901 enin

1089 921 1212 943 ornatum
1234 922 1335 952 turpem
1355 917 1566 953 pliilosophoque
1587 919 1720 953 indignum
1738 919 1882 946 existimet.

1050 963 1053 966 ’
1091 963 1188 990 Verum
1201 963 1258 990 hmo
1272 963 1304 990 ad
1317 963 1449 991 infidelem
1462 965 1613 1000 quempiam
1628 966 1723 992 merito
1737 966 1796 1001 quis
1806 966 1882 993 dixe:

1091 1010 1141 1041 rit;
1164 1010 1217 1037 imo
1232 1018 1295 1037 vero
1309 1010 1341 1037 ad
1356 1011 1460 1038 fidelem
1478 1012 1569 1046 magis.
1591 1012 1730 1045 Quomodo
1742 1013 1812 1040 enim
1830 1022 1882 1040 non

1090 1057 1234 1083 absurdum
1249 1057 1344 1090 fuerit,
1365 1065 1425 1084 cum
1442 1058 1459 1084 ii
1473 1058 1551 1085 etiam
1562 1079 1569 1089 ,
1584 1059 1626 1093 qni
1644 1059 1819 1086 multitudinis
1836 1067 1882 1085 au-

1091 1113 1147 1131 ram
1159 1109 1334 1140 anenpantur,
1347 1113 1396 1132 nec
1408 1105 1461 1132 alio
1474 1106 1552 1132 modo
1567 1114 1645 1141 quam
1658 1112 1765 1133 externa
1778 1108 1883 1141 sapien-

1093 1151 1126 1177 tia
1144 1151 1207 1177 clari
1223 1158 1282 1177 esse
1298 1156 1425 1185 possunt,
1448 1159 1506 1178 eam
1534 1152 1598 1178 nihil
1625 1160 1684 1179 esse
1710 1153 1882 1186 arbitrentur,

1096 1203 1144 1222 nos
1157 1196 1228 1222 illam
1241 1203 1287 1231 usq
1293 1204 1324 1223 ue
1335 1197 1402 1223 adeo
1413 1197 1502 1223 mirari
1513 1197 1630 1231 tantique
1639 1197 1736 1227 facere,
1748 1203 1774 1224 ut
1785 1207 1814 1225 ca
1825 1207 1884 1233 qua:

1093 1243 1207 1269 maxime
1219 1243 1368 1269 necessaria
1386 1248 1449 1269 sunt
1460 1249 1568 1278 propter
1579 1244 1650 1270 illam
1665 1246 1884 1272 contemnamus?

1128 1288 1170 1314 12.
1183 1287 1270 1314 Sancti
1283 1288 1329 1314 uiri
1338 1292 1433 1322 quanta
1445 1289 1498 1314 sine
1511 1289 1652 1323 eloquentia
1666 1290 1836 1323 pralstiterint.
1848 1305 1883 1310 —-

1092 1333 1131 1360 Ad
1148 1333 1280 1360 infidelem
1296 1333 1403 1368 quidem
1417 1333 1474 1360 lnrc
1487 1334 1551 1361 satis
1566 1339 1627 1360 sunt
1641 1344 1648 1361 :
1661 1335 1692 1360 ad
1706 1335 1809 1362 fidelem
1821 1343 1884 1363 vero

1091 1384 1116 1405 et
1133 1379 1189 1405 lucc
1209 1384 1234 1405 ct
1247 1379 1299 1405 alia
1314 1387 1345 1405 ex
1361 1380 1460 1406 nostris
1473 1379 1632 1406 documenta
1656 1380 1788 1407 afferenda
1810 1387 1881 1408 sunt.

1091 1424 1218 1457 Qumnaui
1234 1424 1295 1450 illa?
1311 1424 1396 1458 Magni
1413 1424 1450 1450 illi
1461 1429 1484 1451 et
1498 1425 1581 1451 sancti
1598 1425 1646 1450 viri
1657 1446 1663 1456 ,
1680 1427 1723 1459 qui
1738 1426 1812 1458 primi
1825 1426 1883 1453 fue-

1093 1474 1163 1501 runt,
1178 1477 1237 1495 cum
1253 1469 1337 1496 literni
1352 1470 1468 1496 nondum
1484 1475 1589 1501 essent;
1607 1475 1660 1496 tum
1676 1471 1691 1497 ii
1702 1472 1745 1505 qui
1756 1477 1814 1506 post
1825 1472 1883 1499 illos

1091 1514 1207 1546 fuerunt,
1222 1523 1281 1542 Clllll
1294 1515 1377 1542 litern'
1392 1516 1498 1550 quidem
1512 1521 1612 1549 essent,
1625 1517 1729 1544 dicendi
1739 1525 1803 1545 vero
1815 1519 1883 1552 peri.

1092 1561 1126 1588 tia
1141 1561 1274 1592 nondum;
1291 1567 1317 1588 et
1327 1562 1371 1596 qui
1385 1562 1433 1588 hos
1444 1563 1548 1596 sequuti
1561 1568 1632 1592 sunt.
1645 1571 1704 1590 cum
1720 1568 1747 1591 et
1762 1564 1844 1590 litera:
1858 1570 1882 1591 el

1091 1607 1195 1634 dicendi
1220 1607 1311 1641 peritia
1335 1612 1435 1635 essent.
1461 1608 1500 1635 llli
1517 1617 1580 1635 vero
1597 1609 1696 1644 (primi)
1713 1616 1884 1644 utrorumque

1091 1658 1214 1687 expertes
1236 1659 1327 1685 erant;
1349 1662 1401 1680 non
1418 1655 1498 1680 modo
1516 1655 1587 1681 enim
1605 1655 1765 1690 eloquentiae
1777 1655 1883 1682 institu-

1092 1700 1173 1729 tione,
1194 1699 1240 1725 sed
1263 1699 1343 1726 etiam
1365 1699 1501 1726 literarum
1524 1701 1616 1734 peritia
1634 1701 1709 1727 vacui
1726 1705 1802 1727 erant
1817 1709 1823 1727 :
1838 1701 1882 1735 qui

1085 1750 1180 1772 .tanicn
1197 1745 1237 1770 vel
1260 1744 1291 1770 iis
1306 1745 1331 1770 in
1350 1745 1441 1777 rebus,
1458 1746 1482 1772 in
1497 1746 1593 1779 quibus
1606 1746 1766 1780 eloquentia:
1780 1747 1819 1773 \‘is
1834 1753 1883 1773 ne-

1091 1790 1207 1817 cessal'ia
1221 1798 1281 1816 esse
1295 1790 1411 1823 videtnr,
1425 1798 1508 1825 usque
1521 1791 1588 1818 adeo
1599 1792 1642 1823 iis,
1654 1792 1697 1826 qui
1710 1792 1751 1818 illa
1764 1792 1882 1819 instructi

1091 1841 1177 1869 erant,
1194 1837 1412 1867 antecellnernnt.
1430 1842 1456 1863 ut
1472 1837 1497 1863 lii
1512 1838 1697 1871 insipientibus
1711 1839 1798 1872 pueris
1810 1839 1884 1865 dcte-

1092 1882 1175 1908 riui-cs
1192 1889 1252 1908 esse
1268 1882 1430 1909 viderentur.
1455 1882 1520 1909 Cum
1535 1883 1605 1910 enim
1619 1884 1793 1917 persuwleudi
1805 1884 1843 1910 vis
1858 1885 1882 1910 in

1091 1928 1239 1962 eloquentia
1254 1928 1369 1954 maxime
1389 1928 1439 1955 sita
1459 1929 1512 1959 sit,
1531 1933 1557 1955 et
1578 1934 1665 1955 tamen
1687 1929 1833 1963 philosophi
1850 1938 1883 1956 ne

1092 1982 1172 1999 nnnin
1187 1981 1310 2008 umquam
1328 1979 1470 2009 tyrannum
1489 1975 1687 2008 superaverint;
1705 1975 1740 2001 illi
1755 1983 1818 2001 vero
1832 1975 1882 2001 itii-

1093 2020 1167 2053 pcriti
1189 2025 1215 2045 et
1235 2020 1323 2046 idiota:
1348 2025 1431 2046 totum
1453 2020 1546 2046 orbem
1568 2021 1760 2052 converterint,
1779 2020 1882 2054 planum

1091 2070 1131 2091 (ιιι
1145 2065 1213 2098 apud
1228 2072 1284 2096 eos,
1298 2065 1399 2091 scilicet
1420 2066 1554 2092 literarum
1577 2065 1713 2099 imperitos
1727 2071 1754 2092 et
1769 2066 1862 2092 idiotas
1872 2087 1879 2097 ,

1092 2111 1228 2144 sapientia:
1245 2111 1358 2145 palmam
1377 2118 1446 2142 esse,
1469 2119 1520 2137 non
1544 2115 1631 2138 autem
1656 2111 1724 2145 apud
1749 2112 1817 2142 illos,
1839 2112 1882 2146 qui

1093 2162 1203 2190 utraque
1221 2157 1343 2184 facultate
1363 2157 1507 2190 pollebant.
1532 2157 1605 2184 Adeo
1625 2162 1651 2183 ut
1667 2165 1729 2183 vera
1744 2158 1882 2191 sapientia,

1092 2211 1207 2237 \t'l'thﬂe
1229 2203 1341 2238 eruditio
1361 2203 1426 2230 nihil
1440 2203 1510 2229 aliud
1524 2203 1574 2233 sit,
1591 2211 1670 2238 quam
1687 2204 1731 2230 Dei
1748 2205 1834 2230 timor.
1850 2205 1884 2230 At

1093 2257 1171 2275 neuio
1187 2254 1258 2283 putet
1274 2258 1316 2276 me
1330 2249 1397 2276 hanc
1411 2250 1495 2282 legem
1510 2254 1636 2282 statuere,
1651 2249 1721 2284 quod
1737 2250 1810 2284 pueri
1825 2257 1884 2277 esse

1092 2295 1207 2322 debeant
1222 2295 1346 2329 imperiti.
1361 2295 1412 2322 Sed
1428 2295 1449 2322 si
1461 2296 1520 2330 quis
1531 2304 1573 2322 me
1588 2295 1621 2322 de
1635 2296 1791 2322 necessariis
1805 2303 1883 2322 seen-

1092 2349 1149 2367 rnm
1165 2346 1312 2375 pra-staret,
1331 2341 1428 2367 nollem
1444 2341 1572 2375 impedire
1591 2341 1654 2376 qttin
1677 2341 1726 2367 hoc
1746 2350 1776 2368 ex
1798 2342 1883 2367 alum-

1091 2386 1178 2412 dantia
1196 2386 1280 2412 fieret.
1299 2386 1526 2418 Quennulmodnm
1536 2386 1606 2412 cnim
1616 2387 1753 2412 concussis
1763 2393 1822 2412 cum
1836 2387 1885 2412 do—

1092 2440 1135 2458 mo
1151 2436 1204 2459 tota
1220 2425 1398 2458 fundamentis
1410 2453 1417 2464 ,
1440 2437 1546 2466 totaque
1566 2431 1664 2458 fabrica
1686 2431 1788 2458 ruinam
1804 2432 1883 2458 inini-

1092 2483 1174 2510 tante,
1192 2483 1320 2505 extremae
1345 2479 1486 2506 dementim
1512 2487 1543 2506 ac
1570 2479 1727 2513 insipientia:
1755 2485 1827 2506 esset
1850 2480 1882 2506 ad

1092 2523 1213 2553 illit'ores.
1232 2531 1284 2549 non
1299 2523 1330 2549 ad
1347 2528 1494 2550 structores
1506 2531 1615 2551 currere
1629 2533 1634 2550 :
1647 2524 1685 2550 sic
1702 2524 1764 2551 item
1784 2524 1883 2558 impor-

1092 2574 1162 2595 tuna:
1177 2569 1355 2595 contentionis
1368 2575 1449 2599 esset,
1461 2569 1606 2602 parietibus
1619 2568 1732 2596 firmiter
1741 2570 1881 2602 stantibus,

1091 2622 1148 2645 eos,
1164 2614 1207 2648 qui
1220 2615 1302 2648 ipsam
1315 2615 1416 2640 illinere
1427 2615 1534 2646 vellent,
1553 2615 1703 2648 prohibere.

1130 2659 1242 2685 Historia
1263 2659 1428 2686 adolescentis
1450 2668 1465 2686 η
1485 2661 1608 2686 monac/t0
1631 2661 1747 2687 instituti.
1759 2675 1794 2680 —
1807 2660 1881 2694 Quod

1091 2709 1180 2731 antem
1193 2705 1217 2731 id
1227 2713 1258 2732 ex
1270 2706 1358 2732 animo
1367 2706 1470 2740 loquar,
1479 2714 1538 2740 qua:
1552 2705 1615 2740 ipsis
1628 2707 1755 2740 operibus
1768 2707 1880 2736 ostendi.

1093 2749 1149 2777 hmc
1161 2751 1214 2784 jam
1226 2752 1301 2778 vobis
1312 2752 1435 2778 narrabo.
1450 2752 1612 2779 Adolescens
1622 2752 1730 2787 quidam
1739 2753 1880 2780 admodum

1093 2795 1210 2829 locuples
1223 2795 1364 2829 aliquando
1380 2803 1404 2822 tu
1420 2796 1484 2823 urbe
1501 2801 1589 2823 nostra
1603 2796 1756 2823 demoratus
1769 2802 1809 2823 est
1820 2805 1884 2823 cru-

1096 2840 1204 2868 ditionis
1218 2841 1386 2883 acquirendm
1398 2842 1493 2877 gratia,
1511 2842 1609 2869 Latina:
1623 2842 1724 2871 scilicet
1736 2848 1761 2869 ct
1772 2843 1881 2870 GI‘JZCLB.
