2064 3115
181 142 233 169 569

181 199 255 226 Httnc
274 200 432 235 pzrdagogns
451 201 611 236 sequebatur
629 209 751 236 semper,
773 202 815 230 cui
835 210 884 229 una
907 209 969 228 cura

179 249 245 277 erat,
263 250 291 272 ut
303 246 362 280 ejus
375 247 491 273 animant
506 247 671 274 informat-et.
689 248 764 274 lluuc
783 256 832 282 ego
846 248 970 282 pa‘dago-

178 298 238 325 gum
254 291 347 318 adiens
362 291 431 327 (erat
444 293 514 319 enim
525 301 557 320 ex
572 293 603 320 iis
615 294 660 327 qui
676 294 701 321 itt
717 294 852 321 montibus
866 293 969 320 reside-

178 341 241 364 ttaut
251 337 278 375 ),
293 346 401 366 causam
417 339 538 367 ediscere
551 340 668 367 conabar
680 348 728 367 cur
741 348 801 367 cum
816 340 968 374 httjustnmli

176 384 333 417 sapientiam
358 385 494 419 professus
515 390 601 418 esset,
621 386 646 413 in
668 386 872 421 pzedagogornm
888 386 967 413 vitam

150 423 161 433 ’
177 430 292 463 seipstnn
315 430 476 458 demisisset.
499 431 545 459 Ille
561 440 625 459 vero
645 433 782 467 respondit
800 433 851 460 sibi
875 441 966 470 parum

175 475 302 510 temporis
317 483 458 510 superesse
478 478 503 504 in
526 477 675 511 hujusmodi
694 478 782 505 oflicio
796 479 947 513 prmsmudo
958 499 967 514 ,

175 526 267 549 cuem
277 522 356 550 altius
367 524 508 557 repetitam
517 525 651 552 enarravit
664 525 749 552 nobis.
760 526 855 558 Puero,
870 527 963 561 inquit,

175 566 236 594 huic
252 572 326 601 pater
340 574 380 595 est
393 569 485 603 durus,
501 571 586 603 ferox,
602 576 629 598 ct
644 571 734 598 muttdi
749 572 828 599 rebus
842 571 963 605 inhians;

174 616 260 640 ntatcr
270 619 357 640 autem
372 615 502 648 modesta,
513 621 674 650 temperans,
689 617 769 651 prolta
782 623 806 645 et
819 618 852 645 ad
868 619 963 645 cmlum

173 662 274 686 tantum
290 660 448 694 respiciens.
464 661 543 689 Pater
560 663 665 696 itaque,
683 667 773 696 utpote
785 665 830 699 qui
847 665 871 691 itt
886 665 964 692 bellis

171 704 253 730 nntlta
269 704 372 732 fortiter
384 707 506 741 gesserit,
523 708 605 734 lilium
622 709 676 734 vult
690 710 722 735 ad
739 713 877 743 paternum
891 711 964 737 ordi-

170 757 231 789 nem
249 750 396 785 deducere;
412 758 497 780 tnater
513 761 576 780 vero
590 753 613 780 id
628 754 738 782 minimc
752 759 842 789 optat,
856 755 902 782 sed
915 755 962 783 ad-

169 787 278 824 modum
294 797 452 832 deprecatur
466 808 471 826 :
488 808 519 827 ac
530 800 555 826 in
567 800 634 827 votis
646 800 724 827 habet
736 805 762 828 ct
776 802 876 834 cXpetit
889 802 960 829 illum

168 843 194 869 in
211 844 400 870 tttonachorum
415 849 485 872 statu
497 845 635 873 florentem
649 846 748 873 videre.
760 846 859 873 Verum
875 847 898 873 id
915 856 961 881 pa-

168 890 200 916 tri
215 889 304 917 diccre
322 899 374 918 nott
388 899 452 918 ausa
473 897 513 918 est
523 911 532 925 ,
547 893 628 919 verita
645 900 694 924 ne,
709 893 730 919 si
747 893 771 920 id
786 894 829 920 ille
842 894 959 920 sultodo-

166 942 280 970 raretur,
296 943 453 977 prmrnature
474 939 548 966 illum
569 939 659 966 saeculi
678 939 790 967 vinculis
810 940 957 976 obligaret,

165 989 245 1018 atque
264 985 298 1012 ab
320 984 370 1012 hoc
384 985 472 1012 studio
485 985 627 1013 abductum
642 985 676 1012 ad
696 986 811 1013 balteum
831 987 958 1014 transfer-

164 1034 214 1059 ret.
229 1034 256 1057 et
268 1030 301 1057 ad
316 1038 422 1057 omuetn
433 1039 492 1066 qua:
506 1031 567 1058 inde
580 1032 654 1066 sequi
667 1032 737 1058 solet
749 1032 809 1059 vitae
821 1032 957 1067 negligen-

164 1075 240 1108 tiam,
253 1075 287 1103 ita
296 1081 323 1103 ut
333 1081 424 1111 postea
434 1076 570 1105 emendari
581 1081 606 1104 et
617 1076 652 1104 ad
661 1077 797 1105 meliorem
811 1085 840 1105 se
853 1078 954 1114 frugem

162 1123 283 1156 recipere
306 1131 358 1149 non
378 1122 472 1158 possit.
494 1123 652 1158 llujusmodi
673 1124 751 1159 igitur
772 1128 829 1151 arte
854 1126 952 1151 utitur:

160 1173 257 1195 evocat
270 1176 313 1196 me
325 1169 444 1202 domum,
462 1169 566 1205 hocque
577 1169 708 1204 patefacto
723 1170 843 1200 consilio,
856 1178 954 1206 appre-

161 1213 272 1241 hensam
289 1215 361 1250 pueri
375 1215 511 1243 dexteram
527 1216 648 1244 manibus
664 1217 744 1243 tradit
758 1217 833 1244 mcis.
849 1218 889 1245 Me
900 1218 952 1244 sci-

159 1259 275 1287 scitante
285 1268 333 1288 cur
340 1260 389 1288 hoc
400 1253 509 1295 faceret,
523 1270 612 1293 unam,
624 1263 719 1298 inquit,
729 1262 799 1290 hanc
812 1271 952 1298 superesse

159 1307 290 1339 rationem
303 1307 476 1343 procuranda:
490 1308 545 1335 filio
557 1308 660 1341 salutis,
673 1308 694 1335 si
706 1309 801 1336 vellem
817 1310 950 1344 pzedagogi

158 1357 256 1380 statum
267 1361 407 1381 assumens
418 1355 464 1381 lilii
476 1363 567 1386 curam
578 1363 695 1388 sumere,
708 1361 735 1383 et
746 1357 795 1383 huc
805 1357 950 1385 accedere:

157 1400 267 1434 sc-patri
283 1407 422 1428 suasurum
438 1408 508 1432 esse.
525 1402 605 1429 etiam
622 1402 646 1429 ei
660 1423 667 1435 ,
681 1402 726 1437 qui
741 1403 862 1430 militiam
877 1404 951 1432 adire

158 1445 233 1477 velit,
252 1447 342 1474 utilem
358 1455 418 1478 esse
439 1449 575 1481 literarum
590 1450 794 1476 institutionem.
807 1449 870 1477 llrcc
882 1458 948 1485 ego,

156 1491 258 1526 inquit,
280 1494 302 1519 si
326 1493 432 1521 efficere
456 1498 568 1528 potuero
579 1516 585 1526 ,
601 1499 627 1521 tu
643 1503 763 1522 seorsum
778 1500 804 1521 ct
822 1496 847 1522 in
863 1496 948 1523 aliena

155 1538 246 1571 domo,
262 1539 304 1566 ubi
319 1547 368 1566 nec
382 1543 458 1574 pater
471 1547 519 1567 nec
535 1539 703 1567 familiarium
716 1541 845 1575 quispiam
858 1541 949 1568 turbas

154 1592 265 1613 movere
278 1587 374 1620 possit,
389 1593 493 1612 suntma
508 1585 580 1612 illum
598 1586 724 1613 facultate
743 1587 857 1613 formare
870 1593 947 1621 pote-

154 1631 199 1662 ris,
213 1630 348 1665 vitamque
360 1630 418 1665 ejus
431 1632 465 1658 ita
480 1631 614 1664 ordinare,
623 1632 682 1659 acsi
694 1632 719 1658 itt
731 1632 893 1660 monasterio
901 1633 947 1660 de-

153 1679 236 1710 geret.
252 1675 386 1704 C:cterum
396 1684 483 1704 annue
494 1677 568 1709 tnilti,
579 1684 610 1704 ac
621 1677 646 1704 in
659 1683 759 1711 partem
770 1678 948 1708 simulationis

153 1729 259 1750 mecum
271 1722 362 1750 venire
376 1730 409 1750 ne
422 1723 554 1757 graveris.
566 1722 624 1750 Non
642 1731 721 1757 parva
741 1731 784 1750 res
802 1724 897 1758 agitur,
913 1724 947 1752 de

154 1768 198 1795 lilii
209 1769 301 1796 anima
309 1773 444 1797 certamen
457 1773 499 1796 est
510 1777 541 1796 ac
555 1769 703 1803 periculum
716 1779 723 1796 :
736 1777 771 1797 ne
780 1778 891 1804 spernas
902 1778 946 1798 ca-
956 1768 974 1793 πί

152 1815 289 1843 rissimum
301 1815 367 1842 milti
377 1815 497 1844 omnium
511 1815 714 1849 periclitantem,
729 1815 776 1843 sed
786 1816 860 1850 eripe
871 1816 944 1849 illum

151 1868 165 1886 a
180 1859 381 1894 circumpositis
394 1859 510 1895 undique
524 1860 638 1895 laqueis,
651 1868 667 1888 a
682 1865 852 1895 tempestate,
864 1869 877 1888 a
893 1862 944 1889 llu-

150 1906 249 1934 ctibus.
262 1905 308 1933 Sin
323 1913 386 1937 vero
399 1909 426 1932 ttt
438 1906 550 1941 gratiam
574 1912 703 1940 przestare
718 1906 846 1938 nolueris,
862 1908 945 1935 Deum

149 1951 202 1984 jam
216 1952 244 1979 itt
261 1951 378 1980 medium
392 1951 507 1986 appello,
522 1956 669 1986 testemque
683 1959 749 1979 voco
764 1959 807 1979 me
818 1952 884 1980 nihil
896 1960 944 1980 co—

151 2005 208 2023 rum
222 1997 358 2029 omisisse,
373 2004 432 2032 qua:
442 1996 475 2029 ad
488 1996 567 2032 hujus
581 1998 677 2024 animm
692 1998 804 2024 salutem
817 2005 944 2027 necessa-

149 2043 189 2070 ria
200 2047 293 2076 erant,
308 2042 491 2078 mundamquc'
507 2050 567 2070 esse
585 2051 600 2072 a
614 2043 743 2078 sanguine
763 2044 836 2078 ptteri
854 2044 942 2078 hujus.

150 2089 225 2121 Quod
235 2089 259 2116 si
273 2089 337 2124 quid
353 2088 494 2123 contigerit
505 2088 580 2116 illutn
594 2089 648 2124 pati
664 2096 756 2116 eorum
767 2110 774 2121 ,
786 2096 846 2125 quae
861 2097 943 2124 pocro

149 2135 175 2162 in
191 2135 272 2163 tantis
285 2133 389 2166 deliciis
403 2139 430 2162 et
444 2135 470 2161 in
482 2139 554 2161 tanta
568 2134 728 2169 negligentia
742 2134 847 2163 vivente
857 2155 865 2168 ,
878 2143 943 2162 Cult-

149 2182 252 2216 tingere
263 2185 386 2215 possunt,
397 2180 446 2209 abs
459 2184 485 2208 te
499 2181 542 2207 illa
556 2180 600 2207 die
611 2180 684 2214 pueri
698 2180 813 2207 animam
827 2180 943 2216 requiret

149 2226 229 2254 licus.
241 2226 292 2257 llis
305 2230 332 2254 et
346 2226 465 2262 pluribus
478 2226 559 2253 etiam
571 2226 658 2253 verbis
673 2225 846 2261 compellans,
863 2225 944 2253 vehe-

149 2275 254 2299 menter
275 2278 308 2299 ac
330 2271 521 2298 miserabiliter
542 2271 730 2306 illacrymans,
747 2271 812 2298 ntilti
834 2271 940 2298 tandem

149 2317 300 2350 persuasit,
314 2321 344 2344 ut
358 2316 409 2343 hoc
421 2316 556 2351 negotium
575 2316 756 2351 susciperem,
771 2324 803 2344 ac
821 2324 880 2343 cuut
901 2316 942 2343 his

149 2363 282 2393 mandatis
296 2370 339 2390 me
348 2363 383 2390 alt
394 2370 424 2390 se
434 2363 544 2390 dimisit.
558 2363 612 2391 Nec
625 2371 690 2389 vana
703 2363 738 2390 illi
753 2362 800 2389 fuit
816 2363 872 2390 lucc
886 2371 942 2390 ma-

147 2409 266 2437 chinatio
279 2417 286 2435 :
304 2409 339 2436 ita
356 2408 427 2437 enim
442 2408 516 2439 brevi
529 2416 639 2443 puerum
654 2409 776 2443 egregius
792 2409 836 2436 ille
851 2408 941 2443 parda-

145 2462 230 2489 gogus
240 2453 372 2487 exercuit,
386 2458 539 2489 tantumque
552 2455 578 2481 in
589 2462 622 2482 eo
635 2454 721 2488 ignem
735 2454 858 2482 desiderii
870 2455 941 2482 illius

146 2501 289 2533 accendit,
307 2506 335 2532 ut
346 2505 442 2532 cuncta
461 2501 538 2532 simul
552 2500 687 2534 abjiceret.
705 2505 784 2535 atque
804 2501 830 2528 in
848 2501 940 2529 deser-

146 2553 201 2574 llllII
213 2548 356 2582 autfugerct
366 2567 374 2580 ,
390 2547 496 2582 alioque
510 2555 603 2579 russus
618 2547 748 2581 indigeret
765 2548 854 2578 freno,
870 2548 940 2582 qttod

145 2593 221 2620 illum
238 2601 253 2620 a
268 2593 522 2621 vehetncntioreilla
534 2593 725 2620 exercitatione
736 2592 769 2619 ad
779 2593 940 2620 moderatio-

146 2647 203 2666 rem
213 2639 375 2667 traduceret.
382 2638 501 2673 Namque
509 2638 679 2666 metuendum
691 2642 758 2670 erat,
768 2646 801 2665 ne
811 2642 883 2665 tanta
894 2638 940 2666 illo

145 2685 237 2713 studio
247 2691 311 2713 ante
323 2690 428 2720 tempus
439 2685 531 2712 drama
548 2689 630 2713 lotuut
646 2685 784 2716 rcvelaret,
801 2689 827 2711 et
842 2686 918 2711 matri
931 2704 938 2717 ,

147 2731 294 2765 paedagogo
307 2736 388 2765 atque
398 2730 522 2757 omnibus
533 2730 629 2764 ubique
640 2730 775 2757 monachis
783 2730 880 2758 bellum
892 2739 938 2757 cx-

145 2776 242 2803 citaret
265 2776 462 2810 gravissimum.
483 2775 549 2803 Nam
569 2776 592 2802 si
616 2781 691 2810 pater
715 2776 786 2803 illam
811 2777 940 2804 sensisset

145 2822 249 2856 fugam,
264 2829 408 2856 numquam
423 2822 568 2849 destitisset
588 2823 676 2849 omnia
694 2829 815 2854 movere,
833 2827 862 2850 ut
876 2831 938 2850 san-

145 2872 202 2894 ctos
215 2867 276 2894 illos
288 2867 444 2901 expelleret,
462 2875 572 2895 noneos
588 2872 687 2894 tantum
699 2889 705 2900 ,
722 2868 765 2902 qui
779 2867 860 2895 ﬁlium
876 2876 937 2896 sus-

556 143 735 172 ADV’ERSUS
755 143 1027 172 OPl’UGNATORES
1049 145 1138 174 VlTrE
1157 148 1304 178 MONlST.
1327 152 1389 180 Llll.
1412 155 1454 182 Ill.

1764 165 1814 192 57G

1027 207 1168 236 ceperant.
1194 207 1239 233 sed
1262 208 1327 235 alios
1347 211 1426 238 etinn
1447 220 1550 241 omnes.
1568 214 1641 243 lluttc
1666 217 1744 252 igitur
1766 227 1814 255 ego

1026 255 1134 300 put-rum
1143 259 1290 286 assumens,
1302 256 1357 283 haec
1369 262 1394 285 ct
1407 258 1482 292 plura
1494 259 1627 295 loquutus,
1641 263 1814 300 philosOpltim

1025 293 1102 328 hujus
1114 296 1273 327 desiderium
1296 301 1321 327 in
1341 309 1374 328 co
1395 312 1501 332 manere
1521 308 1627 341 permisi
1639 330 1647 341 ,
1661 309 1715 336 ittto
1730 313 1813 347 magis

1024 339 1119 368 adauxi
1132 362 1139 374 ,
1157 343 1182 369 in
1197 345 1261 372 urbe
1278 354 1366 374 autcttt
1383 349 1501 378 habitare
1516 339 1640 387 rogabam
1651 375 1659 387 ,
1672 363 1704 383 ac
1719 339 1812 385 litat;-

1023 392 1081 411 runt
1093 387 1186 414 studiis
1198 390 1316 419 lia-rere:
1332 393 1365 419 ita
1377 395 1447 422 enim
1459 401 1485 423 et
1498 399 1643 433 mqualibus
1655 402 1710 430 suis
1726 404 1811 430 maxi-

1023 438 1065 457 me
1079 433 1255 467 prufuturum,
1277 442 1302 464 ct
1323 446 1378 465 rem
1402 442 1469 474 patri
1492 443 1607 477 ignotam
1623 445 1689 474 fore.
1707 447 1734 476 id
1748 457 1812 479 vero

1021 479 1199 507 necessarium
1216 490 1274 510 esse
1290 485 1411 517 putabam
1426 508 1432 519 ,
1450 496 1501 515 non
1518 491 1597 518 modo
1612 499 1763 522 sanctorum
1780 497 1810 523 il-

1019 522 1106 550 lorum
1119 532 1210 558 causa,
1228 535 1280 554 non
1293 531 1395 569 matris,
1410 539 1461 558 non
1479 535 1612 571 pmdagogi
1630 543 1729 569 tantum
1742 561 1749 574 ,
1762 543 1808 568 sed

1019 568 1089 596 illius
1100 572 1180 598 ctiaut
1193 574 1276 606 pueri.
1288 574 1315 602 Si
1329 577 1398 603 enim
1415 568 1488 605 initio
1504 568 1643 611 institisset
1663 568 1748 619 pater:
1762 595 1807 621 pr-

1019 615 1129 643 riculum
1151 623 1209 644 erat
1227 627 1260 646 ne
1277 620 1453 654 philosophia-
1466 625 1570 658 plantas
1585 615 1808 664 conetileret',‘te~

1018 667 1095 687 ncras
1117 670 1221 697 nempe,
1246 672 1277 692 :tc
1301 674 1386 700 nuper
1410 671 1519 702 positas.
1543 672 1588 699 Sin
1609 682 1672 703 vero
1696 679 1806 706 multum

1017 707 1144 740 temporis
1160 711 1324 744 procederet,
1338 718 1363 740 et
1379 715 1481 742 radices
1498 718 1579 751 probe
1593 720 1718 751 mitteret.
1732 725 1807 752 valde

1015 753 1191 802 conlidebam,
1206 757 1331 790 quidquid
1347 760 1451 787 tandem
1466 763 1643 798 contingeret,
1660 775 1804 802 numquam

1015 795 1129 824 futurum
1153 805 1181 826 ut
1201 806 1275 835 pater
1296 803 1376 830 lilium
1400 813 1487 839 passct
1504 795 1599 837 la-tlere
1612 819 1618 837 :
1633 812 1702 846 quod
1725 795 1804 842 titiam

1013 844 1121 876 evenit,
1148 854 1197 878 nec
1219 856 1260 874 me
1284 857 1344 883 spes
1365 859 1423 878 mea
1440 852 1542 881 fefellit.
1559 854 1625 883 Cum
1642 844 1714 885 enim
1731 866 1805 894 pater

1012 889 1070 921 ejus
1087 892 1255 923 postmodum
1271 896 1354 922 nmlto
1368 897 1460 931 elapso
1474 904 1592 934 tempore
1606 902 1677 930 illttnt
1693 889 1804 934 adorans

1012 941 1108 968 magno
1131 943 1190 963 cum
1215 938 1314 974 impetu
1339 940 1469 974 irrucrct,
1494 952 1545 971 nott
1564 947 1643 974 tnodo
1661 949 1802 978 trdifictuut

1011 981 1163 1009 nullatenus
1178 989 1271 1012 tttttare
1285 985 1346 1013 fecit
1359 1008 1366 1020 ,
1388 988 1434 1015 sed
1455 989 1519 1019 illud
1536 990 1639 1020 firmius
1653 1001 1713 1022 esse
1727 1005 1803 1024 ntott-

1009 1027 1112 1055 stravit.
1128 1027 1376 1069 Condi~cipulortnn
1390 1040 1480 1062 autent
1495 1036 1598 1073 plurimi
1608 1046 1641 1066 ex
1652 1040 1722 1067 illius
1735 1050 1801 1070 con-

1008 1072 1092 1099 sortio
1103 1078 1203 1102 tantunt
1216 1077 1396 1111 profecerunt,
1409 1085 1437 1106 ιιι
1450 1081 1569 1118 ejusdem
1582 1083 1693 1112 instituti
1707 1086 1800 1116 fierent

1008 1118 1106 1145 tumuli.
1130 1119 1196 1147 Cum
1221 1123 1291 1149 enim
1318 1123 1361 1151 ille
1382 1132 1489 1160 semper
1509 1127 1581 1154 domi
1604 1130 1801 1163 moderatorem

1007 1161 1127 1197 haberet,
1150 1173 1199 1193 ceu
1214 1171 1300 1194 statua
1314 1169 1414 1204 jugiter
1433 1179 1511 1198 manu
1533 1174 1643 1201 artificis
1665 1177 1799 1214 expolita,

1006 1218 1044 1238 stc
1059 1214 1176 1247 quotidie
1190 1215 1286 1242 animat
1302 1216 1505 1250 pulchritudinis
1522 1220 1717 1251 incrementum
1731 1227 1800 1252 acci-

1006 1257 1103 1291 piebat.
1119 1259 1155 1293 Et
1165 1260 1235 1294 quod
1248 1261 1395 1289 mirabilius
1410 1268 1461 1295 est,
1475 1272 1535 1292 cum
1552 1266 1615 1294 foris
1629 1270 1798 1304 versabatur,

1006 1303 1070 1330 nihil
1082 1303 1188 1332 dill‘erre
1205 1306 1346 1335 videbatur
1359 1316 1373 1335 a
1385 1310 1490 1337 caeteris
1505 1320 1512 1338 :
1529 1319 1581 1339 non
1601 1313 1672 1341 euitn
1692 1303 1798 1345 rusticis

1004 1354 1032 1376 et
1046 1349 1188 1385 incomptis
1204 1352 1323 1380 moribus
1334 1375 1340 1386 ,
1358 1362 1410 1382 non
1427 1361 1502 1383 veste
1518 1357 1643 1392 singulari
1659 1365 1733 1394 erat,
1750 1362 1796 1390 sed

1003 1395 1099 1422 similis
1113 1397 1172 1424 aliis
1186 1397 1277 1425 habitu
1289 1419 1296 1431 ,
1314 1405 1422 1434 aspectu
1433 1421 1440 1434 ,
1459 1410 1524 1429 voce
1536 1423 1543 1434 ,
1558 1406 1715 1441 ueterisque
1728 1413 1796 1436 erat.

1003 1441 1181 1475 Quamobrem
1195 1451 1227 1471 ex
1241 1445 1291 1472 sibi
1308 1445 1484 1474 familiaribus
1500 1449 1628 1483 plurimos
1642 1452 1734 1480 iisdem
1751 1462 1796 1481 re-

1003 1488 1074 1515 tibus
1094 1491 1180 1525 cepit,
1197 1491 1307 1519 multant
1332 1494 1469 1522 occultans
1493 1495 1652 1525 intrinsecus
1677 1499 1795 1533 philoso-

1003 1534 1100 1568 phiam.
1115 1536 1188 1564 ln-mi
1203 1545 1265 1564 vero
1281 1538 1301 1564 si
1313 1539 1371 1572 quis
1386 1539 1458 1566 illttnt
1474 1541 1593 1573 vidisset.
1607 1548 1725 1577 putasset
1735 1553 1795 1574 esse

1001 1581 1141 1615 quemdam
1156 1589 1187 1608 cx
1205 1583 1246 1615 iis,
1257 1583 1300 1618 qui
1316 1583 1341 1611 in
1357 1586 1492 1618 montibus
1506 1587 1583 1614 sedes
1598 1588 1745 1618 haberent:
1756 1591 1794 1618 si-

1001 1627 1106 1660 quidem
1122 1628 1216 1655 dontus
1229 1630 1286 1663 ejus
1299 1630 1332 1656 ad
1349 1633 1502 1660 monasterii
1517 1641 1637 1661 normam
1652 1636 1794 1664 ordinaba-

1002 1676 1053 1703 tur,
1065 1672 1106 1699 ubi
1117 1676 1372 1707 prteterneccssaria
1382 1676 1446 1703 nihil
1459 1676 1561 1704 aderat.
1575 1678 1691 1714 Tempus
1702 1687 1794 1710 autem

999 1725 1079 1745 onme
1094 1719 1206 1746 lectione
1222 1725 1374 1748 sanctorum
1389 1721 1519 1750 librorum
1537 1725 1708 1760 transigebat.
1725 1727 1793 1755 Cum.

999 1763 1069 1790 enim
1082 1765 1136 1791 acri
1152 1765 1183 1791 ad
1198 1765 1352 1801 disciplinas
1365 1767 1473 1802 ingenio
1485 1774 1574 1804 esset,
1591 1776 1710 1800 exterme
1730 1782 1792 1800 eru-

998 1810 1091 1837 ditioni
1117 1811 1247 1838 modicam
1270 1813 1321 1839 diei
1344 1820 1445 1847 partem
1469 1815 1635 1850 insumebat,
1659 1818 1790 1854 reliquum

997 1863 1062 1882 vero
1075 1857 1202 1890 tetnporis
1214 1858 1338 1891 precibus
1354 1858 1538 1894 frequentibus
1552 1861 1680 1898 librisque
1693 1865 1790 1892 divinis

997 1900 1158 1935 deputabat,
1178 1909 1209 1929 ac
1228 1903 1285 1929 sine
1303 1903 1364 1930 cibo
1383 1909 1437 1930 tota
1457 1907 1645 1939 perseverabat
1659 1908 1719 1941 die;
1737 1910 1790 1938 imo

997 1954 1046 1973 nec
1067 1955 1117 1973 ttna
1141 1951 1242 1974 tatttum
1266 1948 1324 1979 die.
1348 1957 1436 1982 neque
1455 1951 1574 1985 duabus,
1589 1953 1635 1980 sed
1659 1955 1788 1988 pluribus.

996 1991 1094 2019 Noctes
1107 2000 1187 2027 porro
1203 1993 1237 2019 illi
1252 1993 1346 2021 borum
1359 1996 1474 2023 consciae
1489 2001 1582 2030 erant,
1598 1998 1789 2035 lacrytnarum,

997 2045 1104 2072 precum
1128 2039 1334 2074 hujusmodique
1354 2039 1477 2068 lectionis
1498 2050 1504 2068 :
1521 2050 1581 2077 qua:
1601 2045 1689 2071 omnia
1713 2047 1790 2074 uoltis

996 2083 1154 2118 paedagogus
1175 2084 1242 2111 clam
1275 2087 1469 2113 attntmtiabat:
1486 2095 1552 2122 puer
1574 2090 1644 2116 enim
1669 2091 1790 2126 indigna-

996 2129 1073 2156 batur
1086 2129 1268 2163 vehementer,
1283 2131 1305 2157 si
1321 2132 1382 2166 quid
1397 2133 1546 2166 hujusntodi
1558 2135 1645 2162 efferri
1659 2144 1789 2172 Cognoce-

995 2180 1045 2203 ret.
1062 2176 1169 2203 Dicebat
1181 2184 1245 2211 ergo
1259 2178 1344 2211 ipsum
1358 2178 1407 2205 sibi
1422 2179 1536 2207 cilicium
1554 2180 1580 2207 itt
1596 2188 1695 2210 vestem
1711 2191 1788 2218 para-

995 2222 1082 2256 visse,
1104 2223 1200 2258 illaque
1222 2231 1267 2257 per
1289 2231 1393 2252 noctem
1416 2226 1478 2252 dum
1500 2226 1628 2255 dormiret
1652 2229 1739 2261 indui,
1756 2238 1789 2257 co

994 2268 1096 2295 scilicet
1115 2269 1227 2296 consilio
1239 2289 1246 2300 ,
1268 2275 1296 2297 ut
1311 2270 1388 2297 citius
1403 2279 1546 2307 exsurgere
1563 2279 1654 2308 posset
1668 2283 1675 2300 :
1691 2275 1715 2301 itt
1730 2277 1789 2303 aliis

994 2321 1100 2348 quoque
1124 2314 1211 2348 ipsum
1238 2315 1430 2343 monachorum
1456 2317 1623 2353 disciplinam
1648 2319 1789 2355 diligenter

994 2367 1112 2393 servare,
1126 2360 1225 2394 Deique
1239 2360 1392 2396 frequenter
1403 2361 1494 2390 laudes
1504 2364 1666 2398 persolvere,
1678 2366 1722 2400 qui
1737 2366 1787 2393 sibi

995 2409 1047 2432 tam
1069 2405 1141 2432 leves
1161 2405 1337 2441 philosophia:
1360 2415 1460 2442 pennas
1483 2408 1631 2436 indidisset.
1653 2410 1744 2445 Itaque
1764 2412 1787 2438 si

993 2452 1054 2486 quis
1066 2452 1130 2479 milti
1146 2460 1217 2481 nunc
1230 2454 1348 2481 animum
1368 2455 1402 2481 ita
1418 2461 1600 2490 comparatum
1615 2457 1767 2484 ostenderet
1778 2478 1785 2488 ,

995 2499 1219 2534 prcdagogumque
1231 2501 1345 2528 similem
1360 2501 1489 2535 pra-heret
1499 2522 1506 2533 ,
1522 2502 1627 2537 aliaque
1646 2504 1734 2530 omnia
1748 2504 1786 2532 si.

994 2547 1092 2573 utiliter
1105 2554 1135 2574 se
1150 2547 1320 2580 polliceretur
1332 2552 1495 2579 curaturum,
1508 2548 1604 2576 millies
1617 2555 1737 2583 optarem
1751 2550 1786 2580 ita

995 2593 1062 2626 fieri,
1078 2593 1157 2628 idque
1172 2594 1266 2628 magis,
1281 2601 1360 2628 quant
1374 2594 1423 2628 ipsi
1439 2599 1570 2629 parentes.
1582 2595 1626 2623 Sic
1640 2595 1710 2621 enim
1726 2603 1787 2629 pro.

995 2639 1062 2667 fecto
1084 2639 1170 2673 majus
1191 2639 1293 2666 lucrum
1316 2639 1471 2672 accederet,
1496 2647 1556 2667 cum
1581 2646 1690 2675 possent
1712 2641 1785 2675 pueri

994 2684 1163 2719 hujusmodi.
1190 2692 1236 2718 per
1259 2685 1318 2711 vit:e
1342 2685 1488 2718 rationem,
1507 2694 1553 2720 per
1568 2692 1673 2714 aetatem
1692 2695 1723 2714 ac
1737 2695 1783 2721 per

993 2730 1055 2765 jngc
1068 2731 1232 2757 consortium
1249 2730 1364 2764 :equalcs
1378 2739 1442 2757 suos
1455 2732 1585 2760 inescare.
1599 2734 1633 2759 At
1647 2733 1734 2759 nullus
1743 2740 1785 2761 ea;

993 2777 1037 2811 qui
1050 2783 1079 2804 se
1092 2776 1127 2802 ita
1143 2775 1272 2803 facturum
1285 2775 1450 2811 polliceatur.
1464 2777 1529 2803 Cum
1548 2785 1612 2804 vero
1628 2779 1717 2805 nullus
1731 2778 1765 2805 sit
1775 2798 1783 2811 ,

994 2828 1105 2849 summa:
1114 2820 1279 2849 crudelitatis
1292 2827 1363 2849 esset
1376 2829 1435 2849 ettm
1447 2843 1454 2854 ,
1476 2823 1519 2858 qui
1541 2830 1574 2850 ne
1592 2822 1709 2857 scipsutn
1724 2824 1784 2858 qui-

996 2867 1056 2894 dem
1071 2866 1215 2895 defendere
1227 2868 1319 2902 pUSsil,
1331 2868 1377 2895 sed
1388 2868 1475 2902 jaceat
1488 2869 1633 2898 innumeris
1644 2871 1782 2897 confossus
