2058 3116
246 127 293 156 371
453 159 455 162 ι

245 183 419 214 vulneribus.
444 183 562 219 aliosque
588 182 747 210 infirmiores
768 180 877 212 reddat,
901 180 927 206 in
945 179 1032 206 medio

244 228 348 256 concidi
364 229 527 263 permittere,
544 234 604 254 cum
615 231 750 262 oporteret
762 233 824 253 eum
836 233 850 251 e
862 232 948 260 pugna
958 231 1032 250 sum-

244 282 363 302 movere.
378 273 496 308 Namque
512 272 634 300 similiter
647 271 702 299 dux
723 270 870 306 puniendus
889 273 974 301 esset,
987 268 1033 303 qui

246 327 362 354 pugnare
377 319 496 346 valentes
508 317 607 345 milites
617 325 650 345 ex
663 317 754 352 praclio
766 316 919 346 abduceret,
929 314 1033 341 saucios

244 371 332 392 autem
346 371 370 391 et
388 369 544 399 prostratos,
560 364 604 400 qni
617 364 676 391 aliis
692 362 881 398 impedimento
894 365 994 393 essent,
1005 360 1032 387 in

244 410 332 437 medio
345 417 450 445 semper
460 409 548 444 jacere
560 409 675 444 juberet.

280 457 324 484 15.
347 456 443 482 Verum
462 455 523 490 quia
543 459 679 490 parentum
702 452 807 488 plurimi
831 452 949 482 instant,
966 451 1032 478 lihe-

247 509 344 536 rosque
356 509 419 528 suos
434 501 459 528 in
473 501 557 528 literis
571 501 651 527 vitam
666 507 745 533 agere
759 499 868 532 cupiunt
881 519 888 530 ,
903 505 934 524 ac
949 497 969 524 si
985 504 1032 531 pro

247 552 322 574 certo
336 546 451 573 habeant
463 546 534 580 ipsos
548 545 581 572 ad
597 546 702 572 culmen
718 543 874 578 eloquentiae
890 547 1032 577 perventu-

245 600 290 619 ros
308 601 315 619 :
329 592 378 618 hac
393 591 500 627 quidem
515 591 549 618 de
567 599 597 618 re
617 598 651 617 ne
667 589 858 617 contendamus
869 608 877 621 ,
893 595 943 614 neu
957 587 1031 614 dica-

245 647 303 665 mus
318 638 403 673 ipsum
419 646 432 663 a
454 644 535 671 scopo
555 637 758 666 aberraturum;
785 634 830 662 sed
854 633 1032 661 concedamus

244 691 304 710 eum
325 683 403 710 studii
426 682 466 709 sui
482 682 597 709 fructum
617 680 766 715 bujusmodi
786 685 1030 714 consequuturum,

245 732 272 755 et
286 728 318 754 ad
334 728 437 755 culmen
452 732 592 754 venturum
603 734 673 753 esse.
683 726 722 753 Sit
731 731 818 752 autent
831 724 907 751 nobis
920 725 1031 750 duarum

245 781 334 801 rerum
349 773 421 808 optio
434 781 442 804 ;
457 773 499 799 vel
513 772 546 799 ad
557 771 752 806 ludimagistros
765 771 934 809 proficiscens
945 768 1033 795 erudi-

244 820 341 846 tionem
368 818 471 853 assequi
495 817 657 850 contendat,
683 816 724 843 vel
747 816 916 843 solitudinem
939 819 1032 849 petens

243 865 339 891 anima:
352 864 513 898 prospiciat;
528 868 587 890 ntro
601 863 626 889 iu
642 862 730 889 studio
752 869 807 888 rem
829 860 949 888 obtinere
963 867 1031 894 pra:-

243 910 316 936 stat?
331 909 396 936 Nam
416 909 438 936 si
459 910 485 936 in
509 913 621 943 utroque
639 909 790 942 contingat,
815 906 839 933 id
860 913 909 940 ego
928 913 1032 940 quoque

230 955 322 986 'volo;
337 954 377 981 sin
392 954 548 980 alterutrum
561 952 761 987 relinquendum
772 951 807 978 sit
818 971 825 984 ,
840 951 910 986 quod
924 955 1032 984 prasta-

244 1000 322 1028 bilius
332 1000 481 1034 eligcndnm
492 1003 542 1026 est.
555 999 639 1026 Etiam
652 1019 660 1031 ,
673 997 795 1032 inquiunt
807 1017 813 1029 ,
828 996 874 1023 sed
886 998 937 1023 hoc
947 996 1032 1030 ipsum

242 1045 312 1072 unde
326 1045 401 1071 nobis
418 1049 541 1071 constare
555 1043 670 1078 poterit,
687 1050 747 1069 eum
762 1045 992 1076 perseveraturmn
1006 1047 1033 1068 et

242 1098 395 1118 mansurum
408 1110 416 1122 ,
430 1097 480 1117 nec
494 1089 628 1124 lapsorum
642 1088 723 1115 esse?
737 1087 813 1114 multi
829 1094 942 1121 namque
958 1085 1032 1112 deci-

246 1137 351 1165 derunt.
365 1137 399 1164 At
409 1135 479 1163 unde
491 1140 615 1163 constare
628 1138 716 1169 potest
729 1133 799 1168 ipsos
813 1141 864 1159 non
881 1139 1033 1167 persevera-

246 1189 320 1211 turos
334 1188 361 1210 et
375 1189 516 1209 mansuros
528 1181 608 1209 esse?
624 1180 697 1208 Multi
711 1187 825 1214 namque
841 1182 1011 1213 perseverant
1023 1198 1031 1211 ,

242 1235 270 1256 et
289 1228 394 1262 quidem
415 1227 503 1261 plures
525 1226 577 1258 iis,
595 1226 639 1261 qui
661 1225 806 1253 decidunt:
831 1225 866 1251 ita
888 1229 916 1250 ιιι
938 1223 1032 1250 horum

243 1280 323 1300 causa
339 1272 422 1306 magis
436 1270 622 1298 confidendum
636 1271 689 1302 sit,
709 1278 788 1304 quam
810 1269 915 1296 illorum
938 1269 1033 1295 timen-

242 1318 315 1344 dum.
332 1316 385 1343 Cur
398 1320 485 1342 autent
499 1323 551 1342 non
565 1315 679 1349 idipsunt
696 1315 766 1342 circa
788 1314 924 1341 literarum
947 1313 1032 1340 studia

243 1362 339 1390 metttis
352 1383 359 1394 ,
382 1361 425 1388 ubi
446 1361 559 1388 maxime
580 1360 725 1387 timendum
743 1360 802 1386 est?
821 1358 941 1393 Namque
963 1357 1033 1393 apud

245 1407 389 1434 monachos
409 1406 516 1441 quidem
543 1413 575 1432 ex
599 1405 687 1432 multis
711 1404 787 1439 pauci
809 1404 874 1439 lapsi
896 1409 978 1436 sunt,
1005 1403 1032 1430 in

244 1454 344 1480 scholis
370 1457 458 1479 autent
483 1452 629 1479 liberalitnn
654 1451 853 1485 disciplinarttnt
881 1458 914 1477 ex
941 1450 1033 1477 multis

244 1499 318 1534 pauci
335 1499 454 1533 peritiam
467 1502 653 1532 aSsequnnlnr.
668 1496 759 1531 Neque
775 1496 835 1523 inde
849 1500 949 1523 tantum
964 1519 972 1529 ,
984 1496 1031 1523 sed

241 1545 320 1571 etiam
336 1543 426 1570 multis
440 1543 498 1570 aliis
508 1543 541 1569 de
555 1542 642 1570 causis
655 1542 681 1569 in
694 1541 744 1569 hac
758 1547 833 1577 parte
843 1542 927 1576 magis
938 1542 1034 1569 timen-

242 1589 306 1616 dum
324 1594 374 1616 est.
393 1588 527 1623 Siquidem
550 1593 577 1615 et
596 1587 669 1622 pueri
691 1587 816 1614 obtusum
835 1587 990 1622 ingenium,
1006 1591 1034 1613 et

245 1634 430 1668 magistrorum
441 1633 589 1668 imperitia,
608 1637 634 1659 et
651 1632 852 1667 pmdagogornm
862 1631 1032 1666 negligentia,

244 1684 272 1707 et
286 1679 369 1714 patris
383 1679 493 1712 incuria,
505 1687 535 1705 ac
546 1685 697 1713 sumptuum
709 1677 891 1713 mercedisque
901 1677 1032 1709 defectus,

245 1730 272 1752 et
283 1733 385 1752 morum
396 1724 598 1757 dissimilitudo,
611 1730 638 1751 et
649 1723 890 1757 condiscipulorum
902 1723 1031 1757 nequitia,

244 1775 272 1798 et
292 1771 358 1797 livor
378 1770 543 1803 invidiaque,
563 1770 666 1804 aliaque
686 1769 797 1804 plurima
817 1769 851 1796 ab
870 1769 1033 1803 assequendo

246 1817 299 1844 fine
312 1815 461 1843 deturbant.
477 1815 568 1850 Neque
583 1815 641 1842 haec
660 1819 760 1842 tantutn
773 1835 780 1847 ,
802 1814 848 1841 sed
869 1818 929 1849 post
948 1814 1033 1849 ipsum

244 1863 324 1890 etiam
338 1862 482 1890 studiorum
497 1861 575 1888 finem
597 1861 648 1888 alia
669 1865 695 1888 et
710 1861 785 1896 plura
802 1860 907 1895 quidem
923 1861 1034 1895 impedi-

245 1914 333 1935 menta
348 1913 501 1935 occurrunt.
523 1907 665 1941 Postquam
678 1906 749 1934 enim
765 1905 895 1940 superatis
910 1905 1034 1932 omnibus

246 1954 405 1988 elapsusque
419 1952 537 1979 obicibus
549 1951 582 1978 ad
594 1952 679 1986 ipsum
692 1950 847 1978 eruditionis
857 1950 961 1977 cuiu-.en
975 1958 1034 1984 per-

245 2000 366 2032 venerit,
388 1999 446 2025 alia:
465 2005 570 2025 rursum
590 1997 692 2024 insidias
709 2002 770 2024 sunt
790 1996 892 2031 posite.
913 1996 1031 2031 Namque

247 2045 372 2079 principis
386 2043 476 2070 odium
489 2064 496 2075 ,
511 2043 674 2070 consortium
689 2042 788 2069 invidia
801 2063 808 2074 ,
823 2046 971 2076 temporum
984 2042 1034 2068 dif-

247 2091 350 2117 ticultas
361 2110 368 2121 ,
383 2089 529 2116 amicorum
543 2088 630 2123 inopia
642 2108 650 2120 ,
665 2092 807 2122 paupertas
819 2108 827 2120 ,
850 2089 882 2113 ab
906 2088 963 2122 ipso
982 2087 1035 2114 title

246 2143 431 2170 sa-pt-uumero
446 2134 599 2161 excludunt.
619 2133 697 2167 Atqui
716 2132 785 2167 apml
807 2132 952 2159 monachos
970 2132 1033 2159 nihil

246 2181 352 2211 simile;
366 2179 412 2207 sed
428 2187 479 2206 una
496 2183 596 2205 tantum
619 2186 647 2205 re
668 2185 734 2212 opus
753 2183 812 2210 est,
835 2178 913 2204 nobili
934 2178 1033 2206 scilicet

247 2231 326 2261 atque
339 2224 435 2252 eximia
450 2224 605 2254 alacritate;
621 2230 680 2257 qua:
693 2223 715 2249 si
729 2222 842 2249 adfuerit
853 2243 860 2254 ,
873 2223 937 2250 nihil
953 2224 1035 2258 impe-

252 2272 291 2299 dit
306 2271 448 2306 quominus
463 2269 494 2295 ad
512 2269 589 2294 finem
606 2268 709 2294 virtutis
723 2267 899 2301 perveniatur.

286 2316 367 2348 Quam
385 2314 551 2349 pra'smbilior
568 2313 617 2338 vita
638 2313 817 2338 "tonat/torum
837 2314 887 2338 vim
907 2314 1033 2340 mculari.

248 2378 281 2383 ——
295 2360 433 2394 Quomodo
449 2360 527 2393 igitur
546 2366 598 2385 non
615 2358 731 2392 iniquum
751 2357 847 2390 fuerit,
869 2359 912 2385 ubi
935 2360 1034 2393 optima

248 2416 310 2443 spes
323 2412 362 2434 t-st
373 2405 511 2432 manifesta
523 2410 549 2431 et
559 2405 676 2438 proxima
689 2425 697 2436 ,
709 2404 850 2438 desperare
862 2413 891 2431 ac
905 2411 1033 2438 tremere;

249 2453 292 2479 ubi
311 2459 373 2478 vero
393 2451 442 2476 alia
467 2457 528 2483 spes
547 2450 678 2476 contraria
692 2469 698 2481 ,
721 2450 896 2476 remotissima
921 2455 980 2482 ost,
1004 2458 1036 2477 ac

249 2497 338 2523 nntltis
353 2495 473 2521 obicibus
487 2494 652 2528 intercipilnr
662 2514 670 2525 ,
686 2502 737 2520 non
753 2494 894 2528 desperare
905 2516 912 2527 ,
928 2495 981 2522 imo
997 2497 1035 2522 rei

249 2542 326 2574 longe
349 2540 510 2567 difllcillima:
533 2539 673 2565 maximam
695 2538 745 2565 sibi
769 2547 842 2573 spem
862 2547 1033 2574 proponere:

248 2592 327 2622 atque
346 2587 371 2613 in
392 2587 524 2613 literarum
535 2585 638 2617 studiis,
647 2593 699 2612 ncn
711 2585 793 2612 tristia
804 2593 862 2620 qua:
872 2585 1035 2620 frequentius

249 2633 371 2660 accidunt
384 2653 389 2663 .
406 2632 452 2659 scd
464 2632 530 2658 bona
541 2638 599 2665 qme
610 2639 669 2658 raro
680 2632 834 2666 coutingunt
847 2632 1015 2659 considerare
1026 2640 1033 2664 ;

249 2685 319 2706 circa
334 2683 431 2704 statum
447 2683 511 2703 vero
531 2676 718 2702 monachorum
740 2676 904 2703 contrarium
926 2677 1012 2704 facere
1025 2698 1032 2710 ,

249 2729 275 2749 et
288 2723 330 2749 ubi
346 2730 406 2757 spes
421 2723 549 2748 honortnn
564 2721 652 2747 Inultze
664 2725 726 2747 sunt
738 2741 745 2754 ,
760 2721 792 2747 ad
806 2721 890 2748 tristia
901 2722 1035 2756 respicere

249 2773 350 2796 tantum
363 2776 370 2799 ;
385 2768 428 2795 ubi
442 2774 506 2794 vero
517 2767 550 2794 de
563 2767 695 2793 contraria
706 2774 754 2800 spe
767 2766 853 2801 agitur
864 2787 872 2799 ,
895 2775 954 2801 qtae
965 2767 1032 2794 bona

249 2819 309 2842 sunt
324 2819 423 2842 tantum
438 2813 607 2841 considerare
617 2812 629 2838 ’ἲ
638 2812 802 2847 Quamquam
815 2811 868 2839 illic
881 2811 1033 2847 frequenter

609 126 638 153 S.
658 123 795 153 JOANNIS
813 122 1046 152 CIIRYSOSTOMI
1067 122 1222 150 ARCIIIEP.
1244 121 1511 151 CONSTANTINOP.

1086 179 1233 214 contingit,
1251 185 1279 206 nt
1292 187 1351 207 cum
1366 179 1454 213 omnia
1469 187 1528 214 qua:
1540 186 1700 206 concurrere
1715 178 1813 206 debent
1827 187 1874 214 pro

1085 229 1148 252 voto
1160 225 1319 259 contigerint
1329 245 1338 256 ,
1355 229 1513 259 pnematura
1527 231 1599 251 mors
1610 223 1737 250 athletam
1759 229 1817 257 post
1838 225 1873 250 iu-

1086 270 1173 297 finitos
1188 270 1299 297 sudores
1312 270 1429 297 nondum
1444 275 1598 296 coronatum
1611 269 1722 304 abripiat
1733 277 1741 302 ι
1758 270 1800 297 hic
1811 277 1874 296 vero

1084 315 1188 342 etiamsi
1209 315 1234 342 in
1257 315 1353 342 mediis
1374 315 1563 343 certaminibus
1583 315 1646 342 illud
1667 315 1788 346 accidat.
1812 321 1874 343 tunc

1085 361 1201 388 maxime
1215 361 1371 395 splendidus
1385 365 1412 388 et
1423 365 1565 388 coronatus
1575 361 1767 395 proficiscatur.
1783 361 1874 395 Itaque

1084 407 1107 434 si
1128 407 1244 433 futurum
1267 407 1381 439 metuis,
1402 406 1472 434 circa
1495 406 1630 433 literarum
1651 406 1737 433 stttdia
1758 407 1872 435 maxime

1085 452 1230 479 timendum
1244 456 1285 478 est
1299 471 1306 483 ,
1321 452 1364 478 ubi
1380 459 1414 479 ne
1428 451 1460 478 ad
1474 452 1615 478 terminum
1629 452 1795 485 perveniatur
1810 453 1870 486 pln-

1086 497 1151 524 rima
1164 501 1226 523 sunt
1240 497 1437 531 impedimento.
1452 496 1492 524 Tu
1503 504 1565 523 vero
1581 496 1632 524 illic
1643 497 1747 531 quidem
1760 498 1871 530 resides,

1084 543 1276 577 dintnrnasqne
1291 551 1380 570 moras
1392 543 1507 570 sustines
1519 563 1526 576 ,
1542 550 1593 570 non
1607 550 1638 570 ea
1660 551 1718 577 qua:
1738 544 1764 571 iu
1785 544 1873 571 medio

1085 589 1169 623 posita
1193 594 1270 621 sunt,
1293 594 1413 623 sumptus
1433 596 1538 623 nempe,
1565 597 1715 620 airnmnas,
1743 590 1871 616 incertqu

1084 639 1208 661 eventum
1221 655 1228 667 ,
1243 634 1290 661 sed
1315 634 1393 660 linem
1415 638 1516 660 tantum
1541 634 1704 668 respiciens:
1726 634 1768 661 hic
1785 639 1872 661 autem

1084 687 1143 707 cum
1159 680 1274 707 nomium
1286 680 1318 707 ad
1331 680 1489 707 vestibulmn
1501 687 1566 715 puer
1576 680 1709 714 ingressus
1723 680 1771 711 sit.
1787 688 1873 715 noque

1085 725 1153 751 hanc
1175 725 1376 759 pulcherrimam
1411 725 1603 759 philosophiam
1624 724 1756 759 attigerit,
1782 731 1871 752 statim

1085 770 1162 797 times
1174 775 1201 797 et
1215 771 1330 806 trepidas
1342 791 1350 804 ,
1362 770 1416 803 jam
1428 770 1582 804 desperatus
1593 771 1765 804 cogitationes
1775 771 1872 798 admita

1085 816 1118 842 tis
1128 815 1139 835 ν
1152 816 1231 850 Atqui
1248 817 1304 851 ipse
1316 817 1394 850 paulo
1405 822 1466 843 ante
1477 816 1584 843 dicebas
1597 825 1602 842 :
1615 815 1682 849 Quid
1693 817 1762 843 enim
1772 817 1783 844 ἲ
1795 818 1850 843 isne
1861 836 1872 850 ,

1084 862 1128 896 qui
1145 862 1235 893 urbem
1251 862 1340 888 incolit
1352 867 1379 889 et
1393 862 1500 888 domum
1514 883 1521 894 ,
1537 862 1647 888 salutem
1673 863 1797 897 eonseqni
1819 871 1872 889 non

1084 907 1193 942 potest?
1209 907 1277 942 Ergo
1294 906 1316 934 si
1335 915 1394 934 cum
1410 907 1474 934 urbe
1487 928 1494 938 ,
1519 906 1599 934 domo
1615 912 1640 933 et
1661 916 1742 934 uxore
1761 908 1872 935 saluti-In

1085 952 1213 986 consequi
1227 957 1302 986 potes
1315 972 1322 983 ,
1338 953 1421 979 multo
1437 953 1520 986 magis
1533 953 1591 979 sine
1606 961 1687 979 υκαι-υ
1701 957 1726 979 et
1746 953 1805 979 aliis
1824 958 1873 979 nu-

1082 998 1209 1033 jusmodi.
1224 998 1314 1033 Neque
1327 999 1397 1025 enim
1412 1003 1452 1026 est
1465 997 1583 1033 ejusdem
1599 998 1714 1026 hominis
1730 1007 1799 1025 nunc
1812 1000 1872 1033 qui-

1085 1044 1145 1070 dem
1159 1044 1294 1071 coniidcre
1306 1064 1313 1075 ,
1330 1043 1432 1080 etiamsi
1447 1042 1619 1070 sa-cularibus
1635 1045 1746 1079 negotiis
1760 1044 1874 1079 illigatos

1085 1090 1182 1122 fuerit,
1196 1098 1227 1117 ac
1238 1091 1259 1117 si
1276 1090 1326 1117 hoc
1338 1098 1443 1125 quoque
1465 1090 1543 1117 modo
1562 1090 1634 1117 salus
1647 1091 1746 1125 acquiri
1767 1090 1850 1125 possit
1863 1099 1871 1118 ε

1085 1145 1155 1165 nunc
1168 1130 1254 1170 vero’,
1275 1137 1324 1164 etsi
1338 1137 1372 1164 ab
1384 1137 1506 1164 omnibus
1522 1137 1588 1164 liber
1601 1137 1716 1164 evaserit
1729 1158 1737 1170 ,
1759 1143 1873 1165 tremere

1084 1190 1116 1210 ac
1128 1187 1247 1210 metuere
1259 1202 1267 1215 ,
1282 1182 1356 1217 quasi
1370 1182 1429 1209 sine
1441 1182 1492 1209 illis
1507 1182 1588 1216 probe
1602 1182 1693 1210 vivere
1711 1190 1763 1209 non
1778 1184 1872 1217 possit.

1083 1228 1149 1256 Nam
1163 1228 1185 1255 si
1201 1229 1233 1259 is,
1247 1229 1291 1263 qui
1307 1228 1399 1255 urbem
1416 1228 1516 1260 incolit,
1534 1232 1624 1262 posset
1645 1228 1757 1256 salutem
1780 1229 1871 1255 nanci-

1084 1274 1122 1299 sci
1136 1295 1143 1305 ,
1157 1278 1185 1300 ut
1203 1273 1270 1300 dicis
1282 1293 1290 1306 ,
1313 1273 1396 1299 multo
1415 1272 1498 1307 magis
1512 1273 1557 1307 qui
1579 1273 1605 1299 in
1627 1272 1770 1300 solitmliue
1789 1274 1871 1307 degit.

1084 1318 1152 1352 Quid
1164 1319 1242 1353 igitur
1253 1319 1296 1346 hic
1308 1326 1359 1345 non
1371 1326 1448 1353 posse
1461 1318 1538 1345 times
1549 1339 1556 1352 ,
1569 1325 1629 1345 cum
1639 1318 1694 1345 illic
1705 1325 1756 1345 non
1768 1319 1870 1350 timeas,

1085 1364 1129 1391 ubi
1146 1365 1233 1399 potius
1248 1364 1394 1391 timendum
1409 1364 1505 1391 esset?

1121 1411 1164 1438 Η.
1180 1410 1310 1442 Prwcepta
1320 1410 1406 1436 eadem
1421 1409 1549 1436 ηιοιιιιιτΙιίε
1559 1413 1582 1436 ct
1596 1409 1767 1436 simulat-ibus.
1782 1424 1818 1428 --α
1830 1411 1874 1440 At,

1085 1456 1197 1490 inquies.
1213 1463 1265 1482 non
1279 1463 1327 1490 par
1349 1455 1450 1481 crimen
1474 1459 1514 1481 est
1540 1454 1694 1481 s:ecularcm
1711 1462 1831 1488 peccare.
1847 1460 1874 1479 et

1084 1510 1144 1529 eum
1155 1502 1199 1536 qtti
1214 1501 1295 1528 semel
1310 1508 1338 1527 se
1348 1501 1402 1527 Deo
1413 1499 1624 1527 consecraverit:
1635 1507 1720 1533 neque
1731 1499 1802 1525 enim
1816 1507 1875 1525 am-

1084 1547 1119 1575 bo
1132 1547 1165 1574 ab
1177 1546 1269 1574 eadem
1286 1545 1424 1572 altitudine
1436 1545 1534 1573 cadunt
1548 1552 1555 1577 :
1568 1552 1649 1579 quare
1657 1552 1749 1571 contui
1764 1545 1873 1571 vulnera

1085 1601 1137 1619 non
1151 1592 1261 1626 :eqnalia
1277 1595 1348 1618 sunt.
1365 1591 1489 1625 Teipsum
1504 1597 1611 1624 prorsus
1626 1589 1705 1621 fallis,
1717 1590 1738 1616 si
1754 1589 1804 1616 alia
1822 1598 1872 1623 pu-

1085 1642 1126 1664 tas
1137 1645 1152 1664 a
1163 1636 1294 1667 smcnlari.
1311 1636 1360 1662 alia
1376 1643 1390 1663 a
1403 1634 1533 1662 monacho
1540 1635 1619 1669 exigi.
1637 1635 1781 1661 Discrimen
1796 1635 1874 1669 quip-

1086 1690 1118 1717 pe
1133 1683 1201 1708 iuter
1212 1681 1271 1708 illos
1285 1682 1335 1707 hoc
1347 1685 1397 1713 est,
1409 1681 1478 1714 quod
1492 1681 1560 1707 alius
1581 1680 1659 1707 ducat
1671 1688 1792 1711 uxorem,
1806 1681 1875 1706 alios

1086 1736 1138 1755 non
1153 1728 1241 1757 ducat.
1259 1735 1305 1761 pro
1320 1727 1378 1754 aliis
1393 1735 1457 1754 vero
1476 1727 1600 1754 omnibus
1613 1734 1781 1754 communem
1794 1728 1875 1754 ambo

1084 1773 1215 1801 rationem
1226 1772 1355 1799 reddituri
1367 1776 1438 1798 sunt.
1461 1771 1526 1799 Nam
1538 1773 1583 1807 qui
1605 1772 1727 1798 irascitur
1738 1771 1811 1798 fratri
1825 1780 1875 1798 suo

1084 1819 1143 1846 sine
1156 1825 1247 1850 causa,
1263 1818 1319 1844 sive
1345 1817 1479 1844 srecularis
1504 1817 1560 1844 sive
1574 1817 1720 1843 monachus
1730 1817 1774 1848 sit,
1790 1817 1874 1843 Deum

1085 1863 1207 1890 similiter
1228 1862 1338 1889 offendit
1352 1871 1359 1889 :
1374 1867 1401 1889 et
1414 1862 1457 1896 qui
1484 1862 1592 1896 respicit
1612 1861 1749 1888 mulierem
1763 1862 1796 1888 ad
1810 1870 1879 1888 con-

1084 1907 1274 1942 cupiscendnm
1288 1914 1356 1939 eam,
1373 1907 1499 1934 utrolibet
1513 1907 1538 1933 in
1552 1911 1620 1933 statu
1631 1906 1676 1938 sit,
1690 1907 1783 1933 eadem
1799 1906 1880 1933 adul-

1086 1954 1142 1981 terii
1155 1953 1284 1988 plectetur
1296 1960 1388 1988 pmna;
1409 1953 1462 1979 imo
1472 1959 1536 1979 vero
1554 1952 1576 1978 si
1601 1951 1663 1986 quid
1688 1952 1879 1978 ratiocinamlo

1085 2000 1183 2027 addere
1196 2000 1233 2026 fas
1247 2000 1292 2032 sit,
1307 1999 1442 2025 smcnlaris
1457 1999 1507 2025 hoc
1529 2005 1609 2038 agens
1623 1997 1711 2024 minus
1737 1998 1812 2024 venia
1833 1998 1882 2023 di-

1085 2053 1153 2079 guns
1163 2050 1212 2072 est.
1224 2045 1280 2072 Non
1295 2044 1366 2071 enim
1381 2051 1428 2078 par
1438 2043 1539 2070 facinus
1555 2047 1596 2069 est
1609 2050 1682 2074 enin,
1697 2043 1742 2076 qui
1762 2051 1884 2069 uxorem

1087 2091 1175 2122 habet,
1190 2096 1217 2118 et
1237 2091 1287 2117 hac
1301 2089 1481 2116 consolatione
1506 2089 1613 2121 fruitur,
1627 2089 1745 2115 mulieris
1757 2089 1887 2122 pulchri-

1088 2135 1177 2162 tudine
1188 2135 1290 2167 abduci,
1303 2135 1343 2162 vel
1355 2142 1414 2162 eum
1428 2134 1473 2169 qui
1482 2135 1532 2161 hoc
1546 2142 1651 2168 prorsus
1662 2134 1815 2161 destituitur
1828 2142 1891 2161 an—

1087 2181 1159 2213 xilio,
1171 2180 1204 2207 ab
1216 2181 1260 2206 illo
1273 2180 1340 2207 vinci
1350 2180 1428 2206 malo.
1446 2180 1547 2206 Rursus
1559 2180 1604 2214 qui
1617 2179 1698 2214 jnrat,
1707 2180 1734 2206 in
1748 2187 1891 2214 quocum-

1087 2234 1138 2261 que
1157 2231 1224 2253 statu
1236 2232 1364 2257 versetur,
1380 2226 1435 2261 pari
1447 2226 1525 2252 modo
1535 2225 1684 2252 dantnatur.
1701 2225 1793 2260 Neque
1803 2227 1892 2254 enim

1087 2272 1207 2299 Christus
1222 2280 1282 2298 cum
1294 2272 1342 2299 hac
1361 2273 1394 2299 de
1416 2279 1444 2299 rc
1459 2276 1587 2299 statueret
1600 2272 1738 2307 legemque
1752 2279 1893 2307 poneret,

1087 2317 1155 2344 hunc
1165 2317 1362 2343 distinctionem
1378 2316 1450 2350 fecit,
1470 2325 1554 2351 neque
1570 2317 1645 2350 dixit,
1663 2318 1692 2345 Si
1707 2318 1729 2344 is
1742 2318 1786 2352 qui
1805 2318 1899 2352 jtlrnl

1087 2361 1232 2389 monachus
1242 2362 1285 2394 sit,
1297 2370 1328 2388 ex
1339 2362 1453 2397 maligno
1462 2363 1691 2397 estjusjurandum
1705 2371 1712 2395 ;
1729 2364 1749 2389 si
1762 2371 1816 2390 non
1828 2373 1900 2391 um—

1088 2408 1198 2439 nachns,
1223 2416 1275 2434 nou
1295 2408 1356 2434 item
1374 2417 1380 2434 :
1395 2407 1441 2434 sed
1456 2408 1614 2442 simpliciter
1636 2409 1774 2443 semelque
1787 2413 1898 2437 omni—

1088 2453 1136 2478 hns
1146 2452 1210 2479 dixit
1223 2461 1229 2478 :
1243 2452 1296 2486 Ego
1307 2457 1390 2486 αιιιιιιιι
1413 2452 1469 2478 dico
1490 2452 1568 2483 vobis,
1596 2461 1645 2479 mm
1660 2453 1751 2487 furare
1774 2456 1903 2482 omnino

1087 2496 1242 2531 (ΜιιιιΙι.5,
1258 2497 1292 2523 ’54
1307 2495 1326 2531 ).
1348 2496 1497 2531 lterumqne
1519 2505 1580 2524 cum
1606 2498 1651 2530 ait,
1672 2497 1716 2524 Vw
1737 2498 1905 2528 ridmtibou

1088 2542 1160 2578 (an.
1177 2543 1202 2568 6.
1216 2542 1251 2568 ‘25
1267 2541 1288 2576 ),
1303 2550 1354 2568 non
1370 2541 1480 2575 addidit,
1496 2543 1644 2575 monachis,
1653 2542 1700 2570 sed
1720 2543 1906 2578 simpliciter

1088 2587 1125 2613 sie
1138 2587 1260 2612 omnibus
1273 2586 1357 2620 legem
1372 2586 1439 2612 tulit.
1452 2586 1549 2622 Sicque
1572 2586 1635 2614 fecit
1657 2588 1738 2614 etiam
1763 2588 1789 2614 in
1831 2592 1910 2619 aliis

1087 2632 1209 2659 outnibus
1217 2632 1318 2665 magnis
1329 2631 1545 2667 mirabilibusque
1557 2633 1706 2667 przeceptis.
1721 2633 1789 2660 Cum
1810 2638 1906 2666 enim

1088 2680 1122 2704 ait
1137 2679 1146 2712 (
1163 2677 1252 2704 ΜαιιΙι.
1267 2678 1293 2705 5.
1306 2678 1371 2704 3-19.
1384 2678 1404 2712 ),
1428 2678 1500 2705 Beati
1517 2686 1646 2714 pauperes
1668 2680 1772 2713 spiritu.
1794 2681 1903 2717 Iugum

1089 2729 1142 2756 tcs,
1158 2723 1243 2752 mites.
1259 2723 1408 2749 esurientes
1421 2727 1447 2750 et
1471 2723 1591 2751 sitientes
1613 2724 1753 2758 justitiam,
1768 2728 1910 2757 miseri-

1088 2768 1191 2798 cordes,
1210 2768 1299 2794 mundi
1315 2767 1405 2797 corde.
1430 2767 1541 2801 pacifici,
1569 2769 1613 2802 qui
1641 2772 1909 2803 persequutioucm

1089 2813 1224 2848 patiuntur
1239 2816 1346 2847 propter
1366 2812 1504 2845 justitiam,
1519 2817 1543 2839 et
1557 2813 1600 2847 qui
1625 2813 1703 2840 fanda
1717 2819 1744 2840 et
1770 2814 1911 2849 infanda
