2064 3115
181 159 234 186 δτδ

181 223 229 250 pro
243 215 301 249 ipso
314 213 347 240 ab
358 211 402 243 iis,
417 211 460 246 qui
475 209 539 237 foris
554 213 625 240 sunt,
641 207 765 234 audiunt:
783 214 870 241 neque
878 213 962 233 sacu-

181 260 251 291 laris,
268 265 352 292 neque
367 256 490 284 monachi
501 262 596 282 nomen
608 254 733 288 apponit;
748 253 794 279 sed
808 253 863 279 hazc
871 252 964 279 distin-

180 306 232 332 ctio
245 303 279 331 ab
293 303 428 330 hominum
443 305 531 328 mente
545 300 651 327 inducta
667 302 716 326 est.
735 298 877 332 Scriptura:
900 304 965 324 vero

182 349 246 377 nihil
261 352 358 375 norunt
372 347 533 382 hujusmodi,
547 345 592 373 sed
607 345 798 372 voluntomnes
811 344 890 370 vitam
905 351 964 370 mo-

182 395 325 422 nachorum
334 401 422 427 agere,
438 392 518 419 etiam
533 391 555 418 si
570 397 664 417 uxores
676 389 799 416 habeant.
812 389 880 416 Audi
894 389 964 416 enim

180 439 243 474 quid
258 439 329 466 dicat
350 438 463 468 Paulus;
477 444 537 463 cum
567 435 676 462 Paulqu
701 434 817 469 profero,
832 434 965 461 Christum

181 486 240 512 dico
251 492 353 512 rursus.
368 483 417 511 Hic
425 483 503 518 igitur
511 490 571 509 cum
584 481 731 516 conjugatis
743 481 894 508 hominibus
904 481 966 507 scri-

183 533 267 564 beret,
284 531 404 565 liliosque
427 528 613 560 nutrieatihus,
635 535 740 554 omnem
762 526 796 554 ab
810 527 862 554 illis
875 533 966 553 mona-

182 580 273 606 sticam
287 577 449 612 diligentiam
461 576 559 609 exigit;
574 582 633 601 nam
644 574 751 601 delicias
761 580 852 600 omnes
864 572 965 607 pen-itus

183 631 315 656 resecans,
333 630 385 650 tum
401 630 446 650 eas
458 629 517 657 qua:
529 621 562 648 ad
577 625 673 653 vestes,
688 625 742 647 tum
757 627 801 647 eas
814 627 871 654 qua:
881 619 912 646 ad
927 619 966 646 ci-

183 671 231 697 bos
244 670 387 705 pertinent,
404 668 460 695 lucc
474 668 511 694 ait
524 676 531 693 ε
547 667 666 693 Mulieres
676 666 701 692 in
713 665 799 692 habitu
812 669 900 691 ornato
910 672 967 690 cum

180 715 329 743 verecundia
339 720 361 741 et
375 714 506 741 sobrietate
516 717 632 740 ornantes
646 720 686 745 se,
699 716 720 738 et
731 719 780 738 non
794 711 820 737 in
834 710 903 736 tortis
916 710 967 736 cri-

183 761 265 792 nibus,
275 765 395 791 autauro,
407 763 449 785 aut
459 757 611 793 margaritis,
622 757 660 783 vel
671 762 734 783 ueste
744 754 965 790 preliosa(i.Tim.

182 807 210 833 2.
228 806 266 841 9)
283 812 336 838 ;ac
346 812 461 836 rursum,
479 804 541 836 Qua:
566 808 650 829 autem
672 802 698 828 in
721 801 816 828 deliciis
827 806 872 834 est,
886 801 968 827 uiuens

183 857 282 878 mortua
293 856 328 878 est
340 851 376 885 (i.
389 849 454 876 Tim.
471 849 497 876 5.
508 848 535 884 6)
550 857 557 880 ;
573 849 730 882 iterumque,
748 846 872 873 [labentes
886 850 968 872 autent

171 896 312 929 'alimenta,
325 902 346 923 et
361 895 450 931 quibus
460 900 580 930 tegantur,
594 894 633 921 his
647 894 755 920 contenti
764 893 842 920 simus
854 893 890 927 (l.
900 892 966 919 Tim.

180 945 211 972 .6.
221 944 259 979 8).
273 943 340 977 Quid
351 942 463 976 amplius
474 945 562 976 posset
570 940 664 975 aliquis
674 947 688 965 a
701 939 837 966 monachis
845 938 968 972 exigere?

183 991 250 1018 Cum
260 993 348 1017 autem
357 988 423 1015 alios
436 987 469 1014 ad
481 987 593 1021 linguam
607 984 793 1012 continendam
808 983 968 1016 institueret,

182 1039 320 1064 accuratas
335 1041 440 1062 rursum
455 1033 527 1067 leges
547 1031 659 1062 statuit;
677 1029 805 1064 talesque,
834 1029 924 1064 quales
937 1036 970 1055 ne

182 1083 235 1118 ipsi
249 1081 354 1117 quidem
370 1079 491 1107 monachi
503 1077 578 1104 facile
589 1076 725 1111 impleant.
735 1076 792 1103 Non
802 1075 871 1102 enim
884 1075 970 1109 turpi-

185 1128 314 1156 tudinem,
327 1130 353 1152 et
366 1123 558 1158 stultiloquium
570 1127 682 1153 tantum,
696 1121 742 1148 sed
756 1121 836 1147 etiam
848 1119 970 1146 scurrili-

181 1177 268 1200 tatem
281 1171 398 1199 eliminat
414 1178 421 1196 ι
435 1175 486 1196 non
499 1167 625 1199 furorem,
647 1167 712 1193 iram
732 1170 758 1193 et
769 1164 970 1192 amaritudinetn

185 1218 282 1249 solum,
300 1215 347 1244 sed
372 1215 451 1243 etiam
465 1213 609 1241 clamorem
623 1212 655 1239 ab
667 1220 714 1239 ore
727 1211 843 1238 ﬁdelium
859 1214 969 1238 resecat.

182 1263 287 1295 Omnis,
302 1261 395 1296 inquit,
411 1261 449 1286 ira
468 1265 490 1286 et
503 1258 653 1294 indignatio,
675 1262 697 1283 et
712 1257 806 1284 clamor
820 1261 841 1282 et
854 1256 971 1290 blasphe-

186 1309 237 1334 mia
252 1308 356 1334 tollatur
369 1316 384 1332 a
397 1306 472 1337 vobis,
489 1312 545 1331 cum
556 1303 624 1330 omni
640 1302 737 1329 malitia
750 1302 857 1339 (Ep/tes.
873 1302 898 1328 -i.
912 1302 969 1336 3i).

186 1353 253 1380 Num
265 1353 322 1379 lucc
336 1352 380 1378 tibi
396 1359 474 1386 parva
487 1348 811 1382 videnturilAtcxspecta,
826 1353 852 1375 et
863 1347 903 1374 his
916 1347 972 1373 lon-

182 1407 219 1434 ge
230 1399 327 1433 majora
338 1398 439 1430 audies,
449 1404 506 1432 qum
516 1396 550 1423 de
563 1396 692 1422 malorum
704 1393 841 1421 tolerantia
850 1393 973 1420 omnibus

185 1444 314 1479 praecipit.
332 1443 389 1475 Sol,
414 1442 507 1476 inquit,
533 1449 581 1468 non
606 1441 703 1467 occidat
724 1447 800 1474 super
816 1439 973 1465 iracundiam

185 1495 293 1516 vestram
307 1489 316 1525 (
332 1488 463 1523 Ephes.4.
487 1486 550 1522 26).
571 1485 655 1512 Videte
679 1494 710 1512 ne
731 1486 785 1518 quis
807 1484 900 1511 malum
928 1492 973 1518 pro

183 1535 254 1562 n'alo
267 1535 383 1569 cuiquam
395 1533 482 1560 reddat
497 1539 507 1564 ;
520 1532 563 1559 sed
574 1539 670 1564 semper
682 1531 748 1565 quod
761 1530 852 1557 bonum
875 1534 911 1557 est
932 1537 973 1557 se-

183 1581 290 1607 ctamini
300 1581 325 1605 in
336 1579 448 1611 invicem,
461 1584 484 1605 et
494 1580 520 1604 in
530 1585 614 1605 ontnes
627 1576 755 1611 (LThess.
764 1576 837 1610 5.15)
851 1585 857 1602 :
870 1583 901 1602 ac
916 1583 973 1602 rur-

184 1634 257 1658 sum,
268 1625 330 1652 Noli
340 1625 404 1651 vinci
416 1633 432 1650 a
442 1623 519 1655 mulo,
532 1623 574 1649 sed
585 1623 654 1648 vince
662 1622 689 1648 in
702 1621 765 1648 bono
779 1620 872 1647 malum
886 1619 972 1655 (Rom.

185 1673 232 1700 1⁵2.
247 1672 279 1699 2|
293 1673 314 1708 ).
331 1671 461 1698 Vidistine
471 1669 643 1705 philosophia:
658 1674 685 1696 et
699 1667 905 1703 longanimitatis
919 1674 975 1694 ma-

180 1718 350 1755 gnitudinem
359 1718 392 1744 ad
401 1724 553 1751 supremum
566 1716 671 1743 culmen
684 1713 892 1742 ascendentem?
906 1713 974 1740 Audi

185 1765 251 1798 quid
265 1764 298 1791 de
312 1764 432 1795 caritate,
442 1770 500 1797 qum
513 1766 554 1789 cst
568 1765 647 1795 caput
660 1760 800 1792 bonorum,
814 1759 951 1794 praecipiat
965 1767 972 1785 :

186 1814 326 1844 postquam
353 1808 424 1835 enim
450 1815 509 1834 eam
535 1807 686 1839 extulisset,
713 1805 822 1840 ejusque
848 1805 975 1839 praeclara

182 1859 261 1890 gesta
275 1857 418 1884 narrasset,
428 1852 548 1879 eamdem
562 1859 590 1879 se
600 1859 615 1878 a
626 1850 796 1878 stncularibus
803 1850 910 1885 exigere
923 1850 972 1877 de-

183 1902 282 1934 clarat,
299 1907 379 1935 quam
397 1899 519 1926 Christus
532 1906 548 1926 a
575 1897 723 1932 discipulis.
746 1896 973 1930 Quemadmodum

183 1949 258 1976 enim
269 1947 390 1975 Christus
400 1951 547 1974 extremum
557 1946 674 1973 caritatis
688 1945 827 1972 terminum
839 1951 898 1972 esse
909 1944 975 1971 dixit

183 1993 304 2020 animam
319 2000 394 2020 suam
419 1999 517 2027 ponere
533 1999 582 2026 pro
596 1991 688 2018 amicis
701 1991 766 2023 suis,
789 1990 827 2017 sic
839 1993 866 2017 et
879 1989 975 2017 Paulus

180 2039 302 2073 idipsmn
316 2037 464 2064 subindicat
474 2037 515 2064 his
529 2036 618 2063 verbis
631 2045 637 2062 :
649 2035 747 2063 Caritas
759 2043 808 2062 non
819 2035 907 2070 quau-it
918 2042 975 2070 quin

179 2092 235 2111 sua
245 2089 302 2110 sunt
315 2083 324 2118 (
338 2084 361 2110 l.
374 2082 433 2110 Cor.
444 2083 487 2110 15.
501 2081 546 2118 5),
574 2087 652 2116 atque
674 2081 824 2116 hujusmodi
837 2081 973 2108 caritatem

183 2129 285 2156 sectari
298 2129 305 2144 ί
319 2128 403 2163 jubet.
418 2128 455 2155 lta
470 2132 499 2155 ut
510 2129 532 2155 si
547 2127 572 2155 id
593 2128 678 2155 solum
698 2127 797 2154 dictum
815 2131 901 2159 esset,
917 2126 974 2154 ido-

183 2182 269 2202 neum
285 2174 310 2201 id
323 2179 393 2201 esset
417 2179 613 2209 argumentum,
639 2174 731 2202 eadem
746 2174 824 2208 ipsaa
838 2173 974 2201 saeculari-

182 2221 250 2254 bus,
264 2228 346 2255 quzea
360 2220 506 2253 monachis,
521 2221 618 2255 requiri
633 2220 707 2247 :hzec
728 2220 824 2255 quippe
835 2225 875 2247 est
885 2220 975 2247 vincu-

180 2267 244 2293 'lum
259 2271 284 2293 et
300 2266 375 2293 radix
399 2266 489 2293 multa:
504 2266 626 2298 virtutis;
648 2273 718 2293 nunc
733 2271 821 2293 autem
837 2266 908 2293 illam
923 2267 974 2293 mi-

182 2312 301 2339 nutatim
323 2316 351 2338 et
364 2319 412 2346 per
433 2316 522 2346 partes
538 2311 630 2339 refert.
646 2311 714 2344 Quid
730 2312 808 2346 igitur
822 2311 871 2339 hac
885 2311 974 2346 philo—

177 2357 283 2392 sophia
295 2357 380 2391 majus
393 2358 562 2392 requiratur?
574 2357 641 2385 Cum
655 2357 724 2385 enim
739 2358 787 2390 ira,
803 2359 902 2390 furore,
919 2359 975 2385 cla-

182 2411 274 2436 more,
289 2403 461 2438 pecuniarum
483 2404 637 2439 cupiditate,
654 2405 754 2432 ventris
779 2404 905 2439 ingluvie,
917 2412 974 2431 ma-

178 2449 433 2484 gniﬁcentiaﬁnani
450 2449 544 2485 gloria,
566 2454 594 2477 et
620 2450 700 2478 rebus
723 2450 784 2477 aliis
805 2450 975 2477 smcularibus

178 2495 341 2529 superiores
355 2503 403 2522 nos
417 2503 487 2529 esse,
498 2499 525 2522 et
534 2495 599 2523 nihil
613 2503 674 2523 eum
688 2500 759 2524 terra
774 2488 914 2523 commune
926 2495 974 2522 ha-

178 2542 254 2569 bere
267 2542 409 2576 praecipiat,
422 2549 482 2569 cum
504 2542 622 2569 membra
645 2546 734 2569 nostra
760 2542 911 2576 mortiﬁcata
935 2541 976 2577 juo

178 2587 262 2620 beat,
275 2587 359 2621 palam
371 2592 411 2616 est
425 2596 506 2615 euma
515 2589 594 2616 nobis
607 2589 726 2616 eamdem
740 2590 799 2615 vita:
814 2589 975 2624 diligentiam

175 2633 336 2667 requirere,
351 2641 428 2668 quam
443 2633 564 2661 Christus
574 2642 590 2661 a
602 2634 750 2668 discipulis;
766 2639 844 2668 atque
852 2642 901 2662 nos
915 2641 975 2668 pec-

176 2678 257 2706 catis
270 2684 389 2706 mortuos
401 2687 460 2707 esse
476 2680 553 2713 velle,
569 2688 601 2708 ac
612 2680 634 2708 si
645 2680 700 2715 jam
727 2680 823 2707 mortui
840 2685 867 2707 et
879 2680 974 2714 sepulti

175 2731 320 2753 essemus.
348 2725 512 2760 Quapropter
538 2726 600 2753 dicit
619 2736 626 2753 :
642 2726 711 2753 Nam
735 2726 778 2761 qui
804 2732 915 2753 mortuus
928 2731 973 2759 est,

174 2770 343 2806 justiﬁratus
357 2776 392 2798 est
403 2780 418 2798 a
436 2773 556 2803 peccatol
571 2772 645 2800 Rom.
658 2773 684 2800 6.
700 2772 748 2808 7).
772 2773 973 2808 Nannumquam

218 2859 230 2875 ⁸
251 2861 435 2891 Deest,sectari,
447 2861 470 2886 in
480 2861 571 2886 duobus
582 2865 630 2886 Mss.
676 2868 679 2872 '

549 150 730 180 ADVERSUS
748 148 1015 178 OPPUCNATORES
1035 149 1125 179 V'ITIE
1137 150 1283 177 MOI‘lAST.
1303 150 1366 178 LIB.
1388 150 1431 178 ΠΙ.

1747 155 1798 182 ΒἿΞ

1018 205 1079 233 item
1094 206 1126 232 ad
1142 206 1249 239 Christi,
1267 215 1315 234 nec
1330 212 1430 235 tantum
1445 209 1477 236 ad
1500 209 1699 244 discipulorum,
1713 211 1800 239 imita-

1018 251 1115 277 tionem
1131 258 1179 278 nos
1190 251 1318 279 hortatur.
1333 253 1435 280 Etenim
1450 262 1509 282 cum
1521 262 1569 282 nos
1584 252 1741 284 liortattiiad
1754 265 1800 285 ca-

1017 296 1132 327 ritatem,
1148 296 1209 323 inde
1235 299 1316 324 sumit
1336 300 1466 334 exempla,
1492 300 1664 335 similiterque
1692 310 1750 329 cum
1766 302 1798 329 ad

1017 340 1173 374 injuriarum
1194 341 1364 376 oblivionem,
1394 349 1472 379 atque
1496 346 1529 372 ad
1552 346 1718 375 modestiam.
1734 349 1798 376 Cum

1017 385 1106 420 itaque
1119 393 1171 413 non
1193 388 1338 415 monachos
1363 394 1462 416 tantum
1487 398 1518 418 ac
1542 391 1697 428 discipulos,
1712 395 1758 421 sed
1772 398 1800 422 et

1018 432 1103 466 ipsum
1119 432 1215 460 imitari
1241 433 1489 470 Christumjubeat,
1511 441 1539 464 et
1559 446 1610 465 non
1637 439 1800 468 imitantibus

1018 478 1161 505 maximum
1198 483 1278 513 ponat
1295 480 1464 515 supplicium,
1489 489 1541 517 qua
1568 484 1675 512 tandem
1697 487 1800 515 ratione

1018 524 1084 551 dicis
1097 524 1169 552 illam
1184 532 1243 552 esse
1265 526 1350 561 major
1367 534 1391 553 m
1414 527 1601 556 altitudinem?
1616 530 1655 557 Ad
1680 533 1800 560 eamdem

1018 573 1087 599 enim
1103 573 1187 607 ipsam
1203 581 1297 602 omnes
1320 575 1441 603 homines
1464 578 1607 606 ascendere
1636 585 1738 614 oportet
1752 590 1757 607 :
1773 585 1802 608 et

1018 618 1087 651 quod
1102 619 1253 647 universum
1272 621 1368 648 evertit
1388 622 1480 649 orbem
1508 623 1570 650 illud
1592 629 1643 657 est,
1657 625 1727 659 quod
1737 626 1802 654 solis

1019 663 1155 691 monachis
1169 664 1211 691 illa
1225 665 1360 700 diligentia
1374 674 1440 701 opus
1461 675 1520 695 esse
1535 672 1667 702 putemus,
1682 671 1801 698 castoris-

1019 717 1070 744 que
1085 710 1247 745 negligenter
1269 712 1359 739 vivere
1375 713 1462 740 licere.
1479 714 1535 741 Non
1552 715 1585 742 ita
1608 723 1681 748 sane,
1699 725 1750 744 non
1768 718 1802 744 ita

1019 759 1069 785 est,
1081 755 1129 782 sed
1151 757 1242 783 eadem
1257 757 1290 784 ab
1307 758 1430 786 omnibus
1450 759 1615 794 philosophia
1639 763 1781 797 requiritur
1797 773 1802 790 ε

1020 799 1099 835 idque
1117 801 1286 830 vehementer
1301 804 1489 832 al'ﬁrmavcrim
1504 815 1511 837 ;
1524 806 1576 833 imo
1599 814 1662 833 vero
1676 816 1727 834 nou
1742 817 1801 843 ego,

1019 846 1067 873 sed
1079 846 1101 873 is
1113 847 1155 881 qui
1170 855 1217 874 nos
1228 848 1391 882 judicaturus
1407 854 1457 877 est.
1483 850 1528 878 Sin
1545 851 1632 879 adhuc
1652 853 1754 880 miraris
1779 860 1805 881 et

1021 891 1116 924 haeres,
1137 900 1185 927 age
1203 901 1305 920 rursum
1329 902 1362 922 ex
1383 895 1476 922 iisdem
1498 897 1700 931 scaturiginibus
1726 906 1803 927 aures

1021 940 1080 963 tuas
1096 937 1265 971 inundetnus,
1281 943 1310 966 ut
1322 940 1408 967 omnis
1423 940 1613 969 incredulitatis
1626 948 1675 970 tute
1691 946 1804 979 nequitia

1020 982 1152 1010 abluatur.
1165 983 1326 1011 Documenta
1348 993 1411 1013 vero
1426 993 1527 1014 sumam
1540 995 1575 1015 ex
1597 989 1733 1023 suppliciis
1752 990 1804 1017 diei

1021 1027 1101 1054 illius.
1118 1028 1195 1055 Dives
1213 1028 1270 1062 ille,
1288 1037 1339 1056 non
1353 1031 1423 1065 quod
1437 1032 1582 1059 monachus
1598 1034 1712 1061 crudelis
1725 1041 1804 1067 esset,

1022 1072 1082 1100 ideo
1090 1073 1272 1102 vehementius
1285 1075 1460 1109 cruciabatur,
1481 1078 1526 1104 sed
1539 1079 1560 1104 si
1575 1079 1637 1113 quid
1651 1087 1664 1105 a
1678 1080 1753 1107 nobis
1768 1081 1806 1107 iu-

1021 1123 1127 1145 ventum
1137 1119 1206 1154 loqui
1219 1119 1258 1147 fas
1267 1120 1310 1153 sit,
1325 1121 1384 1155 quia
1404 1122 1536 1149 saecularis
1563 1130 1622 1150 cum
1635 1129 1716 1158 esset,
1729 1125 1753 1151 in
1768 1125 1806 1151 di-

1022 1165 1091 1191 vitiis
1106 1165 1168 1192 etin
1183 1173 1296 1199 purpura
1308 1166 1417 1201 degens,
1430 1167 1559 1194 Lazarum
1573 1169 1598 1195 in
1610 1173 1726 1196 extrema
1742 1178 1806 1204 pau-

1023 1215 1125 1244 pcrtate
1138 1211 1269 1238 viventem
1283 1211 1413 1246 despexit.
1423 1213 1553 1240 Caeterum
1564 1221 1648 1249 neque
1661 1214 1711 1242 hoc
1722 1223 1806 1250 neque

1024 1256 1087 1283 illud
1103 1256 1198 1289 dicam,
1211 1257 1256 1284 sed
1265 1257 1350 1284 solum
1364 1258 1423 1292 quia
1435 1259 1552 1286 crudelis
1561 1265 1627 1292 erat,
1637 1261 1696 1288 ideo
1707 1262 1808 1296 majore

1024 1301 1092 1336 ignis
1113 1302 1241 1336 supplicio
1265 1303 1432 1338 puniebatur.
1459 1304 1581 1339 Virgines
1605 1314 1718 1341 quoque,
1747 1309 1809 1342 quia

1024 1346 1213 1374 humanitatem
1236 1348 1463 1382 posthabuerunt,
1480 1350 1538 1377 ideo
1552 1358 1567 1377 a
1590 1351 1706 1378 thalamo
1719 1355 1808 1387 Sponsi

1024 1392 1136 1426 repulsa:
1148 1397 1227 1425 sunt;
1243 1400 1273 1420 ac
1287 1394 1308 1420 si
1323 1393 1384 1428 quid
1395 1402 1409 1420 a
1421 1395 1496 1421 nobis
1507 1395 1570 1430 ipsis
1580 1396 1668 1424 dicere
1681 1405 1747 1432 opus
1757 1399 1807 1432 sit,

1025 1443 1075 1463 non
1091 1437 1176 1463 solum
1191 1437 1241 1463 illis
1252 1438 1384 1466 cruciatus
1399 1446 1450 1465 non
1474 1440 1545 1467 aucti
1568 1446 1639 1472 sunt,
1651 1443 1721 1476 quod
1736 1443 1808 1478 virgi-

1025 1481 1133 1508 nitatem
1159 1482 1313 1515 coluissent,
1335 1483 1382 1511 sed
1406 1485 1525 1512 mitiores
1542 1485 1602 1513 ideo
1620 1486 1736 1515 fuerunt.
1752 1489 1809 1516 Non

1025 1527 1241 1555 cnimaudicrunt
1257 1538 1262 1556 :
1276 1528 1316 1557 Ite
1335 1530 1362 1556 in
1380 1530 1463 1565 ignem
1491 1537 1607 1566 paratth
1620 1533 1719 1561 diabolo
1730 1539 1752 1561 et
1762 1543 1810 1562 an-

1024 1575 1086 1609 gelis
1111 1574 1165 1610 ejus
1181 1574 1294 1611 (Matth.
1317 1575 1360 1604 25.
1387 1577 1522 1613 41);scd
1545 1583 1658 1611 tantum,
1673 1580 1733 1608 Non
1755 1584 1811 1609 noui

1025 1628 1077 1647 vos.
1089 1620 1116 1647 Si
1125 1621 1185 1655 quis
1198 1629 1260 1648 vero
1271 1621 1341 1649 dicat
1356 1622 1407 1648 hoc
1417 1628 1444 1649 et
1459 1622 1521 1650 illud
1541 1623 1654 1659 idipsum
1665 1633 1734 1658 esse,
1746 1627 1810 1654 nihil

1025 1667 1187 1701 repugnabo.
1196 1667 1261 1694 Nam
1274 1668 1344 1703 quod
1357 1668 1421 1695 mihi
1432 1676 1502 1696 nunc
1519 1671 1810 1707 ostendcreincumbit,

1025 1712 1089 1739 illud
1103 1716 1154 1744 est,
1165 1713 1235 1747 quod
1250 1714 1441 1741 monachorum
1463 1716 1516 1743 vita
1530 1724 1582 1744 non
1594 1719 1714 1752 graviora
1728 1725 1812 1747 attra—

1026 1757 1072 1784 hat
1082 1758 1207 1792 supplicia
1221 1767 1228 1791 ;
1239 1759 1286 1786 sed
1297 1759 1366 1793 quod
1381 1760 1522 1788 saecularcs
1531 1762 1623 1789 eadem
1645 1771 1751 1798 peccata
1759 1766 1812 1793 ad-

1026 1802 1160 1830 mittentes
1181 1803 1275 1831 iisdem
1299 1805 1353 1831 sint
1376 1806 1461 1840 poenis
1488 1807 1607 1835 obnoxii.
1623 1808 1648 1836 Is
1670 1810 1740 1837 cnim
1766 1812 1811 1846 qui

1025 1848 1140 1876 sordidis
1150 1849 1267 1876 vestibus
1279 1850 1391 1878 amictus
1399 1855 1465 1883 erat,
1475 1856 1502 1879 et
1515 1853 1536 1879 is
1550 1853 1593 1888 qui
1608 1859 1714 1882 centum
1728 1855 1812 1883 dena—

1026 1893 1080 1920 rios
1093 1893 1222 1928 exigebat,
1233 1902 1285 1922 nou
1299 1896 1369 1930 quod
1383 1897 1506 1924 monachi
1515 1903 1604 1926 essent
1617 1907 1647 1926 ea
1658 1901 1727 1934 passi
1740 1906 1812 1936 sunt,

1026 1948 1084 1975 quae
1098 1941 1169 1975 passi
1192 1940 1358 1975 referuntur;
1382 1943 1429 1970 sed
1452 1944 1521 1971 alter
1545 1945 1581 1972 ob
1600 1945 1812 1980 fornicationem,

1026 1986 1095 2013 alter
1104 1985 1174 2021 quod
1187 1993 1240 2013 non
1254 1987 1439 2021 condonasset,
1454 1990 1600 2024 perierunt.
1622 1992 1656 2018 Et
1667 1992 1734 2019 alios
1743 2001 1812 2028 quo-

1026 2040 1077 2067 que
1089 2032 1222 2067 supplicio
1236 2037 1298 2061 tunc
1310 2033 1418 2062 all'ectos
1431 2035 1452 2063 si
1470 2036 1529 2070 quis
1550 2043 1699 2072 percurrat,
1714 2039 1811 2074 depre-

1028 2078 1126 2107 hendet
1140 2087 1187 2106 eos
1200 2084 1307 2114 propter
1323 2086 1431 2114 peceata
1457 2082 1543 2109 soluat
1564 2090 1657 2118 punias
1675 2085 1764 2112 luisse.
1783 2086 1811 2113 ιιι

1027 2131 1091 2152 vero
1104 2132 1156 2151 nou
1167 2125 1193 2151 iu
1208 2125 1343 2160 suppliciis
1359 2130 1472 2159 tantum,
1488 2127 1534 2154 sed
1550 2128 1575 2155 in
1589 2129 1813 2158 admonitionibus

1027 2178 1132 2206 quoque
1146 2171 1350 2199 animadvertas.
1367 2171 1432 2199 Nam
1453 2180 1511 2200 cum
1526 2173 1608 2201 dicit:
1629 2175 1715 2203 Venite
1728 2176 1761 2203 ad
1776 2185 1814 2204 me

1027 2224 1111 2243 omnes
1123 2216 1165 2250 qui
1176 2216 1294 2243 laboratis
1309 2222 1331 2244 et
1345 2218 1440 2244 onerati
1452 2219 1519 2251 estis,
1534 2224 1557 2246 et
1581 2221 1750 2255 ega,reﬁciam
1761 2230 1812 2248 vos.

1029 2261 1119 2288 Tollite
1124 2262 1217 2297 jugum
1230 2270 1313 2289 meum
1326 2271 1400 2298 super
1406 2271 1461 2296 vos,
1477 2269 1500 2291 et
1513 2265 1599 2292 discite
1613 2274 1628 2292 a
1641 2275 1680 2293 me
1692 2268 1750 2301 quia
1763 2268 1812 2293 mi-

1027 2307 1058 2333 tis
1070 2315 1125 2334 sum
1139 2313 1162 2334 et
1171 2307 1273 2334 humilis
1283 2309 1367 2340 corde,
1381 2313 1402 2334 et
1418 2309 1547 2336 invenietis
1560 2311 1668 2345 requiem
1679 2311 1811 2339 animabus

1026 2353 1112 2380 uestris
1129 2353 1232 2388 (Matth.
1247 2354 1334 2382 “.28
1347 2354 1356 2390 )
1370 2362 1377 2386 ;
1392 2363 1444 2381 non
1457 2356 1594 2383 monachis
1608 2361 1708 2384 tantum
1724 2359 1810 2393 l0qui-

1026 2403 1079 2429 tur,
1093 2399 1140 2427 sed
1153 2399 1199 2425 toti
1214 2399 1330 2426 humano
1349 2400 1451 2435 generi.
1475 2401 1593 2436 Cumque
1615 2401 1689 2436 jubet
1702 2411 1749 2438 per
1762 2412 1811 2431 an-

1026 2445 1264 2481 gustamiucedere
1277 2446 1356 2477 viam,
1371 2455 1423 2473 non
1453 2447 1512 2474 illos
1540 2447 1630 2481 modo,
1659 2449 1706 2476 sed
1720 2457 1813 2478 omnes

1028 2492 1149 2519 homines
1161 2492 1304 2527 alloquitur
1320 2501 1326 2519 :
1341 2497 1366 2520 et
1378 2493 1493 2520 animam
1518 2501 1592 2521 suam
1606 2495 1668 2522 odio
1681 2495 1777 2524 habere
1787 2497 1812 2525 in

1028 2539 1079 2567 hoc
1097 2539 1208 2572 mundo,
1222 2544 1248 2566 et
1262 2539 1358 2567 similia
1372 2540 1459 2567 omnia
1476 2541 1607 2568 universis
1631 2543 1730 2576 pariter
1743 2551 1812 2578 pra:-

1028 2586 1108 2620 cepit.
1122 2585 1187 2612 Cum
1210 2589 1298 2612 autem
1315 2592 1367 2612 non
1393 2587 1515 2614 erunibus
1533 2587 1647 2621 loquitur
1660 2589 1700 2616 vel
1728 2590 1812 2624 legem

1028 2631 1084 2664 dat,
1099 2631 1212 2665 idipsum
1226 2631 1302 2658 nobis
1315 2631 1400 2665 palam
1415 2631 1487 2659 facit.
1501 2632 1566 2660 Cum
1582 2633 1669 2668 itaque
1683 2635 1716 2662 de
1731 2636 1812 2670 virgi-

1028 2677 1111 2704 nitate
1131 2676 1293 2711 loqueretur,
1321 2676 1418 2708 intulit,
1432 2677 1482 2709 Qui
1505 2682 1585 2712 potest
1608 2687 1698 2713 εαραέ
1717 2681 1812 2714 capiat-

1030 2721 1039 2757 (
1057 2721 1147 2748 Matth.
1164 2721 1207 2748 19.
1222 2721 1256 2748 12
1269 2721 1290 2755 ),
1302 2729 1387 2755 neque
1410 2721 1483 2754 illud,
1501 2723 1591 2755 omnis,
1609 2724 1746 2757 adjiciens,
1762 2733 1810 2752 ue-

1028 2775 1079 2802 que
1092 2767 1118 2794 id
1133 2767 1158 2794 iu
1172 2767 1296 2801 prtecepti
1309 2766 1393 2794 forma
1408 2771 1536 2795 statuens.
1548 2768 1591 2796 Sic
1603 2769 1682 2796 etiam
1694 2771 1789 2798 Paulus
1803 2780 1810 2796 τ

1030 2820 1089 2840 nam
1105 2812 1255 2846 Magistrum
1271 2812 1368 2847 ubique
1391 2813 1486 2840 imitari
1508 2813 1723 2848 deprehenditur.
1736 2824 1810 2843 cum-

1029 2866 1079 2895 que
1093 2858 1118 2885 in
1133 2858 1202 2885 idem
1213 2862 1394 2894 argumentum
1408 2859 1552 2893 incidisset,
1566 2860 1652 2889 aiebat
1664 2870 1669 2888 :
1684 2861 1722 2890 De
1735 2862 1811 2898 virgi-
