2064 3115
276 114 329 140 ὖ75

277 172 350 199 nibus
364 177 448 198 autem
458 175 615 206 ,pra’ceptum
629 170 732 198 Domini
754 179 804 198 non
830 172 908 198 habeo
917 172 939 206 (Ι
948 192 954 199 .
967 171 1024 199 Cor.
1037 173 1064 200 τ.

274 218 310 245 25
320 219 339 252 ).
355 216 431 250 Quod
443 217 521 252 igitur
534 216 722 243 ctsmcularem
732 221 758 243 et
772 216 930 243 monachum
946 217 979 244 ad
991 217 1060 244 idem

273 270 401 289 cacumen
415 263 564 298 pertingere
576 266 706 296 oporteat,
720 266 747 289 et
759 261 828 296 quod
845 266 956 296 uterque
973 262 1065 297 lapsus

274 308 367 335 eadem
380 308 490 335 vulnera
504 311 662 342 accepturus
675 307 720 341 sit,
746 314 779 334 ne
800 307 942 334 admodum
958 308 1066 342 quidem

272 354 470 381 contentiosum
493 358 520 381 et
542 353 724 388 impudentem
753 352 883 388 deinceps
904 358 1064 388 negaturum

271 404 345 433 puto.

306 446 350 473 15.
366 445 421 473 lloe
431 450 519 474 autem
541 442 633 481 aper'te
648 446 840 479 demonstrato,
854 454 904 482 age
919 447 983 485 illud
996 455 1064 482 quo-

270 501 321 527 que
334 492 509 527 inquiramus,
525 493 584 528 quis
604 492 706 521 facilius
728 493 851 528 lapsurus
865 494 909 521 sit.
928 494 1008 522 Certe
1022 495 1065 522 hic

271 545 323 565 non
347 538 539 573 perquisitionc
556 546 623 574 opus
638 543 699 571 est;
723 539 913 566 continentiam
933 541 1032 575 quippe
1042 540 1064 568 is

269 585 313 620 qui
325 593 434 612 uxorem
450 585 541 618 habet,
554 585 655 613 facilius
667 585 793 618 servabit,
807 590 898 621 utpote
912 589 954 621 qui
968 587 1063 614 solatio

271 631 353 659 multo
361 631 461 658 fruatur
475 640 480 658 :
494 631 519 658 in
533 631 641 666 reliquis
651 636 739 658 autem
755 639 806 658 non
823 632 857 658 ita
866 631 938 659 clara
951 639 994 659 res
1007 637 1060 660 cst.

268 675 368 703 Verum
384 677 409 704 in
431 677 476 704 illa
490 685 595 712 quoque
616 685 646 704 re
668 677 756 711 plures
772 677 891 704 videmus
902 677 1060 712 conjugato-

267 731 326 750 rum
341 724 447 756 cadere,
459 731 537 758 quam
557 723 759 750 monachorum.
780 723 870 758 Neque
892 724 962 750 enim
976 728 1014 750 tot
1028 732 1061 751 ex

266 770 437 796 nionasteriis
452 770 485 796 ad
505 769 610 803 nuptias
636 773 784 802 transeunt,
796 773 861 804 quot
882 776 914 796 ex
928 769 1059 804 conjugali

266 820 325 842 toro
340 815 371 843 ad
384 815 570 849 scortanuod
582 815 605 842 si
623 815 649 842 in
663 815 855 842 certaminibus
867 815 919 842 illis
929 815 978 842 sibi
997 815 1086 842 [πί-κ(

265 861 335 888 libus
345 869 427 896 usque
438 860 505 888 adeo
519 861 683 896 frequentius
697 860 803 892 cadant,
816 860 879 895 quid
889 860 917 887 in
931 860 989 887 aliis
999 861 1058 888 ani-

264 906 300 933 mi
325 906 462 934 affectibus
489 906 583 933 facturi
608 911 680 940 sunt,
705 906 748 933 tibi
778 907 862 941 magis
889 906 1057 941 exagitantur

260 960 342 987 quam
357 951 480 979 monachi
493 952 504 978 ?
520 951 586 979 Nam
602 952 818 987 concupiscentia
833 951 940 986 quidem
952 951 1000 978 hos
1009 959 1057 979 ve-

262 997 414 1024 hementius
424 997 554 1030 stimulat,
571 1001 663 1032 utpote
678 997 722 1033 qui
737 997 839 1024 nullum
856 996 973 1024 habeant
995 1005 1056 1024 eum

261 1043 418 1070 mulieribus
431 1042 606 1070 consortium.
634 1043 747 1078 Reliqua
763 1049 826 1070 vero
842 1041 876 1069 ad
894 1041 943 1069 hos
975 1049 1057 1077 prope

260 1088 390 1115 accedere
400 1092 553 1124 nequeunt;
568 1088 628 1116 illos
641 1093 730 1115 autem
745 1088 879 1116 violenter
886 1088 1052 1121 adoriuntur,

260 1139 288 1160 et
305 1142 320 1161 a
340 1134 428 1168 capite
441 1134 617 1170 praecipitant.
633 1133 710 1167 Quod
721 1134 754 1167 si,
770 1134 814 1161 ubi
825 1134 977 1161 violentiori
985 1134 1056 1161 bello

260 1186 419 1216 premuntur
434 1180 745 1215 monachi,frequentius
758 1185 894 1215 superant,
912 1189 991 1216 quam
1006 1181 1053 1212 illi,

259 1235 319 1254 cum
333 1227 429 1262 quibus
443 1227 582 1254 remissius
597 1228 693 1262 agitur,
715 1227 801 1262 palam
817 1231 858 1254 est
875 1235 922 1255 eos
935 1227 961 1255 in
972 1231 1054 1255 caete-

258 1273 306 1306 ris,
322 1273 365 1300 ubi
377 1281 434 1300 non
445 1273 622 1308 exagitantur,
635 1272 746 1300 ﬁrmiter
759 1273 932 1302 constituros.
948 1274 1052 1301 Etenim

258 1319 379 1353 pecunia:
390 1327 475 1352 amor,
499 1320 616 1354 itemque
646 1319 861 1354 concupiscentia
886 1320 1052 1354 deliciarum,

257 1366 393 1400 potentiae,
417 1366 634 1400 reliquorumque
653 1365 772 1392 omnium
785 1386 793 1398 ,
823 1365 926 1393 facilius
952 1365 1052 1399 abhis,

256 1420 336 1447 quam
350 1420 364 1439 a
378 1412 560 1445 smcularibns,
575 1411 644 1439 vinei
661 1412 759 1439 solent.
781 1412 862 1446 Quasi
889 1412 915 1440 in
931 1413 988 1440 acie
1002 1413 1053 1448 igi—

258 1465 302 1487 tur
313 1465 393 1494 atque
406 1459 432 1486 in
450 1459 542 1494 proelio
557 1459 626 1486 hanc
640 1458 704 1486 belli
725 1463 828 1494 partem
851 1459 979 1487 leviorem
993 1467 1054 1487 esse

256 1506 386 1539 dicemus,
401 1513 454 1533 non
470 1505 496 1532 in
509 1512 560 1540 qua
590 1512 659 1532 unus
673 1512 754 1540 super
766 1505 847 1533 alium
860 1509 887 1533 et
901 1505 1054 1541 frequentes

257 1551 364 1584 eadunt,
381 1550 428 1579 sed
454 1551 480 1578 in
505 1558 556 1586 qua
572 1551 647 1585 pauci
656 1555 688 1578 et
702 1551 755 1578 rari
770 1559 777 1577 :
792 1551 832 1578 sic
843 1555 872 1578 et
885 1551 918 1578 de
933 1551 974 1579 his
989 1559 1053 1579 sen-

258 1597 366 1625 tentiam
379 1597 448 1625 ferre
461 1605 509 1631 par
532 1601 583 1624 est.
605 1596 742 1631 Siquidem
759 1596 898 1624 avaritiam
919 1604 972 1624 non
996 1597 1052 1629 ille,

257 1644 301 1678 qui
315 1644 340 1670 in
355 1642 443 1670 medio
456 1650 546 1670 rerum
558 1646 688 1678 versatur,
710 1641 758 1671 sed
784 1642 837 1675 hic,
853 1642 898 1677 qui
912 1642 938 1669 in
952 1643 1052 1669 monti-

259 1689 307 1716 bus
321 1688 431 1721 residet,
449 1689 550 1716 facilius
576 1688 723 1723 superabtt.
743 1687 809 1716 Nam
827 1688 871 1716 ille
884 1693 957 1716 certe
978 1689 1052 1716 nullo

258 1735 365 1769 negotio
378 1734 498 1769 capietur
510 1742 518 1760 τ
530 1734 552 1762 is
563 1741 626 1762 vero
640 1734 685 1769 qui
699 1733 810 1761 avaritia
825 1734 978 1769 corripitur,
991 1742 1052 1762 cum

257 1781 403 1809 idololatris
420 1779 635 1808 aunnmerandus
655 1784 707 1807 est.
723 1780 762 1807 Ae
776 1780 925 1808 monachus
944 1780 1052 1815 quidem

257 1827 420 1862 propinquos
430 1831 456 1854 et
468 1827 613 1854 familiares
637 1833 690 1853 non
710 1825 851 1861 despiciet,
876 1826 899 1854 si
927 1826 1052 1861 pecunias

258 1874 364 1908 habeat,
379 1873 426 1902 sed
450 1873 559 1908 largiter
572 1872 605 1900 iis
624 1872 683 1900 illas
705 1872 841 1905 effundet;
858 1872 902 1900 ille
925 1880 988 1900 vero
999 1881 1052 1901 non

259 1926 362 1949 tantum
377 1928 424 1948 eos
439 1920 580 1956 despiciet,
597 1926 689 1947 verum
705 1919 784 1946 etiam
800 1919 877 1946 hcdct
887 1927 939 1946 non
952 1919 1050 1953 minus,

256 1976 335 2004 quam
351 1968 461 1996 alienos.
485 1966 561 2001 Quod
576 1966 697 2002 profecto
710 1965 782 1994 aliud
796 1965 954 1993 idololatriae
968 1973 1052 2001 genus

256 2019 298 2043 est
313 2015 396 2050 priori
409 2014 486 2048 longe
499 2013 615 2048 gravius.
630 2011 732 2047 Ecquid
748 2011 799 2039 alia
809 2011 897 2039 omnia
910 2018 1052 2040 recensere

256 2069 333 2096 opus,
349 2069 409 2096 qua:
418 2068 478 2088 cum
487 2067 502 2086 a
513 2058 651 2087 monachis
666 2058 769 2085 facilius
781 2061 951 2092 superentur,
965 2064 1051 2084 saecu-

259 2108 329 2135 lares
338 2115 398 2134 cum
412 2105 580 2134 vehementia
594 2104 723 2139 dejiciunt
734 2104 744 2130 ?
757 2102 812 2131 Cur
821 2111 885 2138 ergo
896 2111 948 2130 non
963 2103 1050 2135 times,

257 2160 305 2181 cur
314 2161 365 2180 non
379 2152 505 2186 trepidas,
526 2151 588 2178 dum
606 2149 676 2177 hanc
687 2149 768 2176 vitam
790 2148 857 2184 agis.
874 2148 942 2176 ubia
956 2149 1050 2184 nequi-

257 2199 294 2226 tia
304 2199 356 2226 cito
367 2198 480 2233 capieris
489 2198 502 2224 ’ἰ
513 2196 582 2224 Num
606 2195 652 2223 tibi
667 2203 776 2230 parvum
796 2195 859 2230 quid
873 2195 978 2223 videtur
991 2203 1052 2223 esse

257 2245 408 2273 idololatria
421 2243 517 2276 teneri,
533 2247 559 2270 et
573 2241 723 2269 inﬁdelibus
734 2241 892 2269 deteriorem
907 2249 978 2275 esse,
988 2242 1050 2270 Dei-

257 2299 309 2327 que
317 2290 456 2318 scrvitium
467 2289 592 2324 operibus
600 2288 744 2323 abnegare,
757 2295 816 2323 quae
829 2287 918 2315 omnia
937 2287 1050 2320 facilius,

255 2345 336 2373 quam
349 2335 482 2367 menachi,
496 2334 630 2370 patientur
640 2334 658 2362 ii
675 2334 720 2370 qui
743 2334 840 2362 smculo
853 2333 951 2361 addicti
965 2338 1028 2361 sunt
1040 2333 1052 2359 ’ἵ

258 2384 373 2411 Videsne
384 2382 453 2417 quod
463 2389 535 2408 inera
560 2380 631 2408 fictio
646 2385 733 2407 metus
750 2379 801 2407 iste
813 2380 866 2407 sit?
877 2379 942 2406 Nam
958 2379 979 2406 si
993 2386 1050 2406 me-

256 2429 385 2458 tuendum
400 2432 481 2461 esset,
509 2435 562 2455 non
576 2427 627 2454 illis
640 2431 712 2455 certe
725 2427 908 2456 metuendum.
928 2426 973 2461 qui
987 2433 1052 2461 pro-

256 2475 339 2502 cellas
358 2474 470 2509 fugiunt,
493 2481 542 2500 nec
565 2473 616 2500 illis
636 2473 682 2508 qui
703 2472 736 2500 ad
757 2478 862 2507 portum
888 2472 1015 2499 festinant
1030 2472 1050 2504 ',

257 2521 305 2549 sed
321 2521 363 2554 iis,
380 2520 424 2555 qui
448 2520 563 2555 procella
577 2525 605 2547 et
620 2523 779 2554 tempestate
800 2519 944 2554 jactantur.
969 2519 1052 2546 Citius

257 2567 328 2594 enim
341 2567 403 2594 hinc
412 2566 547 2601 naufragia
562 2566 689 2599 timenda,
703 2565 774 2600 quod
788 2565 863 2600 plura
874 2565 928 2592 sint
944 2568 1050 2599 pertur-

256 2612 354 2646 bantia,
368 2618 393 2639 et
405 2613 543 2647 segniores
557 2612 585 2645 ii,
597 2612 642 2646 qui
654 2611 780 2644 resistere
790 2611 900 2638 debent.
917 2610 965 2637 Hic
985 2616 1051 2637 vero

257 2667 309 2687 non
323 2664 361 2687 tot
383 2659 479 2686 ﬁuctus
499 2658 641 2691 habentur,
672 2657 719 2685 sed
741 2658 835 2692 magna
863 2656 1049 2692 tranquillitas,

257 2707 394 2742 majorque
407 2705 543 2741 diligentia
556 2713 660 2736 eorum,
670 2711 736 2739 quos
745 2703 874 2730 adversus
889 2703 934 2730 illa
948 2710 1050 2737 pugna-

255 2755 405 2787 reoportet.
431 2750 610 2784 Quamobrem
636 2756 685 2776 nos
707 2748 733 2775 in
760 2749 895 2775 desertutn
920 2747 1050 2775 trahimus

254 2806 311 2832 eos,
327 2806 379 2826 non
393 2802 422 2825 nt
434 2804 513 2824 sacco
524 2796 677 2826 induantur,
692 2802 744 2821 non
757 2798 787 2821 ut
799 2794 918 2822 cinerem
931 2794 1051 2821 subster-

284 2856 292 2872 ¹
305 2855 389 2885 Verba,
400 2860 442 2879 nec
454 2852 502 2879 illis
508 2851 550 2884 qui
558 2851 591 2877 ad
597 2853 692 2883 portum
703 2849 823 2882 festinam,
832 2850 857 2875 in
862 2849 943 2876 Morel.
950 2849 1049 2875 desum.

631 113 660 141 5.
681 113 820 141 .10thle
834 113 1069 150 ClIRYSQSTOlll
1090 115 1249 143 ARCHIEP.
1270 116 1540 144 CONSTANTINOP.

1864 120 1916 147 37B

1124 174 1205 200 nant‘
1222 178 1334 206 tantum,
1350 174 1396 201 sed
1411 175 1436 201 in
1452 174 1543 208 primis
1553 174 1648 201 utvitia
1670 174 1780 209 fugiant,
1800 176 1915 211 eligant.

1120 226 1172 252 que
1185 220 1318 246 virtutem.
1333 219 1400 253 Quid
1427 219 1507 254 igitur
1520 220 1532 246 ‘l
1555 227 1685 247 omnesne
1703 221 1838 256 conjugati
1852 230 1913 257 per-

1120 263 1198 291 ibunt
1211 265 1223 290 '.'

1155 310 1297 338 Saeculares
1312 311 1404 346 majori
1417 319 1475 338 cum
1487 311 1633 346 di/ﬁcufmle
1644 313 1706 340 salui
1722 313 1797 347 fiunt.
1809 329 1844 334 —
1852 314 1908 342 Non

1119 356 1242 390 equidem
1255 356 1280 384 id
1298 357 1372 391 dico,
1388 358 1436 385 sed
1456 358 1602 393 majoribus
1625 366 1672 386 eos
1685 359 1821 391 laboribus
1830 361 1913 389 obnm

1120 401 1179 429 xios
1192 409 1262 434 esse,
1284 403 1307 430 si
1318 404 1432 431 salutem
1452 405 1580 439 consequi
1603 405 1696 438 velint,
1722 406 1801 441 idque
1814 407 1849 434 ob
1863 408 1912 435 im-

1118 448 1266 476 minentem
1277 451 1475 478 necessitatem.
1488 451 1553 479 Nam
1568 452 1590 479 is
1603 453 1649 487 qui
1662 453 1766 482 solutus
1779 459 1831 489 est,
1847 455 1911 483 faei-

1095 531 1098 534 _
1119 495 1170 522 lius
1184 500 1283 529 curret,
1299 504 1378 530 quam
1391 496 1414 524 is
1426 497 1470 532 qui
1486 502 1527 524 est
1540 498 1651 526 vinculis
1666 499 1820 528 obstrictus.
1840 501 1910 537 Ergo

1118 540 1264 576 majoribus
1282 542 1326 569 ille
1348 543 1465 577 praemiis
1484 543 1638 577 donabitur,
1667 545 1909 582 illustrioribusqnc

1116 587 1246 614 coronis?
1261 587 1368 615 Minime
1382 595 1446 615 vero
1463 598 1469 615 :
1486 597 1548 616 nam
1571 589 1639 617 hanc
1660 590 1705 618 ille
1723 591 1773 618 sibi
1789 593 1908 620 necessi-

1117 636 1198 660 tatem
1219 629 1422 669 imponitfeum
1446 635 1538 662 liceret
1565 643 1617 663 non
1644 636 1791 671 imponere.
1814 638 1908 674 Itaque

1115 679 1252 713 quoniam,
1268 683 1296 706 ut
1311 687 1325 706 a
1341 680 1418 707 nobis
1428 681 1499 708 clare
1512 680 1722 709 demonstratum
1736 687 1787 715 est,
1812 683 1906 711 iisdem

1114 730 1206 751 sumus
1229 724 1325 752 ofﬁciis
1347 725 1467 759 obnoxii,
1494 726 1589 761 quibus
1606 727 1740 760 monachi,
1763 728 1906 756 faciliorem

1115 777 1303 804 percurramus
1319 771 1401 803 viam,
1416 771 1449 797 ad
1464 779 1577 807 eamque
1591 772 1659 799 ﬁlios
1671 772 1854 806 attrahamns;
1874 782 1907 801 ne

1114 815 1174 843 illos
1185 816 1383 851 demergamus,
1398 824 1465 844 neve
1479 817 1538 844 illos
1546 817 1579 845 ad
1602 818 1739 851 barathro,
1767 823 1796 846 ut
1816 819 1906 847 hostes

1113 865 1140 888 et
1152 861 1261 895 inimici,
1270 863 1475 898 pratcipitemus.
1487 863 1551 891 lla'c
1559 865 1630 892 enim
1639 865 1660 891 si
1670 864 1714 900 qui
1725 865 1769 892 alii
1779 865 1904 898 facerent,

1113 915 1165 935 non
1180 908 1248 936 adeo
1259 917 1340 944 grave
1354 915 1435 938 esset.
1447 910 1513 938 Cum
1529 915 1618 938 autem
1638 911 1687 946 ipsi
1701 916 1836 946 parentes,
1860 913 1905 947 qui

1111 955 1278 982 sa‘cularinm
1285 963 1375 983 rerum
1382 957 1500 983 omnium
1508 956 1722 991 experimentum
1735 962 1903 992 acceperunt,

1111 1001 1156 1036 qui
1168 1000 1296 1036 operibus
1305 1002 1370 1037 ipsis
1384 1002 1536 1029 didicerunt
1550 1002 1671 1038 frigidam
1687 1003 1829 1030 admodum
1844 1011 1905 1031 esse

1112 1047 1283 1081 prmsentium
1307 1055 1397 1075 rerum
1418 1048 1591 1082 voluptatem,
1617 1048 1684 1075 adeo
1703 1048 1846 1080 insaniant,
1875 1053 1904 1076 ut

1110 1091 1177 1119 alios
1193 1092 1225 1119 ad
1237 1092 1330 1120 eadem
1346 1093 1401 1128 ipsa
1416 1093 1581 1127 pertrahunt,
1597 1094 1722 1128 quoniam
1734 1093 1782 1128 ipsi
1791 1093 1847 1128 jam
1861 1093 1904 1121 his

1110 1137 1160 1164 frui
1174 1145 1221 1172 per
1235 1142 1340 1165 aetatem
1356 1139 1539 1172 prohibentur;
1553 1146 1613 1166 cum
1628 1143 1716 1166 tamen
1740 1140 1845 1174 seipsos
1867 1147 1902 1167 ex

1109 1183 1142 1210 iis
1155 1191 1213 1218 qua:
1230 1189 1434 1218 prmcesserunt,
1454 1185 1574 1212 infelices
1596 1185 1742 1220 praedicare
1754 1185 1901 1219 deberent;

1112 1229 1150 1256 illi
1163 1234 1266 1262 contra,
1281 1231 1358 1258 morti
1368 1231 1423 1265 jam
1438 1231 1552 1265 proximi
1565 1235 1591 1258 et
1606 1232 1745 1266 tribunali,
1765 1233 1903 1267 poenisque

1109 1275 1160 1302 sibi
1176 1275 1321 1310 deputatis,
1331 1276 1396 1303 alios
1408 1281 1495 1304 tamen
1502 1276 1669 1312 praecipitent
1678 1285 1685 1309 ;
1695 1284 1753 1312 qua:
1761 1277 1813 1305 illis
1823 1285 1902 1305 excu-

1108 1321 1176 1348 satio
1190 1321 1365 1356 relinquetur,
1382 1329 1442 1357 qnce
1453 1322 1541 1355 venia,
1556 1330 1615 1357 qua:
1630 1322 1831 1350 misericordia?
1843 1322 1900 1350 Non

1109 1370 1209 1393 tantum
1225 1366 1295 1393 enim
1311 1372 1479 1401 peccatorum
1492 1375 1600 1394 suorum
1611 1374 1705 1403 pmnas
1717 1367 1827 1400 dabunt,
1853 1368 1899 1396 sed

1107 1412 1186 1439 etiam
1205 1419 1307 1445 eorum,
1323 1420 1383 1446 qua:
1392 1412 1463 1440 cinea
1472 1412 1540 1440 ﬁlios
1551 1413 1607 1440 ausi
1616 1417 1688 1446 sunt,
1700 1413 1755 1440 sive
1767 1412 1827 1441 illos
1839 1421 1903 1449 sup-

1109 1458 1233 1494 plantare
1246 1459 1390 1492 potuerint,
1404 1459 1465 1486 sive
1475 1466 1529 1485 non
1546 1459 1690 1493 potuerint.

1143 1504 1187 1531 16.
1212 1503 1274 1531 Verr
1281 1509 1352 1540 pater
1361 1505 1448 1540 estqui
1455 1505 1503 1539 ﬁlii
1513 1504 1619 1531 salutem
1627 1505 1783 1532 curaL—At
1791 1504 1902 1533 fortasse

1107 1550 1176 1578 ﬁlios
1186 1550 1302 1578 ﬁliorum
1316 1550 1408 1578 videre
1429 1551 1537 1586 cupitis.
1552 1551 1585 1578 Et
1597 1551 1730 1586 quomodo
1741 1551 1816 1585 illud,
1836 1559 1900 1579 cum

1106 1604 1155 1624 vos
1166 1597 1284 1624 nondum
1303 1601 1394 1633 patres
1413 1598 1491 1625 sitis?
1517 1597 1610 1633 Neque
1624 1598 1694 1625 enim
1708 1602 1813 1632 patrem
1838 1598 1901 1626 facit

1105 1643 1242 1677 generatio
1257 1651 1264 1670 :
1287 1643 1358 1678 quod
1373 1643 1422 1678 ipsi
1443 1651 1549 1678 quoque
1564 1647 1688 1678 parentes
1712 1643 1835 1676 fatentur,
1852 1645 1897 1678 qui

1105 1695 1166 1715 cum
1187 1688 1256 1716 ﬁlios
1273 1688 1366 1716 vident
1382 1689 1408 1716 in
1430 1693 1579 1716 extremum
1600 1689 1725 1724 nequitia:
1747 1689 1898 1722 devenisse,

1106 1735 1182 1770 quasi
1195 1742 1248 1762 non
1266 1742 1330 1762 suos
1344 1735 1473 1769 abjicinnt
1485 1740 1511 1763 et
1525 1735 1649 1762 abdicaut
1664 1744 1671 1762 :
1688 1743 1775 1770 neque
1793 1741 1898 1766 natura.

1106 1789 1193 1817 neque
1210 1781 1358 1817 generatio,
1374 1789 1462 1817 neque
1481 1782 1567 1809 simile
1585 1781 1720 1816 quidpiam
1740 1782 1811 1816 ipsos
1824 1781 1899 1809 cohi—

1106 1829 1170 1857 bere
1195 1833 1292 1864 potest.
1317 1828 1356 1856 Ne
1370 1828 1449 1864 igitur
1472 1833 1561 1863 patres
1585 1828 1727 1862 dignentur
1752 1827 1898 1855 existimari

1105 1883 1208 1907 eorum,
1221 1875 1317 1910 quibus
1325 1874 1472 1902 secundum
1488 1874 1662 1909 philosophia:
1675 1874 1806 1901 rationem
1819 1873 1898 1907 longe

1106 1920 1245 1948 inferiores
1253 1925 1314 1947 sunt
1324 1929 1330 1946 :
1342 1919 1389 1947 sed
1397 1927 1457 1947 cum
1468 1919 1528 1947 illos
1539 1920 1589 1946 hoc
1596 1926 1704 1954 quoque
1712 1919 1791 1946 modo
1799 1925 1883 1954 genite
1889 1934 1897 1938 -

1107 1967 1173 2000 rint,
1186 1971 1249 1994 tunc
1259 1971 1370 2001 nepotes
1382 1966 1460 1993 etiam
1476 1970 1613 2001 quaerant:
1631 1970 1693 1992 tunc
1707 1965 1778 1992 enim
1795 1969 1895 1992 tantum

1106 2013 1177 2048 ipsos
1188 2013 1279 2040 videre
1293 2017 1426 2047 poterunt.
1435 2011 1502 2040 Sunt
1512 2012 1583 2039 enim
1595 2011 1646 2039 illis
1653 2011 1710 2045 ﬁlii,
1721 2016 1782 2038 sunt
1796 2011 1897 2046 utique,

1107 2058 1167 2085 Non
1183 2067 1213 2085 ea:
1224 2058 1399 2094 sanguiuibus,
1420 2066 1500 2093 neque
1518 2066 1549 2085 ex
1560 2057 1687 2085 voluntate
1699 2058 1794 2090 carnis,
1820 2065 1897 2091 neque

1105 2112 1136 2131 ea:
1146 2103 1274 2131 voluntate
1285 2104 1341 2137 viri,
1353 2103 1397 2130 sed
1407 2111 1438 2131 ea:
1449 2103 1501 2130 Deo
1513 2104 1569 2138 ipso
1577 2104 1695 2139 generati
1705 2103 1828 2138 (10mm.
1841 2103 1896 2138 15).

1106 2149 1138 2177 lli
1151 2157 1230 2184 porro
1247 2149 1292 2177 ﬁlii
1306 2157 1358 2177 non
1384 2150 1554 2184 pecuniarum
1576 2157 1656 2177 causa
1677 2150 1776 2177 luctum
1799 2157 1897 2184 paren-

1106 2196 1176 2224 tibus
1188 2196 1326 2231 afl'errcnt,
1353 2204 1407 2224 non
1421 2197 1584 2231 nuptiarum,
1606 2204 1658 2224 non
1680 2197 1789 2224 alterius
1809 2196 1899 2231 cujus-

1105 2251 1219 2278 cumque
1243 2243 1280 2270 rei
1301 2243 1397 2278 gratia,
1413 2242 1459 2269 sed
1482 2242 1541 2269 illos
1557 2242 1628 2269 omni
1649 2249 1710 2269 cura
1739 2241 1836 2269 liberos
1858 2241 1899 2268 di.

1106 2289 1212 2322 missos,
1225 2288 1317 2324 majori
1333 2289 1471 2322 voluptate
1485 2287 1614 2321 afficiunt,
1631 2295 1709 2323 quam
1724 2288 1746 2315 si
1759 2288 1808 2322 ipsi
1822 2291 1898 2314 natu-

1104 2335 1176 2363 rales
1188 2342 1281 2362 eorum
1295 2339 1385 2369 patres
1394 2338 1495 2362 essent.
1510 2333 1568 2361 Non
1584 2334 1656 2360 enim
1678 2332 1771 2360 eadem
1794 2332 1899 2360 ratione

1104 2382 1248 2417 gignuntur
1264 2389 1296 2408 ac
1309 2381 1471 2413 nutriuntur,
1495 2388 1546 2415 qua
1566 2380 1623 2413 illi;
1639 2380 1686 2407 sed
1702 2380 1785 2407 multo
1809 2379 1899 2406 excel-

1105 2427 1204 2455 lentius
1218 2434 1250 2454 ac
1263 2426 1446 2462 splendidius;
1463 2425 1637 2461 quamobrem
1653 2425 1755 2460 majore
1773 2429 1898 2460 parentes

1107 2473 1241 2508 voluptate
1260 2473 1388 2500 afficiunt.
1415 2472 1481 2500 Illud
1497 2476 1626 2507 prmterea
1639 2471 1772 2507 adjiciam,
1799 2472 1898 2499 mirum

1105 2527 1157 2547 non
1174 2527 1233 2547 esse
1243 2527 1300 2552 eos,
1315 2519 1359 2554 qni
1374 2519 1564 2547 resurrectioni
1581 2527 1633 2546 non
1655 2519 1779 2551 credunt,
1800 2517 1834 2545 de
1856 2518 1899 2544 his

1105 2566 1206 2601 lugere,
1219 2566 1316 2600 quippe
1325 2565 1421 2601 quibus
1430 2565 1486 2592 haec
1497 2566 1552 2593 sola
1561 2565 1727 2599 relinquatur
1739 2563 1900 2591 consolatio.

1105 2613 1139 2640 At
1159 2620 1208 2639 nos
1221 2611 1265 2646 qui
1276 2616 1387 2638 mortem
1402 2618 1526 2638 somnum
1548 2618 1608 2638 esse
1620 2615 1754 2645 putamus,
1767 2610 1811 2645 qui
1827 2616 1899 2643 prte-

1105 2657 1188 2685 senlia
1204 2657 1293 2684 omnia
1307 2657 1444 2691 despicere
1458 2656 1529 2683 docti
1542 2663 1647 2689 sumus,
1661 2663 1712 2690 qua
1729 2655 1835 2682 tandem
1847 2661 1898 2683 ve-

1106 2703 1148 2730 nia
1162 2703 1234 2738 digiti
1247 2702 1357 2735 erimus,
1373 2701 1396 2728 si
1409 2701 1443 2729 de
1457 2701 1499 2728 his
1510 2701 1656 2736 lugeamus,
1674 2701 1796 2736 ﬁliosque
1806 2700 1901 2728 videre

1105 2749 1255 2781 cupiamus.
1267 2753 1347 2775 atauo.
1359 2748 1402 2776 hic
1412 2747 1576 2783 relinquere,
1590 2747 1661 2775 unde
1673 2747 1723 2782 ipsi
1733 2751 1902 2774 transmeare

1136 2818 1224 2873 'ltlzec,
1238 2823 1283 2842 non
1296 2820 1321 2842 ut
1330 2816 1436 2845 cinerem
1446 2815 1606 2847 substernunt,
1619 2816 1643 2840 in
1656 2814 1740 2841 Morel.
1751 2817 1843 2840 tantum
1854 2813 1899 2840 do-

1136 2856 1151 2873 ιι
1164 2866 1170 2872 .

1105 2854 1170 2874 sunt.
