2064 3115
205 147 257 176 579

205 208 246 232 cst
258 208 325 238 opus
334 222 342 236 ,
355 199 495 236 majorque
509 197 640 234 diligentia
651 195 799 224 adhibenda
821 199 872 222 est.
891 193 989 229 Hujus-

207 249 278 277 nmdi
300 253 388 276 autem
404 247 489 274 virum
504 246 531 273 in
545 243 734 278 tranquillitate
750 246 776 269 et
789 241 879 276 quiete
895 240 992 274 degere

207 298 322 331 oportet,
337 301 389 321 non
401 293 428 320 in
434 290 539 327 negotia
549 297 578 318 se
591 288 723 324 conjicere
733 291 760 314 et
771 287 796 314 in
805 285 892 313 medio
901 292 994 312 versa-

208 342 241 374 ri,
257 340 301 367 ubi
322 339 448 367 tumultus
467 337 560 371 ingens
585 342 617 362 ac
641 333 816 370 perturbatio.
839 331 880 359 Tu
902 335 994 358 contra

207 395 264 420 eos,
279 386 373 422 quibus
395 384 492 412 bellum
505 383 592 410 aerius
605 381 741 412 imminet,
757 383 784 408 et
798 386 846 414 per
865 382 969 406 aetatem
985 377 994 392 ‘

204 434 234 460 'et
255 440 303 468 per
316 431 496 458 inﬁrmitatem
519 432 547 456 et
572 435 620 463 per
641 426 815 461 imperitiam,
829 428 856 452 et
878 423 949 459 quod
969 422 995 450 in

208 486 297 506 rerum
308 477 395 504 ntedio
407 479 564 507 versantur;
579 473 639 506 hos,
650 472 725 508 quasi
735 479 764 499 re
774 471 828 506 jam
843 470 911 498 bene
923 473 996 504 gesta

209 529 236 552 et
248 523 375 558 acquisita
391 520 560 554 fortitudine,
577 520 605 546 in
620 518 735 546 medium
750 516 850 549 trahis,
867 521 915 542 nec
932 514 998 541 sinis

209 570 236 597 in
251 569 385 596 desertum
403 565 534 601 proficisci
555 569 584 592 ut
602 567 779 592 exerceantur
792 565 818 588 ct
832 560 866 588 ad
883 566 996 594 pugnant

208 622 238 642 se
248 617 402 648 comparent
415 620 422 638 :
437 609 657 646 quemadmodum
671 608 693 635 si
708 608 766 642 quis
781 614 851 640 cum,
863 606 907 641 qui
916 605 998 632 millia

210 664 300 695 posset
312 658 413 693 erigere
427 661 542 691 tropaea,
562 655 668 690 iuberet
686 661 741 680 rem
763 653 884 680 bellicam
910 651 999 686 quiete

210 704 332 732 meditari
351 709 378 731 et
391 703 543 733 addiscere;
567 700 717 734 imperitum
732 706 796 726 vero
815 697 860 732 qui
885 703 999 732 pugnam

210 758 244 778 ne
255 750 386 783 respicere
399 747 506 783 quidem
520 750 618 781 posset,
635 744 695 772 ideo
711 751 823 779 pugnant
833 744 1000 770 committere

206 796 355 830 juhercl,ac
364 794 462 828 majora
474 792 533 819 ideo
545 791 732 825 impedimenta
745 788 941 824 poneret,quod
956 795 1000 815 res

209 840 324 868 difﬁcilis
338 843 418 866 esset.
436 838 568 865 Prmtcrca
584 843 647 863 vero
660 835 686 863 id
706 833 927 862 considerandum
943 837 998 866 est,

210 894 262 913 non
279 886 357 912 licere
372 888 431 918 post
439 883 543 918 nuptias
556 881 680 916 cuiquam
694 887 771 907 suum
781 887 840 907 esse
852 879 999 911 dominum,

209 930 255 957 sed
269 930 423 956 alterutrum
439 927 618 954 necessarium
632 933 701 958 esse,
713 929 825 951 autcum
835 931 918 951 uxore
930 931 1000 950 scm-

210 984 257 1010 per
272 974 383 1004 versari,
398 973 420 1000 si
438 973 495 1007 ipsa
510 972 593 1002 velit;
608 971 650 998 vel
674 969 697 997 si
713 970 756 996 illa
770 969 938 997 continenter
960 968 1001 994 vi-

211 1029 275 1048 vere
288 1019 409 1050 volucrit,
421 1026 452 1045 ca
466 1017 575 1044 dimissa
591 1016 618 1043 in
632 1015 790 1043 adulterium
800 1013 1001 1047 inciderc.Quid

210 1075 254 1095 me
268 1066 357 1094 dicere
372 1072 439 1099 opus
455 1068 497 1091 est
509 1063 559 1090 alia
571 1062 736 1089 necessitatis
748 1061 852 1088 vincula
863 1081 870 1093 ,
885 1060 999 1093 liberos,

209 1113 247 1140 rei
259 1111 396 1140 familiaris
405 1117 492 1142 curas,
506 1117 565 1145 qutc
579 1115 684 1136 onmem
699 1107 827 1143 propositi
838 1107 1000 1134 alacritatem

208 1157 355 1186 obtundere
378 1156 494 1192 possint,
509 1155 673 1189 ntultumque
695 1153 790 1181 anima:
814 1157 946 1187 torporem
961 1152 1002 1179 in-

211 1204 321 1232 fundere
328 1203 341 1230 ?

244 1249 288 1276 i8.
308 1248 330 1275 Λ
347 1248 429 1283 prima
446 1251 518 1274 male
537 1245 620 1272 virtuti
640 1243 841 1271 incumbentium.
852 1258 888 1263 —
902 1242 1001 1276 Quam-

209 1295 301 1322 0i)er
316 1294 394 1328 longe
417 1293 512 1320 melius
531 1296 581 1323 est,
596 1291 731 1318 dominum
747 1289 788 1316 sui
809 1297 840 1316 ac
857 1289 972 1316 solutum
986 1297 1000 1316 a

211 1339 336 1374 primaeva
348 1343 426 1366 actate
440 1338 521 1365 armis
532 1338 664 1364 instruere
674 1356 681 1369 ,
694 1343 746 1362 non
761 1334 795 1361 ob
811 1342 841 1361 ea
856 1342 915 1369 qum
932 1335 1000 1361 dicta

209 1389 272 1412 sunt
285 1389 404 1415 tantum,
421 1382 468 1410 sed
490 1390 543 1409 non
564 1381 651 1408 minus
663 1380 742 1407 etiam
763 1379 821 1414 ejus
846 1379 884 1406 rei
906 1380 999 1414 gratia,

208 1438 268 1464 quae
281 1438 342 1457 mox
355 1429 470 1456 dicetur.
489 1428 553 1454 Nam
568 1427 612 1462 qui
630 1433 724 1454 versus
746 1426 825 1452 linem
850 1425 910 1452 vitze
934 1425 1002 1452 hanc

209 1476 403 1511 pltilOsophiam
424 1473 576 1509 aggreditur
586 1493 593 1506 ,
605 1479 685 1499 omne
704 1475 810 1506 tempus
824 1471 939 1498 conterit
951 1491 959 1502 ,
973 1475 1002 1498 ut

209 1526 315 1558 peccata
336 1521 420 1556 pessit
445 1521 471 1547 in
486 1519 619 1555 praeterita
634 1522 713 1545 tetate
733 1517 849 1544 admissa
874 1516 999 1550 abluere;

208 1568 316 1602 ejusque
334 1571 418 1594 totum
431 1566 547 1594 studium
563 1565 653 1592 hacin
669 1571 698 1591 re
712 1563 895 1596 consumitur;
917 1571 1001 1598 smpe-

208 1621 261 1647 que
272 1613 400 1647 contingit
416 1616 445 1639 ut
460 1619 511 1638 non
527 1616 568 1637 sat
583 1609 710 1644 temporis
725 1609 820 1636 habeat
833 1630 839 1641 ,
857 1616 884 1637 et
905 1619 937 1637 cx
952 1610 1001 1637 hac

208 1659 260 1685 vita
281 1657 400 1685 discedat
423 1657 563 1683 vulnerum
578 1655 704 1689 reliquias
728 1662 818 1683 secum
839 1656 938 1684 ferens.
968 1656 1002 1682 At

209 1712 274 1732 vero
286 1704 330 1738 qui
342 1712 356 1730 a
367 1703 449 1738 prima
462 1707 541 1729 aetate
554 1709 583 1729 se
596 1701 680 1733 exuit,
690 1708 741 1728 non
754 1702 803 1730 hac
817 1703 843 1730 in
855 1710 884 1730 re
898 1708 1001 1736 tempus

209 1750 332 1781 absumit,
347 1757 396 1776 nec
408 1749 483 1776 sedet
501 1755 599 1775 eurans
619 1749 743 1781 vulnera,
765 1748 813 1775 sed
833 1748 867 1775 ab
891 1746 1001 1775 exordio

163 1813 175 1830 ,Α
211 1796 317 1831 prmmia
328 1795 475 1830 accipit.Ac
489 1795 524 1822 illi
539 1795 645 1830 quidem
659 1795 723 1822 satis
735 1799 776 1822 est
789 1795 934 1822 sarciendis
944 1794 1001 1821 cla-

210 1842 286 1869 dibus
297 1841 420 1868 omnibus
436 1849 549 1875 pugnant
565 1842 647 1872 inire;
664 1840 706 1867 hic
718 1845 806 1867 autem
823 1840 856 1866 ab
869 1840 926 1874 ipso
938 1847 1000 1866 cur—

211 1897 257 1916 sus
272 1889 391 1923 ingressu
407 1892 506 1922 tropma
522 1887 616 1922 erigit,
633 1891 660 1914 et
673 1887 799 1913 victorias
815 1886 934 1913 victoriis
954 1885 1001 1912 ad-

211 1934 471 1969 dit,velutOiympici
480 1933 633 1960 certaminis
641 1933 734 1965 victor,
744 1933 788 1968 qui
802 1940 816 1960 a
829 1932 911 1967 prima
926 1936 1002 1959 telate

212 1989 259 2016 per
273 1980 389 2007 victorim
405 1979 625 2014 proclamationes
640 1978 674 2006 ad
687 1983 822 2006 senectam
834 1986 917 2013 usque
939 1985 1002 2012 pro-

211 2033 327 2062 gressus,
341 2025 380 2053 sic
393 2025 499 2052 demum
513 2024 617 2052 decedit
629 2024 776 2052 innumeris
790 2024 896 2051 coronis
915 2023 1003 2057 capite

211 2071 360 2100 redimitus.
373 2071 411 2098 Ex
424 2077 537 2105 quorum
549 2069 637 2104 itaque
645 2077 756 2097 numero
770 2069 809 2096 vis
825 2069 910 2096 ﬁlium
928 2073 1002 2095 tuum

212 2116 290 2145 esse?
305 2123 433 2143 eorumne
444 2115 487 2150 qui
506 2122 599 2150 magna
612 2122 673 2142 cum
687 2114 781 2141 fiducia
795 2113 868 2148 ipsos
889 2113 1002 2140 archan-

214 2161 285 2196 gclos
301 2160 395 2188 intueri
407 2165 528 2195 possunt,
542 2167 576 2187 an
587 2167 679 2187 eorum
695 2159 739 2194 qui
753 2158 860 2186 stantia
876 2158 963 2190 turba,
977 2163 1004 2185 et

217 2207 338 2234 ultimum
350 2211 458 2233 servant
478 2205 620 2233 ordinem?
633 2205 786 2232 Extremum
809 2212 922 2240 namque
944 2212 1003 2232 sor-

215 2249 313 2280 tientur
326 2252 435 2279 omnino
446 2272 453 2283 ,
470 2251 492 2278 si
505 2255 593 2278 tamen
608 2251 711 2285 possint
730 2257 761 2277 ea
777 2250 866 2276 omnia
894 2249 1005 2284 impedi-

216 2303 304 2326 menta
327 2302 517 2327 transcurrere,
542 2303 601 2330 qua:
628 2295 706 2322 modo
733 2295 931 2322 numeravimus
951 2303 958 2322 :
981 2295 1004 2322 si

215 2351 310 2379 nempe
324 2350 411 2378 neque
424 2350 496 2369 mors
506 2345 663 2376 prmmatura
674 2341 745 2376 ipsos
753 2341 907 2375 abripuerit,
918 2348 1004 2375 neque

215 2390 249 2417 ab
261 2396 342 2416 uxore
353 2392 442 2422 postea
469 2386 588 2422 impediti
604 2386 717 2418 fuerint,
733 2394 817 2421 neque
837 2391 876 2414 tot
895 2386 1004 2414 vulnera

214 2435 375 2469 acceperint,
392 2438 421 2460 ut
432 2441 481 2460 nec
495 2437 577 2460 totum
589 2432 732 2459 senectutis
742 2437 845 2467 tempus
855 2432 887 2459 ad
901 2432 943 2459 illa
956 2440 1003 2459 cu-

215 2479 294 2506 randa
309 2478 438 2511 sufﬁciat,
459 2482 486 2504 ct
505 2478 526 2504 si
545 2477 703 2504 sententiam
729 2477 829 2504 ﬁrmam
857 2484 963 2511 semper
977 2481 1004 2504 et

215 2525 351 2551 immotam
362 2527 479 2550 servent.
487 2522 553 2550 Cum
562 2522 632 2550 enim
643 2523 700 2550 lucc
711 2523 798 2549 omnia
808 2523 1000 2554 concurrerint,

216 2574 277 2596 tunc
290 2569 332 2596 vix
346 2574 464 2596 extrema
478 2569 645 2605 occupabunt
657 2569 724 2596 loca.
739 2569 874 2597 llorumne
884 2570 962 2605 igitur
969 2578 1003 2597 ex

215 2623 326 2642 uuuiero
338 2615 378 2642 vis
392 2622 451 2642 esse
463 2615 544 2642 ﬁlium
557 2621 641 2648 tuum,
652 2623 685 2642 an
697 2623 789 2642 corum
804 2616 848 2650 qui
859 2616 884 2642 in
897 2615 1002 2650 phalan-

214 2662 254 2697 gis
267 2661 354 2689 fronte
364 2661 520 2697 fulgebunt?
535 2661 630 2697 Ecquis
642 2683 648 2694 ,
667 2662 781 2697 inquit-5,
803 2663 836 2689 ita
855 2663 952 2696 miser,
974 2667 1003 2689 ut

214 2709 256 2736 illa
271 2709 369 2744 potius,
382 2717 461 2744 quam
477 2709 543 2741 haec,
555 2713 627 2744 optet
651 2709 709 2736 [iliis
733 2709 806 2736 suis?
821 2709 916 2736 Verum
939 2717 1003 2736 cou~

215 2755 380 2782 suetudinem
395 2759 536 2788 sectamur,
553 2760 579 2782 et
589 2754 646 2782 illos
656 2754 792 2782 nobiscum
801 2763 859 2786 esse
869 2755 999 2782 volumus.

240 2855 246 2870 '
264 2854 335 2882 savii.
349 2857 374 2880 et
383 2854 475 2885 March,
488 2858 549 2886 post,
560 2858 661 2886 atatem,
673 2854 771 2885 addunt,
783 2857 805 2879 et
812 2860 855 2885 per
865 2853 999 2879 tumultum.

557 141 586 170 S.
605 139 742 169 JOANNIS
759 136 994 167 CHRYSOSTOMI
1015 135 1174 164 ABCIIIEP.
1193 134 1463 164 CONSTANTINOP.

1782 135 1836 163 380

1047 192 1103 220 Hoc
1118 193 1203 228 ipsum
1219 198 1246 220 et
1259 199 1308 228 ego
1321 193 1399 227 cupio
1411 213 1418 225 ,
1434 200 1483 219 nec
1498 192 1586 219 minus
1608 196 1671 226 opto
1690 199 1768 226 quam
1790 201 1838 219 vos

1047 244 1181 273 parentes,
1191 243 1219 265 ut
1232 239 1258 265 in
1265 242 1401 273 paternam
1414 237 1523 265 redeant
1535 237 1642 264 domum
1656 241 1682 264 et
1694 237 1836 264 alimento-

1047 291 1107 312 rum
1121 283 1193 310 vices
1203 282 1357 318 parcntlbus
1372 282 1498 315 referant,
1515 283 1609 317 quibus
1618 281 1762 310 reddendis
1771 283 1838 310 vici-

1049 329 1098 356 bus
1111 328 1152 355 his
1166 327 1266 356 similes
1279 335 1420 363 numquam
1433 328 1567 362 reperiant
1580 336 1587 354 :
1601 335 1694 355 verum
1705 327 1756 355 hoc
1769 336 1840 356 nunc

1049 374 1082 401 ab
1096 374 1148 402 illis
1161 381 1213 401 non
1227 374 1373 409 exigamus.
1388 373 1527 408 Quomodo
1541 375 1612 401 enim
1625 374 1769 402 absurdqu
1786 381 1839 402 non

1049 419 1137 453 fuerit,
1154 420 1177 448 si
1189 427 1250 447 cum
1263 420 1296 447 ad
1307 419 1443 447 literarum
1458 427 1505 447 eos
1520 419 1606 446 studia
1620 419 1760 453 mittimus,
1776 420 1837 447 lou-

1049 472 1084 500 go
1098 472 1145 493 eos
1159 469 1279 500 tempore
1290 465 1373 500 patria
1388 472 1521 496 arcemus.
1536 469 1563 492 et
1575 465 1597 492 si
1613 470 1640 491 ut
1653 470 1737 492 artem
1748 473 1842 500 quam-

1049 511 1111 539 dam
1125 511 1317 543 mechanicam,
1327 516 1372 538 aut
1387 511 1465 538 aliam
1478 511 1597 538 viliorem
1610 511 1841 544 ediscant,domus

1052 558 1165 592 propriae
1176 558 1248 585 aditu
1264 557 1455 590 interdicimus,
1470 561 1497 584 ct
1510 557 1536 584 in
1546 557 1664 592 magistri
1674 557 1753 585 domo
1761 566 1840 592 pran-

1051 603 1115 630 dere
1128 607 1155 630 et
1169 603 1286 630 dormire
1296 603 1435 638 jubcmus;
1451 610 1511 630 cum
1527 607 1615 630 autem
1629 611 1682 630 non
1695 603 1838 630 humanam

1052 648 1193 683 quamdam
1219 648 1396 683 disciplinam,
1421 648 1466 676 sed
1486 647 1620 676 caelestem
1649 648 1840 683 philosophiam

1052 694 1147 721 adituri
1162 698 1232 727 sunt,
1243 694 1332 721 statim
1339 693 1657 729 retraltimus,anteqnam
1672 693 1697 721 id
1713 694 1757 721 ﬁat
1769 694 1839 729 qttod

1052 741 1193 776 optamus?
1205 742 1292 776 Atque
1302 741 1324 768 is
1337 741 1442 775 quidem
1452 762 1459 773 ,
1473 741 1517 775 qui
1530 748 1578 775 per
1597 746 1735 768 extensum
1753 740 1841 768 funem

1052 795 1160 815 currere
1173 787 1283 814 docetur
1293 808 1301 821 ,
1315 787 1359 814 diu
1374 787 1459 814 aberit
1471 787 1567 820 domo;
1581 794 1628 814 eos
1641 790 1740 820 autem,
1755 787 1799 821 qui
1810 794 1842 814 ex

1054 838 1123 861 terra
1148 833 1175 860 in
1198 833 1293 860 cadum
1319 833 1427 860 avolare
1449 833 1572 866 discunt,
1601 840 1661 860 cum
1687 833 1842 868 parentibus

1053 878 1223 906 claudemus?
1237 878 1304 911 Quid
1319 878 1369 906 hac
1379 879 1544 906 absurditate
1550 879 1698 914 possitesse
1708 878 1844 906 deterius?

1052 924 1145 951 Nonne
1156 924 1283 959 agricolas
1297 923 1401 957 videtis,
1415 924 1519 951 etiamsi
1533 923 1653 951 laborum
1663 924 1775 951 fructum
1785 931 1844 958 pcr-

1053 971 1141 1006 cipere
1152 970 1265 1005 gestiant
1277 990 1285 1003 ,
1299 970 1454 998 immaturos
1468 976 1556 998 tamen
1567 970 1627 998 illos
1639 977 1782 1006 numquam
1796 970 1843 998 de-

1053 1020 1154 1043 metere
1161 1015 1174 1042 ἲ

1089 1061 1146 1088 Mos
1161 1065 1214 1088 erat
1224 1061 1392 1088 adolescentes
1401 1061 1436 1087 ad
1450 1065 1548 1096 tempus
1560 1065 1657 1088 tantum
1671 1061 1697 1088 in
1711 1066 1838 1087 monaste-

1053 1108 1092 1134 rio
1105 1107 1204 1142 degere.
1218 1121 1254 1126 —
1266 1106 1337 1142 Ergo
1355 1113 1404 1134 nec
1419 1107 1488 1133 ﬁlios
1503 1111 1608 1134 nostros
1622 1113 1637 1133 a
1651 1106 1750 1133 deserti
1765 1113 1841 1133 com-

1053 1154 1202 1181 moratione
1226 1156 1288 1180 ante
1313 1157 1418 1188 tempus
1441 1152 1626 1185 abducamus;
1653 1152 1699 1179 sed
1726 1152 1844 1179 sinamus

1053 1199 1208 1234 disciplinas
1217 1199 1296 1225 altius
1306 1198 1422 1233 imprimi
1436 1203 1462 1225 et
1476 1198 1580 1233 plantas
1592 1197 1724 1225 radicibus
1735 1198 1842 1224 ﬁrmari.

1054 1245 1163 1273 Etiamsi
1179 1246 1283 1280 decem,
1299 1245 1403 1274 etiamsi
1423 1246 1514 1281 viginti
1533 1252 1618 1272 annos
1642 1245 1668 1272 in
1683 1244 1845 1271 monasterio

1053 1291 1087 1318 aﬁ
1101 1296 1233 1326 oporteat,
1248 1300 1282 1319 ne
1303 1292 1453 1324 turbentur,
1472 1298 1522 1318 nec
1541 1298 1658 1318 maerore
1679 1289 1844 1321 afﬁciantur;

1053 1342 1152 1371 quanto
1165 1338 1236 1365 enim
1251 1337 1351 1365 diutius
1364 1338 1388 1364 in
1404 1337 1544 1373 gymnasio
1558 1336 1757 1369 exercitabitur,
1772 1341 1845 1362 tanta

1053 1385 1169 1418 majores
1183 1384 1344 1419 adipiscetur
1359 1384 1439 1411 vires.
1457 1384 1511 1410 ian
1526 1383 1548 1410 si
1563 1383 1675 1418 placeat,
1691 1390 1724 1409 ne
1741 1387 1847 1416 tempus

1053 1431 1222 1464 deﬁniantus,
1240 1431 1288 1458 sed
1302 1431 1431 1458 terminus
1445 1431 1480 1458 sit
1499 1430 1543 1458 ille
1556 1434 1670 1462 tantum,
1691 1430 1735 1464 qui
1752 1429 1844 1456 insitos

1054 1477 1154 1504 fructus
1178 1477 1262 1512 possit
1282 1476 1314 1503 ad
1339 1476 1518 1503 maturitatem
1542 1475 1704 1510 perducere;
1731 1479 1847 1509 tuncque

1054 1522 1146 1550 redeat
1166 1531 1198 1550 ex
1221 1522 1376 1556 solitudine,
1400 1530 1452 1549 non
1473 1526 1562 1549 autem
1585 1526 1674 1549 antea.
1689 1521 1758 1548 Nihil
1774 1521 1846 1548 enim

1053 1569 1130 1596 nobis
1147 1568 1264 1603 proderit
1279 1569 1323 1596 illa
1343 1568 1476 1600 celeritas,
1494 1567 1544 1595 nisi
1564 1571 1594 1595 ut
1612 1567 1645 1594 ad
1666 1567 1845 1594 maturitatem

1054 1623 1197 1649 numquam
1220 1615 1369 1649 perveniat.
1383 1614 1432 1648 Qui
1453 1614 1524 1642 enim
1546 1619 1608 1640 ante
1630 1617 1735 1649 tempus
1750 1613 1845 1640 radicis

1053 1661 1178 1687 alimento
1189 1660 1351 1692 destituitur,
1365 1660 1386 1686 is
1395 1660 1513 1694 proiecto
1525 1667 1557 1686 ne
1569 1658 1728 1686 adveniente
1738 1658 1844 1693 quidem

1054 1710 1173 1740 tempore
1187 1706 1257 1732 utilis
1271 1706 1331 1732 crit.
1346 1704 1421 1738 Quod
1436 1709 1508 1732 utne
1522 1704 1635 1737 accidat,
1649 1703 1847 1738 separationem

1054 1752 1125 1778 illam
1139 1752 1272 1786 patienter
1290 1751 1424 1783 feramus;
1439 1758 1488 1778 nec
1503 1751 1590 1778 solum
1611 1758 1664 1777 non
1682 1757 1824 1785 urgeamus
1836 1771 1843 1782 ,

1053 1795 1101 1823 scd
1117 1796 1139 1823 si
1154 1800 1314 1830 praemature
1328 1795 1416 1823 redire
1435 1796 1533 1828 velint,
1557 1795 1744 1830 prohibeamus
1761 1804 1768 1822 :
1783 1803 1844 1830 per-

1054 1841 1151 1869 fectum
1165 1843 1234 1869 enim
1250 1846 1312 1869 tunc
1325 1842 1426 1869 lucrum
1442 1841 1551 1868 accedet
1564 1845 1590 1868 et
1603 1841 1671 1876 patri
1685 1846 1712 1868 et
1726 1841 1802 1868 matri
1819 1846 1845 1868 et

1053 1888 1143 1916 domui
1163 1893 1189 1915 et
1202 1888 1300 1916 civitati
1316 1893 1343 1915 et
1358 1888 1440 1924 genti.
1456 1888 1503 1915 Sin
1517 1895 1580 1915 Vero
1598 1888 1768 1922 imperfectus
1783 1888 1843 1914 red-

1054 1938 1106 1967 eat,
1123 1934 1250 1961 ridiculus
1260 1934 1321 1966 erit,
1334 1934 1439 1968 probris
1453 1933 1599 1968 expositus,
1611 1933 1723 1968 aliisque
1738 1934 1843 1960 noxius.
1859 1951 1862 1954 ι

1055 1980 1092 2007 Ne
1107 1980 1185 2015 igitur
1200 1979 1354 2007 detrimenti
1369 1979 1520 2014 huiusmodi
1536 1983 1657 2006 auctores
1671 1979 1763 2006 simus.
1778 1978 1844 2005 Nam

1055 2033 1114 2052 cum
1131 2033 1242 2060 peregre
1254 2025 1322 2052 filios
1334 2025 1474 2057 mittimus,
1489 2029 1551 2052 tunc
1561 2024 1668 2051 demum
1682 2024 1742 2050 illos
1754 2024 1844 2051 videre

1055 2070 1187 2103 volumus,
1211 2078 1270 2097 cum
1294 2069 1319 2097 id
1343 2069 1517 2105 perfecerinl,
1539 2069 1614 2104 cujus
1634 2076 1712 2096 causa
1735 2069 1844 2104 profecti

1056 2120 1134 2148 sunt;
1149 2115 1170 2143 si
1181 2120 1242 2143 ante
1253 2115 1374 2148 redeant,
1386 2123 1438 2142 non
1451 2119 1551 2142 tantum
1563 2122 1596 2142 ex
1607 2114 1692 2141 reditu
1704 2114 1846 2149 voluptatis

1055 2161 1184 2196 capimus,
1199 2167 1324 2196 quantum
1339 2170 1370 2188 ex
1385 2169 1417 2188 co
1432 2161 1565 2193 maeroris,
1578 2160 1845 2196 quodirustraredie-

1056 2207 1120 2234 riut.
1131 2207 1181 2239 Qui
1195 2207 1274 2241 igitur
1290 2215 1341 2234 non
1356 2214 1466 2234 summa:
1478 2207 1631 2234 stoliditatis
1643 2206 1731 2239 fuerit,
1745 2211 1843 2233 tantam

1057 2252 1082 2278 in
1096 2252 1276 2287 spiritualibus
1290 2260 1343 2280 non
1358 2252 1485 2280 adhibere
1499 2260 1600 2284 curam,
1617 2256 1743 2287 quantam
1759 2252 1786 2278 in
1797 2259 1846 2278 sm-

1056 2297 1208 2330 cularibus;
1228 2303 1307 2332 atque
1329 2298 1364 2324 ibi
1383 2297 1490 2332 quidem
1516 2297 1629 2324 ﬁliorum
1650 2297 1844 2332 separationem

1057 2349 1110 2371 tam
1132 2344 1315 2379 philosophice
1337 2343 1421 2377 ferre,
1443 2350 1471 2371 ut
1492 2351 1551 2371 eam
1573 2343 1766 2370 diuturniorem
1786 2350 1847 2370 esse

1057 2394 1188 2425 optemus,
1210 2391 1233 2417 si
1253 2390 1286 2417 de
1309 2390 1365 2417 utili
1385 2391 1509 2425 quopiam
1531 2394 1641 2424 agatur;
1666 2389 1708 2415 hic
1722 2396 1785 2416 vero
1807 2389 1844 2416 ita

1056 2437 1149 2464 molles
1164 2441 1191 2463 et
1203 2436 1292 2463 animo
1307 2435 1404 2463 fractos
1419 2443 1488 2469 esse,
1503 2443 1563 2463 cum
1579 2435 1615 2462 illi
1629 2434 1843 2470 proﬁciscuntur,

1056 2487 1084 2509 nt
1108 2482 1158 2510 hac
1182 2487 1272 2510 nostra
1299 2482 1516 2517 pusillanimitatc
1541 2481 1622 2509 multa
1644 2489 1847 2517 corrumpantus

1056 2529 1125 2556 bona
1142 2538 1148 2556 :
1163 2534 1191 2556 et
1203 2529 1260 2556 haec
1273 2536 1333 2556 cum
1349 2529 1424 2564 plura
1437 2529 1530 2556 solatia
1547 2528 1701 2560 habeamus,
1718 2536 1771 2556 non
1788 2532 1845 2555 tan-

1057 2579 1121 2607 tum,
1138 2574 1208 2610 quod
1228 2575 1265 2602 illi
1286 2575 1318 2601 ad
1336 2575 1435 2609 majora
1451 2582 1480 2602 se
1493 2574 1642 2606 conferant,
1658 2579 1684 2601 et
1701 2575 1779 2602 tinem
1794 2575 1846 2601 sint

1057 2627 1166 2654 prorsus
1181 2620 1360 2654 asscqnuturi,
1377 2619 1518 2654 nullusque
1533 2619 1589 2653 spei
1604 2619 1708 2646 futurus
1722 2619 1844 2650 sitobex,

1056 2665 1102 2693 scd
1116 2666 1195 2693 ctiam
1207 2665 1277 2700 quod
1288 2666 1321 2692 ad
1336 2666 1419 2700 ipsam
1431 2666 1624 2700 scparatiouem
1639 2666 1769 2700 pertinet?
1781 2665 1846 2693 Nam

1055 2712 1077 2738 si
1099 2711 1338 2745 peregrinationem
1355 2711 1391 2738 illi
1408 2711 1578 2746 longinquam
1594 2711 1777 2746 susceperint,
1793 2719 1845 2738 non

1056 2757 1132 2785 facile
1153 2762 1192 2784 cst
1209 2758 1267 2784 illos
1285 2757 1440 2791 convenire,
1463 2766 1522 2785 cum
1539 2758 1654 2785 maxime
1674 2763 1798 2792 parentes
1812 2758 1844 2785 ad

1056 2808 1219 2831 senectutem
1234 2804 1422 2838 pervenerint;
1446 2803 1488 2831 hic
1507 2809 1596 2831 autem
1617 2804 1677 2831 illos
1693 2803 1845 2838 frequenter

1055 2849 1128 2876 adire
1143 2848 1213 2876 licet.
1228 2848 1254 2876 ld
1269 2856 1332 2884 ergo
1347 2849 1485 2883 faciamus,
1500 2858 1559 2877 cum
1574 2849 1610 2876 illi
1623 2849 1739 2877 nondum
1753 2849 1785 2877 ad
1798 2856 1845 2877 nos
