2058 3116
190 131 241 160 581

182 189 377 225 ἀγαπωμένων
393 189 472 225 μόνον
486 190 600 217 παιδίων
615 190 862 226 εύφρανθησόμεοα
872 211 879 222 ,
900 191 969 218 ἀλλά
983 192 1030 219 καὶ

184 233 262 259 αὐτοὶ
273 233 307 260 τὰ
324 233 440 269 μέγιστα
463 234 676 269 καρπωσάμενοι
691 233 759 269 πρὸς
779 234 828 269 τὴν
843 234 933 261 οὶκίαν
948 236 1032 262 ἐπαν-

185 277 299 313 ήξομεν,
329 278 459 310 πολλάκις
477 278 505 305 δέ
519 279 611 311 αὐτοῖς
625 285 637 300 ι
655 279 702 306 καὶ
726 279 940 315 παραμενοῦμεν
959 280 1033 307 ἁλόν-

187 329 233 353 τες
249 322 287 357 τῷ
300 322 351 357 τῆς
363 322 521 358 φιλοσοφίας
535 322 626 358 ἔρωτι.
636 323 702 349 Τότε
719 321 766 350 οὖν
780 323 880 355 αὐτοὺς
893 324 1030 360 καλῶμεν,
1042 348 1047 356 ,

187 366 254 392 ὅταν
268 366 373 402 ἰσχυροὶ
383 366 524 401 γένωνται,
539 367 587 393 καὶ
602 367 711 402 ἐτέρους
723 364 772 393 οἶοί
785 376 814 394 τε
826 365 892 395 ὦσιν
906 368 1031 403 ὠφελεῖν·

188 409 250 436 τότε
275 410 374 442 αὐτοὺς
390 410 514 445 ἕλκωμεν
538 410 618 445 μόνον
632 431 639 443 ,
657 410 728 437 ὥστε
751 411 841 437 κοινὸν
862 410 989 445 γενέσθαι
1003 412 1033 439 τὸ

188 453 248 489 φῶς
259 474 266 485 ,
283 453 353 480 ὥστε
367 455 413 481 ἐπὶ
432 455 482 489 τῆς
496 454 608 490 λυχνίας
620 454 732 489 τεθῆναι
750 455 794 481 τὸν
813 455 908 490 λύχνον
920 456 943 482 b.
965 455 1033 482 Τότε

188 497 289 532 ὄψεσθε
313 498 393 525 τίνων
419 499 469 534 μὲν
495 499 597 526 παίδων
617 500 735 535 πατέρες
758 500 853 534 ὑμεῖς,
872 500 952 527 τίνων
965 500 994 527 δέ
1009 501 1033 527 οξ

189 541 406 578 μακαριζόμενοι
430 543 495 578 παρ’
514 542 592 578 ὑμῶν
606 550 612 557 ”
629 542 689 569 τότε
707 543 813 570 εἴσεσθε
831 543 907 580 [HO]
928 544 978 580 τῆς
990 553 1035 579 φι-

191 585 320 620 λοσοφίας
331 586 366 613 τά
381 586 549 622 κέρδη,ὄταν
565 586 753 622 θεραπεύωσιν
768 587 929 624 ἀνθρώπους
938 589 1036 617 ἀνίατα

191 631 339 662 νοσοῦντας
363 632 524 666 νοσήματα,
549 631 613 659 ὅταν
645 631 682 666 ὡς
707 632 851 668 εὐεργέται
878 632 963 659 κοινοὶ
988 633 1036 659 καὶ¹

192 674 345 710 προστάται
363 675 410 702 καὶ
427 675 550 710 σωτῆρες
569 675 810 711 ἀνακηρύττωνται
821 696 827 708 ,
851 677 915 703 ὅταν
931 677 969 708 ὡς
984 677 1036 711 ἅγ-

192 719 266 752 γελοι
281 720 337 751 τοῖς
363 719 409 746 ἐπὶ
432 720 483 754 γῆς
511 718 664 755 ἀνθρώποις
692 720 930 756 συμπεριπολῶσιν
944 741 951 752 ,
972 721 1037 748 ὅταν

194 762 270 797 παρὰ
286 762 395 789 πάντων
411 762 619 790 ἀποϐλέπωνται
629 770 635 777 ·
655 763 756 798 μᾶλλον
770 764 798 790 δέ
811 764 880 799 ὅπερ
899 763 933 790 ἂν
953 764 1038 790 είπωο

191 813 262 840 μεν,
278 806 352 833 οὐδὲν
369 806 507 839 τοιοῦτον,
529 804 585 834 οἷον
602 812 613 827 ε
635 807 682 834 ἐπὶ
706 807 756 842 τῆς
775 808 873 843 πείρας
891 807 977 841 αὐτῆς
991 807 1038 834 καὶ

193 849 248 876 τῶν
275 849 447 885 πραγμάτων
476 850 550 876 ἐστιν
566 850 640 877 ἰδεῖν.
658 850 753 878 Ταῦτα
772 851 819 877 καὶ
838 851 902 882 τοὺς
926 850 1038 885 νομοθέ-

193 901 243 924 τας
258 892 311 919 ἔδει
328 895 431 926 ποιεῖν,
447 894 473 920 εῖ
483 902 509 920 τι
525 894 578 922 τῶν
594 894 708 921 δεόντων
723 895 842 929 ἐγίνετο,
859 896 908 921 οὐκ
924 894 1038 930 ἀνδράσι

194 937 351 972 γενομένοις
368 939 419 969 τοῖς
433 938 502 969 νέοις
515 938 743 965 ἐπανατείνασθαι
756 938 854 973 φόϐους
867 959 874 971 ,
893 937 962 965 ἀλλά
975 940 1039 965 παῖ-

194 980 243 1012 δας
259 981 338 1013 ὄντας
353 981 495 1017 ρυθμίζειν
515 983 562 1008 καὶ
581 982 772 1009 διαπλάττειν-
791 983 838 1009 καὶ
857 983 907 1009 οὐκ
928 982 961 1009 ἃν
983 982 1039 1010 τῶν

159 1021 161 1024 ’
197 1024 268 1059 μετά
281 1024 367 1052 ταῦτα
386 1026 495 1060 ἐδέησεν
517 1026 647 1053 ἀπειλῶν.
673 1026 740 1053 Νυνὶ
763 1026 792 1053 δέ
816 1026 900 1053 ταυτὺ
923 1027 1038 1060 γίνεται,

195 1067 290 1104 ὥσπερ
303 1068 336 1096 ἂν
353 1069 436 1101 εἴτις
454 1071 544 1106 ίατρδς
564 1070 721 1097 ἀσθενοῦντι
737 1070 786 1106 μὲν
797 1070 837 1106 τῷ
851 1070 982 1106 κάμνοντι
1000 1071 1039 1107 μὴ

195 1113 263 1149 λέγῃ
283 1113 385 1148 μηδὲν,
405 1114 474 1149 μήτε
500 1114 627 1151 δεικνύῃ,
652 1114 685 1141 δι’
713 1111 751 1142 ὧν
780 1115 929 1147 ἀπαλλάξοι
950 1113 964 1134 ἀ
990 1116 1040 1151 τῆς

196 1157 292 1190 νόσου,
308 1157 484 1194 διαφθαρέντι
500 1158 528 1186 δέ
545 1159 592 1185 καὶ
607 1159 724 1191 ἀνιάτως
745 1158 833 1194 ἔχοντι
851 1160 964 1196 μυρίους
977 1160 1039 1196 τιθῇ

197 1201 296 1237 νόμους
317 1202 419 1229 λοιπόν.
440 1203 496 1230 Καὶ
521 1204 576 1239 γὰρ
600 1204 624 1229 οἱ
650 1202 796 1238 νομοθέται
818 1203 878 1230 τότε
902 1204 1040 1238 παιδαγω-

197 1245 291 1279 γοῦσιν
317 1246 407 1282 ἡμᾶς,
426 1246 490 1273 ὅταν
507 1246 720 1282 διαστραφέντες
735 1246 872 1282 τύχωμεν.
899 1246 968 1273 Ἀλλ’
991 1247 1041 1282 οὐχ

197 1289 212 1315 ὸ
234 1289 339 1321 Παῦλος
353 1289 455 1322 οὕτως,
470 1289 528 1316 ἀλλ’
554 1290 583 1322 ἐξ
609 1290 698 1326 ἀρχῆς
723 1290 771 1317 καὶ
791 1291 819 1316 ἐν
837 1290 930 1326 ἡλικίᾳ
944 1291 1041 1328 πρώτῃ

198 1334 261 1366 τοὺς
274 1334 448 1366 διδασκάλους
465 1335 557 1367 αὐτοῖς
572 1336 699 1371 ἐφίστησι
721 1336 769 1371 τῆς
793 1336 910 1372 ἀρετῆς,
928 1337 1041 1364 κωλύων

198 1377 364 1405 ἐπεισελθεῖν
374 1383 386 1398 °
400 1379 449 1414 τὴν
464 1379 573 1406 κακίαν.
592 1379 666 1415 Αὕτη
682 1379 736 1415 γὰρ
753 1379 852 1414 ἀρίστη
870 1380 1040 1412 διδασκαλία,

199 1420 252 1454 οὺ,
276 1422 506 1458 συγχωρήσαντας
539 1423 670 1459 πρότερον
697 1423 888 1458 περιγενέσθαι
915 1424 963 1460 τὴν
992 1433 1041 1452 πο-

199 1465 298 1502 νηρίαν
311 1486 319 1498 ,
340 1465 453 1502 ὕστερον
479 1466 572 1502 ζητεῖν
588 1468 661 1498 ὅπως
678 1467 763 1503 αὐτὴν
781 1467 968 1504 ἐξελάσωμεν,
985 1469 1041 1495 ἁλλ’

200 1508 308 1536 ἅπαντα
324 1512 410 1537 ποιεῖν
425 1511 472 1537 καὶ
496 1510 740 1547 πραγματεύεσθαι
753 1532 759 1544 ,
773 1510 843 1538 ὥστε
859 1511 958 1539 ἄϐατον
972 1512 1040 1548 αὐτῇ

200 1554 327 1588 γενέσθαι
352 1555 401 1590 τὴν
421 1554 501 1590 φύσιν
522 1554 572 1591 τὴν
598 1555 748 1590 ἡμετέραν.
771 1555 818 1581 Διὸ
840 1555 982 1591 παραινῶ,
1005 1555 1042 1591 μὴ

203 1598 283 1633 μόνον
298 1598 408 1634 ἐτέρους
430 1599 611 1634 βουλομένους
629 1598 708 1625 τοῦτο
722 1600 808 1626 ποιεῖν
825 1600 958 1632 κωλύειν,
975 1600 1044 1628 ἀλλά

202 1642 249 1668 καὶ
262 1643 360 1674 αὐτοὺς
376 1643 672 1678 συναντιλαμϐάνεσθαι
685 1664 692 1676 ,
705 1643 753 1670 καὶ
768 1643 864 1675 σώζειν
877 1644 907 1670 τὸ
925 1644 1041 1679 σκάφος,

203 1686 250 1712 καὶ
265 1687 484 1722 παρασκευάζειν
501 1687 529 1720 ἐξ
551 1688 644 1723 οὐρίας
661 1688 747 1715 πλεῖν.
765 1689 819 1714 Καὶ
835 1688 889 1723 γὰρ
904 1689 929 1715 εἰ
942 1689 1043 1724 ταύτην

202 1727 274 1766 ἦμεν
289 1732 389 1763 πάντες
404 1731 598 1766 ἀναδεξάμενοι
620 1731 669 1767 τὴν
691 1731 821 1766 γνώμην,
846 1732 894 1758 καὶ
915 1732 967 1767 πρὸ
990 1732 1044 1759 τῶν

203 1775 292 1803 ἄλλων
307 1776 436 1803 ἁπάντων
459 1776 499 1808 είς
521 1776 623 1812 ἀρετὴν
637 1776 736 1807 αὐτοὺς
760 1777 877 1812 ἤγομεν,
899 1777 979 1804 τοῦτο
995 1777 1044 1812 μὲν

203 1818 301 1855 ἔργον,
321 1820 355 1846 τὰ
379 1820 408 1847 δέ
424 1819 491 1847 ἄλλα
513 1819 670 1855 νομίζοντες
685 1820 810 1856 πάρεργα
825 1818 911 1853 εἶναι,
926 1821 1044 1848 τοσαῦτα

204 1863 317 1899 ἔμελλεν
339 1861 407 1890 εἶναι
426 1864 460 1891 τὰ
475 1863 566 1898 ἀγαθὰ
577 1884 583 1894 .
598 1864 649 1891 ὅσα
666 1863 713 1890 νῦν
741 1864 791 1899 μὲν
809 1864 896 1900 λέγων
917 1866 964 1893 καὶ
979 1866 1045 1893 ἀλα-

204 1906 363 1940 ζονεύεσθαι
374 1907 453 1940 δόξω.
473 1909 504 1935 El
515 1908 542 1935 δέ
559 1909 630 1935 θέλοι
642 1917 684 1941 τις
700 1909 804 1943 μαθεῖν,
823 1909 938 1936 ἐπὶτῶν
959 1909 1046 1945 ἔργων

204 1952 308 1978 εἵσεται
327 1952 434 1984 καλῶς,
447 1953 494 1979 καὶ
506 1952 606 1988 πολλὴν
631 1953 680 1988 μὲν
697 1954 762 1988 ἡμῖν
778 1953 939 1989 ὁμολογήσει
954 1954 1045 1989 χάριν,

206 1996 307 2032 πολλὴν
325 1996 354 2023 δὲ
371 1996 424 2032 πρὸ
438 1997 517 2032 ἡμῶν
533 1996 573 2033 τῷ
595 1997 668 2033 Θεῷ,
693 1997 896 2032 βλαστάνουσαν
912 1994 983 2034 ὁρῶν
1000 1999 1047 2025 ἐπὶ

206 2041 256 2076 τῆς
272 2041 324 2075 γῆς
342 2040 390 2076 τὴν
407 2041 436 2068 ἐν
453 2041 578 2076 οὐρανοῖς
595 2042 750 2075 πολιτείαν,
771 2043 818 2069 καὶ
831 2043 895 2075 τοὺς
911 2043 966 2071 τῶν
982 2043 1047 2078 μελ-

205 2083 304 2111 λόντων
328 2084 456 2119 ἀγαθῶν,
482 2086 528 2113 καὶ
545 2086 607 2118 τοὺς
626 2086 674 2122 τῆς
691 2086 867 2118 ἀναστάσεως
884 2086 981 2121 λόγους
1003 2088 1048 2114 ὲν-

205 2128 302 2155 τεῦοεν
315 2128 364 2164 ἤδη
376 2129 573 2164 πιστουμένους
582 2150 589 2162 ,
600 2130 646 2157 καὶ
662 2131 726 2166 παρ’
735 2131 825 2162 αὺτοῖς
842 2132 898 2162 τοῖς
912 2131 1047 2164 ἀπίστοις.

243 2172 286 2200 ιϐ’.
307 2172 361 2200 Καὶ
376 2173 417 2199 ὅτι
432 2173 462 2199 ού
475 2173 579 2208 κόμπος
597 2174 683 2201 ταῦτα
695 2175 775 2209 δῆλον
789 2174 905 2202 ἐκεῖθεν
919 2175 982 2202 ὅταν
994 2175 1048 2212 γὰρ

207 2216 300 2249 αὐτοῖς
327 2216 377 2252 τὴν
400 2217 536 2245 πολιτείαν
566 2218 691 2254 λέγωμεν
717 2218 772 2245 τῶν
796 2219 825 2245 ἐν
852 2220 913 2251 ταῖς
935 2220 1049 2255 ἐρήμοις

207 2261 303 2292 ὄντων,
318 2259 387 2297 πρὸς
400 2260 449 2296 μὲν
461 2262 564 2297 ταύτην
575 2262 651 2289 οὐδὲν
664 2262 770 2298 ἔχουσιν
783 2263 932 2296 ἀντειπεῖν,
940 2263 1049 2291 δοκοῦσι

206 2305 235 2333 δὲ
256 2306 442 2342 ἰσχυρίζεσθαι
465 2308 513 2335 καὶ
537 2308 699 2343 φιλονεικεῖν
721 2309 754 2344 τῇ
771 2308 825 2336 τῶν
840 2309 1050 2345 κατορθούντων

207 2350 354 2387 ὀλιγότητι.
369 2352 402 2378 Εἰ
412 2352 440 2379 δὲ
452 2353 482 2378 ἐν
500 2354 561 2384 ταῖς
574 2352 667 2379 πόλεσι
683 2352 728 2379 τὸν
742 2353 848 2389 καρπὸν
860 2354 1051 2390 ἐφυτεύσαμεν

207 2395 303 2423 τοῦτον
317 2415 324 2427 ,
352 2397 400 2423 καὶ
424 2396 507 2432 νόμον
531 2396 592 2423 τινὰ
612 2396 659 2423 καὶ
684 2397 771 2432 ἀρχὴν
797 2398 832 2424 τὰ
853 2399 902 2433 τῆς
925 2399 1050 2432 εὐταξίας

208 2438 288 2466 ἐλαϐε
298 2461 306 2472 ,
321 2441 368 2467 καὶ
391 2441 454 2472 τοὺς
470 2441 568 2472 παῖδας
583 2441 636 2477 πρδ
650 2440 704 2468 τῶν
719 2441 806 2468 ἄλλων
826 2442 952 2470 ἁπάντων
969 2443 1049 2470 ἐπαι-

208 2483 321 2519 δεύομεν
340 2484 434 2518 φίλους
452 2483 522 2511 εἶναι
537 2485 575 2520 τῷ
589 2485 665 2520 Θεῷ,
686 2485 732 2512 καὶ
750 2486 785 2512 τὰ
810 2487 982 2522 πνευματικὰ
998 2487 1051 2514 ἐδι-

208 2528 346 2563 δάσκομεν
365 2529 516 2564 μαθήματα
533 2529 593 2556 ἀντὶ
603 2530 658 2556 τῶν
667 2529 755 2557 ἄλλων
769 2531 816 2557 καὶ
828 2531 881 2567 πρὸ
895 2531 950 2558 τῶν
963 2531 1050 2559 ἄλλων

209 2572 338 2601 ἁπάντων
349 2592 357 2603 .
377 2572 466 2600 πάντα
480 2573 514 2600 ἂν
527 2573 687 2610 ἀπεπήδησε
708 2574 743 2602 τὰ
761 2575 871 2611 λυπηρὰ
889 2575 912 2607 ί,
929 2575 976 2602 καὶ
1000 2585 1051 2612 μυ-

210 2616 276 2653 ρίων
290 2616 437 2652 ἀπηλλάγη
451 2617 544 2644 κακῶν
563 2618 577 2644 ὁ
594 2617 649 2653 βίος
666 2620 680 2646 ὁ
695 2618 807 2655 παρὼν,
824 2620 871 2646 καὶ
888 2619 901 2646 ὃ
916 2620 980 2655 περὶ
1002 2621 1049 2655 τῆς

211 2660 363 2697 μελλούσης
372 2660 480 2695 λέγεται
494 2661 581 2698 ζωῆς,
593 2663 632 2690 ὃτι
644 2663 748 2700 ἀπέδρα
760 2664 840 2700 ὀδύνη
856 2665 903 2691 καὶ
916 2664 988 2700 λύπη
1004 2665 1051 2692 καὶ

241 2732 254 2746 ⁸
265 2732 319 2758 Duo
329 2739 388 2758 mss.
399 2732 493 2761 αὐτούς.

239 2762 324 2798 b__Du_o
336 2770 395 2788 mss.
413 2767 439 2788 et
450 2763 523 2798 Savil.
539 2764 563 2798 il}
582 2767 652 2790 textu
662 2766 756 2795 τεθῆναι
767 2766 808 2790 τὸν
819 2765 912 2798 λύχνον.
927 2765 1012 2791 ﬂore].
1025 2768 1052 2790 et

210 2793 285 2827 Sam.
301 2795 327 2819 in
337 2801 415 2826 marg.
427 2797 523 2827 τεθῆναι
537 2796 565 2820 τὸ
575 2797 633 2827 φῶς.

242 2826 254 2859 ξ
266 2826 321 2859 Quo
333 2825 514 2850 ωεςξτοιοῦτον
525 2825 624 2859 ἐροῦμεν
636 2828 694 2851 οἷον.

241 2855 256 2875 d
270 2856 327 2889 Quo
343 2863 401 2881 mss.
413 2861 440 2882 cl
449 2858 506 2882 Sav.
519 2855 544 2882 iu‘
557 2855 624 2889 ωσι-ε
635 2859 800 2886 ἀπαλλάξεται.

243 2892 256 2920 9
267 2886 309 2920 Sic
324 2895 411 2912 omnes
423 2892 514 2919 prwler
526 2886 621 2913 Morel:
625 2889 667 2920 qui
681 2889 754 2914 habet
768 2890 878 2914 ἐπελθεῖν,

244 2918 255 2939 f
267 2918 308 2951 εἰς
319 2926 407 2944 omnes
418 2918 510 2950 praeter
527 2920 611 2944 Morel.
633 2918 675 2950 ἓιυί
697 2921 733 2945 sic
747 2921 829 2951 habet,
845 2921 957 2946 ἁπάντων
973 2921 1049 2948 ταῦτα

213 2949 374 2982 (παιδεύομεν.
385 2949 461 2976 πάντα
471 2951 498 2975 ἂν
511 2951 648 2980 ἀπεπήδησε
660 2951 687 2974 τὰ
700 2952 801 2982 λυπηρά.

584 135 612 161 δ.
634 131 778 164 JOANNIS
798 131 1049 165 CHRYSOSTOMI
1073 131 1234 161 ARCHIEP.
1256 132 1532 161 CONSTANTINOP.

1872 133 1924 161 38?.

1085 192 1236 227 στεναγμὸς
1246 212 1254 224 ,
1270 190 1395 218 ἐντεῦθεν
1409 190 1441 219 ἂν
1461 190 1684 226 ἐκαρπωσάμεθα
1699 190 1806 222 πάντες.
1826 191 1857 217 Εἰ
1874 191 1924 227 γὰρ

1086 237 1154 272 μήτε
1166 235 1330 272 χρημάτων,
1355 235 1423 271 μήτε
1437 234 1515 270 δόξης
1541 234 1610 270 ἔρως
1635 235 1708 270 ἡμᾶς
1722 234 1807 270 είσῄει
1830 235 1924 270 κενῆς,

1085 281 1154 316 μήτε
1167 280 1281 308 θάνατον
1297 280 1454 316 ἐδεδίειμεν,
1471 279 1509 315 μὴ
1527 280 1622 306 πενίαν
1633 299 1641 311 ,
1666 279 1704 316 μὴ
1718 279 1749 306 τὸ
1765 279 1857 311 κακῶς
1873 288 1924 307 πα-

1085 324 1141 351 θεῖν
1156 324 1258 360 βλάϐην
1272 324 1412 360 ἡγούμεθα
1424 345 1431 357 ,
1460 323 1529 350 ἀλλὰ
1544 325 1591 351 καὶ
1612 324 1707 358 κέρδος
1724 323 1851 359 μέγιστον
1864 345 1871 357 ,
1889 324 1924 359 μὴ

1084 368 1301 404 ἀπεχθάνεσθαι,
1319 368 1355 404 μὴ
1372 369 1461 403 μισεῖν
1473 367 1593 403 ᾔδειμεν,
1603 367 1658 394 οὒτ’
1672 367 1704 394 ἂν
1718 368 1770 394 ὑπὸ
1781 368 1836 395 τῶν
1853 368 1925 395 ἰδίων

1085 412 1195 444 παθῶν,
1208 410 1263 438 οὔτ’
1278 412 1312 438 ἂν
1328 412 1380 438 ὑπὸ
1391 411 1445 439 τῶν
1459 411 1607 447 ἀλλοτρίων
1622 406 1832 447 ἐπολεμήθημέν
1850 419 1925 442 ποτε,

1086 456 1143 482 ἀλλ’
1158 456 1247 482 αὐτῶν
1269 455 1324 482 τῶν
1344 455 1468 489 ἀγγέλων
1488 455 1572 489 ἐγγὺς
1589 455 1622 481 ἂν
1650 455 1681 482 τὸ
1699 455 1755 482 τῶν
1776 455 1926 491 ἀνθρώπων

1086 499 1194 534 ἐγένετο
1204 500 1291 534 γένος.
1311 499 1386 535 [111]
1404 499 1460 525 Καὶ
1481 499 1524 531 τίς
1543 498 1695 534 ἀνθρώπων
1712 499 1799 526 ταῦτα
1821 499 1927 534 κατώρ-

1087 543 1168 575 θωσε,
1187 544 1283 579 φησίνς
1298 544 1417 575 Είκότως
1432 544 1558 575 ἀπιστεῖς
1572 563 1579 575 ,
1596 543 1643 570 ἂτε
1663 543 1692 570 ἐν
1710 543 1820 570 πόλεσιν
1834 543 1926 576 οἰκῶν,

1087 587 1136 614 καὶ
1150 589 1211 619 ταῖς
1231 587 1318 619 θείαις
1340 587 1442 622 βίϐλοις
1466 586 1515 622 οὐχ
1536 586 1699 622 ὡμιληκώς·
1715 587 1739 613 εί
1761 587 1789 613 δὲ
1807 583 1853 614 καὶ
1864 587 1926 619 τοὺς

1087 631 1116 657 ἐν
1128 633 1191 662 ταῖς
1215 631 1327 666 ἐρήμοις
1348 631 1442 663 ὄντας,
1458 631 1505 658 καὶ
1524 631 1588 662 τοὺς
1603 632 1631 658 ἐν
1646 631 1706 662 ταῖς
1730 632 1928 665 πνευματικαῖς

1088 675 1190 710 βίϐλοις
1211 676 1373 711 γενομένους
1394 675 1478 702 πάλαι
1492 675 1623 709 ὲγνὼκεις
1635 694 1642 706 ,
1659 674 1760 710 ἔμαθες
1777 674 1810 702 ἃν
1825 675 1866 701 ὅτι
1881 675 1928 701 καὶ

1087 719 1112 746 οἱ
1128 719 1241 754 μοναχοὶ
1254 739 1261 750 ,
1281 719 1329 746 καὶ
1345 720 1370 745 οἱ
1389 719 1441 755 πρὸ
1461 719 1564 746 τούτων
1587 719 1749 751 ἀπόστολοι,
1764 719 1812 746 καὶ
1827 719 1853 746 οἱ
1875 718 1929 754 πρὸ

1088 762 1201 790 ἐκείνων
1221 764 1320 792 δίκαιοι
1342 764 1412 800 μετὰ
1430 763 1572 800 ἀκριϐείας
1587 764 1696 799 ἀπάσης
1707 764 1757 800 τὴν
1771 763 1928 798 φιλοσοφίαν

1088 806 1260 840 ἐπεδείξαντο
1276 808 1388 844 ταύτην.
1400 809 1459 835 Ἵνα
1472 808 1500 835 δέ
1514 817 1555 835 σοι
1567 808 1605 844 μὴ
1619 808 1826 843 φιλονεικῶμεν,
1839 808 1928 843 δῶμεν

1087 852 1143 879 τῶν
1161 853 1295 889 δευτέρων
1313 853 1329 889 ἢ
1355 853 1454 890 τρίτων
1468 854 1515 880 ἀπ’
1536 853 1647 881 ἐκείνων
1662 853 1789 887 γενέσθαι
1812 853 1858 880 τὸν
1873 853 1929 879 υίὺν

1088 893 1134 920 τὸν
1150 894 1195 921 σόν
1206 902 1213 910 ·
1234 894 1295 921 οὑδέ
1317 895 1371 930 γάρ
1395 894 1467 922 οὕτω
1488 895 1594 931 μικρῶν
1610 895 1794 922 ἀπολαύσεται
1810 894 1928 928 ἀγαθῶν.

1089 938 1127 964 Οὐ
1140 938 1236 973 φθάνει
1253 939 1321 974 πρὸς
1331 939 1435 974 Πέτρον
1449 938 1536 965 ἐλθεῖν
1549 958 1556 972 ,
1571 939 1632 966 οὐδὲ
1658 938 1763 965 Παῦλον
1774 958 1782 971 ,
1799 937 1856 966 ἀλλ’
1871 937 1930 964 ούδέ

1088 982 1217 1016 γενέσθαι
1231 983 1322 1011 αὐτῶν
1336 982 1420 1017 ἐγγύς
1430 991 1437 998 ·
1449 983 1493 1011 διὰ
1505 983 1584 1010 τοῦτο
1595 981 1642 1010 οὖν
1657 983 1740 1010 αὐτὸν
1750 984 1798 1010 καὶ
1807 982 1858 1018 τῆς
1873 982 1932 1018 μετ’

1089 1026 1210 1059 ἐκείνους
1223 1027 1445 1063 ἀποστερήσομεν
1456 1027 1556 1062 τιμῆςς
1569 1027 1673 1054 Ταυτὺν
1685 1026 1739 1063 γὰρ
1750 1027 1837 1058 ποιεῖς
1846 1026 1931 1053 ταῦτα

1089 1069 1177 1105 λέγων
1187 1091 1194 1104 ,
1216 1071 1254 1103 ὼς
1274 1071 1306 1098 ἂν
1328 1072 1352 1098 εἰ
1365 1071 1474 1105 ἔλεγες·
1487 1071 1597 1106 Ἐπειδὴ
1614 1071 1686 1097 λίθον
1701 1070 1792 1106 τίμιον
1805 1070 1931 1105 γενέσθαι

1090 1115 1140 1141 ούκ
1153 1115 1203 1145 ἔνι,
1218 1115 1324 1150 μενέτω
1340 1115 1448 1151 σίδηρος
1459 1114 1509 1146 ὢν,
1525 1115 1573 1142 καὶ
1588 1115 1657 1151 μήτε
1670 1114 1790 1150 ἀργυρος
1800 1114 1931 1148 γενέσθω,

1093 1160 1161 1195 μήτε
1188 1160 1298 1195 χρυσός.

1131 1204 1181 1230 Διά
1209 1204 1237 1230 τί
1270 1204 1324 1240 γὰρ
1354 1204 1391 1240 μὴ
1426 1204 1472 1232 καὶ
1502 1205 1530 1231 ἐν
1563 1205 1621 1236 τοῖς
1652 1203 1752 1237 ἔξωθεν
1788 1204 1934 1240 πράγμασι

1091 1247 1186 1274 τοῦτον
1208 1248 1280 1283 ἔχεις
1297 1248 1344 1275 τὸν
1368 1247 1511 1284 λογισμὸν,
1526 1247 1594 1275 ἀλλὰ
1618 1248 1664 1275 τὸν
1681 1248 1803 1276 ἐναντίον
1827 1249 1932 1284 «co-31:00;

1092 1291 1146 1318 Καὶ
1180 1291 1234 1326 γὰρ
1267 1292 1313 1318 ἐπὶ
1339 1291 1426 1326 λόγων
1461 1291 1582 1327 μάθησιν
1610 1292 1726 1327 πέμπων
1754 1293 1784 1324 ε,
1808 1292 1839 1318 ού
1868 1292 1935 1319 ιι-τάν⁵

1091 1343 1144 1366 τως
1165 1335 1245 1362 αὑτὸν
1271 1335 1317 1361 ἐπὶ
1342 1336 1397 1367 τοῖς
1424 1335 1519 1372 ἄκροις
1544 1335 1656 1370 δψεσθαι
1683 1335 1852 1371 προσδοκᾷς,
1877 1335 1935 1363 ἀλλ’

1092 1379 1167 1414 ὅμως
1192 1379 1222 1405 οὐ
1244 1378 1288 1406 διὰ
1305 1379 1391 1406 ταῦτα
1417 1379 1535 1413 ἀπάγεις
1550 1379 1600 1414 τῆς
1625 1379 1689 1414 περὶ
1703 1378 1788 1405 ταῦτα
1803 1379 1936 1414 σπουδῆς,

1092 1422 1161 1448 ἀλλὰ
1182 1423 1270 1449 πάντα
1288 1422 1402 1458 πληροῖς
1424 1423 1458 1450 τὰ
1475 1423 1551 1459 παρά
1573 1422 1689 1454 σαυτοῦ,
1709 1422 1852 1458 ἀγαπητὸν
1869 1420 1939 1449 εἶναι

1092 1466 1220 1502 νομίζων,
1234 1467 1266 1493 ἂν
1280 1467 1404 1502 πέμπτον
1422 1467 1438 1502 ἢ
1452 1467 1565 1494 δέκατον
1579 1466 1634 1493 ἀπὸ
1644 1466 1699 1492 τῶν
1712 1466 1828 1501 πρώτων
1846 1475 1879 1493 συ
1884 1466 1938 1502 μϐῇ

1092 1512 1218 1546 γενέσθαι
1232 1511 1278 1538 τὸν
1292 1512 1350 1538 υἱὸν
1368 1512 1397 1538 ἐν
1414 1513 1448 1547 τῇ
1467 1511 1522 1538 τῶν
1541 1511 1628 1546 λόγων
1644 1510 1769 1546 δυνάμει.
1786 1511 1846 1538 Καὶ
1862 1511 1941 1546 βασι-

1092 1556 1134 1582 λεῖ
1147 1556 1176 1582 δὲ
1193 1556 1386 1591 στρατεύοντες
1398 1556 1412 1576 h
1430 1556 1493 1587 τοὺς
1504 1556 1579 1587 ὐἱεῖς
1592 1555 1622 1581 οὺ
1637 1554 1747 1586 πάντως
1761 1554 1809 1581 ἐπὶ
1828 1555 1878 1582 τὸν
1888 1554 1944 1580 τῶν

1094 1600 1224 1636 ὑπάρχων
1245 1601 1343 1632 αὐτοὺς
1364 1599 1548 1636 ἀναϐήσεσθαι
1565 1599 1736 1635 προσδοκᾶτε
1752 1599 1852 1634 θρόνον
1863 1607 1870 1615 ·
1887 1599 1943 1625 ἀλλ’

1093 1644 1167 1679 ὅμως
1195 1644 1225 1671 ού
1246 1643 1434 1671 διακελεύεσθε
1459 1643 1540 1670 λῦσαι
1560 1644 1609 1679 τὴν
1637 1643 1741 1678 ζώνην,
1766 1642 1783 1678 ἢ
1804 1643 1879 1679 μηδέ
1896 1642 1949 1678 τὴν

1093 1689 1180 1723 ἀρχὴν
1203 1688 1331 1723 ἐπιϐῆναι
1347 1688 1401 1715 τῶν
1429 1687 1572 1723 βασιλείων
1587 1708 1594 1720 ,
1615 1687 1683 1714 ἀλλά
1699 1687 1788 1714 πάντα
1810 1696 1948 1723 πραγμα-

1093 1732 1224 1764 τεύεσθε,
1252 1732 1289 1763 ὡς
1312 1731 1447 1767 μηδέποτε
1471 1732 1570 1765 αὐτοὺς
1592 1732 1641 1767 τῆς
1666 1731 1771 1758 ἐκεῖθεν
1799 1731 1948 1767 διατριϐῆς

1095 1777 1242 1808 ἐκπεσεῖν,
1270 1776 1365 1811 ἀρκεῖν
1393 1775 1540 1811 ἡγούμενοι
1567 1775 1597 1802 τὸ
1627 1775 1674 1802 καὶ
1702 1776 1731 1802 ὲν
1757 1777 1820 1807 τοῖς
1854 1775 1949 1811 μέσοις

1094 1819 1313 1855 ἀριθμουμένους
1329 1820 1404 1855 όρᾷν.
1428 1819 1508 1851 Τίνος
1533 1817 1579 1846 οὖν
1604 1819 1698 1846 ἕνεκεν
1718 1819 1779 1845 ἐκεῖ
1806 1818 1883 1860 μὲν..
1901 1818 1952 1845 κᾶν

1098 1863 1134 1899 μὴ
1151 1863 1204 1890 τῶν
1223 1863 1352 1899 μειζόνων
1369 1863 1415 1899 ἐξῇ
1429 1862 1578 1896 λαϐέσθαι,
1597 1863 1672 1899 ὅμως
1695 1863 1767 1899 ὑπὲρ
1792 1863 1854 1889 τῶν
1873 1863 1951 1889 ἐλατ-

1095 1907 1180 1934 τόνων
1194 1907 1326 1934 κόπτεσθε
1341 1907 1388 1934 καὶ
1403 1907 1622 1943 ταλαιπωρεῖσθε
1637 1927 1644 1938 ,
1663 1907 1715 1933 κάν
1730 1906 1848 1939 τούτοις
1871 1905 1953 1933 πάλιν

1096 1951 1147 1986 τῆς
1161 1951 1266 1983 ἐλπίδος
1281 1950 1364 1986 οῠσης
1381 1951 1493 1987 ἀδήλου,
1513 1951 1629 1978 ἐνταῦθα
1645 1951 1673 1977 δὲ
1690 1951 1801 1978 ὀκνεῖτε
1820 1952 1872 1978 καὶ
1889 1951 1955 1977 ἁνα-

1097 1995 1207 2028 δύεσθε;
1230 1996 1291 2022 Ὅτι
1310 1995 1422 2021 ἐκείνων
1441 1995 1490 2030 μὲν
1508 1995 1608 2030 πολλὴν
1623 1994 1699 2030 ἔχετε
1713 1994 1766 2030 τὴν
1783 1995 1953 2030 ἐπιθυμίαν,

1098 2039 1200 2067 τούτων
1213 2040 1241 2067 δὲ
1255 2039 1315 2066 οὐδὲ
1333 2039 1462 2075 βραχεῖαν
1477 2048 1484 2055 ·
1501 2039 1562 2066 εἶτα
1575 2040 1768 2075 αἰσχυνόμενοι
1785 2041 1873 2067 τοῦτο
1889 2041 1956 2074 ὁμο-

1098 2083 1212 2118 λογῆσαι
1238 2083 1352 2118 σκήψεις
1371 2083 1537 2118 ἐπενοήσατε
1554 2083 1602 2111 καὶ
1619 2083 1795 2120 προφάσεις·
1812 2084 1856 2116 ὼς
1885 2084 1911 2111 εἴ
1926 2091 1959 2117 γε

1099 2128 1206 2164 ἀληθῶς
1219 2127 1374 2160 ἐϐούλεσθε,
1386 2128 1463 2155 οὐδὲν
1476 2128 1510 2155 ἂν
1527 2128 1600 2164 ὑμᾶς
1615 2127 1718 2156 τούτων
1735 2129 1885 2157 ἐκώλυσε.
1903 2128 1959 2157 Καὶ

1099 2172 1152 2208 γὰρ
1167 2172 1252 2204 οὕτως
1265 2173 1322 2208 ἔχει
1335 2180 1342 2187 ’
1355 2173 1416 2199 ὅτου
1436 2181 1478 2205 τις
1492 2172 1526 2200 ἂν
1548 2172 1620 2209 ἐρῶν
1644 2172 1714 2209 τύχῃ
1732 2175 1886 2210 γνησίως,
1908 2174 1962 2200 xiv

1101 2217 1139 2253 μὴ
1161 2216 1208 2243 τοῦ
1224 2217 1324 2248 παντὸς
1336 2237 1343 2247 ,
1361 2217 1428 2252 μηδέ
1449 2217 1496 2244 τοῦ
1523 2217 1653 2245 ἀνωτάτω
1680 2219 1896 2256 περιγένηται,
1913 2218 1960 2245 τοῦ

1099 2262 1165 2297 γοῦν
1179 2261 1262 2297 μέσου
1272 2282 1280 2296 ,
1301 2261 1402 2297 μᾶλλον
1413 2261 1442 2288 δέ
1454 2262 1501 2288 καὶ
1514 2261 1561 2288 τοῦ
1576 2263 1634 2298 μετ’
1646 2263 1753 2289 ἐκεῖνον
1773 2265 1916 2300 μυριάκις
1930 2263 1962 2290 ἂν

1100 2307 1188 2334 ἕλοιτο
1210 2307 1360 2342 ἐπιτυχεῖν.
1378 2307 1434 2334 Καὶ
1448 2307 1503 2342 γὰρ
1526 2307 1540 2333 ὁ
1567 2307 1685 2342 φίλοινος
1712 2309 1764 2336 καὶ
1795 2310 1965 2345 φιλοπότης,

1101 2350 1152 2378 κᾶν
1182 2351 1220 2386 μὴ
1233 2350 1279 2377 τὸν
1295 2351 1361 2386 ἡδὺν
1378 2351 1425 2378 καὶ
1444 2351 1594 2386 ἀνθοσμίαν
1609 2351 1655 2387 ἐξῇ
1671 2350 1772 2379 λαϐεῖν
1789 2351 1870 2380 οἶνον
1881 2374 1889 2386 ,
1905 2353 1966 2380 οὐδὲ

1100 2394 1147 2421 τοῦ
1161 2394 1327 2429 φαυλοτάτου
1342 2395 1545 2430 καταφρονήσει
1569 2395 1634 2421 ποτέ
1649 2404 1655 2411 ·
1672 2395 1719 2422 καὶ
1743 2396 1760 2422 ὁ
1780 2398 1966 2434 φιλοχρήμα-

1101 2448 1145 2470 τος
1159 2439 1238 2465 πάλιν
1251 2459 1258 2470 ,
1273 2438 1323 2465 κᾶν
1341 2438 1379 2474 μὴ
1397 2439 1488 2470 λίθους
1503 2439 1609 2474 τιμίους
1619 2459 1627 2471 ,
1649 2439 1719 2475 μηδὲ
1742 2442 1871 2476 χρυσίον
1886 2462 1894 2473 ,
1911 2442 1966 2469 ἀλλ’

1101 2483 1232 2519 ἀργύριον
1244 2482 1318 2518 αὐτῷ
1328 2491 1371 2514 τις
1384 2483 1503 2519 παρέχῃ,
1521 2483 1621 2519 πολλὴν
1635 2484 1744 2510 εἴσεται
1762 2486 1867 2522 χάριν.
1878 2486 1970 2513 Tom;-

1101 2535 1146 2554 τον
1159 2527 1213 2563 γὰρ
1229 2528 1246 2563 ἡ
1261 2526 1394 2562 ἐπιθυμία
1407 2547 1415 2560 ,
1439 2528 1600 2563 τυραννικόν
1616 2536 1643 2554 τι
1661 2528 1794 2564 πρᾶγμα
1811 2532 1864 2559 καὶ
1877 2530 1970 2559 ἰκανὸν

1102 2573 1194 2598 πεῖσαι
1216 2571 1306 2598 πάντα
1333 2571 1379 2598 τὸν
1403 2571 1519 2604 ἁλόντα,
1537 2571 1615 2607 ὑπὲρ,
1639 2572 1761 2600 ὁτουοῦν
1785 2576 1841 2602 καὶ
1871 2576 1970 2603 παθεῖν

1102 2616 1149 2643 καὶ
1165 2617 1324 2651 ὑπομεῖναι·
1352 2614 1423 2642 ὥστε
1444 2617 1468 2643 εί
1486 2617 1524 2652 μὴ
1547 2617 1648 2651 σκῆψις
1662 2616 1762 2646 ταῦτα
1787 2620 1830 2649 τὰ
1859 2622 1970 2658 ῥήματα

1101 2659 1146 2698 ἦν,
1161 2661 1346 2696 συμπράττειν
1363 2660 1448 2696 ἐχρῆν
1461 2661 1509 2688 καὶ
1528 2662 1687 2696 συμπονεῖν.
1711 2661 1778 2690 Τοῦ
1800 2666 1862 2701 γὰρ
1878 2667 1992 2694 ἐπιθυ.-

1104 2705 1216 2742 μοῦντός
1227 2714 1253 2731 τι
1264 2704 1392 2739 γενέσθαι
1408 2705 1439 2731 οὺ
1452 2706 1482 2732 τὸ
1498 2705 1625 2740 γενέσθαι
1643 2704 1777 2735 κωλύειν
1795 2711 1891 2745 ἐστὶν,
1906 2711 1973 2740 ἀλλά

1102 2750 1132 2777 τὸ
1148 2749 1238 2776 πάντα
1262 2751 1350 2776 ποιεῖν
1372 2749 1446 2781 ὅπως
1465 2748 1497 2776 ἂν
1513 2749 1627 2783 γένοιτο.
1645 2750 1710 2776 Καὶ
1730 2753 1794 2791 γὰρ
1818 2757 1847 2783 οἱ
1867 2756 1974 2784 καθιέν-

1103 2803 1148 2827 τες
1178 2795 1217 2826 είς
1241 2794 1304 2826 τοὺς
1337 2793 1538 2829 Ὀλυμπιακοὺς
1558 2793 1673 2828 ἀγῶνας
1690 2814 1698 2827 ,
1732 2799 1851 2834 εἰδότες
1878 2803 1921 2829 δτι
1948 2802 1974 2828 έν
1991 2803 2008 2813 η

1134 2857 1146 2876 Β
1160 2855 1213 2881 Duo
1224 2853 1281 2880 msh.
1294 2855 1416 2910 μαθήὲιμσι
1425 2863 1500 2886 πεμπ.
1513 2855 1567 2879 Mox
1586 2861 1649 2879 unus
1665 2854 1765 2890 ἄκροις
1779 2861 1906 2910 sxum“
1919 2862 1976 2889 ιητη

1134 2894 1190 2910 mes
1199 2887 1306 2910 πέμπτον
1317 2887 1332 2910 ἢ
1370 2894 1462 2910 εκατον.
1477 2888 1566 2910 praeter
1586 2885 1679 2910 Morel.
1705 2893 1756 2910 nm
1774 2897 1805 2910 ηρ.
1828 2898 1855 2910 οι
1867 2896 1976 2910 ..;....,.υ

1103 2894 1190 2942 οιιιὲεε
1199 2885 1306 2918 πέμπτον
1317 2887 1332 2916 ἢ
1355 2885 1462 2916 δέκατον,
1477 2888 1566 2917 praeter
1586 2885 1679 2910 Morel.
1705 2885 1762 2920 ἔχει(
1774 2885 1976 2925 ηηὶήέδῖτζξὶιξξάς

1106 2927 1132 2942 ιν
1158 2926 1251 2942 εκατον.

1106 2927 1132 2942 ιν
1143 2926 1251 2942 οεκατον.

1139 2949 1152 2969 h
1165 2948 1339 2982 Στρατιύοντες.
1354 2947 1495 2979 Legendum
1513 2948 1609 2973 videtur
1619 2955 1698 2976 στραιι
1705 2953 1825 2985 “una;
1840 2956 1913 2983 [νη.
