2064 3115
234 143 285 171 381

232 197 366 234 proﬁcisci
378 201 506 235 poterunt
519 206 528 225 :
539 197 612 233 ipsos
620 198 757 231 adeamus,
770 198 875 227 illorum
887 198 1024 227 consortio

233 248 262 272 et
273 244 408 279 colloquio
418 243 549 271 fruamur.
565 243 631 271 llinc
642 244 719 272 nobis
732 244 825 280 ingens
837 244 950 278 lucrum,
966 251 1025 271 tua-

233 297 339 325 gnaque
352 289 477 324 voluptas
495 289 590 316 aderit.
605 289 663 318 Non
679 291 751 318 enim
765 296 908 326 conspectu
923 295 1026 317 tantum

233 335 434 363 carissimorum
447 335 562 363 filiorum
575 337 738 370 lmtabimur;
754 337 801 365 sed
817 337 866 372 ipsi
881 338 1027 365 maximum

235 382 325 418 adepti
347 382 474 415 fructum,
498 382 607 410 domum
628 383 774 411 redibimus
790 392 797 411 :
814 391 933 419 persaepe
947 384 1027 411 etiam

236 436 298 455 cum
312 428 365 455 illis
378 429 554 459 manebimus,
569 429 743 463 philosophia:
756 437 847 457 amore
859 430 941 465 capti.
955 430 1029 457 Tunc

237 473 318 509 igitur
330 473 390 501 illos
401 481 567 506 revocemus,
580 482 640 501 cum
653 475 722 501 vires
737 475 805 502 nacti
817 480 904 508 erunt,
918 475 1031 510 aliisque

238 518 367 554 prodesse
390 523 515 554 poterunt
539 528 546 546 :
572 524 635 547 tunc
659 520 717 546 illos
741 511 919 553 retrahamus,
945 521 979 547 ita
1002 524 1031 546 ut

239 565 389 593 communis
399 564 444 592 lux
457 563 512 597 ﬁat,
527 569 553 592 et
566 564 673 592 lucerna
686 570 800 600 ponatur
810 573 890 600 supra
903 565 1032 592 candela-

240 610 328 638 brum.
351 610 426 637 Tune
449 610 574 637 videbitis
596 618 772 646 quorumnam
799 611 915 638 ﬁliorum
942 615 1032 645 patres

241 656 310 689 sitis,
326 663 475 691 quorumve
497 656 526 688 ii,
547 663 615 691 quos
639 663 710 683 nunc
729 656 823 684 beatos
843 656 931 683 dicitis
950 660 1033 684 :tunc

241 702 417 738 philosophia:
432 702 505 729 lucra
520 702 643 730 videbitis
653 723 660 735 ,
678 710 739 729 cum
764 703 925 730 insanabiles
945 702 1034 729 homi-

243 756 306 776 num
321 749 428 776 morbos
440 749 604 783 curaverint,
619 756 679 776 cum
695 753 723 777 ut
737 749 851 776 beneﬁci
867 756 1033 782 communes,

243 794 347 830 patroni
363 798 390 822 et
405 799 556 821 servatores
577 794 802 829 prtedicabuntur,
819 801 879 821 cum
902 798 930 821 ut
948 794 1037 829 angeli

244 847 305 867 cum
319 839 470 867 hominibus
483 839 509 866 in
526 840 603 867 terris
616 840 767 868 conversati
782 839 891 872 fuerint,
906 847 966 866 cum
979 847 1038 866 om-

245 884 318 912 nium
331 885 452 912 obtutum
467 885 493 912 in
513 892 543 912 se
557 885 740 912 converterint
756 894 762 911 :
779 886 832 912 imo
845 885 943 920 potius,
962 892 1036 920 qna:-

246 939 362 967 cumque
375 931 530 965 dixerimus,
545 931 611 959 nihil
635 932 687 959 tale
702 931 829 959 exhibere
848 937 944 966 potest,
959 931 1038 967 quale

247 978 304 1013 ipsa
320 978 483 1013 experientia
499 982 526 1005 et
540 978 667 1013 operibus
684 978 774 1006 videre
787 983 838 1006 est.
853 978 916 1005 [hoc
931 978 1038 1013 legisla-

248 1023 350 1051 toribus
361 1023 481 1051 facienda
492 1028 578 1056 erant,
591 1024 659 1051 siuti
671 1025 845 1052 conveniebat
857 1029 944 1052 aetum
957 1028 1039 1057 esset,

249 1077 345 1104 nempe
359 1074 388 1098 ut
402 1077 454 1097 non
468 1069 609 1104 juvenibus
623 1070 739 1097 virorum
754 1075 859 1097 aetatem
878 1070 981 1106 adeptis
1004 1070 1037 1096 ti-

249 1122 338 1142 mores
347 1116 508 1148 incuterent;
519 1115 566 1142 sed
578 1122 634 1148 eos,
646 1115 708 1142 dum
720 1115 795 1150 pueri
805 1120 890 1148 erant,
901 1116 1041 1143 instituere

251 1165 279 1187 et
293 1160 435 1188 informare
447 1169 514 1196 opus
527 1166 585 1188 erat
595 1182 602 1194 ,
619 1170 668 1190 nec
683 1166 772 1197 postea
788 1163 867 1190 mina:
880 1162 1041 1190 adhibendas

253 1206 374 1234 fuissent.
387 1206 462 1235 Nunc
474 1212 562 1235 autem
576 1208 627 1236 hoc
638 1208 724 1243 ipsum
735 1208 832 1243 agitur,
844 1215 874 1235 ac
883 1206 905 1234 si
918 1208 977 1243 quis
987 1215 1044 1234 tue-

251 1251 328 1279 dicus
347 1253 483 1287 aegrotanti
508 1253 573 1281 nihil
597 1254 677 1287 dicat,
691 1261 741 1282 nec
755 1254 942 1289 ostendatquo
965 1258 1043 1289 pacto

252 1297 386 1326 curandus
400 1298 435 1325 sit
446 1299 565 1332 morbus,
576 1299 712 1334 deplorata
723 1303 812 1327 autem
825 1299 987 1332 valetudine,
1001 1299 1044 1326 in-

253 1351 377 1370 numeras
391 1344 571 1371 remediorum
587 1345 659 1380 leges
672 1349 781 1372 statuat.
797 1344 862 1371 Nam
878 1343 1045 1379 legislatorcs

255 1393 317 1417 tunc.
336 1397 385 1417 nos
407 1390 545 1418 instituere
559 1391 761 1425 aggrediuntur,
781 1398 841 1417 cum
858 1390 911 1425 jam
928 1390 1045 1425 perversi

254 1442 356 1462 sumus.
368 1435 420 1463 Sed
432 1443 485 1463 non
499 1437 534 1463 ita
545 1436 653 1469 Paulus,
664 1444 756 1463 verum
767 1437 800 1463 ab
814 1436 887 1463 initio
897 1440 925 1464 et
935 1444 949 1462 a
961 1435 1045 1471 prima

255 1485 333 1509 actate
355 1481 496 1516 magistros
515 1481 566 1508 illis
581 1482 684 1509 virtutis
705 1481 826 1516 prmﬁcit,
848 1481 918 1508 vitiis
939 1488 1045 1508 omnem

255 1525 356 1552 aditum
376 1525 568 1553 intercludens.
589 1526 651 1554 [hcc
671 1526 769 1561 quippe
789 1526 887 1561 optima
908 1530 949 1553 est
968 1525 1048 1552 disci-

257 1572 340 1606 plina,
354 1580 407 1599 non
421 1573 493 1606 prius
508 1572 570 1599 vitia
585 1573 716 1600 dominari
731 1572 819 1599 sinere
834 1575 859 1599 et
873 1576 963 1606 postea
976 1579 1048 1605 quae-

257 1625 328 1652 rere,
342 1626 394 1653 quo
405 1624 484 1654 pacto
499 1619 543 1646 illa
557 1619 688 1646 eliminari
707 1619 823 1654 possint,
839 1617 886 1645 sed
901 1618 991 1644 omnia
1008 1617 1047 1643 fa-

258 1671 320 1690 cere
332 1668 412 1699 atqua
425 1664 523 1697 moliri,
535 1668 563 1691 ut
577 1669 670 1691 natura
685 1670 774 1691 nostra
791 1663 917 1699 nequitia:
932 1663 967 1690 sit
979 1663 1050 1689 inac-

259 1717 344 1737 cessa.
361 1710 538 1744 Quamobrem
561 1711 665 1744 hortor,
689 1719 740 1737 non
764 1710 844 1737 modo
865 1710 934 1742 illos,
956 1709 1000 1744 qui
1024 1708 1048 1735 id

260 1755 347 1783 facere
367 1756 474 1788 vellent,
490 1757 626 1789 cohibere,
647 1757 694 1784 sed
713 1758 793 1784 etiam
812 1757 885 1791 ipsos
904 1756 1050 1790 suscipere,

262 1802 386 1837 scapham
402 1803 517 1837 eripere,
531 1807 558 1829 et
572 1810 716 1837 procurare
736 1806 764 1829 ut
776 1802 894 1829 secundo
907 1805 987 1828 vento
1002 1809 1051 1827 na-

261 1848 375 1883 vigetur.
392 1847 496 1875 Etenim
507 1848 529 1874 si
545 1848 616 1875 hanc
629 1855 723 1875 omnes
736 1848 896 1875 sententiam
909 1847 1053 1881 amplecte-

263 1901 362 1924 rctnur,
374 1897 401 1920 et
413 1893 472 1920 aliis
487 1893 646 1928 posthabitis
661 1894 694 1920 ad
708 1894 831 1920 virtutetn
847 1900 894 1920 eos
909 1892 1055 1920 deducere-

265 1946 332 1970 mus,
348 1938 399 1966 hoc
417 1939 503 1966 solum
517 1946 605 1974 operte
624 1939 749 1974 pretittm,
770 1943 866 1966 caetera
882 1946 945 1966 vero
965 1938 1053 1965 omnia

265 1983 396 2011 adscitilia
418 1992 478 2012 esse
499 1985 668 2017 arbitrantes,
693 1989 764 2012 tanta
786 1984 848 2012 hinc
869 1983 1056 2020 contingerent

267 2031 346 2063 bona,
357 2036 455 2066 quanta
468 2032 490 2059 si
506 2040 576 2059 nunc
589 2032 676 2059 dicam
685 2053 691 2065 ,
703 2032 830 2067 jactantis
844 2039 918 2059 more
929 2032 999 2066 loqui
1014 2032 1055 2058 vi-

267 2077 341 2105 dear.
353 2077 380 2105 Si
393 2078 452 2113 quis
465 2084 552 2106 autem
567 2079 635 2106 scire
649 2087 690 2113 cui
702 2079 747 2113 iul,
760 2087 791 2106 ex
805 2079 882 2106 rebus
891 2079 960 2113 ipsis
975 2079 1057 2114 probe

268 2128 421 2159 cognoscet,
443 2124 619 2159 ingentesque
642 2124 719 2151 nobis
737 2124 836 2159 gratias
857 2124 974 2157 habebit,
1000 2124 1058 2152 lon-

268 2177 352 2206 geque
365 2170 479 2205 majores
494 2171 558 2204 Deo,
570 2179 630 2198 cum
644 2171 737 2198 viderit
748 2171 828 2198 vitam
841 2171 912 2199 illam
923 2171 1058 2198 czelestem

270 2216 296 2244 in
312 2221 382 2244 terra
395 2217 601 2252 germinantem,
612 2217 814 2252 doctrinamque
829 2217 862 2245 de
873 2217 967 2244 futuris
982 2217 1059 2250 bouis

270 2269 302 2289 ac
323 2262 357 2290 de
378 2263 573 2290 resurrectione
595 2262 637 2290 vel
655 2263 725 2299 apud
748 2263 820 2297 ipsos
843 2262 964 2290 inﬁdeles
988 2261 1061 2290 obti-

271 2313 389 2337 ncntctn.

307 2356 351 2384 l9.
367 2356 442 2391 Quod
455 2359 543 2384 autem
555 2355 611 2383 haec
625 2355 819 2390 nonjactantiaa
831 2355 911 2383 verba
922 2355 984 2388 sint,
997 2355 1062 2383 inde

273 2401 400 2438 liquidum
423 2407 481 2434 est,
503 2401 573 2437 quod
594 2409 654 2428 eum
670 2401 734 2436 ipsis
749 2401 829 2428 vitam
849 2409 941 2429 eorum
952 2422 960 2434 ,
975 2401 1019 2437 qui
1035 2401 1063 2429 in

273 2446 387 2475 desertis
401 2452 553 2481 versantur,
574 2454 746 2481 enarramus,
771 2447 804 2475 ad
826 2446 884 2475 hmc
907 2447 971 2474 nihil
993 2446 1064 2482 quod

274 2493 400 2529 objiciant
409 2493 517 2526 habent,
533 2493 578 2521 scd
590 2492 691 2520 fortiter
705 2497 853 2528 repugnant
866 2496 892 2519 et
902 2492 1065 2519 contendunt

275 2540 345 2568 circa
357 2539 518 2576 paucitatem
529 2547 631 2572 eorum,
644 2539 687 2574 qui
701 2539 737 2567 ita
749 2538 866 2574 perfecte
876 2546 906 2566 se
917 2543 1021 2574 gerunt.
1036 2538 1064 2566 Si

277 2593 339 2613 vero
361 2586 387 2613 in
408 2585 518 2613 urbibus
539 2585 610 2613 hunc
624 2584 739 2612 fructum
759 2592 927 2619 sereremus,
945 2585 1067 2620 bonaque

276 2633 416 2669 disciplina
431 2638 459 2661 et
467 2634 552 2668 legem
563 2638 591 2660 et
603 2633 706 2660 initium
717 2633 859 2668 acciperet,
874 2632 994 2668 ﬁliosque
1005 2637 1068 2659 ante

278 2673 366 2706 omnia
379 2687 549 2707 moneremus
563 2684 591 2707 ut
605 2679 661 2706 Deo
681 2678 759 2706 amici
775 2678 886 2711 ﬁerent,
902 2678 1068 2713 spirituales-

278 2733 330 2761 qtte
339 2725 494 2760 disciplinas
509 2725 566 2753 vice
577 2724 695 2753 omnium
709 2728 735 2752 et
744 2728 806 2751 ante
816 2731 910 2751 omnes
919 2723 984 2750 alias
998 2723 1069 2758 ipsos

280 2771 453 2805 (locaremus,
475 2772 561 2800 tristia
584 2776 678 2799 cuncta
701 2770 891 2803 abscederent,
909 2770 1071 2797 innumeris-

271 2825 334 2854 quc
345 2817 422 2846 malis
433 2819 487 2846 vita
501 2825 620 2854 prmsens
633 2816 790 2853 eriperetur,
804 2824 835 2845 ac
845 2817 916 2853 quod
932 2816 966 2844 de
985 2816 1072 2844 futura

285 2865 390 2902 dicitur,
404 2873 501 2902 nempe
515 2865 649 2902 aufugisse
661 2865 790 2900 dolorem,
806 2864 939 2893 tristitiam
951 2867 977 2892 ct
988 2863 1072 2898 genii-

607 141 786 171 ADVERSUS
804 141 1077 171 OPPUGNATORES
1095 144 1188 172 ῩΙΤᾸΕ
1207 144 1353 172 MONAST.
1373 144 1438 172 LIB.
1459 144 1503 173 Ill.

1815 148 1867 174 381

1078 203 1132 230 tum
1142 221 1151 234 ,
1166 200 1227 229 hinc
1241 201 1332 236 utique
1349 209 1574 236 consequeremur
1584 209 1687 229 omnes.
1701 202 1767 230 Nam
1780 204 1802 230 si
1816 212 1864 231 nec

1078 246 1267 280 pecuniarum,
1289 254 1338 275 nec
1358 247 1443 275 inanis
1457 247 1548 282 gloria:
1559 248 1655 282 cupido
1676 256 1725 275 nos
1746 253 1848 276 teneret

1078 299 1164 326 neque
1179 297 1291 320 mortem
1312 293 1464 321 timeremus
1474 314 1482 326 ,
1503 301 1590 328 neque
1602 297 1784 328 paupertatem
1794 312 1802 326 ,
1819 301 1869 320 nec

1078 345 1211 365 azrumnas
1228 338 1353 365 damnum
1374 339 1575 372 arbitraremur,
1596 338 1643 366 sed
1659 339 1760 366 lucrum
1782 337 1868 365 maxi-

1079 390 1163 415 mum,
1179 390 1233 409 non
1247 383 1394 415 inimicitia,
1410 391 1463 410 non
1477 383 1539 411 odio
1553 384 1675 418 persequi
1690 383 1858 411 novisscmtts

1080 437 1133 457 non
1143 429 1257 464 propriis
1267 437 1401 463 umquam,
1411 437 1463 457 non
1476 430 1569 458 alienis
1579 431 1659 458 animi
1670 430 1870 465 aagritudinibus

1081 483 1303 511 expugnaremur,
1320 475 1367 503 sed
1389 475 1531 504 humanum
1553 484 1638 511 genus
1656 476 1757 511 angelis
1779 477 1870 511 proxi-

1081 529 1154 548 mum
1167 525 1249 548 esset.
1265 520 1361 555 Ecquis
1375 521 1519 553 hominum,
1537 522 1648 556 inquies,
1664 523 1732 549 hanc
1745 529 1801 549 rem
1819 527 1872 548 tam

1083 567 1209 602 praeclare
1223 566 1324 601 gessit?
1338 565 1403 594 Jure
1417 574 1468 593 non
1484 567 1582 600 credis,
1597 572 1690 602 utpote
1702 568 1745 602 qui
1760 567 1785 593 iu
1798 567 1874 594 urbi-

1083 612 1132 639 bus
1148 612 1260 645 habites,
1274 617 1301 640 et
1311 612 1416 639 divinos
1429 612 1510 641 libros
1523 619 1576 640 non
1590 612 1694 647 legeris.
1705 612 1781 645 Quod
1794 611 1815 638 si
1827 619 1875 638 eos

1084 657 1130 692 qui
1145 658 1170 684 in
1185 657 1298 685 desertis
1311 662 1462 690 versantur,
1478 662 1506 685 et
1521 664 1568 685 eos
1582 658 1627 692 qui
1649 658 1675 684 in
1695 657 1875 691 spiritualibus

1087 703 1160 731 libris
1175 707 1357 731 memorantur
1370 710 1473 735 nosses,
1488 702 1626 730 didicisses
1639 702 1730 736 utique
1740 706 1767 728 et
1781 708 1876 729 mona-

1086 748 1151 776 chos
1163 753 1190 776 et
1202 749 1285 784 prius,
1299 756 1377 784 quam
1393 748 1448 781 illi,
1463 748 1607 783 apostolos,
1624 753 1678 775 tum
1692 747 1770 775 etiam
1779 747 1876 782 justas,

1086 795 1131 830 qui
1151 795 1286 830 apostolos
1306 798 1516 830 prascesserunt,
1539 801 1641 820 summa
1663 801 1724 821 cum
1742 792 1878 827 diligentia

1087 840 1156 870 hanc
1178 840 1261 874 ipsam
1283 839 1477 875 philosophiam
1498 839 1660 868 exhibuisse.
1683 838 1802 865 Vitanda:
1815 846 1880 872 ergo

1089 886 1142 913 litis
1156 893 1253 918 causa,
1276 885 1370 913 demus
1391 885 1474 913 lilium
1494 889 1569 913 tuum
1582 883 1699 911 secundo
1718 884 1831 911 tertiove
1846 883 1882 909 ab

1089 931 1141 959 illis
1155 931 1238 967 gradu
1251 931 1367 958 futurum
1380 939 1387 958 :
1401 938 1454 958 non
1465 930 1567 965 exiguis
1577 935 1664 957 tamen
1677 929 1779 957 fruetur
1791 928 1877 957 bonis.

1089 977 1147 1005 Non
1162 978 1195 1005 ad
1212 978 1334 1011 Petrum,
1357 985 1410 1005 non
1433 977 1465 1003 ad
1481 977 1591 1004 Paulum
1606 977 1734 1010 attinget,
1756 975 1809 1002 imo
1830 982 1880 1002 nec

1090 1024 1212 1060 proxime
1224 1024 1257 1053 ad
1268 1032 1315 1052 eos
1325 1024 1450 1056 accedet;
1465 1031 1527 1050 num
1542 1023 1602 1050 ideo
1613 1023 1686 1050 illum
1698 1031 1713 1049 a
1725 1021 1882 1056 posterioris

1090 1071 1188 1106 gradus
1201 1070 1302 1098 honore
1315 1070 1494 1104 privabimus?
1510 1069 1625 1103 ldipsum
1640 1068 1704 1095 facis
1715 1067 1774 1094 haec
1792 1066 1882 1102 profc-

1092 1123 1169 1150 rens,
1183 1123 1215 1143 ac
1231 1117 1252 1143 si
1268 1116 1302 1145 ita
1318 1115 1482 1150 loquereris:
1498 1115 1564 1148 Quia
1577 1122 1629 1141 non
1646 1118 1732 1149 potest
1745 1113 1800 1140 ﬁeri
1815 1113 1885 1147 lapis

1093 1163 1226 1200 pretiosus
1236 1182 1243 1196 ,
1259 1166 1365 1191 maneat
1377 1161 1475 1189 ferrum
1486 1168 1558 1194 ,~nec
1575 1165 1712 1195 argentum
1727 1167 1776 1188 nec
1788 1166 1883 1186 aurum

1094 1209 1234 1235 efﬁciatur.

1131 1253 1192 1280 Non
1214 1260 1298 1279 omnes
1317 1259 1461 1287 supremum
1481 1251 1578 1278 virtutis
1599 1250 1727 1286 fastigium
1746 1258 1884 1284 assequun-

1096 1303 1147 1326 μιν.
1162 1312 1198 1318 ·-
1212 1297 1266 1325 Cur
1279 1298 1305 1324 in
1328 1297 1445 1326 externis
1464 1297 1543 1324 rebus
1559 1304 1611 1323 non
1631 1296 1726 1324 eodem
1742 1296 1823 1323 uteris
1844 1303 1889 1323 ra-

1097 1344 1215 1377 tiocinio,
1235 1343 1281 1372 sed
1296 1351 1404 1379 prorsus
1424 1342 1576 1370 contrario?
1589 1341 1655 1369 Nam
1672 1349 1732 1369 cum
1752 1341 1785 1369 ad
1800 1341 1888 1369 litera-

1097 1399 1156 1421 rum
1167 1391 1333 1426 disciplinam
1347 1390 1439 1423 mittis,
1451 1397 1506 1417 non
1519 1389 1592 1416 illum
1604 1388 1637 1415 ad
1649 1395 1801 1423 supremmn
1815 1387 1890 1414 fasti-

1097 1438 1168 1473 gium
1184 1444 1243 1464 esse
1256 1443 1427 1463 ascensurmn
1441 1440 1598 1469 exspectas,
1617 1442 1666 1461 nec
1679 1439 1766 1462 tamen
1781 1433 1840 1460 ideo
1855 1433 1891 1460 ab

1099 1482 1149 1509 hoe
1169 1482 1256 1510 studio
1280 1481 1411 1514 retrahis,
1435 1480 1482 1508 sed
1498 1480 1587 1508 omnia
1608 1487 1668 1514 quae
1682 1487 1766 1514 penes
1789 1483 1814 1506 Ic
1827 1482 1891 1505 sunt

1099 1533 1225 1564 prmstas,
1243 1528 1362 1562 satisque
1374 1534 1433 1554 esse
1449 1530 1524 1560 putas
1539 1526 1560 1555 si
1580 1525 1612 1552 ad
1628 1525 1749 1559 quintum
1764 1524 1805 1552 vel
1816 1524 1890 1552 deci-

1101 1583 1172 1602 mum
1186 1582 1201 1602 a
1217 1575 1302 1609 primo
1316 1573 1474 1608 eloquentiw
1494 1572 1604 1607 gradum
1627 1572 1695 1598 Illius
1708 1576 1768 1598 tuus
1787 1571 1889 1604 pertin-

1100 1628 1165 1655 gere
1185 1620 1277 1656 possit.
1298 1619 1417 1653 Cumque
1430 1618 1475 1644 ﬁlii
1490 1618 1570 1647 vestri
1587 1616 1742 1651 imperatori
1758 1616 1891 1648 militant,

1102 1675 1155 1694 non
1169 1673 1275 1700 semper
1285 1665 1317 1692 ad
1331 1663 1515 1700 praefectorum
1527 1662 1638 1698 gradum
1651 1662 1723 1696 ipsos
1734 1667 1893 1688 ascensurus

1102 1720 1163 1741 esse
1182 1712 1296 1747 putatis,
1316 1717 1366 1739 nec
1386 1715 1473 1736 tamen
1490 1708 1589 1744 jubelis
1603 1707 1737 1742 deponere
1760 1705 1893 1735 balteum,

1104 1765 1189 1792 neque
1204 1757 1237 1784 ad
1252 1757 1332 1791 regia:
1344 1755 1436 1783 limina
1448 1753 1576 1781 accedere
1588 1753 1735 1788 prohibetis
1745 1773 1753 1786 ,
1766 1752 1813 1780 sed
1827 1751 1894 1779 nihil

1105 1813 1158 1832 non
1170 1804 1257 1840 agitis,
1271 1808 1300 1830 ut
1313 1810 1347 1830 ne
1361 1802 1415 1830 illic
1428 1801 1530 1829 versari
1543 1807 1667 1835 umquam
1681 1799 1814 1831 desinant,
1829 1798 1895 1826 satis

1106 1858 1166 1879 esse
1181 1854 1314 1885 putantes,
1331 1849 1351 1877 si
1366 1856 1414 1875 eos
1427 1847 1515 1875 medio
1528 1847 1555 1874 in
1568 1847 1627 1874 loco
1640 1845 1734 1881 positis
1747 1851 1895 1872 connume-

1107 1896 1160 1924 rari
1180 1895 1301 1923 videatis.
1325 1894 1393 1929 Quid
1406 1901 1494 1921 causa:
1508 1897 1550 1920 est
1567 1892 1656 1927 igitur,
1670 1890 1740 1926 quod
1761 1890 1815 1917 illic
1835 1889 1896 1924 qui-

1107 1942 1180 1976 dem,
1195 1941 1299 1968 etiamsi
1313 1941 1414 1975 majora
1429 1938 1558 1973 consequi
1572 1945 1626 1965 non
1643 1937 1730 1968 liceat,
1745 1943 1794 1971 pro
1807 1936 1896 1962 mino-

1109 1988 1182 2015 ribus
1197 1992 1284 2014 tamen
1298 1985 1472 2021 asscquendis
1485 1984 1627 2016 laboratis,
1644 1983 1693 2010 etsi
1710 1989 1757 2017 pro
1769 1982 1810 2009 his
1828 1989 1898 2016 quo-

1109 2041 1160 2069 que
1173 2040 1234 2068 spes
1247 2032 1283 2059 sit
1294 2031 1372 2059 dubia
1382 2052 1390 2064 ,
1407 2031 1449 2058 ltic
1464 2038 1527 2058 vero
1541 2036 1636 2064 segnes
1651 2028 1714 2056 estis
1724 2035 1755 2055 ac
1768 2026 1900 2054 delicitis?

1109 2080 1175 2114 Quia
1190 2087 1286 2114 nempe
1306 2079 1413 2106 illorum
1428 2085 1523 2112 magno
1537 2075 1669 2104 desiderio
1688 2074 1815 2103 tenemini
1828 2094 1834 2105 ,
1851 2074 1901 2100 ho-

1111 2133 1170 2153 rum
1183 2132 1246 2152 vero
1262 2131 1294 2151 ne
1309 2131 1434 2159 perquam
1448 2122 1558 2150 minimo
1571 2130 1577 2148 :
1592 2120 1688 2148 deinde
1702 2120 1763 2154 quia
1778 2119 1803 2146 id
1818 2119 1905 2146 conli-

1113 2172 1162 2200 tcri
1177 2171 1350 2203 erubescitis,
1372 2169 1527 2197 occasiones
1540 2172 1567 2195 et
1586 2167 1711 2195 obtentus
1727 2164 1882 2199 excogitatis
1896 2173 1903 2190 :

1114 2218 1202 2252 itaque
1216 2217 1239 2244 si
1252 2216 1316 2243 illud
1326 2216 1402 2250 plane
1418 2214 1531 2245 velletis,
1547 2213 1611 2240 nihil
1623 2219 1715 2240 eorum
1732 2211 1807 2239 vobis
1821 2211 1907 2244 impe-

1113 2263 1232 2291 dimento
1246 2266 1327 2290 esset.
1342 2260 1379 2288 ita
1394 2260 1464 2287 euitn
1478 2267 1520 2287 res
1533 2266 1562 2286 se
1582 2258 1661 2285 habet
1674 2266 1680 2283 :
1696 2257 1718 2285 si
1732 2257 1791 2291 quis
1806 2255 1905 2290 aliquid

1115 2316 1177 2336 vere
1195 2312 1282 2339 amet,
1306 2307 1367 2334 licet
1388 2314 1440 2333 non
1455 2309 1553 2336 lotutn,
1569 2311 1619 2331 nec
1631 2309 1762 2330 summum
1777 2301 1907 2335 consequi

1115 2356 1209 2390 possit,
1224 2355 1263 2382 vel
1279 2353 1393 2381 medium
1404 2373 1411 2386 ,
1427 2351 1465 2379 vel
1480 2350 1589 2386 gradum
1602 2349 1682 2376 etiam
1698 2349 1775 2382 longe
1790 2347 1904 2374 inferio-

1117 2409 1173 2428 rem
1189 2399 1307 2428 nancisci
1323 2401 1453 2435 peroptat.
1468 2397 1533 2423 Nam
1546 2396 1590 2430 qui
1605 2395 1665 2422 vino
1678 2398 1704 2422 et
1719 2393 1820 2428 poculis
1832 2393 1908 2419 dedi-

1118 2452 1159 2475 tus
1175 2452 1215 2475 est
1225 2467 1232 2480 ,
1247 2443 1351 2474 etiamsi
1366 2445 1494 2479 optimum
1508 2447 1535 2470 et
1549 2441 1736 2469 suavissimum
1750 2440 1839 2466 vinum
1862 2440 1910 2465 lia~

1118 2494 1181 2522 bere
1192 2501 1243 2520 non
1258 2491 1356 2524 valeat,
1365 2499 1399 2518 ne
1410 2490 1435 2518 id
1446 2489 1552 2524 quidem
1563 2487 1633 2522 quod
1645 2487 1722 2514 vilius
1732 2491 1773 2513 est
1785 2493 1909 2520 umquam

1119 2543 1282 2568 contemnet.
1299 2538 1414 2565 Rursum
1427 2543 1538 2566 avarus,
1556 2534 1659 2563 etiamsi
1674 2540 1722 2561 nec
1735 2532 1836 2566 lapides
1851 2540 1911 2566 pre-

1121 2587 1223 2619 tiosos,
1244 2591 1295 2611 nec
1316 2591 1425 2614 aurum,
1440 2581 1487 2610 sed
1509 2584 1648 2616 argentum
1671 2578 1839 2607 solummodo
1854 2577 1913 2612 quis

1122 2632 1254 2668 prmbcat,
1275 2636 1393 2658 sumth
1415 2629 1451 2656 illi
1465 2629 1564 2663 gratias
1586 2627 1704 2655 habebit.
1719 2625 1792 2653 Talis
1815 2632 1858 2653 res
1872 2628 1914 2650 est

1122 2676 1352 2712 concupiscentia,
1365 2674 1433 2702 adeo
1453 2673 1604 2707 tyrannica,
1629 2676 1658 2698 ut
1671 2671 1713 2703 ei,
1730 2677 1809 2706 quem
1829 2669 1914 2696 semel

1123 2724 1239 2759 ceperit,
1253 2722 1341 2750 omnia
1359 2721 1412 2756 pati
1428 2724 1454 2747 et
1472 2719 1605 2747 sustinere
1618 2717 1747 2744 Suatleat:
1765 2716 1799 2743 ita
1815 2720 1843 2743 ut
1858 2715 1914 2741 hmc

1124 2770 1220 2802 verba,
1236 2770 1258 2797 sl
1272 2775 1325 2795 non
1343 2767 1466 2795 simulate
1479 2769 1580 2792 tantum
1598 2762 1806 2798 prietendautur,
1824 2766 1916 2795 postu<

1125 2815 1179 2844 leui.
1193 2819 1222 2843 ut
1234 2814 1293 2850 quis
1306 2817 1463 2849 cooperetur
1482 2815 1509 2838 et
1524 2810 1641 2837 laborem
1663 2808 1751 2836 adeat.
1768 2807 1831 2842 Ejus
1844 2806 1917 2834 etum

1127 2865 1177 2895 est,
1197 2860 1241 2896 qui
1254 2859 1353 2896 aliquid
1366 2858 1538 2894 concupiscit,
1553 2864 1604 2885 non
1627 2854 1756 2891 impedire
1777 2852 1920 2889 quominus
