2058 3116
204 164 258 191 383

204 224 266 254 liat,
281 222 328 250 sed
343 226 371 249 ut
390 222 435 250 liat
449 223 538 250 omnia
553 223 652 251 moliri.
667 222 772 249 Etenim
793 222 838 256 qui
857 221 891 249 ad
903 220 998 255 Olym-

203 268 262 302 pica
276 268 423 295 certamina
438 267 615 300 descendunt,
629 267 680 295 etsi
690 268 776 295 sciant
788 275 868 295 unutn
879 274 911 294 cx
924 271 995 293 tanta

203 313 374 341 multitudine
388 306 522 341 victorem
532 313 600 348 fore,
616 313 738 341 laborant
757 318 845 341 tamen
860 317 941 347 atque
954 311 995 338 l‘a-

203 359 319 393 tigantur
332 367 338 386 :
352 359 457 387 tametsi
470 359 513 387 hic
522 363 601 395 atque
614 360 667 386 illic
677 366 729 386 non
741 367 789 394 par
799 359 866 386 ratio
878 362 929 391 est,
941 365 994 384 non

201 405 290 432 solum
306 405 341 433 ob
353 406 528 432 certaminum
541 406 632 438 linem,
644 405 691 433 sed
703 406 783 433 etiatn
798 405 867 440 quod
882 405 936 432 illic
949 412 996 431 ne-

201 457 279 477 cesse
291 450 325 478 sit
340 458 421 478 tutum
434 451 571 479 dumtaxat
592 456 750 479 coronatum
769 451 842 479 abire
852 472 860 484 ,
876 450 919 478 hic
932 457 996 478 vero

201 495 382 529 praecellentia
397 500 424 523 et
438 496 548 524 inferior
560 496 678 524 conditio
693 504 745 524 non
766 497 792 524 in
806 504 838 524 eo
852 496 910 523 siue
923 496 994 529 sint,

203 541 274 575 quod
287 541 356 568 alter
368 549 421 568 non
441 547 596 576 coronatus,
611 543 679 570 alter
692 547 835 570 coronatus
850 541 994 574 abscedat,

203 587 251 614 sed
271 587 341 622 quod
353 588 421 615 alius
434 588 642 623 splendidiorem
652 609 659 621 ,
680 589 747 616 alius
751 588 896 634 [minorem
910 587 996 615 accla-

204 633 347 659 mationem
359 633 487 666 obtineat,
505 634 552 661 sed
568 638 656 661 tamen
671 633 764 661 omnes
776 634 931 661 sortiantur.
945 633 992 660 Dc-

204 679 286 713 nique
299 678 322 705 si
335 678 466 706 vellemus
477 686 491 706 a
506 680 636 715 principio
648 679 791 707 informare
805 680 883 710 lilios,
896 684 923 707 et
934 679 997 706 edu-

204 731 268 751 care
278 724 446 758 cupientibtts
457 725 572 757 tradere,
585 725 641 753 lieri
654 733 718 753 sane
730 731 820 760 posset
831 729 860 752 ut
870 726 896 752 in
911 725 996 759 primo

203 773 353 796 castrorum
369 775 471 798 starent
489 771 599 804 ordine;
621 779 707 807 neque
721 773 792 800 enim
815 772 884 799 Deus
896 776 996 798 tantam

204 817 286 843 animi
305 816 485 850 alacritatem,
510 822 611 845 tantum
631 818 749 846 studium
771 823 927 853 sperneret,
949 817 996 845 sed

205 870 312 889 manum
324 863 481 898 porrigeret,
498 863 657 898 imaginique
670 863 815 890 formandae
827 871 934 898 operam
947 862 996 890 da-

204 911 246 934 ret
260 916 266 934 :
280 907 326 934 illa
339 915 402 935 vero
416 912 545 943 operante
567 917 663 941 manu,
688 909 745 936 ﬁeri
768 910 860 944 nequit
883 913 911 936 ut
933 909 996 944 quid

204 957 339 987 gestorum
347 954 468 987 excidat;
483 955 536 981 imo
545 954 602 982 ﬁeri
612 955 702 990 nequit
711 960 738 982 ut
748 955 781 982 ad
791 955 895 983 culmen
907 955 998 990 splen-

204 999 278 1026 doris
291 1004 317 1026 et
331 1000 421 1034 glorias
433 1008 485 1027 non
501 1001 679 1035 perveniatur,
695 1002 717 1028 si
731 1001 810 1028 modo
822 1009 863 1034 ca,
879 1009 937 1036 quze
949 1009 998 1036 pe-

188 1051 254 1086 .nes
265 1051 313 1071 nos
325 1049 396 1078 sunt,
411 1050 595 1080 sequerentur.
608 1046 673 1073 Nam
682 1047 703 1073 si
718 1047 843 1074 mulieres
854 1055 867 1073 a
880 1048 934 1074 Deo
948 1048 999 1074 im-

206 1094 311 1123 petrare
331 1095 490 1125 potuerunt,
514 1096 541 1118 ιιι
554 1093 604 1123 sibi
618 1092 651 1119 ad
670 1092 813 1120 liberorum
835 1100 926 1120 curam
941 1094 1000 1128 opi-

205 1135 343 1168 tularetur,
361 1137 444 1164 mttlto
462 1138 546 1172 magis
566 1145 633 1170 nos,
648 1138 670 1164 si
684 1138 798 1165 velimus
808 1159 815 1171 ,
831 1137 858 1165 id
871 1139 999 1173 consequi

206 1181 362 1214 poterimus.
380 1183 452 1210 Alias
463 1183 585 1218 quidem,
602 1191 635 1211 nc
648 1184 753 1219 longius
767 1189 890 1211 excurrat
902 1185 998 1218 oratio,

207 1227 406 1260 praetermittam
416 1248 424 1261 ,
446 1236 477 1256 ac
492 1229 553 1256 licet
568 1229 664 1256 multas
678 1229 850 1264 proferendus
868 1230 998 1264 habeam,

207 1280 285 1300 unam
300 1277 402 1300 tantum
414 1275 642 1303 commemorabo.

241 1317 286 1344 20.
312 1319 393 1345 Amne
407 1324 430 1345 et
445 1319 572 1346 Samuelis
592 1320 707 1347 historia.
725 1336 760 1341 ——
775 1321 851 1348 Anna
876 1321 999 1357 qutcdam

206 1367 274 1395 erat,
289 1363 380 1390 Iudaea
403 1364 514 1397 mulier;
530 1367 587 1393 inec
601 1366 683 1394 ﬁlium
699 1368 801 1402 peperit
815 1375 907 1401 unum,
922 1375 999 1395 cum-

206 1417 258 1443 que
272 1417 325 1436 non
349 1415 470 1444 speraret
489 1419 519 1439 sc
539 1412 618 1440 alium
640 1413 785 1447 parituram
809 1422 886 1447 esse;
901 1415 1000 1449 quippe

206 1462 266 1488 quae
276 1454 345 1482 hunc
356 1455 398 1482 vix
407 1461 518 1491 postque
526 1457 621 1484 nmltas
630 1457 761 1494 lacrymas
771 1459 929 1494 peperisset,
938 1468 999 1486 nam

207 1500 305 1527 sterilis
327 1505 384 1528 erat
400 1510 407 1527 :
423 1502 516 1530 videns
538 1504 661 1531 aemulam
685 1512 760 1532 suam
791 1506 842 1533 sibi
866 1506 928 1534 ideo
947 1507 1002 1534 l're-

207 1550 319 1579 quenter
334 1547 515 1582 insultantem,
536 1557 701 1585 nequaquam
722 1550 749 1578 id
772 1551 846 1586 fecit,
860 1552 931 1587 quod
953 1560 1001 1581 vos

208 1590 295 1626 agitis,
319 1592 366 1619 scd
388 1599 540 1629 susceptum
559 1595 659 1628 ﬁlium,
684 1596 730 1624 illo
754 1601 856 1625 tantum
880 1602 1001 1634 tempore

208 1637 277 1671 apud
301 1645 330 1665 se
345 1639 463 1672 retinuit,
485 1648 539 1675 quo
562 1649 674 1669 necesse
696 1647 754 1670 erat
769 1649 796 1670 ut
811 1644 1000 1673 ablactaretur.

208 1682 274 1709 Cum
289 1687 377 1711 autem
396 1684 465 1712 lacte
479 1686 592 1720 amplius
607 1695 659 1715 non
680 1693 780 1723 egeret,
796 1695 930 1725 smnptum
944 1695 1002 1718 sta-

210 1727 257 1754 tim
271 1728 366 1755 obtulit
386 1730 451 1764 Deo,
468 1739 517 1759 nec
540 1738 566 1760 ιιι
580 1732 606 1760 in
622 1739 759 1769 paternam
777 1736 880 1763 veniret
892 1736 1001 1764 domum

211 1774 313 1808 rogavit
325 1782 460 1810 umquam,
474 1777 522 1805 sed
533 1785 640 1813 semper
651 1780 676 1807 in
687 1781 786 1815 templo
800 1781 845 1808 Dei
855 1781 898 1809 ille
911 1789 1002 1809 mora-

211 1819 297 1848 batur.
314 1821 341 1848 Si
355 1822 461 1856 quando
475 1823 547 1851 illum
562 1824 652 1852 videre
665 1831 784 1861 cuperet,
800 1831 891 1862 utpote
906 1832 999 1861 mater,

210 1874 263 1894 non
277 1868 406 1896 evocabat
419 1869 452 1896 ad
464 1877 493 1897 se
509 1878 630 1905 puerum,
646 1872 694 1899 sed
708 1872 740 1899 ad
756 1872 830 1900 illum
843 1881 904 1901 cum
927 1878 1003 1908 patre

211 1913 381 1947 ascendebat,
397 1915 430 1942 ab
446 1915 490 1943 illo
511 1916 658 1949 abstinens,
674 1917 734 1952 quia
751 1918 776 1944 in
791 1918 891 1945 donum
905 1926 1002 1946 consc-

210 1964 300 1987 cratus
313 1966 381 1988 erat.
403 1961 530 1997 Adeoque
542 1968 666 1991 strenuus
680 1968 708 1991 et
725 1971 836 1999 magnus
848 1964 1003 1992 adolescens

211 2006 304 2038 evasit,
319 2012 348 2033 ut
371 2007 452 2034 Deum
473 2008 507 2035 ab
530 2008 701 2037 llebrmorum
715 2015 795 2045 gente
817 2010 852 2037 ob
872 2011 924 2038 late
938 2010 1005 2038 cliu-

212 2059 268 2078 sant
291 2052 407 2086 ipsorum
431 2055 575 2088 nequitiam
595 2062 730 2090 aversum,
747 2064 799 2083 non
815 2057 921 2084 oracula
944 2055 1004 2084 fun-

212 2097 329 2129 dentem,
343 2106 393 2125 nee
402 2098 530 2126 visionem
545 2100 624 2127 ullam
637 2103 810 2136 praebentem,
819 2110 866 2137 per
877 2103 1004 2129 virtutem

213 2152 288 2171 suam
303 2145 458 2178 attraheret,
474 2151 500 2172 et
514 2146 669 2180 impetraret
684 2148 716 2175 ab
737 2155 770 2175 co
785 2153 812 2175 ut
829 2149 922 2176 eadem
946 2149 1004 2183 ipsa

214 2191 343 2224 praeberet
357 2198 416 2225 quae
437 2196 526 2223 antea,
541 2196 568 2219 et
590 2193 755 2227 prophetiam
775 2201 835 2228 qua:
853 2193 1005 2222 avolaverat

213 2236 375 2264 restitueret.
387 2237 449 2265 lltec
461 2243 547 2265 autem
559 2239 654 2274 potuit,
669 2247 721 2266 non
733 2245 835 2267 matura
847 2239 901 2275 jam
913 2245 1002 2275 actate,

213 2282 259 2309 sed
280 2291 341 2310 cum
360 2284 447 2311 adhuc
471 2286 596 2319 puerulus
610 2291 680 2313 esset
695 2294 701 2312 :
718 2285 779 2312 Non
794 2286 860 2313 enim
880 2291 947 2319 erat,
963 2287 1005 2314 in-

213 2330 279 2364 quit,
293 2330 355 2356 risio
364 2331 530 2366 distinguens,
543 2336 566 2358 et
577 2331 678 2358 verbum
686 2332 820 2366 pretiosum
833 2336 887 2359 erat
897 2333 930 2368 (l.
938 2332 1003 2368 Reg.

214 2377 240 2403 5.
257 2377 294 2413 ι).
313 2377 434 2404 Attamen
449 2378 498 2405 hoc
513 2378 538 2404 iu
549 2385 638 2404 rerum
650 2377 811 2410 statu,Deus
824 2378 861 2406 illi
877 2378 1004 2414 frequen-

215 2428 255 2450 ter
276 2424 381 2451 oracula
405 2424 542 2452 reddebat.
559 2424 673 2451 Tantum
688 2426 791 2452 confert
804 2426 977 2453 emolumenti
995 2446 1002 2460 ,

217 2470 269 2499 Deo
283 2478 388 2505 semper
401 2479 460 2505 qua:
479 2470 646 2506 possidemus
659 2471 818 2505 concedere,
833 2477 859 2499 ct
871 2480 886 2498 a
902 2473 1004 2500 cunctis

215 2516 368 2549 abscedere,
391 2525 443 2544 non
456 2525 471 2544 a
485 2517 605 2552 pecuniis
627 2521 729 2544 tantum
749 2522 776 2546 et
793 2526 807 2545 a
831 2519 1005 2553 possessioni—

216 2563 275 2595 bus,
288 2561 336 2590 sed
353 2562 387 2589 ab
408 2563 472 2598 ipsis
492 2563 563 2589 ﬁliis.
579 2562 644 2590 Nam
657 2563 680 2590 si
702 2563 752 2602 hoc
765 2563 790 2591 in
804 2564 891 2591 anima
914 2569 1003 2591 nostra

217 2607 302 2634 facere
312 2606 445 2641 jubemur,
462 2608 546 2634 multo
566 2608 649 2642 magis
664 2608 689 2635 in
704 2609 808 2636 ett-leris
828 2609 962 2636 omnibus.
977 2609 1003 2635 Id

216 2653 313 2688 quippe
325 2653 459 2680 Abraham
470 2653 618 2688 patriarcha
629 2653 700 2687 fecit,
716 2655 768 2682 imo
779 2655 913 2690 quidpiam
923 2655 1005 2682 multo

215 2699 300 2733 majus
317 2707 323 2725 :
339 2699 400 2726 ideo
413 2707 473 2726 cum
488 2699 566 2734 longe
580 2699 674 2735 majori
695 2700 779 2735 gloria
795 2701 877 2728 lilium
892 2701 1002 2735 recepit.

215 2745 289 2772 Tunc
302 2745 373 2772 enim
389 2745 504 2773 maxime
519 2744 586 2772 ﬁlios
602 2745 729 2772 habemus
741 2750 857 2779 nostros,
871 2754 931 2774 cutn
945 2747 1004 2774 illos

216 2790 328 2818 Domino
359 2791 496 2818 tradimus.
525 2790 615 2826 Longe
639 2792 736 2826 quippe
765 2792 860 2819 melius
887 2792 919 2819 iis
943 2792 1003 2826 ille,

214 2844 293 2871 quam
317 2844 375 2869 nos,
403 2838 518 2872 praeerit,
541 2838 602 2872 quia
629 2838 757 2873 majorem
782 2838 887 2865 illorum
912 2846 1004 2866 curam

213 2883 290 2918 gerit.
313 2882 406 2912 Nonne
428 2883 453 2911 id
474 2883 567 2912 videtis
587 2884 614 2911 i.t
629 2883 738 2911 divitum
758 2891 863 2919 quoque
881 2883 1004 2912 dentibus

576 164 605 192 S.
625 162 764 191 JOANNIS
783 161 1019 191 CHRYSOSTOMI
1038 159 1197 189 ABClllEP.
1217 161 1488 190 CONSTANTINOP.

1791 158 1840 185 ἔξω

1049 217 1130 246 ﬁeri?
1145 218 1250 247 Etenim
1270 220 1306 247 ibi
1327 227 1384 253 e05,
1399 220 1445 254 qui
1467 218 1558 246 intimo
1576 218 1634 245 loco
1649 224 1708 244 cum
1725 216 1844 250 patribus

1047 269 1194 298 morantur,
1218 273 1272 293 non
1293 273 1377 301 usque
1400 265 1468 293 adeo
1490 265 1609 292 illustres
1631 263 1731 296 videas,
1755 269 1843 296 neque

1047 314 1120 337 tanta
1141 315 1273 346 potestate
1288 312 1414 346 praeditos
1428 318 1436 338 :
1453 312 1469 338 ii
1484 315 1584 343 autem,
1605 317 1672 345 quos
1685 309 1787 337 domini
1800 309 1842 336 sui

1045 364 1062 384 ιι
1076 358 1229 392 parentibus
1243 357 1420 390 abduxerunt,
1442 364 1544 392 suoque
1559 356 1707 384 ministerio
1727 355 1840 390 deputa-

1047 407 1109 430 runt
1129 401 1338 438 lacullalmnque
1359 402 1486 430 custodes
1506 402 1700 430 constituerunt
1713 421 1720 434 ,
1747 400 1841 436 majori

1047 447 1215 476 dominorum
1236 448 1421 476 benevolentia
1444 448 1598 483 potiuntur,
1622 447 1666 475 lidi
1689 447 1840 480 habentur,

1047 498 1173 529 tantoque
1199 495 1336 522 conservis
1361 495 1489 522 clariores
1511 499 1591 526 sunt,
1616 499 1716 529 quanto
1741 494 1842 521 domini

1046 540 1209 568 domesticis.
1233 540 1311 575 Quod
1330 541 1353 568 si
1369 541 1501 568 'homincs
1524 540 1661 567 ministros
1683 547 1746 567 suos
1769 544 1842 567 (ama

1047 586 1209 620 benignitate
1223 591 1249 613 et
1263 586 1448 614 benevolentia
1462 590 1669 621 prosequuntur,
1687 585 1770 612 multo
1785 592 1844 612 ma-

1046 632 1088 667 gis
1109 632 1210 660 inﬁnita
1236 632 1279 659 illa
1304 632 1424 665 bonitas,
1441 632 1521 659 Deus.
1544 632 1669 659 Sinamus
1684 631 1762 666 igitur
1784 631 1845 658 illos

1048 677 1214 710 ministrare,
1238 685 1290 704 non
1306 677 1332 704 in
1356 677 1486 712 templum
1509 676 1673 704 adducentes
1688 681 1717 703 ut
1730 676 1842 704 Samue-

1048 722 1111 756 lem,
1125 723 1172 750 sed
1186 723 1212 750 in
1226 723 1310 758 ipsum
1323 723 1421 750 caelum
1433 730 1493 750 cum
1507 723 1609 758 angelis
1619 727 1716 750 etcum
1730 722 1843 749 archan-

1047 768 1124 803 gelis.
1140 768 1216 802 Quod
1231 769 1302 796 enim
1327 777 1388 796 cum
1403 769 1456 795 illis
1477 768 1653 796 ministraturi
1669 768 1722 795 sint
1734 773 1761 795 et
1783 775 1842 796 scr-

1049 816 1126 842 vituri
1142 816 1171 849 ii,
1186 816 1230 851 qui
1244 815 1314 844 hanc
1335 816 1531 851 philosophiam
1546 819 1732 849 susceperunt;
1748 815 1845 850 cuique

1049 862 1136 896 palam
1158 866 1199 889 est
1214 870 1221 889 :
1236 862 1281 889 ubi
1303 870 1356 889 non
1381 862 1430 889 sibi
1454 866 1572 894 tantum,
1596 860 1644 888 sed
1667 860 1743 888 vobis
1764 861 1844 888 etiam

1050 907 1143 942 majori
1157 915 1218 935 cum
1233 907 1329 935 ﬁducia
1348 909 1519 943 prospicient.
1537 907 1603 935 Nam
1626 907 1648 934 si
1663 907 1772 942 quidam
1797 914 1845 941 pa-

1050 958 1154 981 rentum
1180 951 1264 989 gfratia
1291 955 1418 982 nonnulla
1444 954 1628 981 consolatione
1657 954 1733 988 potiti
1765 958 1844 987 sunt,

1050 1001 1134 1027 multo
1150 1000 1175 1027 id
1190 1001 1273 1036 magis
1285 1000 1397 1028 ﬁliorum
1409 1008 1488 1027 causa
1501 1005 1625 1035 parentes
1637 1003 1843 1034 consequentur.

1051 1046 1105 1074 Illic
1118 1047 1188 1074 enim
1205 1051 1308 1074 naturae
1331 1051 1431 1073 tantam
1444 1045 1488 1081 jus
1502 1045 1605 1078 aderat,
1620 1044 1664 1072 hic
1677 1045 1758 1072 etiam
1779 1044 1845 1071 edu-

1050 1093 1173 1126 cationis,
1189 1093 1260 1128 quod
1283 1093 1366 1119 multo
1389 1092 1549 1127 majusjure
1571 1095 1673 1118 natura:
1688 1095 1739 1118 cst.
1761 1091 1847 1126 Atque

1051 1140 1103 1167 hoc
1116 1140 1191 1167 vnbis
1203 1144 1344 1174 utrumque
1355 1146 1390 1166 ex
1401 1139 1497 1166 divinis
1510 1137 1655 1172 Scripturis
1668 1137 1843 1164 conlirmabo.
1877 1140 1879 1142 ’

1051 1185 1194 1213 Ezechiam
1208 1185 1279 1213 enitn
1294 1186 1393 1212 virtute
1408 1184 1559 1219 pietateque
1583 1183 1722 1219 prmditum
1738 1183 1824 1210 virum
1837 1204 1846 1216 ,

1052 1239 1112 1259 cum
1127 1236 1229 1258 tantam
1243 1239 1273 1260 ex
1289 1231 1368 1258 rebus
1381 1231 1463 1266 gestis
1477 1230 1600 1257 liduciam
1614 1236 1667 1256 non
1682 1228 1805 1263 haberet,
1819 1235 1848 1255 ιιι

1052 1281 1142 1312 posset
1162 1281 1252 1304 contra
1269 1281 1321 1303 tam
1344 1276 1438 1311 ingens
1460 1275 1606 1311 periculum
1630 1275 1788 1308 consistere,
1812 1275 1848 1301 ob

1053 1324 1136 1358 patris
1149 1323 1273 1350 virtutem
1287 1327 1454 1350 servaturum
1470 1329 1499 1349 se
1515 1322 1579 1349 dicit
1591 1321 1660 1349 Deus
1676 1330 1683 1348 :
1698 1320 1847 1356 Protegam,

1052 1369 1153 1404 inquit,
1170 1369 1293 1395 civitatem
1315 1369 1391 1400 hanc,
1410 1372 1437 1394 ut
1457 1375 1552 1394 servem
1564 1375 1621 1393 eam
1642 1371 1745 1401 propter
1762 1375 1809 1399 me,
1823 1372 1849 1393 et

1052 1420 1154 1451 propter
1167 1415 1249 1442 David
1270 1423 1376 1448 puerum
1390 1422 1472 1441 meum
1485 1414 1525 1448 (4.
1540 1413 1604 1448 Reg.
1620 1413 1664 1441 l9.
1679 1413 1733 1448 54).
1750 1413 1849 1440 Paulus

1051 1467 1140 1489 autem
1165 1461 1199 1489 de
1228 1461 1381 1497 parentibus
1407 1460 1548 1487 Timotheo
1573 1459 1693 1487 scribens
1721 1459 1848 1487 diccbat:

1053 1507 1225 1535 Salvabuntur
1244 1512 1327 1534 autem
1350 1515 1394 1540 per
1408 1507 1519 1540 ﬁliorum
1538 1506 1733 1541 generationem,
1753 1506 1775 1533 si
1790 1514 1848 1541 per-

1053 1555 1190 1581 manserint
1212 1555 1239 1581 in
1253 1554 1313 1588 ﬁde,
1335 1558 1359 1581 et
1377 1553 1521 1586 dilectione,
1541 1557 1565 1580 et
1579 1553 1779 1586 sanctiﬁcatione
1792 1561 1849 1579 cum

1052 1600 1184 1628 sobrietate
1198 1600 1236 1634 (ί.
1253 1599 1318 1626 Tim.
1333 1599 1362 1626 2.
1379 1599 1434 1634 15).
1447 1598 1498 1626 Job
1511 1606 1627 1634 quoque,
1640 1603 1667 1625 ut
1678 1606 1710 1625 cx
1725 1598 1784 1625 aliis
1794 1598 1851 1625 lan-

1052 1647 1124 1674 davit
1137 1646 1284 1680 Scriptura,
1301 1653 1398 1680 nempe
1411 1644 1481 1680 quod
1494 1644 1594 1679 justus,
1608 1651 1688 1671 verax
1703 1648 1730 1671 et
1743 1643 1850 1678 religio-

1053 1701 1098 1720 sus
1119 1700 1180 1727 erga
1196 1692 1279 1719 Deum
1302 1695 1385 1726 esset,
1410 1692 1450 1719 sic
1471 1691 1551 1718 etiam
1573 1698 1605 1718 ex
1624 1689 1739 1717 ﬁliorum
1760 1697 1824 1716 cura
1841 1699 1848 1716 :

1053 1746 1112 1775 qua:
1126 1739 1152 1766 ῑιι
1168 1739 1217 1766 hoc
1229 1738 1280 1765 sita
1294 1742 1363 1771 crat,
1378 1745 1430 1764 non
1445 1736 1514 1772 quod
1528 1744 1622 1763 aurum
1634 1736 1697 1770 ipsis
1708 1743 1850 1763 coacerva-

1053 1789 1104 1817 rct,
1119 1793 1172 1811 non
1186 1783 1256 1819 quod
1269 1783 1400 1818 gloriosos
1414 1786 1441 1810 et
1463 1782 1581 1810 illustres
1594 1780 1711 1811 faceret;
1737 1780 1784 1807 sed
1798 1788 1847 1815 qua

1054 1831 1081 1858 in
1099 1831 1149 1858 re?
1164 1830 1232 1857 Audi
1254 1829 1419 1864 Scripturam
1438 1828 1570 1856 dicentem
1586 1837 1592 1854 :
1608 1827 1670 1854 Cum
1685 1827 1850 1854 consummati

1054 1884 1135 1903 essent
1145 1875 1196 1902 dies
1210 1875 1314 1902 convivii
1326 1874 1438 1905 illorum,
1456 1874 1567 1901 mittebat
1582 1873 1642 1906 Job,
1657 1878 1680 1900 et
1700 1873 1850 1908 puriﬁcnbnt

1054 1928 1106 1953 eos,
1122 1928 1274 1956 surgcnsque
1295 1927 1369 1946 mane
1381 1918 1501 1953 o/ferebat
1515 1927 1561 1953 pro
1573 1918 1624 1945 illis
1645 1918 1798 1953 sacri/icium
1810 1926 1849 1945 sc-

1054 1966 1164 1993 ctmdum
1180 1974 1310 1993 numerum
1322 1973 1418 1998 eorum,
1433 1969 1455 1992 et
1469 1964 1575 1992 vitulum
1586 1973 1663 1991 unum
1679 1972 1724 1999 pro
1737 1969 1848 1999 peccato,

1056 2020 1102 2046 pro
1116 2013 1247 2039 animabus
1270 2020 1366 2039 eorum.
1388 2010 1493 2038 Dicebat
1507 2011 1572 2037 enim
1586 2010 1636 2037 Job
1659 2010 1684 2037 in
1699 2009 1775 2037 corde
1794 2018 1849 2041 suo,

1056 2057 1098 2085 Ne
1108 2059 1172 2094 forte
1186 2059 1234 2093 [itii
1246 2058 1293 2085 mei
1306 2058 1333 2084 in
1347 2063 1428 2085 mente
1442 2066 1489 2085 tua
1508 2057 1574 2084 male
1587 2057 1750 2092 cogitaverim
1763 2057 1850 2083 adver-

1055 2113 1099 2132 sus
1110 2104 1191 2131 Deum
1205 2104 1264 2140 (Job
1278 2105 1304 2132 l.
1320 2103 1360 2140 5).
1384 2104 1451 2131 Num
1465 2111 1517 2138 qua
1530 2103 1606 2130 vobis
1617 2103 1668 2130 crit
1682 2102 1787 2130 demum
1805 2110 1850 2130 ex-

1055 2150 1167 2183 cusatio,
1184 2150 1245 2176 talia
1264 2149 1445 2176 audentibus?
1456 2149 1523 2176 Nam
1543 2149 1565 2176 si
1583 2148 1637 2182 ille,
1652 2149 1696 2183 qui
1717 2153 1779 2175 ante
1793 2155 1850 2183 gra-

1056 2197 1130 2229 tiam,
1146 2201 1206 2223 ante
1219 2196 1316 2232 legem,
1332 2196 1376 2232 qui
1391 2196 1462 2223 nulla
1473 2196 1589 2223 imbutus
1603 2194 1689 2222 fuerat
1699 2194 1848 2229 disciplina,

1056 2246 1155 2269 tantam
1170 2241 1283 2269 ﬁliorum
1297 2249 1388 2269 curam
1408 2241 1531 2275 gesserit,
1546 2244 1575 2268 ut
1588 2247 1636 2275 pro
1649 2240 1759 2267 occultis
1772 2240 1849 2267 etiant

1056 2287 1172 2322 peccatis
1187 2290 1314 2315 tremeret
1330 2296 1336 2314 :
1353 2287 1413 2322 quis
1428 2294 1477 2314 nos
1498 2290 1674 2314 excusaturus
1697 2291 1749 2319 est,
1766 2286 1809 2321 qui
1825 2286 1848 2312 in

1055 2333 1140 2368 gratia
1166 2340 1277 2366 sumus,
1302 2333 1347 2368 qui
1373 2336 1412 2360 tot
1436 2333 1561 2360 doctores
1585 2332 1657 2360 nacti
1679 2339 1787 2364 sumus,
1814 2336 1850 2358 tot

1056 2379 1179 2414 exempla
1194 2379 1333 2412 habentes,
1358 2383 1398 2407 tot
1413 2379 1620 2410 admonitiones,
1637 2378 1681 2414 qui
1697 2386 1750 2405 non
1772 2378 1850 2405 modo

1056 2432 1105 2460 pro
1118 2425 1226 2452 incertis
1237 2432 1288 2452 non
1305 2425 1440 2459 timemus,
1456 2424 1504 2452 sed
1525 2424 1604 2452 etiam
1617 2428 1689 2451 certa
1703 2423 1850 2451 contemni-

1057 2478 1126 2504 mus,
1151 2478 1201 2498 ncc
1222 2471 1418 2498 contemnimus
1443 2475 1556 2502 tantum,
1582 2470 1628 2498 sed
1656 2477 1704 2498 eos
1725 2470 1770 2505 qni
1797 2470 1851 2496 ha‘e

1056 2518 1198 2545 emendare
1207 2518 1299 2545 volunt
1312 2517 1451 2552 pellimus?
1465 2517 1599 2545 Abraham
1610 2525 1725 2552 quoque,
1740 2522 1770 2543 ut
1779 2516 1851 2551 prius

1057 2563 1124 2596 dixi,
1140 2571 1201 2590 cum
1215 2563 1275 2591 aliis
1294 2563 1422 2598 praeclare
1438 2563 1532 2598 gestis,
1548 2563 1599 2590 hoe
1613 2570 1719 2600 quoque
1732 2561 1849 2598 splendi-

1057 2610 1119 2637 dum
1136 2609 1237 2637 facinus
1252 2609 1345 2637 edidit.

1092 2655 1136 2683 21.
1152 2655 1296 2683 Coltortatio
1308 2655 1342 2681 ad
1355 2658 1468 2689 parentes
1478 2659 1524 2688 ,ιιι
1538 2653 1606 2688 ﬁlios
1625 2654 1660 2680 ad
1678 2654 1795 2689 pietatem
1809 2654 1849 2680 in-

1058 2704 1174 2737 fornwnt.
1189 2717 1224 2722 —
1237 2701 1319 2728 Tanta
1336 2701 1414 2736 igitur
1426 2701 1547 2734 exempla
1567 2700 1695 2727 habentes
1705 2721 1713 2733 ,
1728 2707 1850 2734 paremus

1059 2749 1114 2775 Deo
1129 2747 1241 2774 famulos
1251 2768 1258 2781 ,
1273 2746 1453 2782 probalosque
1468 2746 1613 2773 ministros.
1627 2745 1693 2772 Nam
1714 2745 1735 2773 si
1752 2745 1773 2772 is
1786 2766 1793 2777 ,
1807 2744 1849 2779 qui

1058 2793 1171 2819 athlelas
1185 2791 1334 2819 civitatibus
1353 2791 1410 2823 alit,
1427 2790 1578 2824 militesque
1592 2791 1780 2825 rcgicxercet,
1796 2797 1849 2816 ma-

1058 2846 1111 2873 gno
1123 2837 1265 2865 donabitur
1280 2837 1391 2869 honore,
1406 2841 1534 2871 quantum
1549 2843 1597 2863 nos
1608 2835 1707 2862 donum
1720 2839 1843 2869 acceptu-

1063 2891 1107 2912 ros
1122 2890 1181 2911 esse
1194 2890 1241 2919 par
1255 2887 1307 2916 est,
1322 2882 1367 2917 qui
1378 2885 1431 2910 tant
1446 2885 1579 2915 strenuos,
1594 2885 1680 2908 tantes
1699 2880 1770 2907 viros
1796 2880 1847 2907 imo
