2064 3115
173 144 226 172 δλε

172 211 259 247 potius
275 216 384 245 angelos
401 211 455 236 lteo
467 207 584 235 alimus?
596 206 691 234 Omnia
705 213 767 240 erga
783 205 922 236 faciamus,
938 207 965 231 et

173 259 224 286 illis
235 257 341 292 pietatis
354 263 419 290 opes
434 255 626 288 relinquamus,
643 260 702 287 quzc
714 256 831 283 manent,
846 255 873 277 et
886 257 966 277 exce-

173 305 267 331 dentcs
281 311 295 330 e
311 303 362 329 \‘ita
377 302 553 332 eomitantur;
566 307 625 334 qua:
636 306 688 325 non
701 298 726 324 in
740 298 790 324 hac
801 298 854 324 vita
867 296 963 327 solum,

170 348 218 375 sed
233 348 312 375 etiam
330 347 383 374 illic
393 347 508 373 maxime
519 345 595 372 nobis
608 343 761 378 pmdet‘uut.
775 342 841 369 Nam
855 340 967 368 smeula-

173 402 216 421 res
231 393 329 421 divitia:
354 391 516 419 est-edentes
536 398 552 417 e
574 390 628 416 vita
649 397 702 416 non
723 388 895 418 comitantur,
913 386 966 413 imo

174 442 217 469 hic
229 445 293 468 ante
305 448 354 467 nos
375 443 505 475 pereunt,
526 445 558 465 ac
579 444 650 470 smpe
665 442 834 470 possessores
854 433 966 468 perdunt

174 495 236 514 suos
251 495 258 513 :
275 486 333 513 haec
346 492 409 512 vero
425 489 452 511 et
465 484 508 511 hic
521 488 547 510 et
561 483 614 510 illic
628 481 711 508 ﬁrma:
727 483 814 511 erunt,
830 483 857 505 et
872 485 967 512 magna

173 540 233 560 curn
249 531 392 560 securitate
413 529 580 565 possidentes
593 536 622 555 se
635 526 840 555 conservabunt.
864 523 966 551 Etenim

173 585 217 605 res
228 577 262 604 ita
279 584 307 604 se
321 576 400 604 habet
415 585 421 602 2
437 576 480 610 qui
498 580 602 602 terrena
617 571 798 608 spiritualibus
813 569 929 605 pra-fert,
941 573 968 596 et

173 625 216 650 his
236 628 262 651 ct
283 624 334 650 illis
355 622 478 655 excidet;
503 622 547 657 qui
568 628 631 648 vero
652 619 767 647 cmlestia
791 617 967 651 concupiscit,

174 669 288 696 terrenis
298 670 377 695 etiam
390 668 515 702 potietur.
527 667 585 694 Non
601 673 660 693 mea
670 669 733 692 sunt.
746 664 803 690 lucc
816 663 907 696 verba,
921 661 969 689 sed

173 715 244 750 ejus,
263 715 307 749 qui
324 711 381 741 hinc
396 715 554 749 pra-biturus
567 716 618 745 est,
640 711 743 738 Domini
758 718 765 735 :
783 708 901 741 Quwrile,
927 708 969 734 in-

172 763 240 796 quit,
262 767 369 794 rentum
399 759 448 787 Dei
463 759 482 792 ‘,
497 765 519 785 et
548 759 602 785 Itwc
622 757 707 784 omnia
725 755 878 791 adjiciantur
900 754 969 780 vobis

176 806 280 841 (Matt/1.
293 806 320 833 6.
331 806 388 840 55).
399 805 465 839 Quid
477 803 640 831 huiehonori
650 811 696 837 par
704 809 763 829 esse
777 801 860 836 possit
868 801 879 828 τ
887 799 968 832 Cura,

175 852 269 888 inquit,
283 851 429 886 spiritualia
440 871 448 883 ,
464 849 529 877 mihi
549 857 612 876 vero
624 849 713 876 omnia
735 853 779 875 tua
804 848 918 876 dimitte.
932 850 970 876 Ac

172 899 196 926 si
209 899 268 934 quis
281 903 355 933 pater
366 897 411 924 ﬁlii
425 904 527 927 amans,
539 895 635 922 donius
645 903 748 927 curam,
760 895 969 922 domesticorum

170 945 292 980 regimen
310 944 476 977 aliormuqne
498 942 615 969 omnium
637 941 686 969 sibi
701 946 864 973 assumeret,
888 941 969 968 ﬁlium

172 998 249 1023 vero,
263 994 292 1017 ut
313 989 358 1016 uni
371 987 544 1023 philosophia:
566 991 681 1020 vacaret,
700 988 857 1014 admoneret
871 996 878 1014 :
892 987 930 1014 sic
944 991 971 1014 et

177 1037 245 1064 Deus
255 1035 326 1062 facit.
339 1035 441 1062 Morem
462 1035 551 1069 itaque
571 1040 705 1068 geramus,
720 1037 747 1060 et
762 1040 912 1068 qureramus
926 1039 970 1059 re-

170 1090 254 1118 gnum
268 1082 325 1113 Dei,
339 1087 366 1108 et
379 1081 419 1108 sic
436 1081 513 1115 plane
532 1081 601 1107 filios
618 1084 725 1107 nostros
738 1080 882 1114 pra-claros
895 1078 971 1106 vide-

172 1128 273 1162 bimus,
286 1135 387 1162 nosque
400 1135 461 1155 eum
478 1127 530 1154 illis
543 1125 673 1161 splendidi
688 1127 798 1158 erimus,
811 1133 843 1152 ac
853 1133 971 1160 prmseu-

176 1174 246 1202 tibus
260 1175 388 1206 fruemur,
411 1174 434 1200 si
448 1173 534 1200 futura
547 1177 574 1199 et
586 1172 703 1200 caelestia
723 1177 825 1199 tantum
839 1179 969 1199 amemus.

177 1221 239 1248 Ihec
252 1219 498 1255 obtemperantibus
512 1219 587 1246 vobis
601 1225 723 1253 magnam
743 1217 855 1245 afferent
869 1225 972 1245 merce-

173 1268 235 1295 dem
247 1275 254 1299 ;
268 1266 476 1302 repugnantibus
488 1269 577 1292 autem
589 1269 616 1292 et
627 1271 678 1292 non
693 1271 795 1291 morem
806 1263 970 1298 gerentibus,

174 1314 281 1348 gravius
301 1313 472 1348 supplicium.
489 1311 581 1347 Neque
596 1311 667 1338 enim
687 1311 749 1338 licet
767 1310 799 1338 ad
820 1311 972 1338 excusatio-

178 1368 237 1387 nem
250 1359 393 1394 confugere
407 1366 438 1386 ac
449 1358 548 1390 dicere,
564 1357 658 1385 Nullus
674 1361 741 1389 erat,
757 1356 801 1392 qui
820 1355 878 1383 lnec
890 1356 971 1383 doce-

179 1410 227 1433 ret.
241 1405 320 1432 Certe
332 1409 474 1439 antequam
486 1411 534 1430 nos
550 1403 608 1430 haec
628 1402 790 1434 diceremus,
805 1401 862 1428 inec
877 1401 971 1429 defen-

175 1451 217 1477 sio
230 1450 331 1478 sublata
351 1454 420 1482 erat,
443 1450 542 1484 quippe
562 1456 622 1476 cum
635 1448 690 1483 ipsa
705 1451 799 1474 natura
819 1450 971 1474 accuratam

176 1497 274 1524 habeat
288 1496 356 1523 bona
369 1504 383 1522 a
397 1496 474 1522 malis
490 1494 659 1522 discernendi
672 1494 726 1521 vim
740 1498 767 1521 et
776 1493 838 1520 lucc
853 1493 972 1528 philoso-

178 1542 238 1576 phia
251 1541 350 1576 ubique
372 1540 507 1576 proposita
528 1540 572 1572 sit,
590 1539 722 1574 hujusque
742 1539 804 1565 vita;
823 1538 894 1566 mala
908 1538 973 1565 satis

178 1588 232 1617 sint
240 1587 272 1617 ad
283 1587 341 1625 ejus
348 1591 481 1615 amatores
493 1586 520 1613 in
530 1585 701 1614 solitudinem
713 1584 852 1620 fugandos.
863 1584 973 1612 Etiamsi

178 1635 260 1670 igitur
275 1639 435 1668 taceremus,
450 1638 480 1662 ut
492 1631 557 1668 dixi,
569 1631 657 1661 omnis
670 1630 806 1661 excusatio
818 1629 922 1660 Sublata
932 1637 975 1656 es-

177 1686 230 1708 set.
244 1681 279 1708 At
292 1680 376 1708 multo
391 1681 475 1716 magis
488 1688 559 1708 nunc
571 1684 633 1716 post
643 1680 692 1707 hos
705 1679 772 1707 adeo
784 1679 902 1714 prolixos
916 1679 974 1706 edi-

179 1732 221 1754 tos
236 1727 329 1760 libros,
347 1731 502 1762 tantamque
517 1727 745 1760 admonitionem,
767 1731 822 1753 tum
842 1733 875 1753 ex
894 1726 975 1753 rebus

181 1775 255 1809 ipsis,
274 1779 340 1807 tum,
356 1781 415 1809 quae
428 1774 509 1801 etiam
524 1774 621 1801 clarior
634 1778 685 1806 est,
702 1781 734 1800 ex
749 1772 846 1800 divinis
856 1771 975 1806 Scriptu-

180 1821 227 1848 tis.
243 1821 281 1848 Ac
301 1821 405 1848 etiamsi
427 1820 499 1848 domi
518 1824 657 1847 manentes
677 1823 784 1854 possent
805 1827 856 1846 non
871 1818 976 1854 penitus

179 1867 280 1900 perire,
297 1866 343 1893 sed
357 1871 504 1893 extremam
522 1865 616 1892 salutis
632 1870 732 1893 sortem
745 1864 856 1900 adipisci
869 1885 876 1896 ,
891 1871 924 1891 ne
937 1863 976 1891 sic

180 1913 287 1948 quidem
302 1919 395 1948 poenas
408 1912 525 1947 elfugere
539 1919 689 1947 possemus,
704 1911 726 1938 si
741 1918 789 1938 eos
806 1910 851 1946 qui
866 1909 899 1937 ad
913 1909 976 1937 dili-

179 1959 327 1994 gentiorem
343 1959 423 1986 vitam
443 1959 600 1986 festinarent
623 1957 836 1993 prohiberemus,
856 1961 936 1991 atque
949 1955 976 1983 in

182 2004 354 2032 smcularibus
376 2004 456 2032 rebus
478 2004 657 2032 detineremus
687 2010 746 2036 eos,
769 2002 813 2038 qui
834 2001 861 2029 in
881 2001 976 2029 caelum

182 2051 288 2078 avolare
302 2051 439 2086 gestirem.
462 2049 526 2078 Cum
546 2055 636 2078 autem
658 2049 683 2077 id
698 2049 755 2083 ﬁeri
777 2052 908 2084 nequeat,
930 2048 977 2075 sed

183 2097 292 2124 omnino
314 2096 478 2132 pereundum
496 2103 557 2123 esse
571 2100 686 2129 constet,
700 2103 731 2122 ac
745 2094 779 2123 de
792 2095 918 2122 extremis
931 2101 979 2129 pe-

184 2143 297 2170 riculum
304 2143 348 2175 sit,
358 2150 437 2178 quam
447 2142 554 2169 tandem
563 2142 680 2175 veniam,
689 2149 768 2176 quam
778 2141 978 2169 excusationem

185 2189 299 2216 habituri
313 2189 406 2221 simus,
422 2188 444 2216 si
459 2196 511 2215 non
527 2187 606 2215 modo
622 2187 794 2223 propriorum
809 2191 978 2221 peccatorum

185 2236 232 2263 sed
247 2244 340 2263 eorum
355 2236 435 2263 etiam
448 2243 507 2271 qua:
527 2240 618 2270 postea
635 2234 682 2261 ﬁlii
699 2233 865 2265 admiserint,
887 2240 980 2268 pinnas

186 2282 211 2308 iu
224 2289 273 2309 nos
288 2281 359 2316 ipsos
383 2280 554 2316 gravissimas
573 2279 781 2316 pertrahamus?
799 2279 892 2314 Neque
908 2279 979 2305 enim

186 2333 249 2362 puto
269 2327 330 2356 illos
350 2332 402 2355 tam
422 2334 516 2363 graves
539 2327 648 2354 daturos
668 2334 728 2354 esse
752 2333 844 2361 poenas
867 2333 916 2361 pro
937 2325 979 2359 iis,

186 2381 246 2408 qure
259 2378 350 2408 postea
363 2373 523 2408 deliquerint
541 2373 568 2400 in
583 2373 630 2400 hos
643 2372 739 2399 fluetus
750 2371 884 2406 pertracti,
901 2378 981 2405 quam

186 2427 244 2453 vos,
257 2420 301 2454 qui
315 2419 341 2447 in
357 2419 425 2446 hanc
439 2419 500 2446 illos
518 2419 705 2446 necessitatem
720 2417 870 2444 induxistis.
881 2416 948 2444 Nam
959 2416 981 2443 si

187 2467 223 2500 ei.
235 2467 279 2502 qui
291 2475 373 2494 unum
396 2466 628 2499 scandalizarerit,
644 2473 704 2492 cum
720 2463 790 2491 mola
806 2465 831 2490 in
846 2471 920 2491 mare
933 2463 981 2490 de-

188 2514 271 2549 Iuergi
284 2513 391 2549 expedit
406 2522 412 2540 :
427 2521 486 2548 qua:
502 2512 607 2540 tandem
622 2519 701 2546 poena
711 2532 717 2543 ,
734 2511 779 2546 qui
793 2510 927 2538 cruciatus
940 2517 983 2537 sa-

189 2561 223 2587 tis
235 2565 315 2587 erunt
334 2559 396 2593 illis,
419 2560 464 2594 qui
479 2558 610 2586 saevitiam
627 2562 726 2585 tantam
743 2562 770 2584 et
790 2556 983 2584 immanitatem

189 2607 215 2632 in
229 2606 327 2633 liberos
344 2605 466 2641 proprios
487 2604 651 2631 ostendunt?
668 2598 809 2637 Quocirca,
825 2610 901 2637 rogo,
917 2609 984 2629 cou-

189 2652 336 2679 teutioncm
349 2651 501 2684 remittatis,
513 2650 625 2685 sitisque
636 2648 857 2685 philosophorum
868 2647 984 2675 ﬁliorum

430 2700 437 2714 ι

223 2729 231 2745 ¹
249 2733 304 2760 Pro,
315 2735 418 2762 regnum
430 2728 482 2760 Dei,
494 2733 589 2760 omnes,
610 2731 699 2759 praeter
721 2726 805 2753 tttorel.
823 2727 924 2757 habent,
945 2731 986 2750 res

190 2766 264 2793 91mm
274 2761 398 2786 rma-imm.

547 137 727 167 ADVERSUS
744 134 1019 164 OPI’UGNATORES
1039 133 1131 162 VITJE
1151 133 1296 162 MONAST.
1319 133 1379 162 LlB.
1403 133 1443 161 lll.

1763 135 1816 163 386

1023 209 1122 239 patres.
1137 203 1229 239 Neque
1243 204 1268 231 id
1283 203 1427 232 dicendum
1443 207 1494 236 est,
1510 203 1580 238 quod
1593 203 1691 231 multus
1704 208 1817 238 praeten-

1021 251 1084 277 dere
1097 250 1186 277 audio.
1197 249 1265 284 Quid
1281 250 1343 277 illud
1357 250 1417 278 est?
1430 250 1496 277 Cum
1507 250 1667 282 videremus,
1681 251 1814 285 inquiunt,

1019 295 1079 322 illos
1094 295 1126 322 ad
1141 296 1219 322 linem
1234 296 1374 330 pervenire
1394 303 1446 322 nou
1466 303 1554 331 posse,
1573 295 1633 322 ideo
1649 296 1708 323 illos
1722 297 1817 331 prohi'

1020 342 1139 370 buimus.
1153 343 1262 370 Etiamsi
1271 346 1342 370 enim
1353 342 1377 370 id
1388 342 1460 369 clare
1469 342 1647 377 prmvidisscs,
1658 351 1710 370 non
1724 349 1814 372 autem

1022 389 1198 422 conjectando
1213 389 1299 416 solum
1312 397 1319 422 ;
1335 390 1409 416 ιιιυῐιὶ
1422 390 1503 423 enim,
1515 391 1559 425 qui
1571 391 1668 425 lapsuri
1683 391 1817 425 putaban-
1841 421 1846 424 _

1020 440 1073 468 tur,
1086 439 1227 467 steterunt;
1237 436 1269 467 si,
1282 436 1400 470 inquam,
1412 436 1473 462 illud
1486 437 1771 471 certos‘prxescivisses,
1784 445 1818 464 ne

1021 482 1060 508 sic
1075 481 1181 516 quidem
1198 481 1270 508 illum
1285 481 1422 508 retrahere
1436 482 1565 516 oportuit.
1589 481 1681 518 Neque
1694 483 1776 515 enim,
1793 483 1817 510 si

1021 523 1160 562 quospiam
1171 527 1205 554 ad
1215 528 1316 562 lapsum
1328 535 1436 562 pronos,
1447 533 1567 563 arreptos
1579 529 1818 564 praecipitaremus,

1022 573 1047 600 id
1063 574 1138 600 nobis
1149 573 1182 600 ad
1196 574 1394 600 excusationem
1409 573 1472 601 satis
1485 579 1566 607 esset,
1581 575 1627 601 sed
1641 575 1753 609 idipsnm
1767 582 1818 602 nos

1022 619 1048 647 in
1075 620 1166 654 primis
1193 619 1395 646 condemnaret.
1419 619 1473 646 Cur
1496 619 1567 646 enim
1593 627 1645 646 nou
1673 620 1816 654 permisisti

1022 671 1092 694 utex
1106 667 1176 694 illius
1183 667 1395 701 segnitielapsus
1408 667 1584 700 contingeret,
1592 665 1638 692 sed
1650 672 1815 700 prawertens

1023 718 1161 748 peccatum
1176 713 1240 740 illud
1250 713 1372 747 rapuisti,
1384 717 1522 747 totumque
1536 712 1561 739 in
1575 717 1654 747 caput
1668 717 1740 739 luunt
1754 720 1818 739 cott-

1020 759 1130 795 jecisti?
1144 760 1246 792 lmo,ut
1261 760 1287 787 id
1302 760 1378 787 fieret
1392 767 1444 786 non
1459 758 1667 794 permittendum
1682 763 1756 785 erat:
1768 766 1817 785 cur

1024 806 1095 833 enim
1104 814 1155 833 non
1164 806 1250 834 omnia
1264 806 1361 839 fecisti,
1372 811 1399 833 ut
1409 814 1443 833 ne
1452 810 1542 833 rueret
1550 805 1637 833 ﬁlius?
1647 805 1738 840 itaque
1745 806 1816 840 quod

1023 852 1107 879 scires
1116 851 1246 878 ruiturum
1263 852 1335 879 ilhnu
1351 859 1421 884 esse,
1438 851 1498 878 ideo
1507 851 1622 878 maxime
1633 851 1763 885 supplicio
1772 850 1813 878 di-

1023 905 1091 932 gnus
1112 905 1152 924 es.
1174 897 1239 924 Nam
1264 905 1324 925 eum
1343 897 1386 932 qui
1401 897 1426 923 id
1448 896 1593 931 prmvidet,
1616 904 1669 923 non
1695 896 1819 932 praccipi-

1023 950 1091 978 tare,
1113 945 1160 972 sed
1185 953 1291 972 manum
1320 945 1456 980 porrigere
1480 950 1607 980 oportet,
1635 945 1818 980 maioremque

1024 991 1228 1018 sollicitudinem
1244 991 1370 1018 exhibere
1385 1011 1394 1024 ,
1411 995 1439 1018 ut
1450 991 1494 1026 qui
1511 991 1633 1025 lapsurus
1646 995 1697 1024 est,
1713 990 1818 1017 fortiter

1024 1037 1162 1068 consistat,
1179 1037 1236 1064 sive
1256 1037 1363 1064 tandem
1384 1040 1456 1064 stare
1477 1037 1570 1072 possit,
1585 1037 1641 1063 sive
1655 1045 1707 1063 non
1723 1036 1816 1071 possit.
1847 1059 1853 1067 ,

1025 1082 1091 1110 Nam
1103 1090 1162 1116 qua:
1180 1090 1262 1117 penes
1276 1091 1325 1109 nos
1338 1087 1414 1110 erant
1428 1082 1518 1109 omnia
1543 1082 1650 1117 exsequi
1665 1083 1815 1116 oportebat.

1025 1129 1130 1157 etiamsi
1153 1129 1199 1156 alii
1221 1129 1287 1156 nihil
1300 1129 1362 1156 inde
1375 1129 1442 1156 lucri
1456 1129 1646 1164 consequuturi
1662 1133 1747 1155 erant.
1763 1128 1817 1155 Cur

1025 1176 1093 1208 hoc,
1107 1179 1135 1203 et
1148 1175 1248 1210 quare?
1264 1174 1298 1203 Ut
1321 1183 1373 1202 non
1396 1183 1411 1202 a
1427 1175 1514 1207 nobis,
1537 1174 1583 1202 sed
1599 1175 1632 1201 ab
1652 1174 1704 1201 illis
1720 1175 1788 1201 ratio
1801 1181 1815 1201 a

1025 1221 1080 1249 Deo
1095 1225 1273 1256 expeteretur.
1284 1221 1360 1254 Quod
1370 1227 1398 1248 et
1411 1223 1467 1255 ipse
1486 1221 1526 1253 ei,
1540 1220 1584 1255 qui
1599 1220 1697 1247 talento
1706 1226 1817 1254 accepto

1026 1268 1090 1295 nihil
1107 1268 1224 1295 lucratus
1242 1271 1300 1295 erat
1314 1288 1322 1300 ,
1342 1267 1509 1302 exprobrans
1521 1266 1627 1293 diccbat
1645 1275 1652 1293 :
1680 1265 1816 1301 Oportebat

1025 1314 1092 1341 enim
1109 1319 1141 1347 Ie,
1156 1313 1239 1348 inquit
1249 1333 1257 1346 ,
1277 1313 1410 1349 pecuniam
1423 1311 1576 1339 committere
1596 1311 1782 1344 nummnlnriis,
1797 1316 1819 1338 et

1026 1368 1070 1395 ego
1089 1359 1188 1387 veniens
1208 1368 1264 1385 cum
1277 1367 1354 1385 usura
1369 1358 1505 1393 eIegissem
1517 1355 1817 1393 “(undamn/1.2527).

1026 1406 1246 1440 Obtemperemus
1268 1405 1348 1439 igitur
1372 1404 1430 1430 lucc
1445 1403 1562 1430 monenti
1575 1423 1582 1434 ,
1598 1406 1628 1429 ut
1661 1402 1819 1438 supplicium

1026 1451 1193 1486 effugiamus.
1208 1450 1299 1485 Neque
1313 1449 1383 1477 enim
1399 1449 1480 1476 Deum
1496 1469 1503 1482 ,
1519 1456 1579 1476 cum
1604 1448 1755 1475 hominibus
1769 1448 1819 1475 fal-

1026 1497 1082 1525 lere
1096 1497 1253 1532 poterimus,
1267 1497 1313 1531 qui
1326 1500 1461 1523 scrutatur
1476 1495 1567 1528 corda,
1582 1499 1608 1522 et
1622 1495 1710 1522 omnia
1721 1495 1747 1521 in
1762 1503 1820 1522 me-

1027 1543 1100 1570 dium
1116 1542 1180 1577 agit,
1191 1542 1237 1576 qui
1253 1541 1353 1576 ubique
1373 1540 1454 1568 etiam
1470 1540 1503 1568 de
1518 1540 1631 1567 ﬁliorum
1642 1540 1726 1567 salute
1741 1540 1822 1567 ratio-

1027 1596 1090 1615 nem
1114 1595 1128 1614 a
1144 1587 1224 1614 nobis
1241 1587 1353 1621 expetit.
1371 1586 1399 1613 Si
1412 1586 1483 1613 enim
1504 1586 1536 1616 is,
1550 1585 1595 1620 qui
1614 1586 1752 1620 pecuniam
1766 1592 1820 1612 non

1026 1633 1196 1667 deposuerat,
1213 1635 1300 1659 tantas
1318 1638 1411 1667 poenas
1426 1630 1510 1662 dedit,
1525 1630 1570 1664 qui
1583 1630 1721 1668 deponere.
1730 1630 1823 1657 volen—

1028 1688 1068 1711 tes
1084 1677 1194 1718 impedit
1210 1703 1218 1716 ,
1240 1685 1303 1718 qutd
1318 1677 1454 1717 patietur?
1467 1682 1526 1710 Non
1549 1682 1634 1710 solum
1657 1683 1727 1710 enim
1740 1685 1762 1710 si
1777 1683 1822 1711 ﬁlii

1028 1735 1121 1758 nostro
1135 1730 1249 1757 consilio
1266 1730 1292 1757 in
1308 1729 1446 1757 saecularia
1463 1729 1566 1764 negotia
1578 1729 1762 1760 devolvautur.
1775 1731 1821 1758 sed

1028 1776 1108 1803 etiam
1123 1776 1145 1803 si
1159 1775 1287 1809 impetum
1301 1779 1422 1802 nostrum
1434 1774 1668 1804 fortiterJ'ereutes
1678 1795 1686 1807 .
1702 1779 1735 1801 ad
1747 1783 1823 1802 tuon-

1030 1826 1070 1849 tes
1092 1829 1121 1849 se
1146 1821 1298 1855 recipiant,
1321 1821 1391 1848 idem
1414 1820 1573 1856 supplicium
1593 1821 1714 1848 imminet
1736 1821 1767 1848 iis
1779 1822 1823 1856 qni

1029 1868 1102 1903 ipsos
1127 1867 1258 1903 impedire
1279 1867 1423 1895 voluerint.
1447 1866 1678 1900 Quemadmodum
1692 1867 1764 1894 enim
1778 1867 1823 1901 qui

1029 1914 1062 1941 ad
1077 1913 1273 1949 philosophiam
1288 1912 1421 1946 hortatur,
1438 1913 1494 1940 sive
1509 1912 1678 1948 persuadeat,
1689 1913 1745 1940 sive
1758 1920 1822 1945 non,

1030 1961 1178 1996 perfectam
1192 1959 1344 1987 mercedem
1360 1958 1440 1986 habet
1454 1959 1526 1994 (nam
1541 1963 1624 1986 totum
1637 1959 1661 1986 id
1673 1957 1823 1993 fecit,qnod

1030 2015 1113 2043 penes
1126 2015 1156 2034 se
1169 2005 1261 2041 erat),
1276 2006 1315 2033 sic
1329 2010 1357 2033 et
1375 2005 1420 2041 qui
1433 2005 1549 2039 aliquem
1569 2004 1685 2040 perdere
1700 2004 1824 2036 voluerit,

1031 2054 1087 2082 sive
1100 2054 1218 2086 hcserit,
1240 2053 1297 2081 sive
1316 2060 1370 2080 non
1385 2053 1499 2085 hcserit,
1521 2051 1616 2079 eodem
1635 2050 1763 2085 supplicio
1779 2058 1826 2085 pu-

1031 2101 1137 2133 nietur;
1153 2108 1214 2128 nam
1229 2099 1298 2135 quod
1320 2099 1405 2134 potuit
1430 2102 1513 2125 totum
1526 2097 1657 2132 implevit.
1674 2096 1763 2132 Itaque
1776 2096 1825 2124 etsi

1032 2147 1095 2174 nihil
1111 2146 1251 2181 potueritis
1263 2145 1296 2172 ad
1322 2151 1467 2179 generosos
1490 2144 1605 2170 ﬁliorum
1632 2143 1735 2170 animos
1756 2142 1825 2176 deji-

1032 2192 1143 2220 ciendos
1158 2196 1185 2219 et
1199 2190 1393 2218 subverti-udos
1403 2211 1410 2223 ,
1428 2193 1540 2216 conatus
1552 2189 1646 2216 saltem
1666 2188 1746 2215 vestri
1769 2192 1827 2215 tan-

1033 2244 1074 2268 tas
1093 2247 1185 2274 pmnas
1196 2239 1309 2269 dabitis.
1322 2243 1434 2273 quantas
1449 2237 1494 2272 qui
1513 2237 1682 2272 deiecissem.
1697 2236 1760 2263 [hcc
1779 2235 1827 2271 igi-

1035 2291 1078 2314 tur
1090 2287 1214 2314 universa
1235 2286 1391 2321 cogitantes,
1408 2284 1499 2312 missis
1513 2283 1727 2311 cavillationibus
1739 2282 1825 2309 omni-

1033 2333 1084 2361 bus
1097 2353 1105 2366 ,
1131 2332 1286 2359 Studeamus
1298 2337 1489 2366 generosarum
1515 2329 1628 2356 filiorum
1649 2331 1738 2362 patres
1750 2334 1826 2358 esse,

1034 2377 1252 2406 Christifernrum
1264 2376 1417 2404 conditores
1431 2373 1771 2410 templorum,athletarum
1779 2380 1829 2399 cm-
1851 2375 1873 2402 \‘

1035 2425 1140 2452 lestium
1156 2428 1305 2455 curatores,
1321 2426 1463 2457 tingentes,
1478 2420 1621 2454 erigentes,
1631 2418 1748 2453 undique
1756 2425 1829 2445 com-

1035 2472 1123 2499 modis
1136 2471 1242 2498 illorum
1257 2468 1439 2500 consulentes,
1454 2470 1484 2494 ut
1504 2466 1559 2494 illic
1580 2471 1740 2492 coronarum
1762 2471 1829 2491 con—

1035 2522 1122 2544 sortes
1135 2516 1292 2543 efﬁciamur.
1318 2514 1364 2542 Sin
1377 2517 1466 2541 autem
1486 2510 1691 2544 contenderitis,
1712 2510 1759 2537 ﬁlii
1769 2510 1830 2545 qui-

1036 2563 1108 2596 dem,
1120 2563 1141 2590 si
1158 2561 1314 2590 fortitudine
1328 2560 1444 2591 valeant,
1460 2558 1502 2585 vel
1517 2558 1607 2585 invitis
1624 2557 1701 2585 vobis
1714 2556 1747 2583 ad
1763 2556 1831 2583 banc

1036 2609 1193 2645 pervenient
1206 2603 1414 2643 philosophiam,
1428 2604 1615 2639 universisque
1635 2602 1759 2631 fruentur
1782 2603 1829 2630 bo'

1037 2655 1098 2689 nis;
1113 2655 1190 2683 vobis
1206 2657 1295 2681 autem
1317 2651 1344 2678 id
1363 2651 1516 2685 continget,
1532 2654 1561 2677 ut
1582 2650 1743 2676 immensum
1757 2647 1832 2674 vobis

1038 2703 1185 2730 cruciatum
1200 2698 1361 2734 congeratis,
1378 2701 1494 2732 tuncque
1506 2695 1576 2723 dicta
1588 2699 1681 2722 nostra
1697 2693 1813 2721 laudetis
1823 2712 1831 2725 ,

1037 2757 1099 2777 cum
1112 2757 1147 2776 ex
1162 2747 1195 2777 iis
1209 2745 1333 2775 laudibus
1346 2743 1413 2772 nihil
1427 2742 1550 2772 utilitatis
1562 2741 1700 2777 percipere
1713 2739 1812 2768 licebit.
