  <div class='ocr_page' id='page_1' title='image "/cluster/home/n/w/nwhite01/storage/ocr_20150623/47-48/njp.32101077772612/347.png"; bbox 0 0 2064 3115; ppageno 0'>
   <div class='ocr_carea' id='block_1_1' title="bbox 265 108 316 136">
    <p class='ocr_par' dir='ltr' id='par_1_1' title="bbox 265 108 316 136">
     <span class='ocr_line' id='line_1_1' title="bbox 265 108 316 136; baseline 0 0"><span class='ocrx_word' id='word_1_1' title='bbox 265 108 316 136; x_wconf 73' lang='grc'><strong>58]</strong></span> 
     </span>
    </p>
   </div>
   <div class='ocr_carea' id='block_1_2' title="bbox 642 104 1558 143">
    <p class='ocr_par' dir='ltr' id='par_1_2' title="bbox 642 104 1558 143">
     <span class='ocr_line' id='line_1_2' title="bbox 642 104 1558 143; baseline -0.002 -10"><span class='ocrx_word' id='word_1_2' title='bbox 642 106 670 133; x_wconf 82' lang='lat' dir='ltr'><strong>S.</strong></span> <span class='ocrx_word' id='word_1_3' title='bbox 686 104 828 133; x_wconf 74' lang='lat' dir='ltr'><strong>JOANNIS</strong></span> <span class='ocrx_word' id='word_1_4' title='bbox 843 105 1085 134; x_wconf 76' lang='lat' dir='ltr'><strong>CHRYSOSTOMI</strong></span> <span class='ocrx_word' id='word_1_5' title='bbox 1105 105 1262 143; x_wconf 72' lang='lat' dir='ltr'><strong>ARClllEP.</strong></span> <span class='ocrx_word' id='word_1_6' title='bbox 1285 105 1558 135; x_wconf 66' lang='lat' dir='ltr'><strong>CONSTANTINOP.</strong></span> 
     </span>
    </p>
   </div>
   <div class='ocr_carea' id='block_1_3' title="bbox 782 314 1383 353">
    <p class='ocr_par' dir='ltr' id='par_1_3' title="bbox 782 314 1383 353">
     <span class='ocr_line' id='line_1_3' title="bbox 782 314 1383 353; baseline 0.003 -9"><span class='ocrx_word' id='word_1_7' title='bbox 782 315 866 353; x_wconf 78' lang='grc'><strong>[116]</strong></span> <span class='ocrx_word' id='word_1_8' title='bbox 887 315 927 345; x_wconf 84' lang='grc' dir='ltr'><strong>ΙΝ</strong></span> <span class='ocrx_word' id='word_1_9' title='bbox 948 315 1125 352; x_wconf 83' lang='lat' dir='ltr'><strong>SEQUENS</strong></span> <span class='ocrx_word' id='word_1_10' title='bbox 1147 314 1383 346; x_wconf 86' lang='lat' dir='ltr'><strong>OPUSCULUM</strong></span> 
     </span>
    </p>
   </div>
   <div class='ocr_carea' id='block_1_4' title="bbox 293 431 1053 468">
    <p class='ocr_par' dir='ltr' id='par_1_4' title="bbox 293 431 1053 468">
     <span class='ocr_line' id='line_1_4' title="bbox 293 431 1053 468; baseline -0.003 -8"><span class='ocrx_word' id='word_1_11' title='bbox 293 432 354 460; x_wconf 81' lang='lat' dir='ltr'><strong>Jam</strong></span> <span class='ocrx_word' id='word_1_12' title='bbox 369 439 461 468; x_wconf 85' lang='lat' dir='ltr'><strong>supra,</strong></span> <span class='ocrx_word' id='word_1_13' title='bbox 478 432 549 459; x_wconf 90' lang='lat' dir='ltr'><strong>libro</strong></span> <span class='ocrx_word' id='word_1_14' title='bbox 564 439 595 464; x_wconf 84' lang='grc' dir='ltr'><strong>ιι,</strong></span> <span class='ocrx_word' id='word_1_15' title='bbox 612 439 688 458; x_wconf 93' lang='lat' dir='ltr'><strong>num.</strong></span> <span class='ocrx_word' id='word_1_16' title='bbox 706 431 734 464; x_wconf 85' lang='lat'><strong>6,</strong></span> <span class='ocrx_word' id='word_1_17' title='bbox 756 431 970 467; x_wconf 77' lang='lat' dir='ltr'><strong>Chrysostomus</strong></span> <span class='ocrx_word' id='word_1_18' title='bbox 994 438 1053 458; x_wconf 82' lang='lat' dir='ltr'><strong>mo—</strong></span> 
     </span>
    </p>
   </div>
   <div class='ocr_carea' id='block_1_5' title="bbox 261 483 1053 519">
    <p class='ocr_par' dir='ltr' id='par_1_5' title="bbox 261 483 1053 519">
     <span class='ocr_line' id='line_1_5' title="bbox 261 483 1053 519; baseline -0.003 -7"><span class='ocrx_word' id='word_1_19' title='bbox 261 485 380 512; x_wconf 83' lang='lat' dir='ltr'><strong>nachum</strong></span> <span class='ocrx_word' id='word_1_20' title='bbox 398 492 460 512; x_wconf 93' lang='lat' dir='ltr'><strong>cum</strong></span> <span class='ocrx_word' id='word_1_21' title='bbox 475 491 538 519; x_wconf 83' lang='lat' dir='ltr'><strong>rege</strong></span> <span class='ocrx_word' id='word_1_22' title='bbox 556 483 596 511; x_wconf 87' lang='lat' dir='ltr'><strong>vel</strong></span> <span class='ocrx_word' id='word_1_23' title='bbox 612 484 778 519; x_wconf 88' lang='lat' dir='ltr'><strong>imperatore</strong></span> <span class='ocrx_word' id='word_1_24' title='bbox 794 487 994 519; x_wconf 85' lang='lat' dir='ltr'><strong>comparatum,</strong></span> <span class='ocrx_word' id='word_1_25' title='bbox 1007 483 1053 511; x_wconf 84' lang='lat' dir='ltr'><strong>ilio</strong></span> 
     </span>
    </p>
   </div>
   <div class='ocr_carea' id='block_1_6' title="bbox 260 536 1053 572">
    <p class='ocr_par' dir='ltr' id='par_1_6' title="bbox 260 536 1053 572">
     <span class='ocr_line' id='line_1_6' title="bbox 260 536 1053 572; baseline -0.003 -7"><span class='ocrx_word' id='word_1_26' title='bbox 260 537 472 565; x_wconf 78' lang='lat' dir='ltr'><strong>fortunatiorem</strong></span> <span class='ocrx_word' id='word_1_27' title='bbox 484 541 510 564; x_wconf 92' lang='lat' dir='ltr'><strong>et</strong></span> <span class='ocrx_word' id='word_1_28' title='bbox 521 537 702 572; x_wconf 87' lang='lat' dir='ltr'><strong>potentiorem</strong></span> <span class='ocrx_word' id='word_1_29' title='bbox 714 543 774 563; x_wconf 88' lang='lat' dir='ltr'><strong>esse</strong></span> <span class='ocrx_word' id='word_1_30' title='bbox 784 536 917 571; x_wconf 86' lang='lat' dir='ltr'><strong>probavit.</strong></span> <span class='ocrx_word' id='word_1_31' title='bbox 932 536 1053 571; x_wconf 89' lang='lat' dir='ltr'><strong>ldipsum</strong></span> 
     </span>
    </p>
   </div>
   <div class='ocr_carea' id='block_1_7' title="bbox 263 589 1054 625">
    <p class='ocr_par' dir='ltr' id='par_1_7' title="bbox 263 589 1054 625">
     <span class='ocr_line' id='line_1_7' title="bbox 263 589 1054 625; baseline -0.003 -8"><span class='ocrx_word' id='word_1_32' title='bbox 263 595 353 618; x_wconf 91' lang='lat' dir='ltr'><strong>autem</strong></span> <span class='ocrx_word' id='word_1_33' title='bbox 370 590 396 618; x_wconf 94' lang='lat' dir='ltr'><strong>in</strong></span> <span class='ocrx_word' id='word_1_34' title='bbox 412 590 464 618; x_wconf 86' lang='lat' dir='ltr'><strong>hoc</strong></span> <span class='ocrx_word' id='word_1_35' title='bbox 484 589 616 625; x_wconf 43' lang='lat' dir='ltr'><strong>opusculo</strong></span> <span class='ocrx_word' id='word_1_36' title='bbox 640 593 698 617; x_wconf 89' lang='lat' dir='ltr'><strong>toto</strong></span> <span class='ocrx_word' id='word_1_37' title='bbox 718 592 932 622; x_wconf 87' lang='lat' dir='ltr'><strong>commonstrat;</strong></span> <span class='ocrx_word' id='word_1_38' title='bbox 955 595 1054 624; x_wconf 84' lang='lat' dir='ltr'><strong>nempe</strong></span> 
     </span>
    </p>
   </div>
   <div class='ocr_carea' id='block_1_8' title="bbox 260 641 1056 678">
    <p class='ocr_par' dir='ltr' id='par_1_8' title="bbox 260 641 1056 678">
     <span class='ocr_line' id='line_1_8' title="bbox 260 641 1056 678; baseline -0.003 -8"><span class='ocrx_word' id='word_1_39' title='bbox 260 651 325 671; x_wconf 84' lang='lat' dir='ltr'><strong>eum</strong></span> <span class='ocrx_word' id='word_1_40' title='bbox 340 643 387 678; x_wconf 86' lang='lat' dir='ltr'><strong>qui</strong></span> <span class='ocrx_word' id='word_1_41' title='bbox 403 642 596 678; x_wconf 51' lang='lat' dir='ltr'><strong>philosophia</strong></span> <span class='ocrx_word' id='word_1_42' title='bbox 611 643 651 670; x_wconf 91' lang='lat' dir='ltr'><strong>sic</strong></span> <span class='ocrx_word' id='word_1_43' title='bbox 667 643 738 670; x_wconf 88' lang='lat' dir='ltr'><strong>enim</strong></span> <span class='ocrx_word' id='word_1_44' title='bbox 759 641 859 677; x_wconf 86' lang='lat' dir='ltr'><strong>passim</strong></span> <span class='ocrx_word' id='word_1_45' title='bbox 876 641 1056 670; x_wconf 74' lang='lat' dir='ltr'><strong>monasticam</strong></span> 
     </span>
    </p>
   </div>
   <div class='ocr_carea' id='block_1_9' title="bbox 1106 431 1892 472">
    <p class='ocr_par' dir='ltr' id='par_1_9' title="bbox 1106 431 1892 472">
     <span class='ocr_line' id='line_1_9' title="bbox 1106 431 1892 472; baseline 0.011 -15"><span class='ocrx_word' id='word_1_46' title='bbox 1106 431 1188 458; x_wconf 85' lang='lat' dir='ltr'><strong>vitam</strong></span> <span class='ocrx_word' id='word_1_47' title='bbox 1205 432 1333 467; x_wconf 83' lang='lat' dir='ltr'><strong>appellat,</strong></span> <span class='ocrx_word' id='word_1_48' title='bbox 1346 432 1392 460; x_wconf 89' lang='lat' dir='ltr'><strong>dat</strong></span> <span class='ocrx_word' id='word_1_49' title='bbox 1404 440 1527 468; x_wconf 89' lang='lat' dir='ltr'><strong>operam,</strong></span> <span class='ocrx_word' id='word_1_50' title='bbox 1541 442 1603 470; x_wconf 85' lang='lat' dir='ltr'><strong>rege</strong></span> <span class='ocrx_word' id='word_1_51' title='bbox 1617 435 1742 463; x_wconf 87' lang='lat' dir='ltr'><strong>ditiorem</strong></span> <span class='ocrx_word' id='word_1_52' title='bbox 1758 441 1785 464; x_wconf 88' lang='lat' dir='ltr'><strong>et</strong></span> <span class='ocrx_word' id='word_1_53' title='bbox 1800 443 1892 472; x_wconf 84' lang='lat' dir='ltr'><strong>poten-</strong></span> 
     </span>
    </p>
   </div>
   <div class='ocr_carea' id='block_1_10' title="bbox 1106 485 1894 522">
    <p class='ocr_par' dir='ltr' id='par_1_10' title="bbox 1106 485 1894 522">
     <span class='ocr_line' id='line_1_10' title="bbox 1106 485 1894 522; baseline 0.006 -9"><span class='ocrx_word' id='word_1_54' title='bbox 1106 485 1202 513; x_wconf 82' lang='lat' dir='ltr'><strong>liorem</strong></span> <span class='ocrx_word' id='word_1_55' title='bbox 1215 493 1285 518; x_wconf 82' lang='lat' dir='ltr'><strong>esse,</strong></span> <span class='ocrx_word' id='word_1_56' title='bbox 1311 486 1338 513; x_wconf 86' lang='lat' dir='ltr'><strong>in</strong></span> <span class='ocrx_word' id='word_1_57' title='bbox 1358 487 1429 514; x_wconf 87' lang='lat' dir='ltr'><strong>bello</strong></span> <span class='ocrx_word' id='word_1_58' title='bbox 1445 487 1596 522; x_wconf 88' lang='lat' dir='ltr'><strong>lortiorem,</strong></span> <span class='ocrx_word' id='word_1_59' title='bbox 1618 489 1777 516; x_wconf 86' lang='lat' dir='ltr'><strong>hominibus</strong></span> <span class='ocrx_word' id='word_1_60' title='bbox 1801 490 1894 518; x_wconf 86' lang='lat' dir='ltr'><strong>deme-</strong></span> 
     </span>
    </p>
   </div>
   <div class='ocr_carea' id='block_1_11' title="bbox 1107 538 1894 576">
    <p class='ocr_par' dir='ltr' id='par_1_11' title="bbox 1107 538 1894 576">
     <span class='ocr_line' id='line_1_11' title="bbox 1107 538 1894 576; baseline 0.005 -10"><span class='ocrx_word' id='word_1_61' title='bbox 1107 538 1200 566; x_wconf 89' lang='lat' dir='ltr'><strong>rendis</strong></span> <span class='ocrx_word' id='word_1_62' title='bbox 1213 546 1244 565; x_wconf 87' lang='lat' dir='ltr'><strong>ac</strong></span> <span class='ocrx_word' id='word_1_63' title='bbox 1256 539 1386 566; x_wconf 80' lang='lat' dir='ltr'><strong>beneﬁcio</strong></span> <span class='ocrx_word' id='word_1_64' title='bbox 1395 540 1526 568; x_wconf 83' lang='lat' dir='ltr'><strong>ornandis</strong></span> <span class='ocrx_word' id='word_1_65' title='bbox 1539 541 1682 576; x_wconf 83' lang='lat' dir='ltr'><strong>aptiorem,</strong></span> <span class='ocrx_word' id='word_1_66' title='bbox 1698 542 1724 569; x_wconf 90' lang='lat' dir='ltr'><strong>in</strong></span> <span class='ocrx_word' id='word_1_67' title='bbox 1739 543 1815 570; x_wconf 90' lang='lat' dir='ltr'><strong>obitu</strong></span> <span class='ocrx_word' id='word_1_68' title='bbox 1831 543 1894 571; x_wconf 78' lang='lat' dir='ltr'><strong>bea-</strong></span> 
     </span>
    </p>
   </div>
   <div class='ocr_carea' id='block_1_12' title="bbox 1107 591 1893 629">
    <p class='ocr_par' dir='ltr' id='par_1_12' title="bbox 1107 591 1893 629">
     <span class='ocr_line' id='line_1_12' title="bbox 1107 591 1893 629; baseline 0.006 -12"><span class='ocrx_word' id='word_1_69' title='bbox 1107 591 1215 618; x_wconf 89' lang='lat' dir='ltr'><strong>tiorem.</strong></span> <span class='ocrx_word' id='word_1_70' title='bbox 1226 591 1294 618; x_wconf 84' lang='lat' dir='ltr'><strong>Cum</strong></span> <span class='ocrx_word' id='word_1_71' title='bbox 1307 591 1388 627; x_wconf 77' lang='lat' dir='ltr'><strong>igitur</strong></span> <span class='ocrx_word' id='word_1_72' title='bbox 1401 592 1523 627; x_wconf 77' lang='lat' dir='ltr'><strong>ejusdem</strong></span> <span class='ocrx_word' id='word_1_73' title='bbox 1539 594 1691 629; x_wconf 76' lang='lat' dir='ltr'><strong>argumenti</strong></span> <span class='ocrx_word' id='word_1_74' title='bbox 1710 595 1745 622; x_wconf 92' lang='lat' dir='ltr'><strong>sit</strong></span> <span class='ocrx_word' id='word_1_75' title='bbox 1757 595 1801 622; x_wconf 92' lang='lat' dir='ltr'><strong>hic</strong></span> <span class='ocrx_word' id='word_1_76' title='bbox 1815 595 1893 622; x_wconf 90' lang='lat' dir='ltr'><strong>libel-</strong></span> 
     </span>
    </p>
   </div>
   <div class='ocr_carea' id='block_1_13' title="bbox 1111 642 1891 681">
    <p class='ocr_par' dir='ltr' id='par_1_13' title="bbox 1111 642 1891 681">
     <span class='ocr_line' id='line_1_13' title="bbox 1111 642 1891 681; baseline 0.008 -12"><span class='ocrx_word' id='word_1_77' title='bbox 1111 642 1155 669; x_wconf 84' lang='lat' dir='ltr'><strong>lus</strong></span> <span class='ocrx_word' id='word_1_78' title='bbox 1185 647 1266 678; x_wconf 69' lang='lat' dir='ltr'><strong>atque</strong></span> <span class='ocrx_word' id='word_1_79' title='bbox 1287 648 1342 670; x_wconf 85' lang='lat' dir='ltr'><strong>tres</strong></span> <span class='ocrx_word' id='word_1_80' title='bbox 1360 643 1481 679; x_wconf 82' lang='lat' dir='ltr'><strong>priores,</strong></span> <span class='ocrx_word' id='word_1_81' title='bbox 1503 648 1655 680; x_wconf 81' lang='lat' dir='ltr'><strong>opportune</strong></span> <span class='ocrx_word' id='word_1_82' title='bbox 1674 651 1735 681; x_wconf 86' lang='lat' dir='ltr'><strong>post</strong></span> <span class='ocrx_word' id='word_1_83' title='bbox 1757 647 1818 675; x_wconf 81' lang='lat' dir='ltr'><strong>illos</strong></span> <span class='ocrx_word' id='word_1_84' title='bbox 1838 655 1891 675; x_wconf 79' lang='lat' dir='ltr'><strong>una</strong></span> 
     </span>
    </p>
   </div>
   <div class='ocr_carea' id='block_1_14' title="bbox 256 934 1889 967">
    <p class='ocr_par' dir='ltr' id='par_1_14' title="bbox 256 934 1889 967">
     <span class='ocr_line' id='line_1_14' title="bbox 256 934 1889 967; baseline 0.002 -4"><span class='ocrx_word' id='word_1_85' title='bbox 256 934 480 963; x_wconf 72' lang='lat' dir='ltr'><strong>COMPARATIO</strong></span> <span class='ocrx_word' id='word_1_86' title='bbox 497 934 700 966; x_wconf 67' lang='lat' dir='ltr'><strong>POTENTIIE.</strong></span> <span class='ocrx_word' id='word_1_87' title='bbox 722 934 926 962; x_wconf 67' lang='lat' dir='ltr'><strong>DIVITIARUM</strong></span> <span class='ocrx_word' id='word_1_88' title='bbox 947 935 991 962; x_wconf 84' lang='lat' dir='ltr'><strong>ET</strong></span> <span class='ocrx_word' id='word_1_89' title='bbox 1012 935 1266 963; x_wconf 73' lang='lat' dir='ltr'><strong>EXCELLENTIE</strong></span> <span class='ocrx_word' id='word_1_90' title='bbox 1294 935 1413 967; x_wconf 77' lang='lat' dir='ltr'><strong>REGIS,</strong></span> <span class='ocrx_word' id='word_1_91' title='bbox 1433 935 1505 963; x_wconf 82' lang='lat' dir='ltr'><strong>CUM</strong></span> <span class='ocrx_word' id='word_1_92' title='bbox 1527 936 1695 966; x_wconf 79' lang='lat' dir='ltr'><strong>MONACHO</strong></span> <span class='ocrx_word' id='word_1_93' title='bbox 1715 938 1749 965; x_wconf 85' lang='lat' dir='ltr'><strong>IN</strong></span> <span class='ocrx_word' id='word_1_94' title='bbox 1769 938 1889 966; x_wconf 66' lang='grc' dir='ltr'><strong>γεωδ-</strong></span> 
     </span>
    </p>
   </div>
   <div class='ocr_carea' id='block_1_15' title="bbox 655 979 1493 1010">
    <p class='ocr_par' dir='ltr' id='par_1_15' title="bbox 655 979 1493 1010">
     <span class='ocr_line' id='line_1_15' title="bbox 655 979 1493 1010; baseline 0.001 -3"><span class='ocrx_word' id='word_1_95' title='bbox 655 979 737 1007; x_wconf 77' lang='grc' dir='ltr'><strong>8ΙΜΛ</strong></span> <span class='ocrx_word' id='word_1_96' title='bbox 758 979 801 1006; x_wconf 86' lang='grc' dir='ltr'><strong>ΕΤ</strong></span> <span class='ocrx_word' id='word_1_97' title='bbox 817 980 1026 1008; x_wconf 65' lang='grc' dir='ltr'><strong>(ξιιιιιδΤιΑΝΑ</strong></span> <span class='ocrx_word' id='word_1_98' title='bbox 1050 980 1286 1009; x_wconf 75' lang='lat' dir='ltr'><strong>PHILOSOPHIA</strong></span> <span class='ocrx_word' id='word_1_99' title='bbox 1310 981 1493 1010; x_wconf 68' lang='lat' dir='ltr'><strong>VIVENTE‘.</strong></span> 
     </span>
    </p>
   </div>
   <div class='ocr_carea' id='block_1_16' title="bbox 304 1146 1051 1181">
    <p class='ocr_par' dir='ltr' id='par_1_16' title="bbox 304 1146 1051 1181">
     <span class='ocr_line' id='line_1_16' title="bbox 304 1146 1051 1181; baseline 0 -7"><span class='ocrx_word' id='word_1_100' title='bbox 304 1147 330 1174; x_wconf 78' lang='grc' dir='ltr'><strong>Ι.</strong></span> <span class='ocrx_word' id='word_1_101' title='bbox 345 1146 400 1181; x_wconf 80' lang='lat' dir='ltr'><strong>Ego</strong></span> <span class='ocrx_word' id='word_1_102' title='bbox 414 1153 474 1173; x_wconf 91' lang='lat' dir='ltr'><strong>cum</strong></span> <span class='ocrx_word' id='word_1_103' title='bbox 494 1146 597 1174; x_wconf 83' lang='lat' dir='ltr'><strong>intuear</strong></span> <span class='ocrx_word' id='word_1_104' title='bbox 609 1154 642 1174; x_wconf 86' lang='lat' dir='ltr'><strong>ex</strong></span> <span class='ocrx_word' id='word_1_105' title='bbox 663 1146 814 1174; x_wconf 89' lang='lat' dir='ltr'><strong>hominibus</strong></span> <span class='ocrx_word' id='word_1_106' title='bbox 828 1146 979 1181; x_wconf 89' lang='lat' dir='ltr'><strong>complures</strong></span> <span class='ocrx_word' id='word_1_107' title='bbox 991 1154 1051 1181; x_wconf 70' lang='lat' dir='ltr'><strong>qua:</strong></span> 
     </span>
    </p>
   </div>
   <div class='ocr_carea' id='block_1_17' title="bbox 267 1191 1050 1226">
    <p class='ocr_par' dir='ltr' id='par_1_17' title="bbox 267 1191 1050 1226">
     <span class='ocr_line' id='line_1_17' title="bbox 267 1191 1050 1226; baseline 0 -8"><span class='ocrx_word' id='word_1_108' title='bbox 267 1192 335 1219; x_wconf 89' lang='lat' dir='ltr'><strong>bona</strong></span> <span class='ocrx_word' id='word_1_109' title='bbox 355 1199 414 1219; x_wconf 87' lang='lat' dir='ltr'><strong>esse</strong></span> <span class='ocrx_word' id='word_1_110' title='bbox 434 1191 566 1224; x_wconf 86' lang='lat' dir='ltr'><strong>videntur,</strong></span> <span class='ocrx_word' id='word_1_111' title='bbox 581 1199 611 1219; x_wconf 88' lang='lat' dir='ltr'><strong>ea</strong></span> <span class='ocrx_word' id='word_1_112' title='bbox 627 1192 720 1226; x_wconf 86' lang='lat' dir='ltr'><strong>majori</strong></span> <span class='ocrx_word' id='word_1_113' title='bbox 734 1196 761 1220; x_wconf 89' lang='lat' dir='ltr'><strong>et</strong></span> <span class='ocrx_word' id='word_1_114' title='bbox 783 1199 874 1219; x_wconf 90' lang='lat' dir='ltr'><strong>amore</strong></span> <span class='ocrx_word' id='word_1_115' title='bbox 895 1196 921 1219; x_wconf 87' lang='lat' dir='ltr'><strong>et</strong></span> <span class='ocrx_word' id='word_1_116' title='bbox 935 1191 1050 1218; x_wconf 90' lang='lat' dir='ltr'><strong>admira-</strong></span> 
     </span>
    </p>
   </div>
   <div class='ocr_carea' id='block_1_18' title="bbox 266 1237 1050 1272">
    <p class='ocr_par' dir='ltr' id='par_1_18' title="bbox 266 1237 1050 1272">
     <span class='ocr_line' id='line_1_18' title="bbox 266 1237 1050 1272; baseline 0.001 -8"><span class='ocrx_word' id='word_1_117' title='bbox 266 1238 338 1264; x_wconf 91' lang='lat' dir='ltr'><strong>tione</strong></span> <span class='ocrx_word' id='word_1_118' title='bbox 361 1237 475 1270; x_wconf 87' lang='lat' dir='ltr'><strong>sectari,</strong></span> <span class='ocrx_word' id='word_1_119' title='bbox 489 1245 567 1272; x_wconf 87' lang='lat' dir='ltr'><strong>quam</strong></span> <span class='ocrx_word' id='word_1_120' title='bbox 591 1245 650 1272; x_wconf 77' lang='lat' dir='ltr'><strong>qum</strong></span> <span class='ocrx_word' id='word_1_121' title='bbox 664 1243 757 1264; x_wconf 88' lang='lat' dir='ltr'><strong>natura</strong></span> <span class='ocrx_word' id='word_1_122' title='bbox 780 1245 812 1265; x_wconf 92' lang='lat' dir='ltr'><strong>ac</strong></span> <span class='ocrx_word' id='word_1_123' title='bbox 831 1238 968 1265; x_wconf 78' lang='lat' dir='ltr'><strong>verissime</strong></span> <span class='ocrx_word' id='word_1_124' title='bbox 982 1237 1050 1265; x_wconf 86' lang='lat' dir='ltr'><strong>bona</strong></span> 
     </span>
    </p>
   </div>
   <div class='ocr_carea' id='block_1_19' title="bbox 265 1283 1050 1316">
    <p class='ocr_par' dir='ltr' id='par_1_19' title="bbox 265 1283 1050 1316">
     <span class='ocr_line' id='line_1_19' title="bbox 265 1283 1050 1316; baseline 0.003 -7"><span class='ocrx_word' id='word_1_125' title='bbox 265 1287 327 1310; x_wconf 86' lang='lat' dir='ltr'><strong>sunt</strong></span> <span class='ocrx_word' id='word_1_126' title='bbox 343 1291 350 1309; x_wconf 95' lang='lat'>:</span> <span class='ocrx_word' id='word_1_127' title='bbox 365 1283 542 1310; x_wconf 87' lang='lat' dir='ltr'><strong>necessarium</strong></span> <span class='ocrx_word' id='word_1_128' title='bbox 556 1290 616 1310; x_wconf 84' lang='lat' dir='ltr'><strong>esse</strong></span> <span class='ocrx_word' id='word_1_129' title='bbox 629 1291 699 1316; x_wconf 90' lang='lat' dir='ltr'><strong>reor,</strong></span> <span class='ocrx_word' id='word_1_130' title='bbox 709 1283 782 1311; x_wconf 89' lang='lat' dir='ltr'><strong>brevi</strong></span> <span class='ocrx_word' id='word_1_131' title='bbox 795 1284 915 1311; x_wconf 84' lang='lat' dir='ltr'><strong>oratione</strong></span> <span class='ocrx_word' id='word_1_132' title='bbox 923 1283 956 1311; x_wconf 83' lang='lat' dir='ltr'><strong>de</strong></span> <span class='ocrx_word' id='word_1_133' title='bbox 972 1284 1050 1311; x_wconf 88' lang='lat' dir='ltr'><strong>utris-</strong></span> 
     </span>
    </p>
   </div>
   <div class='ocr_carea' id='block_1_20' title="bbox 266 1328 1051 1365">
    <p class='ocr_par' dir='ltr' id='par_1_20' title="bbox 266 1328 1051 1365">
     <span class='ocr_line' id='line_1_20' title="bbox 266 1328 1051 1365; baseline 0.001 -10"><span class='ocrx_word' id='word_1_134' title='bbox 266 1336 320 1363; x_wconf 86' lang='lat' dir='ltr'><strong>que</strong></span> <span class='ocrx_word' id='word_1_135' title='bbox 333 1328 375 1356; x_wconf 90' lang='lat' dir='ltr'><strong>hic</strong></span> <span class='ocrx_word' id='word_1_136' title='bbox 387 1337 466 1364; x_wconf 79' lang='lat' dir='ltr'><strong>agere</strong></span> <span class='ocrx_word' id='word_1_137' title='bbox 476 1349 484 1362; x_wconf 87' lang='lat'><strong>,</strong></span> <span class='ocrx_word' id='word_1_138' title='bbox 500 1334 526 1356; x_wconf 91' lang='lat' dir='ltr'><strong>et</strong></span> <span class='ocrx_word' id='word_1_139' title='bbox 539 1336 699 1363; x_wconf 86' lang='lat' dir='ltr'><strong>componere</strong></span> <span class='ocrx_word' id='word_1_140' title='bbox 714 1329 782 1357; x_wconf 86' lang='lat' dir='ltr'><strong>inter</strong></span> <span class='ocrx_word' id='word_1_141' title='bbox 793 1337 823 1356; x_wconf 84' lang='lat' dir='ltr'><strong>se</strong></span> <span class='ocrx_word' id='word_1_142' title='bbox 840 1334 894 1357; x_wconf 92' lang='lat' dir='ltr'><strong>tum</strong></span> <span class='ocrx_word' id='word_1_143' title='bbox 906 1338 964 1365; x_wconf 73' lang='lat' dir='ltr'><strong>qum</strong></span> <span class='ocrx_word' id='word_1_144' title='bbox 974 1330 1051 1365; x_wconf 78' lang='lat' dir='ltr'><strong>vulgo</strong></span> 
     </span>
    </p>
   </div>
   <div class='ocr_carea' id='block_1_21' title="bbox 267 1374 1049 1410">
    <p class='ocr_par' dir='ltr' id='par_1_21' title="bbox 267 1374 1049 1410">
     <span class='ocr_line' id='line_1_21' title="bbox 267 1374 1049 1410; baseline 0.001 -9"><span class='ocrx_word' id='word_1_145' title='bbox 267 1374 396 1409; x_wconf 81' lang='lat' dir='ltr'><strong>ncglectui</strong></span> <span class='ocrx_word' id='word_1_146' title='bbox 409 1378 488 1406; x_wconf 89' lang='lat' dir='ltr'><strong>sunt,</strong></span> <span class='ocrx_word' id='word_1_147' title='bbox 507 1378 562 1401; x_wconf 88' lang='lat' dir='ltr'><strong>tum</strong></span> <span class='ocrx_word' id='word_1_148' title='bbox 579 1382 639 1409; x_wconf 77' lang='lat' dir='ltr'><strong>qua:</strong></span> <span class='ocrx_word' id='word_1_149' title='bbox 662 1382 756 1410; x_wconf 90' lang='lat' dir='ltr'><strong>magno</strong></span> <span class='ocrx_word' id='word_1_150' title='bbox 769 1375 894 1402; x_wconf 77' lang='lat' dir='ltr'><strong>mortales</strong></span> <span class='ocrx_word' id='word_1_151' title='bbox 906 1375 993 1403; x_wconf 89' lang='lat' dir='ltr'><strong>studio</strong></span> <span class='ocrx_word' id='word_1_152' title='bbox 1006 1383 1049 1402; x_wconf 83' lang='lat' dir='ltr'><strong>se-</strong></span> 
     </span>
    </p>
   </div>
   <div class='ocr_carea' id='block_1_22' title="bbox 267 1419 1049 1456">
    <p class='ocr_par' dir='ltr' id='par_1_22' title="bbox 267 1419 1049 1456">
     <span class='ocr_line' id='line_1_22' title="bbox 267 1419 1049 1456; baseline -0.001 -9"><span class='ocrx_word' id='word_1_153' title='bbox 267 1426 393 1454; x_wconf 87' lang='lat' dir='ltr'><strong>quuntur,</strong></span> <span class='ocrx_word' id='word_1_154' title='bbox 406 1425 434 1447; x_wconf 88' lang='lat' dir='ltr'><strong>ut</strong></span> <span class='ocrx_word' id='word_1_155' title='bbox 447 1424 620 1455; x_wconf 86' lang='lat' dir='ltr'><strong>utrorumque</strong></span> <span class='ocrx_word' id='word_1_156' title='bbox 632 1419 807 1447; x_wconf 69' lang='lat' dir='ltr'><strong>differentiam</strong></span> <span class='ocrx_word' id='word_1_157' title='bbox 819 1421 916 1452; x_wconf 87' lang='lat' dir='ltr'><strong>edocti,</strong></span> <span class='ocrx_word' id='word_1_158' title='bbox 932 1421 976 1448; x_wconf 87' lang='lat' dir='ltr'><strong>illa</strong></span> <span class='ocrx_word' id='word_1_159' title='bbox 990 1421 1049 1456; x_wconf 83' lang='lat' dir='ltr'><strong>qui-</strong></span> 
     </span>
    </p>
   </div>
   <div class='ocr_carea' id='block_1_23' title="bbox 266 1465 1049 1500">
    <p class='ocr_par' dir='ltr' id='par_1_23' title="bbox 266 1465 1049 1500">
     <span class='ocr_line' id='line_1_23' title="bbox 266 1465 1049 1500; baseline 0 -8"><span class='ocrx_word' id='word_1_160' title='bbox 266 1466 326 1492; x_wconf 88' lang='lat' dir='ltr'><strong>dem</strong></span> <span class='ocrx_word' id='word_1_161' title='bbox 342 1471 370 1492; x_wconf 90' lang='lat' dir='ltr'><strong>ut</strong></span> <span class='ocrx_word' id='word_1_162' title='bbox 383 1465 450 1493; x_wconf 86' lang='lat' dir='ltr'><strong>seria</strong></span> <span class='ocrx_word' id='word_1_163' title='bbox 465 1474 496 1492; x_wconf 88' lang='lat' dir='ltr'><strong>ac</strong></span> <span class='ocrx_word' id='word_1_164' title='bbox 508 1466 631 1492; x_wconf 90' lang='lat' dir='ltr'><strong>salutaria</strong></span> <span class='ocrx_word' id='word_1_165' title='bbox 646 1466 731 1500; x_wconf 88' lang='lat' dir='ltr'><strong>magni</strong></span> <span class='ocrx_word' id='word_1_166' title='bbox 746 1465 880 1497; x_wconf 82' lang='lat' dir='ltr'><strong>faciamus,</strong></span> <span class='ocrx_word' id='word_1_167' title='bbox 892 1465 948 1493; x_wconf 57' lang='lat' dir='ltr'><strong>haec</strong></span> <span class='ocrx_word' id='word_1_168' title='bbox 961 1471 1049 1493; x_wconf 88' lang='lat' dir='ltr'><strong>autem</strong></span> 
     </span>
    </p>
   </div>
   <div class='ocr_carea' id='block_1_24' title="bbox 266 1510 1051 1546">
    <p class='ocr_par' dir='ltr' id='par_1_24' title="bbox 266 1510 1051 1546">
     <span class='ocr_line' id='line_1_24' title="bbox 266 1510 1051 1546; baseline 0.001 -9"><span class='ocrx_word' id='word_1_169' title='bbox 266 1516 400 1545; x_wconf 78' lang='lat' dir='ltr'><strong>tamquam</strong></span> <span class='ocrx_word' id='word_1_170' title='bbox 412 1510 485 1538; x_wconf 86' lang='lat' dir='ltr'><strong>nihili</strong></span> <span class='ocrx_word' id='word_1_171' title='bbox 495 1510 648 1538; x_wconf 73' lang='lat' dir='ltr'><strong>mstimanda</strong></span> <span class='ocrx_word' id='word_1_172' title='bbox 662 1516 833 1539; x_wconf 88' lang='lat' dir='ltr'><strong>contemnere</strong></span> <span class='ocrx_word' id='word_1_173' title='bbox 846 1511 988 1538; x_wconf 78' lang='lat' dir='ltr'><strong>discamus.</strong></span> <span class='ocrx_word' id='word_1_174' title='bbox 1002 1511 1051 1546; x_wconf 81' lang='lat' dir='ltr'><strong>Igi-</strong></span> 
     </span>
    </p>
   </div>
   <div class='ocr_carea' id='block_1_25' title="bbox 269 1557 1050 1592">
    <p class='ocr_par' dir='ltr' id='par_1_25' title="bbox 269 1557 1050 1592">
     <span class='ocr_line' id='line_1_25' title="bbox 269 1557 1050 1592; baseline 0 -8"><span class='ocrx_word' id='word_1_175' title='bbox 269 1563 311 1584; x_wconf 93' lang='lat' dir='ltr'><strong>tur</strong></span> <span class='ocrx_word' id='word_1_176' title='bbox 324 1565 484 1592; x_wconf 80' lang='lat' dir='ltr'><strong>magnopere</strong></span> <span class='ocrx_word' id='word_1_177' title='bbox 505 1561 663 1592; x_wconf 82' lang='lat' dir='ltr'><strong>expetuntur</strong></span> <span class='ocrx_word' id='word_1_178' title='bbox 676 1557 774 1584; x_wconf 75' lang='lat' dir='ltr'><strong>divitire</strong></span> <span class='ocrx_word' id='word_1_179' title='bbox 786 1577 794 1590; x_wconf 92' lang='lat'><strong>,</strong></span> <span class='ocrx_word' id='word_1_180' title='bbox 811 1558 972 1592; x_wconf 85' lang='lat' dir='ltr'><strong>principatus</strong></span> <span class='ocrx_word' id='word_1_181' title='bbox 982 1578 989 1590; x_wconf 93' lang='lat'><strong>,</strong></span> <span class='ocrx_word' id='word_1_182' title='bbox 1001 1558 1050 1584; x_wconf 83' lang='lat' dir='ltr'><strong>itii-</strong></span> 
     </span>
    </p>
   </div>
   <div class='ocr_carea' id='block_1_26' title="bbox 270 1603 1048 1639">
    <p class='ocr_par' dir='ltr' id='par_1_26' title="bbox 270 1603 1048 1639">
     <span class='ocr_line' id='line_1_26' title="bbox 270 1603 1048 1639; baseline 0 -9"><span class='ocrx_word' id='word_1_183' title='bbox 270 1604 381 1638; x_wconf 87' lang='lat' dir='ltr'><strong>perium,</strong></span> <span class='ocrx_word' id='word_1_184' title='bbox 397 1603 480 1637; x_wconf 81' lang='lat' dir='ltr'><strong>gloria</strong></span> <span class='ocrx_word' id='word_1_185' title='bbox 491 1624 498 1636; x_wconf 91' lang='lat'><strong>,</strong></span> <span class='ocrx_word' id='word_1_186' title='bbox 513 1611 544 1630; x_wconf 83' lang='lat' dir='ltr'><strong>ac</strong></span> <span class='ocrx_word' id='word_1_187' title='bbox 565 1603 656 1630; x_wconf 88' lang='lat' dir='ltr'><strong>beatos</strong></span> <span class='ocrx_word' id='word_1_188' title='bbox 669 1603 775 1638; x_wconf 78' lang='lat' dir='ltr'><strong>quidem</strong></span> <span class='ocrx_word' id='word_1_189' title='bbox 791 1604 885 1639; x_wconf 78' lang='lat' dir='ltr'><strong>vulgus</strong></span> <span class='ocrx_word' id='word_1_190' title='bbox 901 1611 947 1631; x_wconf 93' lang='lat' dir='ltr'><strong>eos</strong></span> <span class='ocrx_word' id='word_1_191' title='bbox 960 1603 1048 1634; x_wconf 82' lang='lat' dir='ltr'><strong>ducit.</strong></span> 
     </span>
    </p>
   </div>
   <div class='ocr_carea' id='block_1_27' title="bbox 269 1649 1051 1684">
    <p class='ocr_par' dir='ltr' id='par_1_27' title="bbox 269 1649 1051 1684">
     <span class='ocr_line' id='line_1_27' title="bbox 269 1649 1051 1684; baseline 0.001 -9"><span class='ocrx_word' id='word_1_192' title='bbox 269 1649 312 1683; x_wconf 91' lang='lat' dir='ltr'><strong>qui</strong></span> <span class='ocrx_word' id='word_1_193' title='bbox 335 1650 450 1684; x_wconf 83' lang='lat' dir='ltr'><strong>gentium</strong></span> <span class='ocrx_word' id='word_1_194' title='bbox 465 1649 598 1684; x_wconf 85' lang='lat' dir='ltr'><strong>principes</strong></span> <span class='ocrx_word' id='word_1_195' title='bbox 612 1653 672 1676; x_wconf 88' lang='lat' dir='ltr'><strong>sunt</strong></span> <span class='ocrx_word' id='word_1_196' title='bbox 684 1669 692 1682; x_wconf 91' lang='lat'><strong>,</strong></span> <span class='ocrx_word' id='word_1_197' title='bbox 706 1649 750 1684; x_wconf 92' lang='lat' dir='ltr'><strong>qui</strong></span> <span class='ocrx_word' id='word_1_198' title='bbox 765 1649 910 1684; x_wconf 82' lang='lat' dir='ltr'><strong>splendidis</strong></span> <span class='ocrx_word' id='word_1_199' title='bbox 924 1649 1051 1676; x_wconf 73' lang='lat' dir='ltr'><strong>vehiculis</strong></span> 
     </span>
    </p>
   </div>
   <div class='ocr_carea' id='block_1_28' title="bbox 268 1694 1050 1729">
    <p class='ocr_par' dir='ltr' id='par_1_28' title="bbox 268 1694 1050 1729">
     <span class='ocr_line' id='line_1_28' title="bbox 268 1694 1050 1729; baseline -0.001 -8"><span class='ocrx_word' id='word_1_200' title='bbox 268 1695 398 1726; x_wconf 83' lang='lat' dir='ltr'><strong>feruntur,</strong></span> <span class='ocrx_word' id='word_1_201' title='bbox 410 1694 453 1728; x_wconf 85' lang='lat' dir='ltr'><strong>qui</strong></span> <span class='ocrx_word' id='word_1_202' title='bbox 466 1701 615 1729; x_wconf 64' lang='lat' dir='ltr'><strong>prteconum</strong></span> <span class='ocrx_word' id='word_1_203' title='bbox 632 1694 774 1721; x_wconf 87' lang='lat' dir='ltr'><strong>clamorem</strong></span> <span class='ocrx_word' id='word_1_204' title='bbox 790 1702 820 1721; x_wconf 90' lang='lat' dir='ltr'><strong>ac</strong></span> <span class='ocrx_word' id='word_1_205' title='bbox 831 1694 982 1721; x_wconf 86' lang='lat' dir='ltr'><strong>satellitium</strong></span> <span class='ocrx_word' id='word_1_206' title='bbox 995 1701 1050 1720; x_wconf 90' lang='lat' dir='ltr'><strong>ma-</strong></span> 
     </span>
    </p>
   </div>
   <div class='ocr_carea' id='block_1_29' title="bbox 267 1739 1051 1775">
    <p class='ocr_par' dir='ltr' id='par_1_29' title="bbox 267 1739 1051 1775">
     <span class='ocr_line' id='line_1_29' title="bbox 267 1739 1051 1775; baseline 0.001 -10"><span class='ocrx_word' id='word_1_207' title='bbox 267 1748 346 1774; x_wconf 85' lang='lat' dir='ltr'><strong>gnum</strong></span> <span class='ocrx_word' id='word_1_208' title='bbox 361 1746 547 1774; x_wconf 90' lang='lat' dir='ltr'><strong>assequuntur.</strong></span> <span class='ocrx_word' id='word_1_209' title='bbox 562 1740 659 1767; x_wconf 87' lang='lat' dir='ltr'><strong>Contra</strong></span> <span class='ocrx_word' id='word_1_210' title='bbox 674 1739 918 1775; x_wconf 82' lang='lat' dir='ltr'><strong>philosophantium</strong></span> <span class='ocrx_word' id='word_1_211' title='bbox 934 1739 985 1766; x_wconf 88' lang='lat' dir='ltr'><strong>vita</strong></span> <span class='ocrx_word' id='word_1_212' title='bbox 1000 1761 1007 1772; x_wconf 89' lang='lat'><strong>,</strong></span> <span class='ocrx_word' id='word_1_213' title='bbox 1024 1743 1051 1767; x_wconf 91' lang='lat' dir='ltr'><strong>et</strong></span> 
     </span>
    </p>
   </div>
   <div class='ocr_carea' id='block_1_30' title="bbox 265 1785 1048 1821">
    <p class='ocr_par' dir='ltr' id='par_1_30' title="bbox 265 1785 1048 1821">
     <span class='ocr_line' id='line_1_30' title="bbox 265 1785 1048 1821; baseline -0.001 -8"><span class='ocrx_word' id='word_1_214' title='bbox 265 1794 355 1813; x_wconf 81' lang='lat' dir='ltr'><strong>eorum</strong></span> <span class='ocrx_word' id='word_1_215' title='bbox 370 1786 412 1821; x_wconf 89' lang='lat' dir='ltr'><strong>qui</strong></span> <span class='ocrx_word' id='word_1_216' title='bbox 427 1787 599 1814; x_wconf 89' lang='lat' dir='ltr'><strong>monasticutn</strong></span> <span class='ocrx_word' id='word_1_217' title='bbox 614 1787 761 1814; x_wconf 86' lang='lat' dir='ltr'><strong>institutum</strong></span> <span class='ocrx_word' id='word_1_218' title='bbox 772 1786 942 1821; x_wconf 81' lang='lat' dir='ltr'><strong>delegerunt,</strong></span> <span class='ocrx_word' id='word_1_219' title='bbox 956 1785 1048 1821; x_wconf 86' lang='lat' dir='ltr'><strong>despi-</strong></span> 
     </span>
    </p>
   </div>
   <div class='ocr_carea' id='block_1_31' title="bbox 266 1832 1048 1868">
    <p class='ocr_par' dir='ltr' id='par_1_31' title="bbox 266 1832 1048 1868">
     <span class='ocr_line' id='line_1_31' title="bbox 266 1832 1048 1868; baseline -0.001 -8"><span class='ocrx_word' id='word_1_220' title='bbox 266 1833 359 1860; x_wconf 84' lang='lat' dir='ltr'><strong>cabilis</strong></span> <span class='ocrx_word' id='word_1_221' title='bbox 371 1837 413 1860; x_wconf 88' lang='lat' dir='ltr'><strong>est</strong></span> <span class='ocrx_word' id='word_1_222' title='bbox 427 1842 433 1860; x_wconf 91' lang='lat'><strong>:</strong></span> <span class='ocrx_word' id='word_1_223' title='bbox 446 1838 526 1868; x_wconf 88' lang='lat' dir='ltr'><strong>atque</strong></span> <span class='ocrx_word' id='word_1_224' title='bbox 538 1833 575 1860; x_wconf 92' lang='lat' dir='ltr'><strong>illi</strong></span> <span class='ocrx_word' id='word_1_225' title='bbox 591 1832 696 1868; x_wconf 87' lang='lat' dir='ltr'><strong>quidem</strong></span> <span class='ocrx_word' id='word_1_226' title='bbox 713 1832 775 1859; x_wconf 91' lang='lat' dir='ltr'><strong>dum</strong></span> <span class='ocrx_word' id='word_1_227' title='bbox 786 1832 856 1859; x_wconf 81' lang='lat' dir='ltr'><strong>foras</strong></span> <span class='ocrx_word' id='word_1_228' title='bbox 868 1832 1048 1867; x_wconf 81' lang='lat' dir='ltr'><strong>prodeunt,ad</strong></span> 
     </span>
    </p>
   </div>
   <div class='ocr_carea' id='block_1_32' title="bbox 264 1877 1049 1913">
    <p class='ocr_par' dir='ltr' id='par_1_32' title="bbox 264 1877 1049 1913">
     <span class='ocr_line' id='line_1_32' title="bbox 264 1877 1049 1913; baseline -0.003 -7"><span class='ocrx_word' id='word_1_229' title='bbox 264 1887 324 1906; x_wconf 86' lang='lat' dir='ltr'><strong>sese</strong></span> <span class='ocrx_word' id='word_1_230' title='bbox 343 1879 506 1905; x_wconf 90' lang='lat' dir='ltr'><strong>contueudos</strong></span> <span class='ocrx_word' id='word_1_231' title='bbox 521 1878 646 1913; x_wconf 86' lang='lat' dir='ltr'><strong>populum</strong></span> <span class='ocrx_word' id='word_1_232' title='bbox 660 1878 745 1912; x_wconf 89' lang='lat' dir='ltr'><strong>ipsum</strong></span> <span class='ocrx_word' id='word_1_233' title='bbox 768 1882 926 1905; x_wconf 90' lang='lat' dir='ltr'><strong>convertunt</strong></span> <span class='ocrx_word' id='word_1_234' title='bbox 939 1885 946 1903; x_wconf 91' lang='lat'>:</span> <span class='ocrx_word' id='word_1_235' title='bbox 961 1877 987 1904; x_wconf 91' lang='lat' dir='ltr'><strong>hi</strong></span> <span class='ocrx_word' id='word_1_236' title='bbox 1000 1885 1049 1904; x_wconf 93' lang='lat' dir='ltr'><strong>au-</strong></span> 
     </span>
    </p>
   </div>
   <div class='ocr_carea' id='block_1_33' title="bbox 265 1923 1050 1958">
    <p class='ocr_par' dir='ltr' id='par_1_33' title="bbox 265 1923 1050 1958">
     <span class='ocr_line' id='line_1_33' title="bbox 265 1923 1050 1958; baseline -0.001 -7"><span class='ocrx_word' id='word_1_237' title='bbox 265 1928 317 1951; x_wconf 92' lang='lat' dir='ltr'><strong>tem</strong></span> <span class='ocrx_word' id='word_1_238' title='bbox 330 1923 413 1950; x_wconf 86' lang='lat' dir='ltr'><strong>sicubi</strong></span> <span class='ocrx_word' id='word_1_239' title='bbox 430 1924 610 1958; x_wconf 85' lang='lat' dir='ltr'><strong>apparuerint,</strong></span> <span class='ocrx_word' id='word_1_240' title='bbox 625 1923 721 1950; x_wconf 83' lang='lat' dir='ltr'><strong>nuliius</strong></span> <span class='ocrx_word' id='word_1_241' title='bbox 733 1923 836 1956; x_wconf 88' lang='lat' dir='ltr'><strong>oculos,</strong></span> <span class='ocrx_word' id='word_1_242' title='bbox 851 1927 895 1950; x_wconf 88' lang='lat' dir='ltr'><strong>aut</strong></span> <span class='ocrx_word' id='word_1_243' title='bbox 910 1927 981 1950; x_wconf 89' lang='lat' dir='ltr'><strong>certe</strong></span> <span class='ocrx_word' id='word_1_244' title='bbox 991 1931 1050 1957; x_wconf 88' lang='lat' dir='ltr'><strong>per-</strong></span> 
     </span>
    </p>
   </div>
   <div class='ocr_carea' id='block_1_34' title="bbox 265 1968 1048 2004">
    <p class='ocr_par' dir='ltr' id='par_1_34' title="bbox 265 1968 1048 2004">
     <span class='ocr_line' id='line_1_34' title="bbox 265 1968 1048 2004; baseline 0.005 -11"><span class='ocrx_word' id='word_1_245' title='bbox 265 1977 408 2002; x_wconf 73' lang='lat' dir='ltr'><strong>paucorum</strong></span> <span class='ocrx_word' id='word_1_246' title='bbox 421 1990 428 2000; x_wconf 89' lang='lat'><strong>,</strong></span> <span class='ocrx_word' id='word_1_247' title='bbox 444 1969 476 1996; x_wconf 89' lang='lat' dir='ltr'><strong>ad</strong></span> <span class='ocrx_word' id='word_1_248' title='bbox 491 1969 531 1996; x_wconf 90' lang='lat' dir='ltr'><strong>sui</strong></span> <span class='ocrx_word' id='word_1_249' title='bbox 545 1969 723 2004; x_wconf 84' lang='lat' dir='ltr'><strong>spectaculum</strong></span> <span class='ocrx_word' id='word_1_250' title='bbox 738 1968 845 1995; x_wconf 86' lang='lat' dir='ltr'><strong>trahunt</strong></span> <span class='ocrx_word' id='word_1_251' title='bbox 862 1978 867 1995; x_wconf 96' lang='lat'>:</span> <span class='ocrx_word' id='word_1_252' title='bbox 883 1973 909 1996; x_wconf 91' lang='lat' dir='ltr'><strong>et</strong></span> <span class='ocrx_word' id='word_1_253' title='bbox 921 1975 1048 2004; x_wconf 65' lang='lat' dir='ltr'><strong>praetcrea</strong></span> 
     </span>
    </p>
   </div>
   <div class='ocr_carea' id='block_1_35' title="bbox 266 2014 1050 2048">
    <p class='ocr_par' dir='ltr' id='par_1_35' title="bbox 266 2014 1050 2048">
     <span class='ocr_line' id='line_1_35' title="bbox 266 2014 1050 2048; baseline 0.001 -7"><span class='ocrx_word' id='word_1_254' title='bbox 266 2014 362 2041; x_wconf 89' lang='lat' dir='ltr'><strong>horum</strong></span> <span class='ocrx_word' id='word_1_255' title='bbox 375 2014 462 2041; x_wconf 91' lang='lat' dir='ltr'><strong>nullus</strong></span> <span class='ocrx_word' id='word_1_256' title='bbox 477 2015 572 2041; x_wconf 83' lang='lat' dir='ltr'><strong>similis</strong></span> <span class='ocrx_word' id='word_1_257' title='bbox 590 2021 650 2042; x_wconf 87' lang='lat' dir='ltr'><strong>esse</strong></span> <span class='ocrx_word' id='word_1_258' title='bbox 664 2014 851 2048; x_wconf 88' lang='lat' dir='ltr'><strong>concupiscat,</strong></span> <span class='ocrx_word' id='word_1_259' title='bbox 867 2014 971 2041; x_wconf 87' lang='lat' dir='ltr'><strong>illorum</strong></span> <span class='ocrx_word' id='word_1_260' title='bbox 985 2023 1050 2042; x_wconf 91' lang='lat' dir='ltr'><strong>vero</strong></span> 
     </span>
    </p>
   </div>
   <div class='ocr_carea' id='block_1_36' title="bbox 264 2061 1049 2095">
    <p class='ocr_par' dir='ltr' id='par_1_36' title="bbox 264 2061 1049 2095">
     <span class='ocr_line' id='line_1_36' title="bbox 264 2061 1049 2095; baseline -0.003 -7"><span class='ocrx_word' id='word_1_261' title='bbox 264 2068 367 2088; x_wconf 88' lang='lat' dir='ltr'><strong>omnes.</strong></span> <span class='ocrx_word' id='word_1_262' title='bbox 393 2061 557 2095; x_wconf 82' lang='lat' dir='ltr'><strong>Quamquam</strong></span> <span class='ocrx_word' id='word_1_263' title='bbox 573 2061 749 2094; x_wconf 87' lang='lat' dir='ltr'><strong>principatum</strong></span> <span class='ocrx_word' id='word_1_264' title='bbox 763 2067 892 2094; x_wconf 72' lang='lat' dir='ltr'><strong>quaerere,</strong></span> <span class='ocrx_word' id='word_1_265' title='bbox 903 2061 988 2095; x_wconf 82' lang='lat' dir='ltr'><strong>gentis</strong></span> <span class='ocrx_word' id='word_1_266' title='bbox 1001 2061 1049 2087; x_wconf 84' lang='lat' dir='ltr'><strong>ali-</strong></span> 
     </span>
    </p>
   </div>
   <div class='ocr_carea' id='block_1_37' title="bbox 265 2105 1048 2141">
    <p class='ocr_par' dir='ltr' id='par_1_37' title="bbox 265 2105 1048 2141">
     <span class='ocr_line' id='line_1_37' title="bbox 265 2105 1048 2141; baseline 0.001 -8"><span class='ocrx_word' id='word_1_267' title='bbox 265 2107 340 2141; x_wconf 89' lang='lat' dir='ltr'><strong>cujus</strong></span> <span class='ocrx_word' id='word_1_268' title='bbox 355 2106 466 2141; x_wconf 86' lang='lat' dir='ltr'><strong>imperio</strong></span> <span class='ocrx_word' id='word_1_269' title='bbox 478 2105 567 2140; x_wconf 91' lang='lat' dir='ltr'><strong>potiri,</strong></span> <span class='ocrx_word' id='word_1_270' title='bbox 576 2105 686 2132; x_wconf 91' lang='lat' dir='ltr'><strong>arduum</strong></span> <span class='ocrx_word' id='word_1_271' title='bbox 696 2113 760 2132; x_wconf 86' lang='lat' dir='ltr'><strong>sane</strong></span> <span class='ocrx_word' id='word_1_272' title='bbox 772 2113 803 2132; x_wconf 88' lang='lat' dir='ltr'><strong>ac</strong></span> <span class='ocrx_word' id='word_1_273' title='bbox 812 2113 890 2140; x_wconf 85' lang='lat' dir='ltr'><strong>supra</strong></span> <span class='ocrx_word' id='word_1_274' title='bbox 903 2106 1048 2141; x_wconf 87' lang='lat' dir='ltr'><strong>vulgarium</strong></span> 
     </span>
    </p>
   </div>
   <div class='ocr_carea' id='block_1_38' title="bbox 266 2150 1050 2184">
    <p class='ocr_par' dir='ltr' id='par_1_38' title="bbox 266 2150 1050 2184">
     <span class='ocr_line' id='line_1_38' title="bbox 266 2150 1050 2184; baseline 0.001 -7"><span class='ocrx_word' id='word_1_275' title='bbox 266 2150 402 2178; x_wconf 86' lang='lat' dir='ltr'><strong>hominum</strong></span> <span class='ocrx_word' id='word_1_276' title='bbox 415 2150 495 2183; x_wconf 87' lang='lat' dir='ltr'><strong>vires,</strong></span> <span class='ocrx_word' id='word_1_277' title='bbox 511 2158 542 2177; x_wconf 85' lang='lat' dir='ltr'><strong>ac</strong></span> <span class='ocrx_word' id='word_1_278' title='bbox 561 2157 672 2184; x_wconf 91' lang='lat' dir='ltr'><strong>quorum</strong></span> <span class='ocrx_word' id='word_1_279' title='bbox 687 2150 789 2177; x_wconf 85' lang='lat' dir='ltr'><strong>animos</strong></span> <span class='ocrx_word' id='word_1_280' title='bbox 803 2150 904 2184; x_wconf 87' lang='lat' dir='ltr'><strong>imperii</strong></span> <span class='ocrx_word' id='word_1_281' title='bbox 920 2158 994 2178; x_wconf 90' lang='lat' dir='ltr'><strong>amor</strong></span> <span class='ocrx_word' id='word_1_282' title='bbox 1009 2151 1050 2178; x_wconf 85' lang='lat' dir='ltr'><strong>in-</strong></span> 
     </span>
    </p>
   </div>
   <div class='ocr_carea' id='block_1_39' title="bbox 266 2197 1049 2231">
    <p class='ocr_par' dir='ltr' id='par_1_39' title="bbox 266 2197 1049 2231">
     <span class='ocr_line' id='line_1_39' title="bbox 266 2197 1049 2231; baseline 0.001 -7"><span class='ocrx_word' id='word_1_283' title='bbox 266 2197 357 2230; x_wconf 86' lang='lat' dir='ltr'><strong>cessit,</strong></span> <span class='ocrx_word' id='word_1_284' title='bbox 373 2197 405 2223; x_wconf 90' lang='lat' dir='ltr'><strong>iis</strong></span> <span class='ocrx_word' id='word_1_285' title='bbox 433 2204 525 2231; x_wconf 78' lang='lat' dir='ltr'><strong>magna</strong></span> <span class='ocrx_word' id='word_1_286' title='bbox 546 2197 657 2230; x_wconf 85' lang='lat' dir='ltr'><strong>pecunia</strong></span> <span class='ocrx_word' id='word_1_287' title='bbox 680 2203 768 2230; x_wconf 90' lang='lat' dir='ltr'><strong>opus:</strong></span> <span class='ocrx_word' id='word_1_288' title='bbox 788 2197 959 2224; x_wconf 84' lang='lat' dir='ltr'><strong>monasticam</strong></span> <span class='ocrx_word' id='word_1_289' title='bbox 984 2205 1049 2225; x_wconf 87' lang='lat' dir='ltr'><strong>vero</strong></span> 
     </span>
    </p>
   </div>
   <div class='ocr_carea' id='block_1_40' title="bbox 266 2241 1046 2278">
    <p class='ocr_par' dir='ltr' id='par_1_40' title="bbox 266 2241 1046 2278">
     <span class='ocr_line' id='line_1_40' title="bbox 266 2241 1046 2278; baseline 0.004 -11"><span class='ocrx_word' id='word_1_290' title='bbox 266 2242 346 2269; x_wconf 82' lang='lat' dir='ltr'><strong>vitam</strong></span> <span class='ocrx_word' id='word_1_291' title='bbox 369 2241 480 2276; x_wconf 76' lang='lat' dir='ltr'><strong>eligere,</strong></span> <span class='ocrx_word' id='word_1_292' title='bbox 503 2241 548 2267; x_wconf 81' lang='lat' dir='ltr'><strong>Dei</strong></span> <span class='ocrx_word' id='word_1_293' title='bbox 572 2241 652 2268; x_wconf 90' lang='lat' dir='ltr'><strong>cultui</strong></span> <span class='ocrx_word' id='word_1_294' title='bbox 677 2241 756 2267; x_wconf 82' lang='lat' dir='ltr'><strong>vitam</strong></span> <span class='ocrx_word' id='word_1_295' title='bbox 783 2249 857 2268; x_wconf 91' lang='lat' dir='ltr'><strong>suam</strong></span> <span class='ocrx_word' id='word_1_296' title='bbox 885 2243 1046 2278; x_wconf 85' lang='lat' dir='ltr'><strong>mancipare,</strong></span> 
     </span>
    </p>
   </div>
   <div class='ocr_carea' id='block_1_41' title="bbox 265 2285 1048 2322">
    <p class='ocr_par' dir='ltr' id='par_1_41' title="bbox 265 2285 1048 2322">
     <span class='ocr_line' id='line_1_41' title="bbox 265 2285 1048 2322; baseline 0.003 -9"><span class='ocrx_word' id='word_1_297' title='bbox 265 2293 339 2321; x_wconf 82' lang='lat' dir='ltr'><strong>:eque</strong></span> <span class='ocrx_word' id='word_1_298' title='bbox 348 2286 469 2313; x_wconf 90' lang='lat' dir='ltr'><strong>omnibus</strong></span> <span class='ocrx_word' id='word_1_299' title='bbox 484 2285 600 2320; x_wconf 83' lang='lat' dir='ltr'><strong>proclive</strong></span> <span class='ocrx_word' id='word_1_300' title='bbox 612 2293 643 2312; x_wconf 91' lang='lat' dir='ltr'><strong>ac</strong></span> <span class='ocrx_word' id='word_1_301' title='bbox 651 2285 737 2312; x_wconf 85' lang='lat' dir='ltr'><strong>facile.</strong></span> <span class='ocrx_word' id='word_1_302' title='bbox 748 2286 822 2313; x_wconf 83' lang='lat' dir='ltr'><strong>Adde</strong></span> <span class='ocrx_word' id='word_1_303' title='bbox 835 2287 904 2321; x_wconf 89' lang='lat' dir='ltr'><strong>quod</strong></span> <span class='ocrx_word' id='word_1_304' title='bbox 918 2288 1048 2322; x_wconf 80' lang='lat' dir='ltr'><strong>principa-</strong></span> 
     </span>
    </p>
   </div>
   <div class='ocr_carea' id='block_1_42' title="bbox 264 2331 1044 2366">
    <p class='ocr_par' dir='ltr' id='par_1_42' title="bbox 264 2331 1044 2366">
     <span class='ocr_line' id='line_1_42' title="bbox 264 2331 1044 2366; baseline 0.004 -8"><span class='ocrx_word' id='word_1_305' title='bbox 264 2337 306 2359; x_wconf 88' lang='lat' dir='ltr'><strong>tus</strong></span> <span class='ocrx_word' id='word_1_306' title='bbox 326 2331 461 2366; x_wconf 83' lang='lat' dir='ltr'><strong>possessio</strong></span> <span class='ocrx_word' id='word_1_307' title='bbox 475 2338 525 2357; x_wconf 92' lang='lat' dir='ltr'><strong>una</strong></span> <span class='ocrx_word' id='word_1_308' title='bbox 545 2338 605 2357; x_wconf 92' lang='lat' dir='ltr'><strong>cum</strong></span> <span class='ocrx_word' id='word_1_309' title='bbox 621 2331 672 2358; x_wconf 91' lang='lat' dir='ltr'><strong>vita</strong></span> <span class='ocrx_word' id='word_1_310' title='bbox 696 2331 744 2358; x_wconf 90' lang='lat' dir='ltr'><strong>hac</strong></span> <span class='ocrx_word' id='word_1_311' title='bbox 757 2331 855 2360; x_wconf 89' lang='lat' dir='ltr'><strong>desinit</strong></span> <span class='ocrx_word' id='word_1_312' title='bbox 866 2354 873 2365; x_wconf 94' lang='lat'><strong>,</strong></span> <span class='ocrx_word' id='word_1_313' title='bbox 887 2340 935 2360; x_wconf 90' lang='lat' dir='ltr'><strong>seu</strong></span> <span class='ocrx_word' id='word_1_314' title='bbox 956 2334 1044 2361; x_wconf 83' lang='lat' dir='ltr'><strong>verius</strong></span> 
     </span>
    </p>
   </div>
   <div class='ocr_carea' id='block_1_43' title="bbox 264 2376 1048 2413">
    <p class='ocr_par' dir='ltr' id='par_1_43' title="bbox 264 2376 1048 2413">
     <span class='ocr_line' id='line_1_43' title="bbox 264 2376 1048 2413; baseline 0.003 -10"><span class='ocrx_word' id='word_1_315' title='bbox 264 2377 367 2409; x_wconf 89' lang='lat' dir='ltr'><strong>dicam,</strong></span> <span class='ocrx_word' id='word_1_316' title='bbox 391 2376 465 2402; x_wconf 81' lang='lat' dir='ltr'><strong>vivos</strong></span> <span class='ocrx_word' id='word_1_317' title='bbox 488 2376 551 2402; x_wconf 87' lang='lat' dir='ltr'><strong>item</strong></span> <span class='ocrx_word' id='word_1_318' title='bbox 577 2376 618 2402; x_wconf 88' lang='lat' dir='ltr'><strong>sui</strong></span> <span class='ocrx_word' id='word_1_319' title='bbox 646 2381 777 2404; x_wconf 82' lang='lat' dir='ltr'><strong>amatores</strong></span> <span class='ocrx_word' id='word_1_320' title='bbox 801 2377 920 2404; x_wconf 87' lang='lat' dir='ltr'><strong>destituit</strong></span> <span class='ocrx_word' id='word_1_321' title='bbox 939 2387 946 2404; x_wconf 85' lang='lat'><strong>:</strong></span> <span class='ocrx_word' id='word_1_322' title='bbox 968 2383 1048 2413; x_wconf 85' lang='lat' dir='ltr'><strong>atque</strong></span> 
     </span>
    </p>
   </div>
   <div class='ocr_carea' id='block_1_44' title="bbox 267 2421 1047 2458">
    <p class='ocr_par' dir='ltr' id='par_1_44' title="bbox 267 2421 1047 2458">
     <span class='ocr_line' id='line_1_44' title="bbox 267 2421 1047 2458; baseline 0.001 -9"><span class='ocrx_word' id='word_1_323' title='bbox 267 2422 346 2450; x_wconf 88' lang='lat' dir='ltr'><strong>etiam</strong></span> <span class='ocrx_word' id='word_1_324' title='bbox 370 2421 466 2448; x_wconf 89' lang='lat' dir='ltr'><strong>multos</strong></span> <span class='ocrx_word' id='word_1_325' title='bbox 492 2421 518 2448; x_wconf 94' lang='lat' dir='ltr'><strong>in</strong></span> <span class='ocrx_word' id='word_1_326' title='bbox 533 2421 694 2455; x_wconf 85' lang='lat' dir='ltr'><strong>periculum,</strong></span> <span class='ocrx_word' id='word_1_327' title='bbox 709 2423 759 2449; x_wconf 78' lang='lat' dir='ltr'><strong>&#39;vel</strong></span> <span class='ocrx_word' id='word_1_328' title='bbox 781 2427 853 2450; x_wconf 89' lang='lat' dir='ltr'><strong>certe</strong></span> <span class='ocrx_word' id='word_1_329' title='bbox 873 2431 994 2458; x_wconf 85' lang='lat' dir='ltr'><strong>magnam</strong></span> <span class='ocrx_word' id='word_1_330' title='bbox 1021 2423 1047 2451; x_wconf 94' lang='lat' dir='ltr'><strong>in</strong></span> 
     </span>
    </p>
   </div>
   <div class='ocr_carea' id='block_1_45' title="bbox 264 2466 1048 2503">
    <p class='ocr_par' dir='ltr' id='par_1_45' title="bbox 264 2466 1048 2503">
     <span class='ocr_line' id='line_1_45' title="bbox 264 2466 1048 2503; baseline 0.003 -9"><span class='ocrx_word' id='word_1_331' title='bbox 264 2467 436 2502; x_wconf 81' lang='lat' dir='ltr'><strong>ignominiam</strong></span> <span class='ocrx_word' id='word_1_332' title='bbox 447 2466 571 2501; x_wconf 88' lang='lat' dir='ltr'><strong>conjecit.</strong></span> <span class='ocrx_word' id='word_1_333' title='bbox 588 2468 623 2494; x_wconf 85' lang='lat' dir='ltr'><strong>At</strong></span> <span class='ocrx_word' id='word_1_334' title='bbox 635 2468 778 2496; x_wconf 88' lang='lat' dir='ltr'><strong>monastica</strong></span> <span class='ocrx_word' id='word_1_335' title='bbox 791 2468 842 2495; x_wconf 90' lang='lat' dir='ltr'><strong>vita</strong></span> <span class='ocrx_word' id='word_1_336' title='bbox 855 2468 942 2503; x_wconf 89' lang='lat' dir='ltr'><strong>justos</strong></span> <span class='ocrx_word' id='word_1_337' title='bbox 953 2469 1048 2496; x_wconf 87' lang='lat' dir='ltr'><strong>hicbo-</strong></span> 
     </span>
    </p>
   </div>
   <div class='ocr_carea' id='block_1_46' title="bbox 263 2512 1047 2546">
    <p class='ocr_par' dir='ltr' id='par_1_46' title="bbox 263 2512 1047 2546">
     <span class='ocr_line' id='line_1_46' title="bbox 263 2512 1047 2546; baseline 0.004 -8"><span class='ocrx_word' id='word_1_338' title='bbox 263 2513 305 2539; x_wconf 88' lang='lat' dir='ltr'><strong>nis</strong></span> <span class='ocrx_word' id='word_1_339' title='bbox 317 2512 406 2539; x_wconf 89' lang='lat' dir='ltr'><strong>multis</strong></span> <span class='ocrx_word' id='word_1_340' title='bbox 426 2519 486 2539; x_wconf 93' lang='lat' dir='ltr'><strong>eum</strong></span> <span class='ocrx_word' id='word_1_341' title='bbox 506 2513 661 2546; x_wconf 82' lang='lat' dir='ltr'><strong>repleverit,</strong></span> <span class='ocrx_word' id='word_1_342' title='bbox 678 2521 693 2540; x_wconf 92' lang='lat' dir='ltr'><strong>a</strong></span> <span class='ocrx_word' id='word_1_343' title='bbox 716 2514 777 2540; x_wconf 75' lang='lat' dir='ltr'><strong>vita:</strong></span> <span class='ocrx_word' id='word_1_344' title='bbox 797 2515 868 2541; x_wconf 78' lang='lat' dir='ltr'><strong>exitu</strong></span> <span class='ocrx_word' id='word_1_345' title='bbox 886 2518 995 2541; x_wconf 91' lang='lat' dir='ltr'><strong>ornatos</strong></span> <span class='ocrx_word' id='word_1_346' title='bbox 1016 2522 1047 2542; x_wconf 88' lang='lat' dir='ltr'><strong>ac</strong></span> 
     </span>
    </p>
   </div>
   <div class='ocr_carea' id='block_1_47' title="bbox 264 2557 1047 2594">
    <p class='ocr_par' dir='ltr' id='par_1_47' title="bbox 264 2557 1047 2594">
     <span class='ocr_line' id='line_1_47' title="bbox 264 2557 1047 2594; baseline 0.004 -11"><span class='ocrx_word' id='word_1_347' title='bbox 264 2557 360 2584; x_wconf 86' lang='lat' dir='ltr'><strong>hilares</strong></span> <span class='ocrx_word' id='word_1_348' title='bbox 374 2557 407 2584; x_wconf 85' lang='lat' dir='ltr'><strong>ad</strong></span> <span class='ocrx_word' id='word_1_349' title='bbox 433 2557 478 2585; x_wconf 89' lang='lat' dir='ltr'><strong>Dei</strong></span> <span class='ocrx_word' id='word_1_350' title='bbox 506 2562 534 2585; x_wconf 89' lang='lat' dir='ltr'><strong>et</strong></span> <span class='ocrx_word' id='word_1_351' title='bbox 548 2558 632 2585; x_wconf 84' lang='lat' dir='ltr'><strong>Patris</strong></span> <span class='ocrx_word' id='word_1_352' title='bbox 654 2559 664 2574; x_wconf 86' lang='grc'>¹</span> <span class='ocrx_word' id='word_1_353' title='bbox 681 2559 796 2586; x_wconf 86' lang='lat' dir='ltr'><strong>tribunal</strong></span> <span class='ocrx_word' id='word_1_354' title='bbox 817 2559 899 2592; x_wconf 86' lang='lat' dir='ltr'><strong>ducit,</strong></span> <span class='ocrx_word' id='word_1_355' title='bbox 914 2567 966 2594; x_wconf 93' lang='lat' dir='ltr'><strong>quo</strong></span> <span class='ocrx_word' id='word_1_356' title='bbox 981 2563 1047 2587; x_wconf 90' lang='lat' dir='ltr'><strong>tem-</strong></span> 
     </span>
    </p>
   </div>
   <div class='ocr_carea' id='block_1_48' title="bbox 264 2604 1046 2640">
    <p class='ocr_par' dir='ltr' id='par_1_48' title="bbox 264 2604 1046 2640">
     <span class='ocr_line' id='line_1_48' title="bbox 264 2604 1046 2640; baseline 0.004 -10"><span class='ocrx_word' id='word_1_357' title='bbox 264 2610 326 2637; x_wconf 85' lang='lat' dir='ltr'><strong>pore</strong></span> <span class='ocrx_word' id='word_1_358' title='bbox 341 2610 433 2631; x_wconf 90' lang='lat' dir='ltr'><strong>eorum</strong></span> <span class='ocrx_word' id='word_1_359' title='bbox 445 2605 489 2638; x_wconf 92' lang='lat' dir='ltr'><strong>qui</strong></span> <span class='ocrx_word' id='word_1_360' title='bbox 503 2604 615 2639; x_wconf 92' lang='lat' dir='ltr'><strong>imperio</strong></span> <span class='ocrx_word' id='word_1_361' title='bbox 629 2605 709 2632; x_wconf 77' lang='lat' dir='ltr'><strong>functi</strong></span> <span class='ocrx_word' id='word_1_362' title='bbox 723 2605 820 2633; x_wconf 84' lang='lat' dir='ltr'><strong>l&#39;uerint</strong></span> <span class='ocrx_word' id='word_1_363' title='bbox 835 2606 930 2633; x_wconf 90' lang='lat' dir='ltr'><strong>bonam</strong></span> <span class='ocrx_word' id='word_1_364' title='bbox 943 2610 1046 2640; x_wconf 91' lang='lat' dir='ltr'><strong>partem</strong></span> 
     </span>
    </p>
   </div>
   <div class='ocr_carea' id='block_1_49' title="bbox 263 2651 1046 2688">
    <p class='ocr_par' dir='ltr' id='par_1_49' title="bbox 263 2651 1046 2688">
     <span class='ocr_line' id='line_1_49' title="bbox 263 2651 1046 2688; baseline 0.008 -13"><span class='ocrx_word' id='word_1_365' title='bbox 263 2656 371 2684; x_wconf 82' lang='lat' dir='ltr'><strong>magnas</strong></span> <span class='ocrx_word' id='word_1_366' title='bbox 385 2654 550 2684; x_wconf 86' lang='lat' dir='ltr'><strong>peccatorum</strong></span> <span class='ocrx_word' id='word_1_367' title='bbox 566 2651 593 2678; x_wconf 93' lang='lat' dir='ltr'><strong>in</strong></span> <span class='ocrx_word' id='word_1_368' title='bbox 615 2651 667 2678; x_wconf 88' lang='lat' dir='ltr'><strong>vita</strong></span> <span class='ocrx_word' id='word_1_369' title='bbox 680 2651 855 2680; x_wconf 85' lang='lat' dir='ltr'><strong>admissorum</strong></span> <span class='ocrx_word' id='word_1_370' title='bbox 869 2660 960 2688; x_wconf 71' lang='lat' dir='ltr'><strong>poenas</strong></span> <span class='ocrx_word' id='word_1_371' title='bbox 973 2652 1046 2680; x_wconf 87' lang='lat' dir='ltr'><strong>luere</strong></span> 
     </span>
    </p>
   </div>
   <div class='ocr_carea' id='block_1_50' title="bbox 293 2760 708 2787">
    <p class='ocr_par' dir='ltr' id='par_1_50' title="bbox 293 2760 708 2787">
     <span class='ocr_line' id='line_1_50' title="bbox 293 2760 708 2787; baseline 0.007 -3"><span class='ocrx_word' id='word_1_372' title='bbox 293 2760 302 2776; x_wconf 84' lang='grc'>¹</span> <span class='ocrx_word' id='word_1_373' title='bbox 318 2760 404 2786; x_wconf 73' lang='lat' dir='ltr'><strong>(Jollata</strong></span> <span class='ocrx_word' id='word_1_374' title='bbox 414 2768 468 2786; x_wconf 90' lang='lat' dir='ltr'><strong>cum</strong></span> <span class='ocrx_word' id='word_1_375' title='bbox 479 2761 532 2786; x_wconf 90' lang='lat' dir='ltr'><strong>cod.</strong></span> <span class='ocrx_word' id='word_1_376' title='bbox 544 2760 639 2785; x_wconf 86' lang='lat' dir='ltr'><strong>coislin.</strong></span> <span class='ocrx_word' id='word_1_377' title='bbox 652 2761 708 2787; x_wconf 70' lang='grc'><strong>242.</strong></span> 
     </span>
    </p>
   </div>
   <div class='ocr_carea' id='block_1_51' title="bbox 290 2790 725 2823">
    <p class='ocr_par' dir='ltr' id='par_1_51' title="bbox 290 2790 725 2823">
     <span class='ocr_line' id='line_1_51' title="bbox 290 2790 725 2823; baseline -0.002 -6"><span class='ocrx_word' id='word_1_378' title='bbox 290 2790 304 2807; x_wconf 71' lang='grc' dir='ltr'><strong>ι</strong></span> <span class='ocrx_word' id='word_1_379' title='bbox 318 2791 496 2823; x_wconf 66' lang='lat' dir='ltr'><strong>misiinliabet,</strong></span> <span class='ocrx_word' id='word_1_380' title='bbox 506 2796 549 2817; x_wconf 76' lang='lat' dir='ltr'><strong>De:</strong></span> <span class='ocrx_word' id='word_1_381' title='bbox 560 2795 582 2817; x_wconf 83' lang='lat' dir='ltr'><strong>et</strong></span> <span class='ocrx_word' id='word_1_382' title='bbox 592 2791 725 2817; x_wconf 73' lang='lat' dir='ltr'><strong>salvatoris.</strong></span> 
     </span>
    </p>
   </div>
   <div class='ocr_carea' id='block_1_52' title="bbox 1104 1146 1887 1184">
    <p class='ocr_par' dir='ltr' id='par_1_52' title="bbox 1104 1146 1887 1184">
     <span class='ocr_line' id='line_1_52' title="bbox 1104 1146 1887 1184; baseline -0.003 -8"><span class='ocrx_word' id='word_1_383' title='bbox 1104 1148 1204 1176; x_wconf 73' lang='lat' dir='ltr'><strong>videas.</strong></span> <span class='ocrx_word' id='word_1_384' title='bbox 1221 1150 1276 1184; x_wconf 86' lang='lat' dir='ltr'><strong>Age</strong></span> <span class='ocrx_word' id='word_1_385' title='bbox 1289 1149 1378 1184; x_wconf 82' lang='lat' dir='ltr'><strong>itaque</strong></span> <span class='ocrx_word' id='word_1_386' title='bbox 1390 1151 1558 1176; x_wconf 74' lang='lat' dir='ltr'><strong>conferentes</strong></span> <span class='ocrx_word' id='word_1_387' title='bbox 1572 1153 1643 1175; x_wconf 88' lang='lat' dir='ltr'><strong>mter</strong></span> <span class='ocrx_word' id='word_1_388' title='bbox 1661 1155 1689 1174; x_wconf 93' lang='lat' dir='ltr'><strong>sc</strong></span> <span class='ocrx_word' id='word_1_389' title='bbox 1702 1151 1756 1173; x_wconf 86' lang='lat' dir='ltr'><strong>tum</strong></span> <span class='ocrx_word' id='word_1_390' title='bbox 1770 1146 1887 1181; x_wconf 85' lang='lat' dir='ltr'><strong>philoso-</strong></span> 
     </span>
    </p>
   </div>
   <div class='ocr_carea' id='block_1_53' title="bbox 1105 1192 1887 1230">
    <p class='ocr_par' dir='ltr' id='par_1_53' title="bbox 1105 1192 1887 1230">
     <span class='ocr_line' id='line_1_53' title="bbox 1105 1192 1887 1230; baseline -0.003 -8"><span class='ocrx_word' id='word_1_391' title='bbox 1105 1195 1174 1230; x_wconf 74' lang='lat' dir='ltr'><strong>phia:</strong></span> <span class='ocrx_word' id='word_1_392' title='bbox 1189 1196 1267 1228; x_wconf 91' lang='lat' dir='ltr'><strong>bona,</strong></span> <span class='ocrx_word' id='word_1_393' title='bbox 1285 1200 1340 1223; x_wconf 87' lang='lat' dir='ltr'><strong>tum</strong></span> <span class='ocrx_word' id='word_1_394' title='bbox 1357 1203 1388 1223; x_wconf 90' lang='lat' dir='ltr'><strong>ea</strong></span> <span class='ocrx_word' id='word_1_395' title='bbox 1404 1203 1463 1230; x_wconf 69' lang='lat' dir='ltr'><strong>quae</strong></span> <span class='ocrx_word' id='word_1_396' title='bbox 1487 1195 1513 1222; x_wconf 91' lang='lat' dir='ltr'><strong>in</strong></span> <span class='ocrx_word' id='word_1_397' title='bbox 1537 1194 1587 1221; x_wconf 87' lang='lat' dir='ltr'><strong>hac</strong></span> <span class='ocrx_word' id='word_1_398' title='bbox 1605 1194 1658 1220; x_wconf 84' lang='lat' dir='ltr'><strong>vita</strong></span> <span class='ocrx_word' id='word_1_399' title='bbox 1682 1192 1844 1228; x_wconf 91' lang='lat' dir='ltr'><strong>principatus</strong></span> <span class='ocrx_word' id='word_1_400' title='bbox 1856 1200 1887 1220; x_wconf 90' lang='lat' dir='ltr'><strong>ac</strong></span> 
     </span>
    </p>
   </div>
   <div class='ocr_carea' id='block_1_54' title="bbox 1103 1239 1886 1277">
    <p class='ocr_par' dir='ltr' id='par_1_54' title="bbox 1103 1239 1886 1277">
     <span class='ocr_line' id='line_1_54' title="bbox 1103 1239 1886 1277; baseline -0.005 -8"><span class='ocrx_word' id='word_1_401' title='bbox 1103 1242 1194 1277; x_wconf 73' lang='lat' dir='ltr'><strong>gloria:</strong></span> <span class='ocrx_word' id='word_1_402' title='bbox 1209 1242 1277 1269; x_wconf 89' lang='lat' dir='ltr'><strong>bona</strong></span> <span class='ocrx_word' id='word_1_403' title='bbox 1292 1249 1351 1269; x_wconf 86' lang='lat' dir='ltr'><strong>esse</strong></span> <span class='ocrx_word' id='word_1_404' title='bbox 1361 1241 1491 1274; x_wconf 75' lang='lat' dir='ltr'><strong>ridentur,</strong></span> <span class='ocrx_word' id='word_1_405' title='bbox 1505 1245 1676 1274; x_wconf 89' lang='lat' dir='ltr'><strong>utrorumque</strong></span> <span class='ocrx_word' id='word_1_406' title='bbox 1688 1240 1818 1266; x_wconf 90' lang='lat' dir='ltr'><strong>bonorum</strong></span> <span class='ocrx_word' id='word_1_407' title='bbox 1831 1239 1886 1266; x_wconf 87' lang='lat' dir='ltr'><strong>dis-</strong></span> 
     </span>
    </p>
   </div>
   <div class='ocr_carea' id='block_1_55' title="bbox 1104 1285 1885 1323">
    <p class='ocr_par' dir='ltr' id='par_1_55' title="bbox 1104 1285 1885 1323">
     <span class='ocr_line' id='line_1_55' title="bbox 1104 1285 1885 1323; baseline -0.006 -8"><span class='ocrx_word' id='word_1_408' title='bbox 1104 1288 1268 1322; x_wconf 83' lang='lat' dir='ltr'><strong>crepantiam</strong></span> <span class='ocrx_word' id='word_1_409' title='bbox 1288 1288 1470 1323; x_wconf 89' lang='lat' dir='ltr'><strong>perdiscamus</strong></span> <span class='ocrx_word' id='word_1_410' title='bbox 1489 1295 1496 1314; x_wconf 89' lang='lat'>:</span> <span class='ocrx_word' id='word_1_411' title='bbox 1510 1287 1549 1314; x_wconf 90' lang='lat' dir='ltr'><strong>sic</strong></span> <span class='ocrx_word' id='word_1_412' title='bbox 1563 1286 1634 1313; x_wconf 91' lang='lat' dir='ltr'><strong>enim</strong></span> <span class='ocrx_word' id='word_1_413' title='bbox 1649 1285 1742 1312; x_wconf 85' lang='lat' dir='ltr'><strong>collata</strong></span> <span class='ocrx_word' id='word_1_414' title='bbox 1756 1285 1885 1320; x_wconf 84' lang='lat' dir='ltr'><strong>apertiora</strong></span> 
     </span>
    </p>
   </div>
   <div class='ocr_carea' id='block_1_56' title="bbox 1104 1329 1886 1368">
    <p class='ocr_par' dir='ltr' id='par_1_56' title="bbox 1104 1329 1886 1368">
     <span class='ocr_line' id='line_1_56' title="bbox 1104 1329 1886 1368; baseline -0.006 -8"><span class='ocrx_word' id='word_1_415' title='bbox 1104 1333 1168 1360; x_wconf 76' lang='lat' dir='ltr'><strong>(ient</strong></span> <span class='ocrx_word' id='word_1_416' title='bbox 1182 1342 1189 1360; x_wconf 88' lang='lat'><strong>:</strong></span> <span class='ocrx_word' id='word_1_417' title='bbox 1204 1333 1266 1368; x_wconf 92' lang='lat' dir='ltr'><strong>quin</strong></span> <span class='ocrx_word' id='word_1_418' title='bbox 1279 1333 1378 1368; x_wconf 82' lang='lat' dir='ltr'><strong>potius,</strong></span> <span class='ocrx_word' id='word_1_419' title='bbox 1394 1333 1416 1359; x_wconf 92' lang='lat' dir='ltr'><strong>si</strong></span> <span class='ocrx_word' id='word_1_420' title='bbox 1432 1332 1533 1367; x_wconf 87' lang='lat' dir='ltr'><strong>placet,</strong></span> <span class='ocrx_word' id='word_1_421' title='bbox 1559 1332 1644 1365; x_wconf 90' lang='lat' dir='ltr'><strong>ipsum</strong></span> <span class='ocrx_word' id='word_1_422' title='bbox 1669 1330 1795 1357; x_wconf 90' lang='lat' dir='ltr'><strong>bonorum</strong></span> <span class='ocrx_word' id='word_1_423' title='bbox 1815 1329 1886 1356; x_wconf 80' lang='lat' dir='ltr'><strong>fasti-</strong></span> 
     </span>
    </p>
   </div>
   <div class='ocr_carea' id='block_1_57' title="bbox 1101 1376 1884 1414">
    <p class='ocr_par' dir='ltr' id='par_1_57' title="bbox 1101 1376 1884 1414">
     <span class='ocr_line' id='line_1_57' title="bbox 1101 1376 1884 1414; baseline -0.005 -8"><span class='ocrx_word' id='word_1_424' title='bbox 1101 1379 1175 1413; x_wconf 80' lang='lat' dir='ltr'><strong>gium</strong></span> <span class='ocrx_word' id='word_1_425' title='bbox 1189 1387 1298 1414; x_wconf 85' lang='lat' dir='ltr'><strong>regnum</strong></span> <span class='ocrx_word' id='word_1_426' title='bbox 1314 1378 1509 1413; x_wconf 86' lang='lat' dir='ltr'><strong>intelligo,cum</strong></span> <span class='ocrx_word' id='word_1_427' title='bbox 1518 1376 1683 1412; x_wconf 89' lang='lat' dir='ltr'><strong>philosophia</strong></span> <span class='ocrx_word' id='word_1_428' title='bbox 1692 1379 1884 1409; x_wconf 77' lang='lat' dir='ltr'><strong>comparantes,</strong></span> 
     </span>
    </p>
   </div>
   <div class='ocr_carea' id='block_1_58' title="bbox 1103 1421 1885 1460">
    <p class='ocr_par' dir='ltr' id='par_1_58' title="bbox 1103 1421 1885 1460">
     <span class='ocr_line' id='line_1_58' title="bbox 1103 1421 1885 1460; baseline -0.006 -8"><span class='ocrx_word' id='word_1_429' title='bbox 1103 1425 1240 1460; x_wconf 90' lang='lat' dir='ltr'><strong>utriusque</strong></span> <span class='ocrx_word' id='word_1_430' title='bbox 1250 1425 1425 1459; x_wconf 87' lang='lat' dir='ltr'><strong>possessionis</strong></span> <span class='ocrx_word' id='word_1_431' title='bbox 1440 1425 1539 1451; x_wconf 81' lang='lat' dir='ltr'><strong>fruetus</strong></span> <span class='ocrx_word' id='word_1_432' title='bbox 1548 1423 1766 1457; x_wconf 82' lang='lat' dir='ltr'><strong>contemplemur,</strong></span> <span class='ocrx_word' id='word_1_433' title='bbox 1774 1421 1885 1455; x_wconf 87' lang='lat' dir='ltr'><strong>diligen-</strong></span> 
     </span>
    </p>
   </div>
   <div class='ocr_carea' id='block_1_59' title="bbox 1104 1465 1885 1505">
    <p class='ocr_par' dir='ltr' id='par_1_59' title="bbox 1104 1465 1885 1505">
     <span class='ocr_line' id='line_1_59' title="bbox 1104 1465 1885 1505; baseline -0.008 -7"><span class='ocrx_word' id='word_1_434' title='bbox 1104 1475 1145 1497; x_wconf 90' lang='lat' dir='ltr'><strong>tcr</strong></span> <span class='ocrx_word' id='word_1_435' title='bbox 1157 1470 1246 1498; x_wconf 87' lang='lat' dir='ltr'><strong>edocti</strong></span> <span class='ocrx_word' id='word_1_436' title='bbox 1259 1491 1266 1503; x_wconf 88' lang='lat'><strong>,</strong></span> <span class='ocrx_word' id='word_1_437' title='bbox 1290 1470 1386 1505; x_wconf 88' lang='lat' dir='ltr'><strong>quibus</strong></span> <span class='ocrx_word' id='word_1_438' title='bbox 1399 1476 1491 1496; x_wconf 85' lang='lat' dir='ltr'><strong>rursus</strong></span> <span class='ocrx_word' id='word_1_439' title='bbox 1506 1467 1680 1503; x_wconf 87' lang='lat' dir='ltr'><strong>philosophus</strong></span> <span class='ocrx_word' id='word_1_440' title='bbox 1695 1467 1815 1501; x_wconf 88' lang='lat' dir='ltr'><strong>imperet.</strong></span> <span class='ocrx_word' id='word_1_441' title='bbox 1830 1465 1885 1493; x_wconf 75' lang='lat' dir='ltr'><strong>Rex</strong></span> 
     </span>
    </p>
   </div>
   <div class='ocr_carea' id='block_1_60' title="bbox 1103 1511 1885 1550">
    <p class='ocr_par' dir='ltr' id='par_1_60' title="bbox 1103 1511 1885 1550">
     <span class='ocr_line' id='line_1_60' title="bbox 1103 1511 1885 1550; baseline -0.008 -7"><span class='ocrx_word' id='word_1_442' title='bbox 1103 1516 1182 1550; x_wconf 75' lang='lat' dir='ltr'><strong>igitur</strong></span> <span class='ocrx_word' id='word_1_443' title='bbox 1196 1515 1311 1548; x_wconf 88' lang='lat' dir='ltr'><strong>urbium,</strong></span> <span class='ocrx_word' id='word_1_444' title='bbox 1326 1515 1474 1550; x_wconf 86' lang='lat' dir='ltr'><strong>regionum,</strong></span> <span class='ocrx_word' id='word_1_445' title='bbox 1486 1519 1539 1540; x_wconf 89' lang='lat' dir='ltr'><strong>tum</strong></span> <span class='ocrx_word' id='word_1_446' title='bbox 1554 1513 1695 1540; x_wconf 89' lang='lat' dir='ltr'><strong>multarum</strong></span> <span class='ocrx_word' id='word_1_447' title='bbox 1710 1511 1824 1546; x_wconf 81' lang='lat' dir='ltr'><strong>gentium</strong></span> <span class='ocrx_word' id='word_1_448' title='bbox 1835 1511 1885 1537; x_wconf 90' lang='lat' dir='ltr'><strong>im-</strong></span> 
     </span>
    </p>
   </div>
   <div class='ocr_carea' id='block_1_61' title="bbox 1103 1556 1885 1596">
    <p class='ocr_par' dir='ltr' id='par_1_61' title="bbox 1103 1556 1885 1596">
     <span class='ocr_line' id='line_1_61' title="bbox 1103 1556 1885 1596; baseline -0.006 -8"><span class='ocrx_word' id='word_1_449' title='bbox 1103 1562 1204 1596; x_wconf 91' lang='lat' dir='ltr'><strong>perium</strong></span> <span class='ocrx_word' id='word_1_450' title='bbox 1217 1561 1294 1596; x_wconf 83' lang='lat' dir='ltr'><strong>gerit,</strong></span> <span class='ocrx_word' id='word_1_451' title='bbox 1310 1560 1451 1595; x_wconf 83' lang='lat' dir='ltr'><strong>magistros</strong></span> <span class='ocrx_word' id='word_1_452' title='bbox 1472 1559 1582 1586; x_wconf 87' lang='lat' dir='ltr'><strong>militum</strong></span> <span class='ocrx_word' id='word_1_453' title='bbox 1595 1579 1602 1591; x_wconf 85' lang='lat'><strong>,</strong></span> <span class='ocrx_word' id='word_1_454' title='bbox 1617 1556 1756 1593; x_wconf 69' lang='lat' dir='ltr'><strong>prrefectos</strong></span> <span class='ocrx_word' id='word_1_455' title='bbox 1766 1577 1773 1588; x_wconf 82' lang='lat'><strong>,</strong></span> <span class='ocrx_word' id='word_1_456' title='bbox 1784 1556 1885 1584; x_wconf 78' lang='lat' dir='ltr'><strong>exerci-</strong></span> 
     </span>
    </p>
   </div>
   <div class='ocr_carea' id='block_1_62' title="bbox 1103 1605 1886 1641">
    <p class='ocr_par' dir='ltr' id='par_1_62' title="bbox 1103 1605 1886 1641">
     <span class='ocr_line' id='line_1_62' title="bbox 1103 1605 1886 1641; baseline -0.008 -8"><span class='ocrx_word' id='word_1_457' title='bbox 1103 1610 1156 1638; x_wconf 88' lang='lat' dir='ltr'><strong>tus,</strong></span> <span class='ocrx_word' id='word_1_458' title='bbox 1166 1606 1285 1641; x_wconf 86' lang='lat' dir='ltr'><strong>populos,</strong></span> <span class='ocrx_word' id='word_1_459' title='bbox 1294 1610 1413 1638; x_wconf 89' lang='lat' dir='ltr'><strong>senatus,</strong></span> <span class='ocrx_word' id='word_1_460' title='bbox 1429 1612 1477 1632; x_wconf 90' lang='lat' dir='ltr'><strong>suo</strong></span> <span class='ocrx_word' id='word_1_461' title='bbox 1492 1605 1569 1631; x_wconf 85' lang='lat' dir='ltr'><strong>unius</strong></span> <span class='ocrx_word' id='word_1_462' title='bbox 1582 1608 1646 1630; x_wconf 87' lang='lat' dir='ltr'><strong>nutu</strong></span> <span class='ocrx_word' id='word_1_463' title='bbox 1657 1610 1751 1638; x_wconf 84' lang='lat' dir='ltr'><strong>regens</strong></span> <span class='ocrx_word' id='word_1_464' title='bbox 1766 1611 1772 1617; x_wconf 82' lang='lat'><em>-</em></span> <span class='ocrx_word' id='word_1_465' title='bbox 1787 1606 1814 1628; x_wconf 91' lang='lat' dir='ltr'><strong>at</strong></span> <span class='ocrx_word' id='word_1_466' title='bbox 1825 1609 1886 1628; x_wconf 87' lang='lat' dir='ltr'><strong>vero</strong></span> 
     </span>
    </p>
   </div>
   <div class='ocr_carea' id='block_1_63' title="bbox 1102 1647 1885 1686">
    <p class='ocr_par' dir='ltr' id='par_1_63' title="bbox 1102 1647 1885 1686">
     <span class='ocr_line' id='line_1_63' title="bbox 1102 1647 1885 1686; baseline -0.006 -7"><span class='ocrx_word' id='word_1_467' title='bbox 1102 1652 1147 1686; x_wconf 91' lang='lat' dir='ltr'><strong>qui</strong></span> <span class='ocrx_word' id='word_1_468' title='bbox 1170 1659 1199 1679; x_wconf 88' lang='lat' dir='ltr'><strong>se</strong></span> <span class='ocrx_word' id='word_1_469' title='bbox 1215 1652 1271 1686; x_wconf 90' lang='lat' dir='ltr'><strong>ipse</strong></span> <span class='ocrx_word' id='word_1_470' title='bbox 1285 1656 1368 1678; x_wconf 88' lang='lat' dir='ltr'><strong>totum</strong></span> <span class='ocrx_word' id='word_1_471' title='bbox 1383 1651 1438 1678; x_wconf 87' lang='lat' dir='ltr'><strong>Deo</strong></span> <span class='ocrx_word' id='word_1_472' title='bbox 1449 1649 1734 1683; x_wconf 85' lang='lat' dir='ltr'><strong>dedit,solitariamque</strong></span> <span class='ocrx_word' id='word_1_473' title='bbox 1743 1651 1823 1675; x_wconf 72' lang='lat' dir='ltr'><strong>Vitam</strong></span> <span class='ocrx_word' id='word_1_474' title='bbox 1833 1647 1885 1674; x_wconf 90' lang='lat' dir='ltr'><strong>ele-</strong></span> 
     </span>
    </p>
   </div>
   <div class='ocr_carea' id='block_1_64' title="bbox 1102 1693 1884 1732">
    <p class='ocr_par' dir='ltr' id='par_1_64' title="bbox 1102 1693 1884 1732">
     <span class='ocr_line' id='line_1_64' title="bbox 1102 1693 1884 1732; baseline -0.008 -8"><span class='ocrx_word' id='word_1_475' title='bbox 1102 1697 1139 1732; x_wconf 81' lang='lat' dir='ltr'><strong>git</strong></span> <span class='ocrx_word' id='word_1_476' title='bbox 1153 1717 1161 1730; x_wconf 92' lang='lat'><strong>,</strong></span> <span class='ocrx_word' id='word_1_477' title='bbox 1186 1697 1247 1728; x_wconf 70' lang='lat' dir='ltr'><strong>iraa,</strong></span> <span class='ocrx_word' id='word_1_478' title='bbox 1273 1696 1379 1723; x_wconf 78' lang='lat' dir='ltr'><strong>invidia:</strong></span> <span class='ocrx_word' id='word_1_479' title='bbox 1389 1717 1396 1728; x_wconf 86' lang='grc'><em>,</em></span> <span class='ocrx_word' id='word_1_480' title='bbox 1411 1696 1528 1723; x_wconf 71' lang='lat' dir='ltr'><strong>avaritia:</strong></span> <span class='ocrx_word' id='word_1_481' title='bbox 1539 1716 1547 1728; x_wconf 87' lang='lat'><strong>,</strong></span> <span class='ocrx_word' id='word_1_482' title='bbox 1564 1695 1708 1729; x_wconf 87' lang='lat' dir='ltr'><strong>voluptati,</strong></span> <span class='ocrx_word' id='word_1_483' title='bbox 1730 1693 1884 1727; x_wconf 74' lang='lat' dir='ltr'><strong>cazterisque.</strong></span> 
     </span>
    </p>
   </div>
   <div class='ocr_carea' id='block_1_65' title="bbox 1102 1737 1885 1776">
    <p class='ocr_par' dir='ltr' id='par_1_65' title="bbox 1102 1737 1885 1776">
     <span class='ocr_line' id='line_1_65' title="bbox 1102 1737 1885 1776; baseline -0.008 -7"><span class='ocrx_word' id='word_1_484' title='bbox 1102 1742 1183 1769; x_wconf 84' lang='lat' dir='ltr'><strong>animi</strong></span> <span class='ocrx_word' id='word_1_485' title='bbox 1199 1742 1298 1769; x_wconf 88' lang='lat' dir='ltr'><strong>morbis</strong></span> <span class='ocrx_word' id='word_1_486' title='bbox 1311 1742 1433 1776; x_wconf 88' lang='lat' dir='ltr'><strong>imperat,</strong></span> <span class='ocrx_word' id='word_1_487' title='bbox 1443 1740 1549 1768; x_wconf 87' lang='lat' dir='ltr'><strong>assidue</strong></span> <span class='ocrx_word' id='word_1_488' title='bbox 1560 1740 1697 1774; x_wconf 83' lang='lat' dir='ltr'><strong>speculans</strong></span> <span class='ocrx_word' id='word_1_489' title='bbox 1710 1746 1741 1766; x_wconf 91' lang='lat' dir='ltr'><strong>ac</strong></span> <span class='ocrx_word' id='word_1_490' title='bbox 1755 1737 1885 1765; x_wconf 88' lang='lat' dir='ltr'><strong>meditans</strong></span> 
     </span>
    </p>
   </div>
   <div class='ocr_carea' id='block_1_66' title="bbox 1102 1784 1885 1822">
    <p class='ocr_par' dir='ltr' id='par_1_66' title="bbox 1102 1784 1885 1822">
     <span class='ocr_line' id='line_1_66' title="bbox 1102 1784 1885 1822; baseline -0.005 -9"><span class='ocrx_word' id='word_1_491' title='bbox 1102 1795 1244 1822; x_wconf 84' lang='lat' dir='ltr'><strong>quemnam</strong></span> <span class='ocrx_word' id='word_1_492' title='bbox 1269 1787 1294 1813; x_wconf 91' lang='lat' dir='ltr'><strong>in</strong></span> <span class='ocrx_word' id='word_1_493' title='bbox 1320 1786 1427 1814; x_wconf 89' lang='lat' dir='ltr'><strong>modum</strong></span> <span class='ocrx_word' id='word_1_494' title='bbox 1446 1794 1496 1813; x_wconf 92' lang='lat' dir='ltr'><strong>non</strong></span> <span class='ocrx_word' id='word_1_495' title='bbox 1511 1786 1678 1818; x_wconf 89' lang='lat' dir='ltr'><strong>committat,</strong></span> <span class='ocrx_word' id='word_1_496' title='bbox 1693 1789 1721 1811; x_wconf 89' lang='lat' dir='ltr'><strong>ut</strong></span> <span class='ocrx_word' id='word_1_497' title='bbox 1735 1791 1811 1811; x_wconf 91' lang='lat' dir='ltr'><strong>suum</strong></span> <span class='ocrx_word' id='word_1_498' title='bbox 1829 1784 1885 1810; x_wconf 91' lang='lat' dir='ltr'><strong>ani-</strong></span> 
     </span>
    </p>
   </div>
   <div class='ocr_carea' id='block_1_67' title="bbox 1102 1830 1884 1864">
    <p class='ocr_par' dir='ltr' id='par_1_67' title="bbox 1102 1830 1884 1864">
     <span class='ocr_line' id='line_1_67' title="bbox 1102 1830 1884 1864; baseline -0.006 -5"><span class='ocrx_word' id='word_1_499' title='bbox 1102 1840 1174 1860; x_wconf 93' lang='lat' dir='ltr'><strong>mum</strong></span> <span class='ocrx_word' id='word_1_500' title='bbox 1193 1832 1326 1860; x_wconf 75' lang='lat' dir='ltr'><strong>obscoenis</strong></span> <span class='ocrx_word' id='word_1_501' title='bbox 1347 1831 1487 1858; x_wconf 81' lang='lat' dir='ltr'><strong>achctibus</strong></span> <span class='ocrx_word' id='word_1_502' title='bbox 1511 1830 1644 1864; x_wconf 80' lang='lat' dir='ltr'><strong>subjiciat,</strong></span> <span class='ocrx_word' id='word_1_503' title='bbox 1667 1837 1717 1856; x_wconf 94' lang='lat' dir='ltr'><strong>neu</strong></span> <span class='ocrx_word' id='word_1_504' title='bbox 1732 1837 1829 1856; x_wconf 77' lang='lat' dir='ltr'><strong>amara:</strong></span> <span class='ocrx_word' id='word_1_505' title='bbox 1843 1833 1884 1864; x_wconf 88' lang='lat' dir='ltr'><strong>ty-</strong></span> 
     </span>
    </p>
   </div>
   <div class='ocr_carea' id='block_1_68' title="bbox 1102 1873 1885 1909">
    <p class='ocr_par' dir='ltr' id='par_1_68' title="bbox 1102 1873 1885 1909">
     <span class='ocr_line' id='line_1_68' title="bbox 1102 1873 1885 1909; baseline -0.006 -5"><span class='ocrx_word' id='word_1_506' title='bbox 1102 1877 1204 1905; x_wconf 91' lang='lat' dir='ltr'><strong>rannidi</strong></span> <span class='ocrx_word' id='word_1_507' title='bbox 1233 1878 1301 1904; x_wconf 88' lang='lat' dir='ltr'><strong>ratio</strong></span> <span class='ocrx_word' id='word_1_508' title='bbox 1324 1876 1470 1909; x_wconf 74' lang='lat' dir='ltr'><strong>inserviat,</strong></span> <span class='ocrx_word' id='word_1_509' title='bbox 1504 1875 1551 1902; x_wconf 89' lang='lat' dir='ltr'><strong>sed</strong></span> <span class='ocrx_word' id='word_1_510' title='bbox 1578 1882 1656 1909; x_wconf 88' lang='lat' dir='ltr'><strong>supra</strong></span> <span class='ocrx_word' id='word_1_511' title='bbox 1682 1882 1726 1901; x_wconf 90' lang='lat' dir='ltr'><strong>res</strong></span> <span class='ocrx_word' id='word_1_512' title='bbox 1757 1873 1885 1900; x_wconf 82' lang='lat' dir='ltr'><strong>humanas</strong></span> 
     </span>
    </p>
   </div>
   <div class='ocr_carea' id='block_1_69' title="bbox 1101 1919 1885 1958">
    <p class='ocr_par' dir='ltr' id='par_1_69' title="bbox 1101 1919 1885 1958">
     <span class='ocr_line' id='line_1_69' title="bbox 1101 1919 1885 1958; baseline -0.006 -8"><span class='ocrx_word' id='word_1_513' title='bbox 1101 1931 1195 1951; x_wconf 87' lang='lat' dir='ltr'><strong>omnes</strong></span> <span class='ocrx_word' id='word_1_514' title='bbox 1210 1923 1398 1958; x_wconf 81' lang='lat' dir='ltr'><strong>cogitationem</strong></span> <span class='ocrx_word' id='word_1_515' title='bbox 1424 1929 1530 1956; x_wconf 89' lang='lat' dir='ltr'><strong>semper</strong></span> <span class='ocrx_word' id='word_1_516' title='bbox 1544 1926 1659 1948; x_wconf 84' lang='lat' dir='ltr'><strong>erectam</strong></span> <span class='ocrx_word' id='word_1_517' title='bbox 1674 1921 1778 1952; x_wconf 78' lang='lat' dir='ltr'><strong>habent,</strong></span> <span class='ocrx_word' id='word_1_518' title='bbox 1795 1919 1839 1946; x_wconf 88' lang='lat' dir='ltr'><strong>Dei</strong></span> <span class='ocrx_word' id='word_1_519' title='bbox 1854 1920 1885 1945; x_wconf 87' lang='lat' dir='ltr'><strong>ti-</strong></span> 
     </span>
    </p>
   </div>
   <div class='ocr_carea' id='block_1_70' title="bbox 1103 1964 1884 2001">
    <p class='ocr_par' dir='ltr' id='par_1_70' title="bbox 1103 1964 1884 2001">
     <span class='ocr_line' id='line_1_70' title="bbox 1103 1964 1884 2001; baseline -0.008 -5"><span class='ocrx_word' id='word_1_520' title='bbox 1103 1976 1204 1996; x_wconf 91' lang='lat' dir='ltr'><strong>morem</strong></span> <span class='ocrx_word' id='word_1_521' title='bbox 1224 1968 1304 1995; x_wconf 87' lang='lat' dir='ltr'><strong>animi</strong></span> <span class='ocrx_word' id='word_1_522' title='bbox 1325 1967 1424 1994; x_wconf 88' lang='lat' dir='ltr'><strong>morbis</strong></span> <span class='ocrx_word' id='word_1_523' title='bbox 1448 1966 1604 2001; x_wconf 69' lang='lat' dir='ltr'><strong>prmliciens.</strong></span> <span class='ocrx_word' id='word_1_524' title='bbox 1627 1965 1782 1999; x_wconf 82' lang='lat' dir='ltr'><strong>llujusmodi</strong></span> <span class='ocrx_word' id='word_1_525' title='bbox 1806 1964 1884 1999; x_wconf 81' lang='lat' dir='ltr'><strong>igitur</strong></span> 
     </span>
    </p>
   </div>
   <div class='ocr_carea' id='block_1_71' title="bbox 1103 2011 1883 2049">
    <p class='ocr_par' dir='ltr' id='par_1_71' title="bbox 1103 2011 1883 2049">
     <span class='ocr_line' id='line_1_71' title="bbox 1103 2011 1883 2049; baseline -0.008 -8"><span class='ocrx_word' id='word_1_526' title='bbox 1103 2014 1242 2049; x_wconf 87' lang='lat' dir='ltr'><strong>imperium</strong></span> <span class='ocrx_word' id='word_1_527' title='bbox 1258 2021 1315 2046; x_wconf 82' lang='lat' dir='ltr'><strong>rex,</strong></span> <span class='ocrx_word' id='word_1_528' title='bbox 1332 2013 1483 2047; x_wconf 86' lang='lat' dir='ltr'><strong>hujnsmodi</strong></span> <span class='ocrx_word' id='word_1_529' title='bbox 1507 2012 1568 2039; x_wconf 85' lang='lat' dir='ltr'><strong>item</strong></span> <span class='ocrx_word' id='word_1_530' title='bbox 1595 2011 1768 2045; x_wconf 82' lang='lat' dir='ltr'><strong>principatum</strong></span> <span class='ocrx_word' id='word_1_531' title='bbox 1792 2017 1883 2036; x_wconf 91' lang='lat' dir='ltr'><strong>mona-</strong></span> 
     </span>
    </p>
   </div>
   <div class='ocr_carea' id='block_1_72' title="bbox 1100 2056 1884 2094">
    <p class='ocr_par' dir='ltr' id='par_1_72' title="bbox 1100 2056 1884 2094">
     <span class='ocr_line' id='line_1_72' title="bbox 1100 2056 1884 2094; baseline -0.008 -7"><span class='ocrx_word' id='word_1_532' title='bbox 1100 2060 1167 2087; x_wconf 88' lang='lat' dir='ltr'><strong>chus</strong></span> <span class='ocrx_word' id='word_1_533' title='bbox 1186 2059 1297 2094; x_wconf 91' lang='lat' dir='ltr'><strong>adeptus</strong></span> <span class='ocrx_word' id='word_1_534' title='bbox 1309 2063 1366 2086; x_wconf 89' lang='lat' dir='ltr'><strong>est:</strong></span> <span class='ocrx_word' id='word_1_535' title='bbox 1383 2062 1411 2085; x_wconf 92' lang='lat' dir='ltr'><strong>ut</strong></span> <span class='ocrx_word' id='word_1_536' title='bbox 1423 2057 1519 2092; x_wconf 90' lang='lat' dir='ltr'><strong>justius</strong></span> <span class='ocrx_word' id='word_1_537' title='bbox 1532 2057 1637 2091; x_wconf 89' lang='lat' dir='ltr'><strong>quidem</strong></span> <span class='ocrx_word' id='word_1_538' title='bbox 1655 2056 1724 2082; x_wconf 90' lang='lat' dir='ltr'><strong>hunc</strong></span> <span class='ocrx_word' id='word_1_539' title='bbox 1739 2063 1824 2090; x_wconf 79' lang='lat' dir='ltr'><strong>regem</strong></span> <span class='ocrx_word' id='word_1_540' title='bbox 1838 2063 1884 2080; x_wconf 81' lang='lat' dir='ltr'><strong>vo-</strong></span> 
     </span>
    </p>
   </div>
   <div class='ocr_carea' id='block_1_73' title="bbox 1100 2103 1883 2139">
    <p class='ocr_par' dir='ltr' id='par_1_73' title="bbox 1100 2103 1883 2139">
     <span class='ocr_line' id='line_1_73' title="bbox 1100 2103 1883 2139; baseline -0.006 -7"><span class='ocrx_word' id='word_1_541' title='bbox 1100 2112 1154 2138; x_wconf 86' lang='lat' dir='ltr'><strong>ces,</strong></span> <span class='ocrx_word' id='word_1_542' title='bbox 1172 2113 1249 2139; x_wconf 88' lang='lat' dir='ltr'><strong>quam</strong></span> <span class='ocrx_word' id='word_1_543' title='bbox 1262 2112 1322 2131; x_wconf 90' lang='lat' dir='ltr'><strong>eum</strong></span> <span class='ocrx_word' id='word_1_544' title='bbox 1339 2104 1383 2138; x_wconf 92' lang='lat' dir='ltr'><strong>qui</strong></span> <span class='ocrx_word' id='word_1_545' title='bbox 1400 2111 1513 2138; x_wconf 89' lang='lat' dir='ltr'><strong>purpura</strong></span> <span class='ocrx_word' id='word_1_546' title='bbox 1532 2103 1638 2130; x_wconf 89' lang='lat' dir='ltr'><strong>indutus</strong></span> <span class='ocrx_word' id='word_1_547' title='bbox 1651 2109 1682 2128; x_wconf 91' lang='lat' dir='ltr'><strong>ac</strong></span> <span class='ocrx_word' id='word_1_548' title='bbox 1696 2109 1792 2128; x_wconf 90' lang='lat' dir='ltr'><strong>corona</strong></span> <span class='ocrx_word' id='word_1_549' title='bbox 1806 2109 1883 2128; x_wconf 92' lang='lat' dir='ltr'><strong>orna-</strong></span> 
     </span>
    </p>
   </div>
   <div class='ocr_carea' id='block_1_74' title="bbox 1101 2148 1697 2185">
    <p class='ocr_par' dir='ltr' id='par_1_74' title="bbox 1101 2148 1697 2185">
     <span class='ocr_line' id='line_1_74' title="bbox 1101 2148 1697 2185; baseline -0.007 -7"><span class='ocrx_word' id='word_1_550' title='bbox 1101 2155 1142 2178; x_wconf 89' lang='lat' dir='ltr'><strong>tus</strong></span> <span class='ocrx_word' id='word_1_551' title='bbox 1155 2151 1325 2185; x_wconf 87' lang='lat' dir='ltr'><strong>splendescit,</strong></span> <span class='ocrx_word' id='word_1_552' title='bbox 1342 2150 1438 2176; x_wconf 92' lang='lat' dir='ltr'><strong>throno</strong></span> <span class='ocrx_word' id='word_1_553' title='bbox 1455 2150 1481 2176; x_wconf 94' lang='lat' dir='ltr'><strong>in</strong></span> <span class='ocrx_word' id='word_1_554' title='bbox 1496 2148 1697 2182; x_wconf 75' lang='lat' dir='ltr'><strong>aureo,sedeus.</strong></span> 
     </span>
    </p>
   </div>
   <div class='ocr_carea' id='block_1_75' title="bbox 1134 2191 1882 2229">
    <p class='ocr_par' dir='ltr' id='par_1_75' title="bbox 1134 2191 1882 2229">
     <span class='ocr_line' id='line_1_75' title="bbox 1134 2191 1882 2229; baseline -0.005 -7"><span class='ocrx_word' id='word_1_555' title='bbox 1134 2195 1162 2222; x_wconf 74' lang='lat'><strong>2.</strong></span> <span class='ocrx_word' id='word_1_556' title='bbox 1177 2196 1238 2229; x_wconf 74' lang='lat' dir='ltr'><strong>Quis</strong></span> <span class='ocrx_word' id='word_1_557' title='bbox 1250 2197 1348 2222; x_wconf 81' lang='lat' dir='ltr'><strong>demum</strong></span> <span class='ocrx_word' id='word_1_558' title='bbox 1360 2203 1416 2222; x_wconf 79' lang='lat' dir='ltr'><strong>vere</strong></span> <span class='ocrx_word' id='word_1_559' title='bbox 1425 2203 1469 2221; x_wconf 71' lang='lat' dir='ltr'><strong>rex</strong></span> <span class='ocrx_word' id='word_1_560' title='bbox 1481 2193 1612 2220; x_wconf 73' lang='lat' dir='ltr'><strong>dicendus.</strong></span> <span class='ocrx_word' id='word_1_561' title='bbox 1625 2208 1661 2213; x_wconf 89' lang='lat'><strong>—</strong></span> <span class='ocrx_word' id='word_1_562' title='bbox 1669 2193 1734 2219; x_wconf 88' lang='lat' dir='ltr'><strong>Nam</strong></span> <span class='ocrx_word' id='word_1_563' title='bbox 1746 2192 1767 2219; x_wconf 91' lang='lat' dir='ltr'><strong>is</strong></span> <span class='ocrx_word' id='word_1_564' title='bbox 1778 2191 1882 2219; x_wconf 91' lang='lat' dir='ltr'><strong>demum</strong></span> 
     </span>
    </p>
   </div>
   <div class='ocr_carea' id='block_1_76' title="bbox 1100 2237 1883 2275">
    <p class='ocr_par' dir='ltr' id='par_1_76' title="bbox 1100 2237 1883 2275">
     <span class='ocr_line' id='line_1_76' title="bbox 1100 2237 1883 2275; baseline -0.008 -7"><span class='ocrx_word' id='word_1_565' title='bbox 1100 2248 1163 2268; x_wconf 89' lang='lat' dir='ltr'><strong>vere</strong></span> <span class='ocrx_word' id='word_1_566' title='bbox 1175 2249 1220 2267; x_wconf 87' lang='lat' dir='ltr'><strong>rex</strong></span> <span class='ocrx_word' id='word_1_567' title='bbox 1236 2244 1286 2272; x_wconf 87' lang='lat' dir='ltr'><strong>est,</strong></span> <span class='ocrx_word' id='word_1_568' title='bbox 1300 2239 1345 2275; x_wconf 90' lang='lat' dir='ltr'><strong>qui</strong></span> <span class='ocrx_word' id='word_1_569' title='bbox 1361 2240 1438 2272; x_wconf 85' lang='lat' dir='ltr'><strong>iram,</strong></span> <span class='ocrx_word' id='word_1_570' title='bbox 1455 2239 1499 2274; x_wconf 91' lang='lat' dir='ltr'><strong>qui</strong></span> <span class='ocrx_word' id='word_1_571' title='bbox 1514 2238 1649 2270; x_wconf 90' lang='lat' dir='ltr'><strong>invidiam,</strong></span> <span class='ocrx_word' id='word_1_572' title='bbox 1664 2238 1708 2272; x_wconf 91' lang='lat' dir='ltr'><strong>qui</strong></span> <span class='ocrx_word' id='word_1_573' title='bbox 1721 2237 1883 2270; x_wconf 86' lang='lat' dir='ltr'><strong>voluptatem</strong></span> 
     </span>
    </p>
   </div>
   <div class='ocr_carea' id='block_1_77' title="bbox 1099 2283 1883 2320">
    <p class='ocr_par' dir='ltr' id='par_1_77' title="bbox 1099 2283 1883 2320">
     <span class='ocr_line' id='line_1_77' title="bbox 1099 2283 1883 2320; baseline -0.006 -7"><span class='ocrx_word' id='word_1_574' title='bbox 1099 2286 1225 2313; x_wconf 88' lang='lat' dir='ltr'><strong>cohibens</strong></span> <span class='ocrx_word' id='word_1_575' title='bbox 1235 2307 1243 2320; x_wconf 85' lang='lat'><strong>,</strong></span> <span class='ocrx_word' id='word_1_576' title='bbox 1257 2286 1345 2313; x_wconf 89' lang='lat' dir='ltr'><strong>omnia</strong></span> <span class='ocrx_word' id='word_1_577' title='bbox 1357 2286 1406 2312; x_wconf 89' lang='lat' dir='ltr'><strong>sub</strong></span> <span class='ocrx_word' id='word_1_578' title='bbox 1421 2285 1467 2312; x_wconf 87' lang='lat' dir='ltr'><strong>Dei</strong></span> <span class='ocrx_word' id='word_1_579' title='bbox 1486 2285 1544 2320; x_wconf 84' lang='lat' dir='ltr'><strong>lege</strong></span> <span class='ocrx_word' id='word_1_580' title='bbox 1561 2284 1624 2319; x_wconf 77' lang='lat' dir='ltr'><strong>agit,</strong></span> <span class='ocrx_word' id='word_1_581' title='bbox 1640 2288 1754 2310; x_wconf 85' lang='lat' dir='ltr'><strong>mentem</strong></span> <span class='ocrx_word' id='word_1_582' title='bbox 1773 2283 1883 2309; x_wconf 89' lang='lat' dir='ltr'><strong>liberam</strong></span> 
     </span>
    </p>
   </div>
   <div class='ocr_carea' id='block_1_78' title="bbox 1099 2328 1883 2366">
    <p class='ocr_par' dir='ltr' id='par_1_78' title="bbox 1099 2328 1883 2366">
     <span class='ocr_line' id='line_1_78' title="bbox 1099 2328 1883 2366; baseline -0.006 -8"><span class='ocrx_word' id='word_1_583' title='bbox 1099 2339 1227 2364; x_wconf 84' lang='lat' dir='ltr'><strong>servans,</strong></span> <span class='ocrx_word' id='word_1_584' title='bbox 1252 2339 1337 2366; x_wconf 89' lang='lat' dir='ltr'><strong>neque</strong></span> <span class='ocrx_word' id='word_1_585' title='bbox 1358 2331 1461 2366; x_wconf 89' lang='lat' dir='ltr'><strong>patiens</strong></span> <span class='ocrx_word' id='word_1_586' title='bbox 1484 2330 1647 2364; x_wconf 85' lang='lat' dir='ltr'><strong>voluptatum</strong></span> <span class='ocrx_word' id='word_1_587' title='bbox 1676 2328 1883 2355; x_wconf 87' lang='lat' dir='ltr'><strong>dominationem</strong></span> 
     </span>
    </p>
   </div>
   <div class='ocr_carea' id='block_1_79' title="bbox 1100 2373 1884 2411">
    <p class='ocr_par' dir='ltr' id='par_1_79' title="bbox 1100 2373 1884 2411">
     <span class='ocr_line' id='line_1_79' title="bbox 1100 2373 1884 2411; baseline -0.008 -7"><span class='ocrx_word' id='word_1_588' title='bbox 1100 2378 1188 2404; x_wconf 88' lang='lat' dir='ltr'><strong>animo</strong></span> <span class='ocrx_word' id='word_1_589' title='bbox 1201 2384 1249 2404; x_wconf 91' lang='lat' dir='ltr'><strong>suo</strong></span> <span class='ocrx_word' id='word_1_590' title='bbox 1268 2377 1429 2411; x_wconf 90' lang='lat' dir='ltr'><strong>imperitare.</strong></span> <span class='ocrx_word' id='word_1_591' title='bbox 1448 2375 1538 2402; x_wconf 88' lang='lat' dir='ltr'><strong>Talem</strong></span> <span class='ocrx_word' id='word_1_592' title='bbox 1562 2374 1683 2410; x_wconf 91' lang='lat' dir='ltr'><strong>equidem</strong></span> <span class='ocrx_word' id='word_1_593' title='bbox 1697 2381 1785 2409; x_wconf 79' lang='lat' dir='ltr'><strong>regem</strong></span> <span class='ocrx_word' id='word_1_594' title='bbox 1800 2373 1884 2400; x_wconf 88' lang='lat' dir='ltr'><strong>libens</strong></span> 
     </span>
    </p>
   </div>
   <div class='ocr_carea' id='block_1_80' title="bbox 1099 2418 1882 2455">
    <p class='ocr_par' dir='ltr' id='par_1_80' title="bbox 1099 2418 1882 2455">
     <span class='ocr_line' id='line_1_80' title="bbox 1099 2418 1882 2455; baseline -0.008 -5"><span class='ocrx_word' id='word_1_595' title='bbox 1099 2423 1216 2450; x_wconf 91' lang='lat' dir='ltr'><strong>viderem</strong></span> <span class='ocrx_word' id='word_1_596' title='bbox 1228 2427 1254 2450; x_wconf 90' lang='lat' dir='ltr'><strong>et</strong></span> <span class='ocrx_word' id='word_1_597' title='bbox 1267 2427 1354 2454; x_wconf 71' lang='lat' dir='ltr'><strong>terrm,</strong></span> <span class='ocrx_word' id='word_1_598' title='bbox 1369 2426 1396 2449; x_wconf 92' lang='lat' dir='ltr'><strong>et</strong></span> <span class='ocrx_word' id='word_1_599' title='bbox 1412 2421 1489 2455; x_wconf 90' lang='lat' dir='ltr'><strong>mari,</strong></span> <span class='ocrx_word' id='word_1_600' title='bbox 1503 2425 1530 2448; x_wconf 92' lang='lat' dir='ltr'><strong>et</strong></span> <span class='ocrx_word' id='word_1_601' title='bbox 1546 2420 1707 2452; x_wconf 88' lang='lat' dir='ltr'><strong>civitatibus,</strong></span> <span class='ocrx_word' id='word_1_602' title='bbox 1727 2423 1754 2446; x_wconf 91' lang='lat' dir='ltr'><strong>et</strong></span> <span class='ocrx_word' id='word_1_603' title='bbox 1769 2418 1882 2454; x_wconf 85' lang='lat' dir='ltr'><strong>populis,</strong></span> 
     </span>
    </p>
   </div>
   <div class='ocr_carea' id='block_1_81' title="bbox 1098 2464 1883 2503">
    <p class='ocr_par' dir='ltr' id='par_1_81' title="bbox 1098 2464 1883 2503">
     <span class='ocr_line' id='line_1_81' title="bbox 1098 2464 1883 2503; baseline -0.008 -7"><span class='ocrx_word' id='word_1_604' title='bbox 1098 2474 1125 2497; x_wconf 92' lang='lat' dir='ltr'><strong>et</strong></span> <span class='ocrx_word' id='word_1_605' title='bbox 1147 2469 1307 2496; x_wconf 85' lang='lat' dir='ltr'><strong>exercitibus</strong></span> <span class='ocrx_word' id='word_1_606' title='bbox 1335 2468 1394 2503; x_wconf 87' lang='lat' dir='ltr'><strong>jura</strong></span> <span class='ocrx_word' id='word_1_607' title='bbox 1420 2467 1537 2495; x_wconf 88' lang='lat' dir='ltr'><strong>dantem.</strong></span> <span class='ocrx_word' id='word_1_608' title='bbox 1563 2466 1687 2500; x_wconf 86' lang='lat' dir='ltr'><strong>Quisquis</strong></span> <span class='ocrx_word' id='word_1_609' title='bbox 1710 2465 1779 2493; x_wconf 88' lang='lat' dir='ltr'><strong>enim</strong></span> <span class='ocrx_word' id='word_1_610' title='bbox 1802 2464 1883 2491; x_wconf 87' lang='lat' dir='ltr'><strong>animi</strong></span> 
     </span>
    </p>
   </div>
   <div class='ocr_carea' id='block_1_82' title="bbox 1098 2510 1883 2546">
    <p class='ocr_par' dir='ltr' id='par_1_82' title="bbox 1098 2510 1883 2546">
     <span class='ocr_line' id='line_1_82' title="bbox 1098 2510 1883 2546; baseline -0.006 -5"><span class='ocrx_word' id='word_1_611' title='bbox 1098 2514 1234 2541; x_wconf 77' lang='lat' dir='ltr'><strong>affectibus</strong></span> <span class='ocrx_word' id='word_1_612' title='bbox 1255 2514 1384 2540; x_wconf 85' lang='lat' dir='ltr'><strong>rationem</strong></span> <span class='ocrx_word' id='word_1_613' title='bbox 1406 2513 1559 2546; x_wconf 81' lang='lat' dir='ltr'><strong>magistram</strong></span> <span class='ocrx_word' id='word_1_614' title='bbox 1580 2511 1739 2545; x_wconf 66' lang='lat' dir='ltr'><strong>prail‘ecerit,</strong></span> <span class='ocrx_word' id='word_1_615' title='bbox 1760 2510 1781 2536; x_wconf 88' lang='lat' dir='ltr'><strong>is</strong></span> <span class='ocrx_word' id='word_1_616' title='bbox 1802 2516 1883 2544; x_wconf 85' lang='lat' dir='ltr'><strong>parvo</strong></span> 
     </span>
    </p>
   </div>
   <div class='ocr_carea' id='block_1_83' title="bbox 1097 2554 1882 2594">
    <p class='ocr_par' dir='ltr' id='par_1_83' title="bbox 1097 2554 1882 2594">
     <span class='ocr_line' id='line_1_83' title="bbox 1097 2554 1882 2594; baseline -0.009 -8"><span class='ocrx_word' id='word_1_617' title='bbox 1097 2559 1239 2586; x_wconf 88' lang='lat' dir='ltr'><strong>admodum</strong></span> <span class='ocrx_word' id='word_1_618' title='bbox 1252 2559 1358 2594; x_wconf 89' lang='lat' dir='ltr'><strong>negotio</strong></span> <span class='ocrx_word' id='word_1_619' title='bbox 1371 2563 1398 2585; x_wconf 90' lang='lat' dir='ltr'><strong>et</strong></span> <span class='ocrx_word' id='word_1_620' title='bbox 1407 2558 1558 2585; x_wconf 90' lang='lat' dir='ltr'><strong>hominibus</strong></span> <span class='ocrx_word' id='word_1_621' title='bbox 1571 2565 1623 2584; x_wconf 90' lang='lat' dir='ltr'><strong>una</strong></span> <span class='ocrx_word' id='word_1_622' title='bbox 1635 2564 1694 2583; x_wconf 92' lang='lat' dir='ltr'><strong>cum</strong></span> <span class='ocrx_word' id='word_1_623' title='bbox 1709 2555 1802 2582; x_wconf 88' lang='lat' dir='ltr'><strong>divinis</strong></span> <span class='ocrx_word' id='word_1_624' title='bbox 1817 2554 1882 2588; x_wconf 80' lang='lat' dir='ltr'><strong>legi-</strong></span> 
     </span>
    </p>
   </div>
   <div class='ocr_carea' id='block_1_84' title="bbox 1097 2599 1882 2640">
    <p class='ocr_par' dir='ltr' id='par_1_84' title="bbox 1097 2599 1882 2640">
     <span class='ocr_line' id='line_1_84' title="bbox 1097 2599 1882 2640; baseline -0.008 -8"><span class='ocrx_word' id='word_1_625' title='bbox 1097 2605 1146 2632; x_wconf 89' lang='lat' dir='ltr'><strong>bus</strong></span> <span class='ocrx_word' id='word_1_626' title='bbox 1169 2605 1266 2640; x_wconf 72' lang='lat' dir='ltr'><strong>prmtici</strong></span> <span class='ocrx_word' id='word_1_627' title='bbox 1291 2604 1384 2639; x_wconf 88' lang='lat' dir='ltr'><strong>possit,</strong></span> <span class='ocrx_word' id='word_1_628' title='bbox 1407 2609 1436 2630; x_wconf 91' lang='lat' dir='ltr'><strong>ut</strong></span> <span class='ocrx_word' id='word_1_629' title='bbox 1455 2603 1576 2630; x_wconf 85' lang='lat' dir='ltr'><strong>eumdem</strong></span> <span class='ocrx_word' id='word_1_630' title='bbox 1601 2602 1683 2637; x_wconf 82' lang='lat' dir='ltr'><strong>patris</strong></span> <span class='ocrx_word' id='word_1_631' title='bbox 1705 2601 1763 2628; x_wconf 91' lang='lat' dir='ltr'><strong>loco</strong></span> <span class='ocrx_word' id='word_1_632' title='bbox 1784 2599 1882 2627; x_wconf 87' lang='lat' dir='ltr'><strong>subditi</strong></span> 
     </span>
    </p>
   </div>
   <div class='ocr_carea' id='block_1_85' title="bbox 1098 2647 1883 2684">
    <p class='ocr_par' dir='ltr' id='par_1_85' title="bbox 1098 2647 1883 2684">
     <span class='ocr_line' id='line_1_85' title="bbox 1098 2647 1883 2684; baseline -0.008 -7"><span class='ocrx_word' id='word_1_633' title='bbox 1098 2650 1221 2684; x_wconf 85' lang='lat' dir='ltr'><strong>habeant,</strong></span> <span class='ocrx_word' id='word_1_634' title='bbox 1237 2658 1295 2677; x_wconf 92' lang='lat' dir='ltr'><strong>cum</strong></span> <span class='ocrx_word' id='word_1_635' title='bbox 1309 2649 1381 2677; x_wconf 90' lang='lat' dir='ltr'><strong>omni</strong></span> <span class='ocrx_word' id='word_1_636' title='bbox 1393 2648 1595 2676; x_wconf 87' lang='lat' dir='ltr'><strong>mansuetudine</strong></span> <span class='ocrx_word' id='word_1_637' title='bbox 1607 2647 1759 2675; x_wconf 87' lang='lat' dir='ltr'><strong>civitatibus</strong></span> <span class='ocrx_word' id='word_1_638' title='bbox 1771 2653 1883 2673; x_wconf 89' lang='lat' dir='ltr'><strong>consue-</strong></span> 
     </span>
    </p>
   </div>
   <div class='ocr_carea' id='block_1_86' title="bbox 1097 2689 1883 2730">
    <p class='ocr_par' dir='ltr' id='par_1_86' title="bbox 1097 2689 1883 2730">
     <span class='ocr_line' id='line_1_86' title="bbox 1097 2689 1883 2730; baseline -0.01 -6"><span class='ocrx_word' id='word_1_639' title='bbox 1097 2697 1193 2725; x_wconf 88' lang='lat' dir='ltr'><strong>tudinis</strong></span> <span class='ocrx_word' id='word_1_640' title='bbox 1207 2703 1261 2723; x_wconf 79' lang='lat' dir='ltr'><strong>sua:</strong></span> <span class='ocrx_word' id='word_1_641' title='bbox 1282 2696 1384 2730; x_wconf 88' lang='lat' dir='ltr'><strong>copiam</strong></span> <span class='ocrx_word' id='word_1_642' title='bbox 1407 2694 1555 2721; x_wconf 82' lang='lat' dir='ltr'><strong>facientem.</strong></span> <span class='ocrx_word' id='word_1_643' title='bbox 1576 2693 1626 2726; x_wconf 86' lang='lat' dir='ltr'><strong>Qui</strong></span> <span class='ocrx_word' id='word_1_644' title='bbox 1647 2700 1710 2719; x_wconf 89' lang='lat' dir='ltr'><strong>vero</strong></span> <span class='ocrx_word' id='word_1_645' title='bbox 1732 2689 1883 2719; x_wconf 87' lang='lat' dir='ltr'><strong>hominibus</strong></span> 
     </span>
    </p>
   </div>
   <div class='ocr_carea' id='block_1_87' title="bbox 1096 2736 1882 2776">
    <p class='ocr_par' dir='ltr' id='par_1_87' title="bbox 1096 2736 1882 2776">
     <span class='ocr_line' id='line_1_87' title="bbox 1096 2736 1882 2776; baseline -0.01 -6"><span class='ocrx_word' id='word_1_646' title='bbox 1096 2743 1227 2776; x_wconf 89' lang='lat' dir='ltr'><strong>imperare</strong></span> <span class='ocrx_word' id='word_1_647' title='bbox 1240 2749 1299 2769; x_wconf 90' lang='lat' dir='ltr'><strong>cum</strong></span> <span class='ocrx_word' id='word_1_648' title='bbox 1315 2741 1449 2773; x_wconf 89' lang='lat' dir='ltr'><strong>videatur,</strong></span> <span class='ocrx_word' id='word_1_649' title='bbox 1463 2740 1510 2767; x_wconf 78' lang='lat' dir='ltr'><strong>ira:</strong></span> <span class='ocrx_word' id='word_1_650' title='bbox 1523 2744 1626 2771; x_wconf 73' lang='lat' dir='ltr'><strong>tamen,</strong></span> <span class='ocrx_word' id='word_1_651' title='bbox 1641 2737 1789 2769; x_wconf 88' lang='lat' dir='ltr'><strong>ambitioni,</strong></span> <span class='ocrx_word' id='word_1_652' title='bbox 1805 2736 1882 2763; x_wconf 74' lang='lat' dir='ltr'><strong>volu-</strong></span> 
     </span>
    </p>
   </div>
   <div class='ocr_carea' id='block_1_88' title="bbox 1099 2781 1904 2824">
    <p class='ocr_par' dir='ltr' id='par_1_88' title="bbox 1099 2781 1904 2824">
     <span class='ocr_line' id='line_1_88' title="bbox 1099 2781 1904 2824; baseline -0.009 -9"><span class='ocrx_word' id='word_1_653' title='bbox 1099 2787 1212 2824; x_wconf 87' lang='lat' dir='ltr'><strong>ptatibus</strong></span> <span class='ocrx_word' id='word_1_654' title='bbox 1233 2787 1324 2822; x_wconf 91' lang='lat' dir='ltr'><strong>servit,</strong></span> <span class='ocrx_word' id='word_1_655' title='bbox 1346 2786 1389 2815; x_wconf 94' lang='lat' dir='ltr'><strong>hic</strong></span> <span class='ocrx_word' id='word_1_656' title='bbox 1412 2786 1525 2822; x_wconf 87' lang='lat' dir='ltr'><strong>primum</strong></span> <span class='ocrx_word' id='word_1_657' title='bbox 1545 2784 1657 2813; x_wconf 85' lang='lat' dir='ltr'><strong>subditis</strong></span> <span class='ocrx_word' id='word_1_658' title='bbox 1678 2783 1733 2811; x_wconf 86' lang='lat' dir='ltr'><strong>suis</strong></span> <span class='ocrx_word' id='word_1_659' title='bbox 1756 2781 1881 2810; x_wconf 80' lang='lat' dir='ltr'><strong>ridiculus</strong></span> <span class='ocrx_word' id='word_1_660' title='bbox 1901 2788 1904 2791; x_wconf 76' lang='lat'>‘</span> 
     </span>
    </p>
   </div>
  </div>
