2058 3116
261 150 312 178 359

261 204 345 232 videri
359 204 441 239 possit
453 204 506 232 hoc
527 204 596 239 ipso,
617 204 686 239 quod
699 212 825 232 coronam
839 205 945 240 quidem
964 209 1048 240 gestat

261 253 373 287 gemmis
395 253 574 283 ittterlextant,
596 257 622 279 et
644 260 762 284 auream,
783 252 963 287 temperantia:
985 259 1048 279 vero

261 305 359 325 corona
383 298 492 325 minime
517 298 625 333 insignis
646 304 687 325 est
708 307 714 324 :
737 303 764 325 et
786 305 920 333 purpureo
942 297 1048 333 quidem

263 345 360 371 vestitu
374 350 428 372 toto
439 350 552 379 corpore
567 344 657 379 fulget,
670 344 786 372 animum
797 350 885 372 autem
899 345 1048 372 inornatum

261 391 349 417 habet.
367 391 467 418 Deinde
488 390 530 417 hic
550 398 583 418 ne
597 390 799 418 administrandi
819 390 925 425 quidem
945 389 1047 424 imperii

259 437 398 463 scientiatn
414 436 550 463 habiturus
561 441 613 463 est.

295 483 431 517 Comparat
450 491 505 509 cum
523 491 580 517 rege
599 481 749 509 monac/tum
763 482 788 508 in
804 481 868 508 bello
881 481 999 517 gerendo.
1014 494 1048 500 -—-

259 529 309 562 Qui
321 529 391 556 enim
412 528 462 555 sibi
477 528 525 562 ipsi
546 529 676 563 imperare
695 528 787 560 nescit,
808 528 851 555 hic
869 535 922 562 quo
942 527 1047 556 tandem

262 573 342 600 tttodo
365 573 432 600 alios
453 573 554 608 legibus
573 581 666 607 regere
679 573 796 608 poterit?
812 573 881 606 Quin
903 572 925 599 si
941 572 966 599 id
986 571 1047 599 belli

259 629 354 656 genus,
368 620 436 655 quod
453 625 562 655 uterque
576 621 624 647 sibi
640 619 808 655 peculiariter
819 619 963 654 gerendum
974 626 1047 645 sum-

260 667 449 700 {tsil,SpCCIﬂl‘e
462 666 586 698 volueris,
597 666 715 692 invenies
729 665 799 692 httttc
812 673 872 692 cum
883 665 1047 692 dmmonibus

260 712 466 745 depugnantem,
481 710 657 745 eamdemque
671 715 698 738 et
710 715 890 744 superantem,
903 714 931 737 et
943 710 1046 736 vincen-

260 762 323 788 tem,
338 762 364 783 et
377 764 391 783 a
404 756 509 783 Christo
524 764 650 784 coronam
665 757 813 791 capientem
828 765 833 783 :
850 761 941 791 utpote
955 757 997 791 qui
1013 755 1045 782 ad

260 811 372 837 pugnam
384 803 494 830 accedat
505 803 594 830 divino
605 807 767 830 sustentatus
778 802 887 835 auxilio,
896 802 1046 830 catlestibus

259 850 341 876 armis
359 849 547 881 communitus,
572 854 600 876 ttt
619 856 729 876 necesse
741 848 848 883 quidem
862 848 896 875 sit
909 848 1045 875 victoriam

259 896 293 922 ab
309 896 390 929 ipsius
412 895 531 930 partibtts
543 899 634 928 stare;
655 903 715 922 eum
736 895 841 922 interim
862 902 951 930 regem
971 895 1045 922 illum

258 950 318 968 eum
332 942 450 969 barbaris
464 942 605 969 bellantem
619 949 723 969 cernas.
739 941 843 974 Quanto
859 945 948 968 autem
961 940 1047 968 homi-

261 986 337 1013 nibus
356 987 492 1014 dmntones
507 987 682 1014 terribiliores
705 991 775 1018 sunt,
797 991 870 1013 tanto
884 986 1047 1021 splendidior

259 1033 356 1068 estqui
371 1033 419 1060 hos
433 1037 549 1068 superat,
566 1040 599 1060 co
612 1033 656 1068 qui
676 1033 736 1060 illos
749 1033 839 1060 vincit.
855 1032 931 1066 Quod
945 1032 967 1059 si
980 1032 1046 1059 tttri-

260 1086 342 1113 quue
357 1069 419 1106 belli
439 1086 546 1106 causam
569 1079 722 1114 perdiscere
740 1079 826 1113 cupis,
846 1086 967 1113 magnam
983 1086 1045 1112 pro-

260 1125 291 1151 {Ct
303 1130 328 1151 to
342 1125 548 1159 inaequalitatem
561 1126 689 1160 reperies.
707 1126 778 1152 Alter
797 1126 867 1152 enitn
883 1133 930 1160 pro
948 1125 1046 1160 pietate

260 1177 290 1195 ac
305 1169 349 1196 Dei
363 1170 435 1197 cultu
447 1178 506 1197 ettttt
521 1171 686 1198 dmmonibus
701 1165 796 1198 bellum
811 1171 888 1205 gerit,
901 1171 940 1198 vel
954 1171 1045 1203 urbes,

260 1216 300 1242 vel
316 1223 395 1250 pagos
414 1216 448 1243 ab
469 1224 560 1243 errore
583 1217 686 1251 eripere
709 1216 865 1244 desiderans
883 1217 970 1244 :alter
983 1224 1047 1243 vero

257 1269 318 1288 cuin
331 1261 449 1288 barbaris
462 1262 621 1297 digladialur
639 1271 685 1297 pre
698 1263 763 1290 locis
772 1284 778 1294 ,
794 1255 908 1296 finibus,
919 1263 1047 1298 opibusve

259 1308 351 1342 raptis,
363 1308 436 1335 illum
448 1309 568 1342 avaritia,
578 1310 619 1336 vel
632 1309 721 1344 injusti
732 1310 892 1344 principatus
902 1310 1046 1338 ambitione

255 1354 291 1379 ad
302 1361 413 1388 pugnam
424 1359 583 1388 provocante
592 1363 599 1382 :
609 1355 652 1382 ubi
660 1360 734 1383 certe
743 1355 816 1382 multi
825 1355 960 1383 multoties
970 1364 1046 1390 reges

255 1401 358 1435 majora
373 1409 433 1428 cum
446 1402 646 1436 appetivissent,
663 1402 717 1436 jam
730 1407 803 1436 parta
821 1403 944 1430 amisere.
957 1401 1046 1437 Itaque

256 1453 314 1473 tutu
332 1447 508 1481 principatus,
522 1452 577 1474 tum
592 1448 647 1483 ipsa
662 1449 790 1475 bellorum
803 1456 901 1484 genera
913 1470 921 1482 ,
934 1453 1046 1484 arguunt

251 1501 376 1528 eousque
390 1493 460 1521 inter
470 1502 499 1521 se
507 1494 659 1528 discrepare
669 1499 695 1522 et
708 1503 807 1530 regem,
817 1500 845 1522 et
857 1503 915 1522 eutn
928 1496 972 1530 qui
986 1495 1046 1522 vita:

250 1548 315 1567 stne
336 1541 450 1567 studium
466 1541 514 1568 Dei
528 1541 610 1568 cultui
633 1541 735 1568 addixit
749 1550 756 1572 ;
775 1541 821 1568 sed
838 1547 925 1569 tatnett
937 1542 1045 1569 eosdem

251 1587 318 1613 illos
332 1591 422 1614 exacte
438 1587 529 1621 utique
549 1595 704 1622 pernoscas,
726 1588 748 1614 si
764 1588 796 1614 ad
814 1588 950 1622 utriusque
965 1588 1045 1615 vitam

249 1631 465 1667 quotidianaque
477 1637 551 1667 gesta
562 1632 736 1660 examinanda
751 1633 930 1660 descenderis.
943 1633 1046 1660 Revera

247 1678 328 1710 enim
341 1677 412 1705 hunc
426 1678 545 1705 invenias
557 1686 616 1705 eutn
636 1678 774 1712 prophetis
787 1683 937 1705 versantem
948 1699 955 1710 ,
972 1678 1045 1705 Pauli

246 1724 386 1758 sapientia
409 1724 525 1750 animum
541 1728 716 1751 exornantem
729 1745 737 1757 ,
758 1724 864 1751 assidue
886 1731 901 1751 a
920 1724 990 1751 Mose
1011 1723 1045 1751 ad

246 1770 366 1800 Isaiam,
391 1769 424 1795 ab
444 1769 510 1796 Isaia
532 1769 564 1796 ad
584 1769 729 1801 Joannem,
752 1777 767 1796 a
786 1770 889 1797 Joanne
911 1769 943 1796 ad
965 1770 1044 1796 alium

242 1815 410 1849 quempiam
427 1818 609 1842 transeuntem
625 1823 631 1841 :
648 1820 675 1842 at
687 1822 776 1850 regem
790 1815 896 1842 assidua
909 1816 1044 1842 centurio-

242 1868 316 1887 num
351 1859 559 1894 pra-fcrtorum,
584 1864 611 1887 et
637 1860 826 1895 spieulatorttnt
855 1860 1045 1888 consuetudine

241 1910 387 1933 utentem.
410 1905 494 1932 Porro
513 1906 619 1932 solitutn
641 1913 700 1932 esse
717 1905 848 1938 videmus,
870 1913 930 1932 eutn
949 1905 1044 1940 quibus

238 1951 364 1979 aSsidue
382 1951 441 1985 quis
451 1957 583 1984 versatur,
607 1951 700 1978 horum
719 1959 808 1979 mores
822 1952 921 1983 similes
936 1951 1043 1979 habere.

237 1997 345 2032 Itaque
360 1996 406 2030 qui
417 1997 551 2024 solitarius
567 1997 645 2029 vivit,
666 1998 688 2024 is
701 1997 818 2024 anitnum
837 2005 913 2025 suum
931 1997 963 2024 ad
977 2005 1045 2031 apo-

234 2044 386 2070 stolorum
407 2046 434 2068 et
456 2042 643 2077 prophetarum
664 2050 752 2070 mores
771 2042 938 2070 conformat:
954 2048 981 2070 at
995 2051 1043 2070 rex

232 2090 269 2117 ad
287 2096 394 2116 mores
407 2088 514 2121 ducatu,
535 2089 694 2122 satellitum,
710 2093 872 2116 setttatorum
883 2110 890 2122 ,
907 2089 1043 2116 hominum

232 2137 303 2163 vino
318 2134 515 2167 servientium,
528 2135 708 2168 voluptatibus
729 2135 930 2170 indulgentium,
946 2135 1043 2162 bonam

227 2183 289 2209 diei
314 2183 432 2216 partem
454 2181 479 2206 in
502 2184 564 2214 potu
584 2181 788 2213 conterentium,
810 2180 923 2215 denique
947 2181 1043 2208 nullius

226 2229 269 2255 rei
283 2225 467 2255 necessariae
477 2230 522 2252 aut
533 2226 651 2253 honesta:
663 2226 812 2259 scientiam,
825 2226 886 2253 vino
898 2226 1044 2261 impedien-
1058 2220 1063 2224 ’

224 2278 254 2300 te
266 2294 273 2305 ,
291 2270 477 2300 canentium.
499 2271 554 2298 IIac
574 2279 638 2306 ergo
651 2272 731 2298 etiam
746 2272 848 2299 ratione
869 2272 1041 2300 monasticam

222 2320 317 2346 vitam
336 2315 479 2344 convenit
490 2323 520 2343 ea
532 2316 677 2343 beatiorem
693 2317 791 2350 dicere,
808 2325 866 2353 quae
881 2318 1040 2352 principatu,

219 2372 288 2400 quae
303 2369 420 2398 regno,
438 2369 495 2396 qua:
508 2363 619 2396 sceptris
633 2367 746 2390 constat.

259 2411 290 2438 5.
318 2409 472 2436 Νοσιιινηο
495 2412 605 2443 tempore
627 2413 681 2435 uter
702 2409 807 2436 beatior.
821 2425 858 2430 -—
871 2410 947 2444 Quod
969 2411 990 2439 si
1015 2417 1042 2440 et

215 2455 316 2484 noctis
349 2459 472 2487 tempus
503 2454 655 2481 examinare
675 2455 856 2488 voluerimus,
881 2457 1041 2485 monachum

213 2501 338 2537 quidem
356 2497 524 2526 videbimus
542 2499 588 2526 Dei
606 2499 680 2527 cultu
700 2507 731 2527 ac
752 2501 875 2535 precibus
898 2503 1040 2538 insignem,

212 2546 311 2575 multo
327 2549 406 2573 ante
432 2543 597 2577 gallinaceos
619 2549 738 2580 tempore
759 2552 919 2581 canentem,
941 2550 1041 2584 angelis

209 2590 448 2620 convictoribus
465 2594 597 2624 utentem,
613 2599 673 2618 cum
688 2592 742 2619 Deo
755 2593 950 2628 colloquentem
961 2615 967 2627 ,
984 2603 1040 2623 ete-

209 2639 336 2666 Iestibus
353 2635 450 2664 bonis
473 2635 607 2663 [ruentem
625 2645 632 2663 :
648 2644 708 2664 eum
723 2646 786 2665 vero
808 2638 852 2673 qui
867 2640 956 2667 multis
975 2648 1040 2675 gen-

202 2685 289 2717 tibus,
310 2682 420 2710 tnttltis
437 2681 568 2715 populis.
582 2687 661 2717 atque
676 2684 836 2711 exercitibus
850 2691 960 2718 prmest,
979 2687 1040 2721 qui-

200 2738 260 2764 quc
274 2734 361 2756 terra
376 2734 417 2754 ac
431 2724 514 2752 mari
526 2726 579 2754 late
594 2727 716 2762 imperat,
728 2728 754 2755 in
769 2729 836 2756 lecto
853 2729 995 2758 distctttutn
1009 2739 1040 2759 ac

206 2781 403 2803 stertentem.
424 2771 483 2799 Ille
505 2771 607 2805 quidem
623 2773 688 2800 cibis
703 2774 736 2801 iis
748 2775 838 2807 alitur,
854 2776 896 2810 qui
910 2776 992 2803 altum
1006 2777 1039 2804 ab

207 2830 244 2849 eo
269 2826 417 2848 somnum
448 2815 567 2844 minime
591 2819 700 2854 exigant
716 2828 722 2846 :
737 2819 806 2847 hunc
828 2825 915 2848 autem
939 2821 1039 2849 deliciae

205 2866 391 2902 οοηεοιιῑυῃι
417 2869 451 2892 et
477 2866 577 2897 potus,
599 2864 720 2892 eutttdcm
744 2866 769 2893 in
792 2866 888 2896 lectulo
903 2867 935 2894 ad
952 2868 1036 2902 ipsuut

804 149 1025 177 COMPARATIO
1039 147 1139 177 REGIS
1158 149 1201 177 ET
1221 149 1381 178 MONACHI.

1840 151 1893 179 390

1104 212 1186 240 usque
1197 206 1267 233 diem
1279 205 1410 234 detinens.
1423 206 1481 234 Jam
1492 207 1622 235 monacho
1631 212 1659 235 et
1670 208 1750 235 vestis
1759 213 1787 235 ct
1799 215 1891 235 mensa

1102 251 1249 284 moderata,
1265 256 1290 278 et
1305 253 1473 280 convictores
1488 252 1606 288 ejusdem
1623 254 1728 281 virtutis
1741 254 1830 280 tantuli
1844 262 1850 281 :
1865 259 1893 281 at

1102 304 1191 332 regem
1205 305 1314 325 necesse
1326 304 1368 326 est
1386 303 1413 326 et
1434 299 1530 334 lapillis
1545 303 1571 326 et
1583 307 1648 327 auro
1663 300 1806 334 superbum
1820 307 1889 330 esse,

1102 351 1276 379 mensamque
1287 352 1422 380 apponere
1433 345 1610 380 splendidam,
1624 351 1678 372 tum
1692 346 1890 373 convictoribus

1102 390 1139 416 uti
1151 410 1158 422 ,
1175 389 1197 417 si
1212 391 1320 425 quidem
1336 391 1491 426 imprudens
1504 392 1549 419 ille
1563 392 1659 424 fuerit,
1676 400 1723 419 sua
1746 391 1889 419 stoliditate

1100 435 1202 470 dignis;
1218 437 1260 463 sin
1274 442 1362 464 autem
1377 442 1494 465 mentem
1508 437 1613 469 habeat,
1625 442 1829 473 temperansque
1843 438 1886 469 sit,

1101 482 1191 516 probis
1211 482 1324 510 fortasse
1337 487 1364 510 et
1381 482 1473 517 justis,
1488 483 1534 510 sed
1555 487 1643 510 tamen
1658 484 1755 510 virtute
1777 483 1808 510 iis
1822 490 1890 517 quos

1100 532 1162 554 ante
1175 527 1243 559 dixi,
1260 528 1336 564 longe
1353 529 1522 557 inferioribus
1537 539 1544 556 :
1560 529 1596 557 ita
1609 537 1655 557 rex
1671 533 1700 557 ut
1714 529 1889 564 philosophia:

1099 572 1204 601 deditus
1218 574 1266 607 sit,
1282 580 1370 602 tamen
1392 582 1425 602 ne
1448 575 1577 602 tantillum
1594 575 1700 610 quidem
1718 574 1750 602 ad
1765 574 1888 601 monachi

1100 619 1224 646 virtutem
1243 620 1351 654 propius
1364 620 1492 648 accedere
1506 625 1594 655 queat.
1618 621 1720 648 Etenim
1742 620 1768 647 in
1783 619 1887 647 itineri-

1100 665 1149 691 bus
1164 665 1291 692 faeiendis
1312 665 1424 693 subditis
1438 667 1525 700 gravis
1538 670 1579 693 est
1589 686 1595 696 .
1609 671 1739 700 prteterea
1753 669 1780 693 et
1796 665 1887 692 urbem

1101 710 1234 741 habitans,
1253 715 1279 737 et
1295 718 1359 744 pace
1372 710 1473 743 fruens,
1490 716 1516 738 et
1531 711 1599 738 bello
1613 718 1720 746 operam
1734 711 1816 742 dans,
1831 715 1886 736 tttm

1101 756 1197 782 tributa
1213 757 1331 791 exigens,
1348 761 1402 783 tum
1416 757 1548 784 exercitus
1563 757 1705 792 colligens,
1724 761 1778 783 lum
1799 756 1886 790 capti-

1099 809 1146 828 vos
1167 810 1267 836 agens,
1288 807 1313 830 et
1329 802 1392 830 dttm
1408 803 1508 836 victor,
1533 808 1559 830 et
1572 802 1733 838 dttm.victns
1746 807 1787 829 est
1803 811 1809 828 :
1826 809 1886 828 nam

1099 847 1161 874 dum
1173 848 1260 875 victus
1272 853 1323 879 est,
1338 849 1459 876 sttbditos
1472 849 1585 884 propriis
1599 849 1676 875 tnalis
1689 848 1791 883 replet:
1804 848 1888 874 victor

1099 898 1186 920 atttetn
1199 894 1374 922 intolerabilis
1384 899 1434 928 cst,
1448 895 1554 930 tropteis
1565 903 1594 922 se
1604 902 1702 922 ornans
1712 898 1790 929 atque
1803 894 1886 920 altttm

1098 940 1221 974 sapictts,
1239 945 1292 967 luttt
1309 941 1438 968 tnilitibus
1457 941 1579 975 prmbens
1600 941 1734 968 licentiam
1756 939 1886 975 rapiendi,

1098 986 1269 1021 drprattlattdi
1281 1007 1288 1019 ,
1303 987 1418 1014 v'atores
1443 986 1537 1021 injuria
1552 986 1683 1014 afficiendi
1695 1007 1702 1019 ,
1719 986 1799 1013 urbes
1814 985 1886 1012 obsi-

1098 1033 1178 1060 dione
1191 1033 1324 1067 ciugeudi,
1340 1041 1485 1068 pauperum
1499 1032 1593 1060 domos
1606 1032 1794 1067 depopulandi,
1809 1031 1842 1058 ab
1856 1031 1888 1057 iis

1098 1087 1112 1106 a
1133 1079 1228 1113 quibus
1250 1079 1353 1113 excepti
1376 1079 1473 1106 fuerint
1488 1086 1519 1105 ea
1542 1078 1660 1113 quotidie
1683 1077 1805 1111 exigendi
1829 1084 1888 1111 qua:

1099 1125 1170 1152 nulla
1187 1125 1228 1152 lex
1243 1125 1381 1159 permittit,
1397 1125 1475 1159 idque
1489 1132 1535 1159 per
1549 1131 1655 1151 causatn
1671 1124 1764 1158 prisc:e
1777 1123 1888 1157 alicujus

1097 1170 1298 1197 consuetudinis
1310 1170 1405 1204 iniqua:
1415 1175 1441 1197 et
1453 1170 1555 1205 injustae
1566 1177 1573 1196 :
1584 1177 1644 1196 eum
1659 1169 1764 1196 interittt
1777 1168 1886 1196 divitem

1099 1224 1147 1251 per
1162 1208 1320 1251 huiusmodi.
1329 1217 1396 1244 mala
1419 1225 1464 1243 rex
1480 1216 1590 1243 minime
1604 1215 1692 1249 Ia'dit,
1707 1215 1753 1242 sed
1766 1215 1800 1242 de
1820 1222 1886 1249 pau-

1099 1268 1202 1298 pertate
1215 1268 1317 1290 tatttum
1334 1263 1402 1290 male
1415 1267 1541 1296 meretur,
1557 1262 1665 1297 perinde
1678 1262 1754 1297 quasi
1766 1270 1828 1289 vere
1842 1262 1886 1289 ille

1098 1308 1194 1336 divites
1206 1314 1339 1336 vereatur.
1353 1310 1386 1336 At
1396 1316 1459 1336 vero
1471 1316 1522 1336 non
1536 1309 1573 1335 sic
1586 1308 1741 1341 monachus,
1754 1308 1797 1342 qui
1808 1307 1886 1334 simul

1099 1359 1128 1382 ut
1142 1360 1301 1390 eonspecttts
1317 1355 1407 1386 fuerit,
1421 1355 1509 1381 statim
1524 1359 1575 1381 tam
1588 1354 1714 1381 divitibus
1726 1361 1806 1388 quain
1822 1361 1887 1388 pau-

1098 1401 1206 1435 peribus
1221 1401 1320 1428 donum
1334 1401 1440 1435 aliquod
1453 1401 1577 1433 afferens,
1596 1401 1715 1435 utrisque
1729 1408 1805 1435 aeque
1827 1407 1887 1426 mtt-

1098 1446 1206 1473 niﬁcum
1229 1453 1257 1473 se
1277 1451 1396 1481 prarstat,
1420 1454 1473 1472 lIth
1495 1450 1596 1473 tantum
1618 1447 1716 1473 antietu
1741 1450 1796 1472 toto
1817 1453 1888 1472 anno

1097 1497 1186 1525 utens,
1203 1496 1257 1519 tum
1271 1499 1365 1527 aquam
1383 1492 1506 1519 libentius
1521 1492 1623 1528 bibens,
1637 1499 1714 1526 quam
1728 1499 1886 1527 generosum

1097 1538 1188 1565 vinum
1208 1537 1272 1570 alii;
1298 1544 1347 1572 pro
1367 1545 1396 1564 se
1415 1537 1521 1572 quidem
1544 1537 1643 1564 nullam
1666 1545 1751 1572 tteque
1766 1545 1886 1573 parvam,

1099 1590 1185 1618 neque
1198 1590 1320 1618 magnam
1334 1591 1349 1610 a
1360 1583 1485 1610 divitibus
1497 1584 1607 1618 gratiam
1624 1583 1772 1618 postulans,
1789 1591 1835 1618 pro
1848 1584 1887 1610 itt-

1098 1629 1250 1664 digentibus
1261 1634 1350 1656 autem
1366 1634 1420 1656 tum
1436 1630 1542 1663 multas,
1558 1634 1612 1657 tum
1626 1631 1776 1662 continuas,
1789 1637 1886 1664 easque

1098 1675 1219 1709 utrisque
1230 1675 1421 1708 conducentes,
1434 1675 1485 1702 hoc
1497 1680 1546 1708 est,
1560 1680 1612 1702 tam
1627 1676 1658 1702 iis
1670 1676 1713 1710 qui
1728 1676 1884 1710 largiuntur,

1098 1728 1176 1755 quam
1192 1720 1225 1748 iis
1239 1721 1282 1755 qtti
1297 1721 1433 1755 accepturi
1445 1725 1515 1748 sunt.
1533 1720 1577 1748 Sic
1592 1721 1630 1753 fit,
1648 1727 1676 1748 ut
1688 1729 1827 1752 contunem
1843 1721 1887 1748 ille

1098 1771 1158 1801 agat
1171 1766 1303 1793 medicum
1317 1766 1428 1794 divitum
1441 1766 1515 1801 juxta
1529 1771 1555 1793 et
1569 1767 1688 1801 inopum,
1701 1767 1759 1793 illos
1770 1766 1886 1800 peccatis

1098 1811 1213 1839 liberans
1228 1820 1276 1847 per
1290 1812 1386 1839 bonam
1412 1812 1632 1843 admonitionem,
1651 1812 1698 1838 hos
1710 1811 1744 1838 ab
1763 1811 1884 1846 indigen-

1098 1859 1133 1885 tia
1148 1859 1279 1886 eximens.
1294 1859 1328 1885 At
1346 1866 1392 1885 rex
1417 1858 1513 1885 tribttta
1528 1858 1694 1884 dunt'miuus
1714 1857 1803 1892 gravia
1825 1864 1886 1884 esse

1095 1908 1181 1943 jubet,
1202 1907 1328 1934 divitibus
1350 1907 1444 1942 magis,
1469 1914 1548 1941 quam
1571 1905 1729 1940 pauperibus
1754 1905 1811 1931 usui
1833 1910 1883 1932 est.

1098 1953 1169 1980 Idettt
1185 1953 1247 1980 dum
1261 1957 1354 1980 contra
1369 1952 1446 1984 facit,
1465 1959 1606 1987 paucarum
1626 1951 1777 1978 facultatum
1797 1950 1885 1977 donti-

1097 2007 1145 2026 nos
1167 1999 1239 2025 Iredit
1261 2007 1266 2024 :
1288 2006 1348 2025 natn
1371 1998 1444 2025 diviti
1466 2002 1571 2024 tenuem
1591 1996 1733 2024 admodum
1754 1996 1884 2030 jacturaut

1097 2044 1214 2071 attulerit
1235 2043 1392 2070 tributorum
1414 2043 1545 2070 acerbitas
1560 2051 1566 2070 :
1585 2047 1612 2069 at
1628 2042 1722 2070 eadem
1738 2050 1885 2077 pauperum

1096 2090 1190 2117 domos
1212 2093 1346 2124 tamquam
1371 2094 1474 2116 torrens
1496 2089 1638 2122 distrahit,
1660 2088 1722 2116 fletu
1747 2089 1884 2123 complens

1097 2144 1187 2171 pagos,
1202 2143 1261 2162 cum
1275 2136 1380 2162 interitu
1400 2143 1485 2170 tteqtte
1496 2141 1620 2162 senectus
1633 2135 1664 2162 iis
1676 2135 1834 2162 miserabilis
1844 2141 1886 2163 est

1097 2183 1141 2217 qui
1161 2182 1256 2209 tributa
1268 2183 1388 2216 exigunt,
1408 2189 1494 2217 neque
1507 2182 1647 2209 mulierum
1659 2182 1784 2215 viduitas,
1799 2189 1884 2216 neque

1097 2228 1241 2255 liberorum
1261 2228 1380 2260 orbitas;
1400 2228 1520 2263 quiuimo
1542 2233 1665 2262 proterve
1684 2228 1779 2262 agendi
1802 2228 1882 2255 tinent

1096 2273 1199 2300 nullum
1215 2273 1251 2300 illi
1269 2273 1378 2305 faciunt,
1399 2281 1557 2300 communes
1572 2273 1678 2307 quidam
1693 2273 1809 2308 regionis
1831 2273 1882 2300 ho-

1097 2325 1167 2352 stes,
1189 2327 1248 2354 qua:
1271 2320 1349 2347 tellus
1371 2327 1536 2354 nequaquam
1561 2319 1631 2351 tulit,
1655 2326 1685 2345 ea
1707 2319 1740 2346 ab
1760 2319 1884 2353 agricolis

1094 2366 1242 2400 exigentes.

1131 2411 1158 2438 4.
1173 2409 1341 2445 Beneﬁcentia
1356 2410 1472 2437 monac/ti
1486 2410 1567 2444 major
1582 2410 1660 2444 regia.
1670 2410 1769 2444 -Λςο
1782 2418 1846 2437 vero
1857 2415 1884 2437 et

1095 2457 1161 2485 illud
1183 2457 1292 2491 insuper
1304 2456 1496 2488 examinemus,
1517 2463 1629 2490 qttanatn
1645 2456 1670 2482 in
1692 2460 1768 2490 parte
1788 2464 1881 2483 mona-

1095 2502 1172 2535 chus,
1193 2510 1243 2537 qua
1258 2506 1350 2529 contra
1363 2502 1389 2528 in
1403 2506 1477 2536 parte
1493 2509 1538 2528 rex
1555 2500 1667 2527 subditis
1682 2501 1817 2528 beneficus
1837 2502 1881 2528 sit.

1095 2547 1176 2582 Igitur
1190 2547 1234 2574 Itie
1248 2547 1354 2582 quidem
1375 2555 1470 2573 aurum
1490 2546 1609 2581 largitur,
1632 2547 1675 2574 ille
1689 2555 1752 2573 vero
1773 2547 1881 2581 spiritus

1095 2593 1206 2628 gratiam
1221 2603 1227 2619 :
1244 2596 1372 2626 prmlcrea
1386 2592 1454 2619 idem
1467 2592 1510 2619 ltic
1525 2592 1587 2619 durn
1606 2592 1692 2620 bonus
1711 2596 1751 2619 est
1767 2599 1880 2627 pauper-

1095 2643 1175 2666 tatem
1186 2638 1274 2669 solvit,
1288 2638 1330 2664 ille
1350 2641 1437 2664 autem
1459 2638 1562 2665 animas
1581 2638 1730 2665 daemonum
1743 2638 1879 2673 tyrannide

1094 2691 1235 2719 oppressas
1255 2683 1379 2718 precibus
1401 2684 1559 2711 Iiberat:ac
1576 2684 1599 2710 si
1619 2685 1678 2719 quis
1698 2684 1765 2710 forte
1787 2683 1878 2718 hujus-

1093 2731 1166 2759 modi
1186 2731 1335 2758 calamitate
1357 2729 1508 2762 afﬂictetur,
1532 2731 1554 2756 is
1571 2737 1659 2764 regem
1681 2736 1812 2764 tamquam
1837 2730 1878 2757 in-

1092 2777 1181 2804 anime
1195 2775 1328 2811 quidpiam
1341 2775 1466 2809 praeterit,
1481 2775 1512 2801 ad
1531 2774 1718 2802 monachorum
1731 2782 1793 2802 vero
1804 2774 1878 2801 habi-

1093 2810 1210 2850 taculum
1224 2820 1351 2855 confugit,
1369 2810 1443 2854 quasi
1457 2820 1500 2854 qui
1516 2819 1650 2853 conspecti
1665 2819 1718 2853 lupi
1735 2819 1829 2846 timore
1845 2818 1876 2844 ad

1093 2872 1244 2898 venatorem
1257 2865 1374 2902 gladium
1393 2872 1471 2892 manu
1489 2869 1635 2900 gestantem
1654 2865 1712 2900 fuga
1730 2863 1874 2892 contendit.
