  <div class='ocr_page' id='page_1' title='image "/cluster/home/n/w/nwhite01/storage/ocr_20150623/47-48/njp.32101077772612/351.png"; bbox 0 0 2064 3115; ppageno 0'>
   <div class='ocr_carea' id='block_1_1' title="bbox 151 118 1791 153">
    <p class='ocr_par' dir='ltr' id='par_1_1' title="bbox 151 118 1791 153">
     <span class='ocr_line' id='line_1_1' title="bbox 151 118 1791 153; baseline 0.002 -4"><span class='ocrx_word' id='word_1_1' title='bbox 151 124 201 151; x_wconf 67' lang='lat' dir='ltr'><strong>filii</strong></span> <span class='ocrx_word' id='word_1_2' title='bbox 502 121 531 150; x_wconf 90' lang='lat' dir='ltr'><strong>S.</strong></span> <span class='ocrx_word' id='word_1_3' title='bbox 552 121 691 150; x_wconf 69' lang='lat' dir='ltr'><strong>JOANNIS</strong></span> <span class='ocrx_word' id='word_1_4' title='bbox 710 118 947 149; x_wconf 68' lang='lat' dir='ltr'><strong>CllRYSOSTOMl</strong></span> <span class='ocrx_word' id='word_1_5' title='bbox 965 119 1124 148; x_wconf 65' lang='lat' dir='ltr'><strong>ARllllll-IP.</strong></span> <span class='ocrx_word' id='word_1_6' title='bbox 1147 122 1415 150; x_wconf 60' lang='lat' dir='ltr'><strong>CONSTANTINOP.</strong></span> <span class='ocrx_word' id='word_1_7' title='bbox 1741 126 1791 153; x_wconf 58' lang='grc' dir='ltr'>δῦθι</span> 
     </span>
    </p>
   </div>
   <div class='ocr_carea' id='block_1_2' title="bbox 155 179 943 216">
    <p class='ocr_par' dir='ltr' id='par_1_2' title="bbox 155 179 943 216">
     <span class='ocr_line' id='line_1_2' title="bbox 155 179 943 216; baseline -0.009 -5"><span class='ocrx_word' id='word_1_8' title='bbox 155 182 260 211; x_wconf 67' lang='lat' dir='ltr'><strong>litenini</strong></span> <span class='ocrx_word' id='word_1_9' title='bbox 274 181 343 216; x_wconf 73' lang='lat' dir='ltr'><strong>quod</strong></span> <span class='ocrx_word' id='word_1_10' title='bbox 356 180 472 207; x_wconf 82' lang='lat' dir='ltr'><strong>venaturi</strong></span> <span class='ocrx_word' id='word_1_11' title='bbox 489 179 641 214; x_wconf 79' lang='lat' dir='ltr'><strong>gladius,~id</strong></span> <span class='ocrx_word' id='word_1_12' title='bbox 662 186 755 214; x_wconf 80' lang='lat' dir='ltr'><strong>preces</strong></span> <span class='ocrx_word' id='word_1_13' title='bbox 771 183 832 206; x_wconf 88' lang='lat' dir='ltr'><strong>sunt</strong></span> <span class='ocrx_word' id='word_1_14' title='bbox 849 185 943 205; x_wconf 89' lang='lat' dir='ltr'><strong>mona-</strong></span> 
     </span>
    </p>
   </div>
   <div class='ocr_carea' id='block_1_3' title="bbox 154 224 945 263">
    <p class='ocr_par' dir='ltr' id='par_1_3' title="bbox 154 224 945 263">
     <span class='ocr_line' id='line_1_3' title="bbox 154 224 945 263; baseline -0.006 -9"><span class='ocrx_word' id='word_1_15' title='bbox 154 229 225 256; x_wconf 79' lang='lat' dir='ltr'><strong>cho:</strong></span> <span class='ocrx_word' id='word_1_16' title='bbox 239 235 324 263; x_wconf 89' lang='lat' dir='ltr'><strong>neque</strong></span> <span class='ocrx_word' id='word_1_17' title='bbox 338 234 401 253; x_wconf 89' lang='lat' dir='ltr'><strong>sane</strong></span> <span class='ocrx_word' id='word_1_18' title='bbox 412 227 449 253; x_wconf 87' lang='lat' dir='ltr'><strong>sic</strong></span> <span class='ocrx_word' id='word_1_19' title='bbox 462 227 537 261; x_wconf 86' lang='lat' dir='ltr'><strong>lupos</strong></span> <span class='ocrx_word' id='word_1_20' title='bbox 547 226 660 260; x_wconf 79' lang='lat' dir='ltr'><strong>gladius,</strong></span> <span class='ocrx_word' id='word_1_21' title='bbox 674 230 701 251; x_wconf 86' lang='grc' dir='ltr'><strong>ιιι</strong></span> <span class='ocrx_word' id='word_1_22' title='bbox 712 224 849 252; x_wconf 69' lang='lat' dir='ltr'><strong>(licinonas</strong></span> <span class='ocrx_word' id='word_1_23' title='bbox 857 226 945 259; x_wconf 83' lang='lat' dir='ltr'><strong>justo—</strong></span> 
     </span>
    </p>
   </div>
   <div class='ocr_carea' id='block_1_4' title="bbox 156 270 946 309">
    <p class='ocr_par' dir='ltr' id='par_1_4' title="bbox 156 270 946 309">
     <span class='ocr_line' id='line_1_4' title="bbox 156 270 946 309; baseline -0.005 -8"><span class='ocrx_word' id='word_1_24' title='bbox 156 283 215 302; x_wconf 86' lang='lat' dir='ltr'><strong>rtlm</strong></span> <span class='ocrx_word' id='word_1_25' title='bbox 229 281 322 309; x_wconf 87' lang='lat' dir='ltr'><strong>preces</strong></span> <span class='ocrx_word' id='word_1_26' title='bbox 337 278 445 300; x_wconf 79' lang='lat' dir='ltr'><strong>terrent.</strong></span> <span class='ocrx_word' id='word_1_27' title='bbox 460 273 549 306; x_wconf 83' lang='lat' dir='ltr'><strong>Itaque</strong></span> <span class='ocrx_word' id='word_1_28' title='bbox 562 281 613 298; x_wconf 80' lang='lat' dir='ltr'><strong>non</strong></span> <span class='ocrx_word' id='word_1_29' title='bbox 629 279 677 298; x_wconf 85' lang='lat' dir='ltr'><strong>nos</strong></span> <span class='ocrx_word' id='word_1_30' title='bbox 694 271 776 298; x_wconf 87' lang='lat' dir='ltr'><strong>modo</strong></span> <span class='ocrx_word' id='word_1_31' title='bbox 790 270 823 298; x_wconf 88' lang='lat' dir='ltr'><strong>ad</strong></span> <span class='ocrx_word' id='word_1_32' title='bbox 839 275 946 298; x_wconf 89' lang='lat' dir='ltr'><strong>sanctos</strong></span> 
     </span>
    </p>
   </div>
   <div class='ocr_carea' id='block_1_5' title="bbox 157 317 945 354">
    <p class='ocr_par' dir='ltr' id='par_1_5' title="bbox 157 317 945 354">
     <span class='ocr_line' id='line_1_5' title="bbox 157 317 945 354; baseline -0.003 -8"><span class='ocrx_word' id='word_1_33' title='bbox 157 320 312 354; x_wconf 77' lang='lat' dir='ltr'><strong>monachos,</strong></span> <span class='ocrx_word' id='word_1_34' title='bbox 335 319 397 347; x_wconf 92' lang='lat' dir='ltr'><strong>dum</strong></span> <span class='ocrx_word' id='word_1_35' title='bbox 417 319 456 346; x_wconf 92' lang='lat' dir='ltr'><strong>rei</strong></span> <span class='ocrx_word' id='word_1_36' title='bbox 472 326 534 345; x_wconf 88' lang='lat' dir='ltr'><strong>usus</strong></span> <span class='ocrx_word' id='word_1_37' title='bbox 555 318 680 353; x_wconf 71' lang='lat' dir='ltr'><strong>postulat,</strong></span> <span class='ocrx_word' id='word_1_38' title='bbox 702 317 879 352; x_wconf 78' lang='lat' dir='ltr'><strong>confugimus,</strong></span> <span class='ocrx_word' id='word_1_39' title='bbox 900 317 945 344; x_wconf 87' lang='lat' dir='ltr'><strong>sed</strong></span> 
     </span>
    </p>
   </div>
   <div class='ocr_carea' id='block_1_6' title="bbox 160 363 945 401">
    <p class='ocr_par' dir='ltr' id='par_1_6' title="bbox 160 363 945 401">
     <span class='ocr_line' id='line_1_6' title="bbox 160 363 945 401; baseline -0.005 -8"><span class='ocrx_word' id='word_1_40' title='bbox 160 366 344 401; x_wconf 71' lang='lat' dir='ltr'><strong>vclregesipsi</strong></span> <span class='ocrx_word' id='word_1_41' title='bbox 364 365 397 392; x_wconf 85' lang='lat' dir='ltr'><strong>ad</strong></span> <span class='ocrx_word' id='word_1_42' title='bbox 417 364 524 391; x_wconf 84' lang='lat' dir='ltr'><strong>eosdem</strong></span> <span class='ocrx_word' id='word_1_43' title='bbox 538 364 562 390; x_wconf 88' lang='lat' dir='ltr'><strong>iii</strong></span> <span class='ocrx_word' id='word_1_44' title='bbox 577 364 741 398; x_wconf 89' lang='lat' dir='ltr'><strong>temporibus</strong></span> <span class='ocrx_word' id='word_1_45' title='bbox 761 363 945 396; x_wconf 85' lang='lat' dir='ltr'><strong>formidandis,</strong></span> 
     </span>
    </p>
   </div>
   <div class='ocr_carea' id='block_1_7' title="bbox 159 409 947 445">
    <p class='ocr_par' dir='ltr' id='par_1_7' title="bbox 159 409 947 445">
     <span class='ocr_line' id='line_1_7' title="bbox 159 409 947 445; baseline -0.004 -6"><span class='ocrx_word' id='word_1_46' title='bbox 159 412 226 439; x_wconf 87' lang='lat' dir='ltr'><strong>haud</strong></span> <span class='ocrx_word' id='word_1_47' title='bbox 243 412 321 439; x_wconf 72' lang='lat' dir='ltr'><strong>aliter</strong></span> <span class='ocrx_word' id='word_1_48' title='bbox 336 418 412 445; x_wconf 88' lang='lat' dir='ltr'><strong>quam</strong></span> <span class='ocrx_word' id='word_1_49' title='bbox 432 410 508 437; x_wconf 89' lang='lat' dir='ltr'><strong>fainis</strong></span> <span class='ocrx_word' id='word_1_50' title='bbox 523 416 643 444; x_wconf 88' lang='lat' dir='ltr'><strong>tempore</strong></span> <span class='ocrx_word' id='word_1_51' title='bbox 659 409 842 438; x_wconf 86' lang='lat' dir='ltr'><strong>mendicantes</strong></span> <span class='ocrx_word' id='word_1_52' title='bbox 857 409 889 436; x_wconf 88' lang='lat' dir='ltr'><strong>ad</strong></span> <span class='ocrx_word' id='word_1_53' title='bbox 904 409 947 436; x_wconf 88' lang='lat' dir='ltr'><strong>di-</strong></span> 
     </span>
    </p>
   </div>
   <div class='ocr_carea' id='block_1_8' title="bbox 159 455 947 492">
    <p class='ocr_par' dir='ltr' id='par_1_8' title="bbox 159 455 947 492">
     <span class='ocr_line' id='line_1_8' title="bbox 159 455 947 492; baseline -0.003 -8"><span class='ocrx_word' id='word_1_54' title='bbox 159 464 239 484; x_wconf 76' lang='lat' dir='ltr'><strong>\tlllm</strong></span> <span class='ocrx_word' id='word_1_55' title='bbox 261 457 356 484; x_wconf 88' lang='lat' dir='ltr'><strong>domos</strong></span> <span class='ocrx_word' id='word_1_56' title='bbox 378 457 542 492; x_wconf 83' lang='lat' dir='ltr'><strong>confugiunt.</strong></span> <span class='ocrx_word' id='word_1_57' title='bbox 566 456 659 484; x_wconf 81' lang='lat' dir='ltr'><strong>Nonne</strong></span> <span class='ocrx_word' id='word_1_58' title='bbox 681 456 772 484; x_wconf 77' lang='lat' dir='ltr'><strong>Achab</strong></span> <span class='ocrx_word' id='word_1_59' title='bbox 793 455 947 483; x_wconf 74' lang='lat' dir='ltr'><strong>Judtcorum</strong></span> 
     </span>
    </p>
   </div>
   <div class='ocr_carea' id='block_1_9' title="bbox 157 502 948 537">
    <p class='ocr_par' dir='ltr' id='par_1_9' title="bbox 157 502 948 537">
     <span class='ocr_line' id='line_1_9' title="bbox 157 502 948 537; baseline 0 -8"><span class='ocrx_word' id='word_1_60' title='bbox 157 511 204 530; x_wconf 86' lang='lat' dir='ltr'><strong>rex</strong></span> <span class='ocrx_word' id='word_1_61' title='bbox 218 512 263 537; x_wconf 87' lang='lat' dir='ltr'><strong>per</strong></span> <span class='ocrx_word' id='word_1_62' title='bbox 275 503 371 530; x_wconf 88' lang='lat' dir='ltr'><strong>famem</strong></span> <span class='ocrx_word' id='word_1_63' title='bbox 384 508 410 530; x_wconf 93' lang='lat' dir='ltr'><strong>et</strong></span> <span class='ocrx_word' id='word_1_64' title='bbox 421 510 532 530; x_wconf 64' lang='lat' dir='ltr'><strong>annona:</strong></span> <span class='ocrx_word' id='word_1_65' title='bbox 544 503 682 530; x_wconf 82' lang='lat' dir='ltr'><strong>caritatem</strong></span> <span class='ocrx_word' id='word_1_66' title='bbox 695 503 720 529; x_wconf 92' lang='lat' dir='ltr'><strong>iii</strong></span> <span class='ocrx_word' id='word_1_67' title='bbox 734 503 815 530; x_wconf 73' lang='lat' dir='ltr'><strong>llclire</strong></span> <span class='ocrx_word' id='word_1_68' title='bbox 827 502 948 537; x_wconf 78' lang='lat' dir='ltr'><strong>precibus</strong></span> 
     </span>
    </p>
   </div>
   <div class='ocr_carea' id='block_1_10' title="bbox 160 549 948 584">
    <p class='ocr_par' dir='ltr' id='par_1_10' title="bbox 160 549 948 584">
     <span class='ocr_line' id='line_1_10' title="bbox 160 549 948 584; baseline -0.001 -8"><span class='ocrx_word' id='word_1_69' title='bbox 160 558 234 584; x_wconf 83' lang='lat' dir='ltr'><strong>spem</strong></span> <span class='ocrx_word' id='word_1_70' title='bbox 250 550 336 584; x_wconf 90' lang='lat' dir='ltr'><strong>posuit</strong></span> <span class='ocrx_word' id='word_1_71' title='bbox 356 550 452 577; x_wconf 87' lang='lat' dir='ltr'><strong>suam?</strong></span> <span class='ocrx_word' id='word_1_72' title='bbox 473 557 561 578; x_wconf 90' lang='lat' dir='ltr'><strong>nonne</strong></span> <span class='ocrx_word' id='word_1_73' title='bbox 572 549 703 577; x_wconf 81' lang='lat' dir='ltr'><strong>Ezechias</strong></span> <span class='ocrx_word' id='word_1_74' title='bbox 717 550 726 565; x_wconf 85' lang='grc'>¹</span> <span class='ocrx_word' id='word_1_75' title='bbox 737 550 774 584; x_wconf 69' lang='grc' dir='ltr'>(ι.</span> <span class='ocrx_word' id='word_1_76' title='bbox 787 549 851 584; x_wconf 84' lang='lat' dir='ltr'><strong>Reg.</strong></span> <span class='ocrx_word' id='word_1_77' title='bbox 862 549 908 576; x_wconf 75' lang='lat'><strong>20.</strong></span> <span class='ocrx_word' id='word_1_78' title='bbox 922 549 948 583; x_wconf 86' lang='grc'><strong>1)</strong></span> 
     </span>
    </p>
   </div>
   <div class='ocr_carea' id='block_1_11' title="bbox 161 595 949 631">
    <p class='ocr_par' dir='ltr' id='par_1_11' title="bbox 161 595 949 631">
     <span class='ocr_line' id='line_1_11' title="bbox 161 595 949 631; baseline 0 -10"><span class='ocrx_word' id='word_1_79' title='bbox 161 595 222 623; x_wconf 85' lang='lat' dir='ltr'><strong>illud</strong></span> <span class='ocrx_word' id='word_1_80' title='bbox 238 596 307 623; x_wconf 84' lang='lat' dir='ltr'><strong>idem</strong></span> <span class='ocrx_word' id='word_1_81' title='bbox 322 596 474 631; x_wconf 79' lang='lat' dir='ltr'><strong>imperium,</strong></span> <span class='ocrx_word' id='word_1_82' title='bbox 490 596 562 623; x_wconf 88' lang='lat' dir='ltr'><strong>illum</strong></span> <span class='ocrx_word' id='word_1_83' title='bbox 577 595 699 622; x_wconf 84' lang='lat' dir='ltr'><strong>eumdem</strong></span> <span class='ocrx_word' id='word_1_84' title='bbox 713 596 890 630; x_wconf 90' lang='lat' dir='ltr'><strong>principatum</strong></span> <span class='ocrx_word' id='word_1_85' title='bbox 902 595 949 622; x_wconf 88' lang='lat' dir='ltr'><strong>ob-</strong></span> 
     </span>
    </p>
   </div>
   <div class='ocr_carea' id='block_1_12' title="bbox 159 640 948 677">
    <p class='ocr_par' dir='ltr' id='par_1_12' title="bbox 159 640 948 677">
     <span class='ocr_line' id='line_1_12' title="bbox 159 640 948 677; baseline -0.001 -9"><span class='ocrx_word' id='word_1_86' title='bbox 159 642 255 674; x_wconf 77' lang='lat' dir='ltr'><strong>tinens,</strong></span> <span class='ocrx_word' id='word_1_87' title='bbox 275 650 360 677; x_wconf 64' lang='lat' dir='ltr'><strong>inger,</strong></span> <span class='ocrx_word' id='word_1_88' title='bbox 382 649 413 668; x_wconf 87' lang='lat' dir='ltr'><strong>ac</strong></span> <span class='ocrx_word' id='word_1_89' title='bbox 430 641 538 676; x_wconf 83' lang='lat' dir='ltr'><strong>janijain</strong></span> <span class='ocrx_word' id='word_1_90' title='bbox 560 642 716 674; x_wconf 86' lang='lat' dir='ltr'><strong>moriturus,</strong></span> <span class='ocrx_word' id='word_1_91' title='bbox 738 641 880 667; x_wconf 83' lang='lat' dir='ltr'><strong>instantem</strong></span> <span class='ocrx_word' id='word_1_92' title='bbox 901 640 948 667; x_wconf 64' lang='lat' dir='ltr'><strong>sibi</strong></span> 
     </span>
    </p>
   </div>
   <div class='ocr_carea' id='block_1_13' title="bbox 162 687 950 723">
    <p class='ocr_par' dir='ltr' id='par_1_13' title="bbox 162 687 950 723">
     <span class='ocr_line' id='line_1_13' title="bbox 162 687 950 723; baseline -0.001 -10"><span class='ocrx_word' id='word_1_93' title='bbox 162 693 274 715; x_wconf 84' lang='lat' dir='ltr'><strong>mortem</strong></span> <span class='ocrx_word' id='word_1_94' title='bbox 294 696 354 715; x_wconf 88' lang='lat' dir='ltr'><strong>cum</strong></span> <span class='ocrx_word' id='word_1_95' title='bbox 376 688 488 719; x_wconf 89' lang='lat' dir='ltr'><strong>videret,</strong></span> <span class='ocrx_word' id='word_1_96' title='bbox 509 687 542 714; x_wconf 90' lang='lat' dir='ltr'><strong>ad</strong></span> <span class='ocrx_word' id='word_1_97' title='bbox 564 687 720 723; x_wconf 82' lang='lat' dir='ltr'><strong>prophetam</strong></span> <span class='ocrx_word' id='word_1_98' title='bbox 741 687 869 722; x_wconf 84' lang='lat' dir='ltr'><strong>confugit,</strong></span> <span class='ocrx_word' id='word_1_99' title='bbox 891 691 950 713; x_wconf 89' lang='lat' dir='ltr'><strong>tan-</strong></span> 
     </span>
    </p>
   </div>
   <div class='ocr_carea' id='block_1_14' title="bbox 162 732 950 768">
    <p class='ocr_par' dir='ltr' id='par_1_14' title="bbox 162 732 950 768">
     <span class='ocr_line' id='line_1_14' title="bbox 162 732 950 768; baseline -0.001 -9"><span class='ocrx_word' id='word_1_100' title='bbox 162 742 239 767; x_wconf 86' lang='lat' dir='ltr'><strong>quam</strong></span> <span class='ocrx_word' id='word_1_101' title='bbox 253 739 338 761; x_wconf 89' lang='lat' dir='ltr'><strong>morte</strong></span> <span class='ocrx_word' id='word_1_102' title='bbox 353 734 539 768; x_wconf 85' lang='lat' dir='ltr'><strong>potentiorem,</strong></span> <span class='ocrx_word' id='word_1_103' title='bbox 556 741 587 760; x_wconf 74' lang='lat' dir='ltr'><strong>ac</strong></span> <span class='ocrx_word' id='word_1_104' title='bbox 600 733 660 760; x_wconf 77' lang='lat' dir='ltr'><strong>vita:</strong></span> <span class='ocrx_word' id='word_1_105' title='bbox 679 732 853 768; x_wconf 75' lang='lat' dir='ltr'><strong>largitorem?</strong></span> <span class='ocrx_word' id='word_1_106' title='bbox 871 732 950 767; x_wconf 83' lang='lat' dir='ltr'><strong>Atqui</strong></span> 
     </span>
    </p>
   </div>
   <div class='ocr_carea' id='block_1_15' title="bbox 162 778 950 815">
    <p class='ocr_par' dir='ltr' id='par_1_15' title="bbox 162 778 950 815">
     <span class='ocr_line' id='line_1_15' title="bbox 162 778 950 815; baseline -0.003 -9"><span class='ocrx_word' id='word_1_107' title='bbox 162 780 230 807; x_wconf 73' lang='lat' dir='ltr'><strong>bello</strong></span> <span class='ocrx_word' id='word_1_108' title='bbox 241 786 399 815; x_wconf 86' lang='lat' dir='ltr'><strong>erumpente</strong></span> <span class='ocrx_word' id='word_1_109' title='bbox 413 780 607 815; x_wconf 65' lang='lat' dir='ltr'><strong>Paltcstinaquc</strong></span> <span class='ocrx_word' id='word_1_110' title='bbox 618 779 643 806; x_wconf 93' lang='lat' dir='ltr'><strong>iu</strong></span> <span class='ocrx_word' id='word_1_111' title='bbox 665 784 765 806; x_wconf 88' lang='lat' dir='ltr'><strong>tantum</strong></span> <span class='ocrx_word' id='word_1_112' title='bbox 777 778 889 805; x_wconf 89' lang='lat' dir='ltr'><strong>adducta</strong></span> <span class='ocrx_word' id='word_1_113' title='bbox 903 786 950 813; x_wconf 85' lang='lat' dir='ltr'><strong>pe-</strong></span> 
     </span>
    </p>
   </div>
   <div class='ocr_carea' id='block_1_16' title="bbox 162 824 951 859">
    <p class='ocr_par' dir='ltr' id='par_1_16' title="bbox 162 824 951 859">
     <span class='ocr_line' id='line_1_16' title="bbox 162 824 951 859; baseline -0.001 -7"><span class='ocrx_word' id='word_1_114' title='bbox 162 827 283 858; x_wconf 87' lang='lat' dir='ltr'><strong>riculum,</strong></span> <span class='ocrx_word' id='word_1_115' title='bbox 295 831 323 853; x_wconf 91' lang='lat' dir='ltr'><strong>ut</strong></span> <span class='ocrx_word' id='word_1_116' title='bbox 334 826 450 854; x_wconf 76' lang='lat' dir='ltr'><strong>funditus</strong></span> <span class='ocrx_word' id='word_1_117' title='bbox 461 825 608 854; x_wconf 85' lang='lat' dir='ltr'><strong>excidenda</strong></span> <span class='ocrx_word' id='word_1_118' title='bbox 619 831 700 857; x_wconf 88' lang='lat' dir='ltr'><strong>esset,</strong></span> <span class='ocrx_word' id='word_1_119' title='bbox 710 824 863 853; x_wconf 68' lang='lat' dir='ltr'><strong>Iudaeorum</strong></span> <span class='ocrx_word' id='word_1_120' title='bbox 875 832 951 859; x_wconf 78' lang='lat' dir='ltr'><strong>reges</strong></span> 
     </span>
    </p>
   </div>
   <div class='ocr_carea' id='block_1_17' title="bbox 162 870 953 906">
    <p class='ocr_par' dir='ltr' id='par_1_17' title="bbox 162 870 953 906">
     <span class='ocr_line' id='line_1_17' title="bbox 162 870 953 906; baseline -0.004 -7"><span class='ocrx_word' id='word_1_121' title='bbox 162 873 272 900; x_wconf 85' lang='lat' dir='ltr'><strong>dimisso</strong></span> <span class='ocrx_word' id='word_1_122' title='bbox 286 873 417 905; x_wconf 75' lang='lat' dir='ltr'><strong>exercitii,</strong></span> <span class='ocrx_word' id='word_1_123' title='bbox 430 873 547 900; x_wconf 85' lang='lat' dir='ltr'><strong>dimissis</strong></span> <span class='ocrx_word' id='word_1_124' title='bbox 558 872 700 906; x_wconf 84' lang='lat' dir='ltr'><strong>peditibus,</strong></span> <span class='ocrx_word' id='word_1_125' title='bbox 715 871 869 905; x_wconf 79' lang='lat' dir='ltr'><strong>sagittariis,</strong></span> <span class='ocrx_word' id='word_1_126' title='bbox 882 870 953 905; x_wconf 83' lang='lat' dir='ltr'><strong>eqiii~</strong></span> 
     </span>
    </p>
   </div>
   <div class='ocr_carea' id='block_1_18' title="bbox 163 918 953 952">
    <p class='ocr_par' dir='ltr' id='par_1_18' title="bbox 163 918 953 952">
     <span class='ocr_line' id='line_1_18' title="bbox 163 918 953 952; baseline -0.004 -7"><span class='ocrx_word' id='word_1_127' title='bbox 163 920 243 952; x_wconf 82' lang='lat' dir='ltr'><strong>Iibus,</strong></span> <span class='ocrx_word' id='word_1_128' title='bbox 263 919 394 952; x_wconf 82' lang='lat' dir='ltr'><strong>ducibus,</strong></span> <span class='ocrx_word' id='word_1_129' title='bbox 416 919 633 950; x_wconf 84' lang='lat' dir='ltr'><strong>centurionibus,</strong></span> <span class='ocrx_word' id='word_1_130' title='bbox 656 918 689 945; x_wconf 89' lang='lat' dir='ltr'><strong>ad</strong></span> <span class='ocrx_word' id='word_1_131' title='bbox 711 918 799 945; x_wconf 69' lang='lat' dir='ltr'><strong>EliSilfi</strong></span> <span class='ocrx_word' id='word_1_132' title='bbox 817 925 909 952; x_wconf 76' lang='lat' dir='ltr'><strong>preces</strong></span> <span class='ocrx_word' id='word_1_133' title='bbox 924 925 953 943; x_wconf 86' lang='lat' dir='ltr'><strong>so</strong></span> 
     </span>
    </p>
   </div>
   <div class='ocr_carea' id='block_1_19' title="bbox 163 963 952 999">
    <p class='ocr_par' dir='ltr' id='par_1_19' title="bbox 163 963 952 999">
     <span class='ocr_line' id='line_1_19' title="bbox 163 963 952 999; baseline -0.001 -9"><span class='ocrx_word' id='word_1_134' title='bbox 163 970 321 999; x_wconf 85' lang='lat' dir='ltr'><strong>receperunt</strong></span> <span class='ocrx_word' id='word_1_135' title='bbox 336 974 341 991; x_wconf 91' lang='lat'>:</span> <span class='ocrx_word' id='word_1_136' title='bbox 354 965 543 992; x_wconf 75' lang='lat' dir='ltr'><strong>existimabant</strong></span> <span class='ocrx_word' id='word_1_137' title='bbox 555 965 625 991; x_wconf 87' lang='lat' dir='ltr'><strong>enim</strong></span> <span class='ocrx_word' id='word_1_138' title='bbox 641 964 685 991; x_wconf 82' lang='lat' dir='ltr'><strong>Dei</strong></span> <span class='ocrx_word' id='word_1_139' title='bbox 699 972 806 991; x_wconf 88' lang='lat' dir='ltr'><strong>servum</strong></span> <span class='ocrx_word' id='word_1_140' title='bbox 821 964 869 990; x_wconf 86' lang='lat' dir='ltr'><strong>sibi</strong></span> <span class='ocrx_word' id='word_1_141' title='bbox 883 963 952 990; x_wconf 80' lang='lat' dir='ltr'><strong>mul-</strong></span> 
     </span>
    </p>
   </div>
   <div class='ocr_carea' id='block_1_20' title="bbox 163 1008 952 1046">
    <p class='ocr_par' dir='ltr' id='par_1_20' title="bbox 163 1008 952 1046">
     <span class='ocr_line' id='line_1_20' title="bbox 163 1008 952 1046; baseline -0.001 -10"><span class='ocrx_word' id='word_1_142' title='bbox 163 1017 248 1038; x_wconf 88' lang='lat' dir='ltr'><strong>tarum</strong></span> <span class='ocrx_word' id='word_1_143' title='bbox 264 1011 410 1046; x_wconf 75' lang='lat' dir='ltr'><strong>myriailuiu</strong></span> <span class='ocrx_word' id='word_1_144' title='bbox 426 1011 508 1037; x_wconf 82' lang='lat' dir='ltr'><strong>instar</strong></span> <span class='ocrx_word' id='word_1_145' title='bbox 521 1011 587 1038; x_wconf 89' lang='lat' dir='ltr'><strong>fore.</strong></span> <span class='ocrx_word' id='word_1_146' title='bbox 599 1009 693 1037; x_wconf 83' lang='lat' dir='ltr'><strong>Itidem</strong></span> <span class='ocrx_word' id='word_1_147' title='bbox 705 1014 732 1037; x_wconf 89' lang='lat' dir='ltr'><strong>et</strong></span> <span class='ocrx_word' id='word_1_148' title='bbox 749 1008 876 1036; x_wconf 80' lang='lat' dir='ltr'><strong>Ezechias</strong></span> <span class='ocrx_word' id='word_1_149' title='bbox 896 1016 952 1040; x_wconf 86' lang='lat' dir='ltr'><strong>rex,</strong></span> 
     </span>
    </p>
   </div>
   <div class='ocr_carea' id='block_1_21' title="bbox 163 1054 954 1088">
    <p class='ocr_par' dir='ltr' id='par_1_21' title="bbox 163 1054 954 1088">
     <span class='ocr_line' id='line_1_21' title="bbox 163 1054 954 1088; baseline -0.003 -7"><span class='ocrx_word' id='word_1_150' title='bbox 163 1056 232 1082; x_wconf 84' lang='lat' dir='ltr'><strong>bello</strong></span> <span class='ocrx_word' id='word_1_151' title='bbox 248 1055 355 1082; x_wconf 82' lang='lat' dir='ltr'><strong>Persico</strong></span> <span class='ocrx_word' id='word_1_152' title='bbox 366 1056 493 1088; x_wconf 86' lang='lat' dir='ltr'><strong>instante,</strong></span> <span class='ocrx_word' id='word_1_153' title='bbox 508 1063 567 1082; x_wconf 88' lang='lat' dir='ltr'><strong>cum</strong></span> <span class='ocrx_word' id='word_1_154' title='bbox 582 1055 657 1082; x_wconf 87' lang='lat' dir='ltr'><strong>urbis</strong></span> <span class='ocrx_word' id='word_1_155' title='bbox 674 1055 806 1082; x_wconf 88' lang='lat' dir='ltr'><strong>excidium</strong></span> <span class='ocrx_word' id='word_1_156' title='bbox 828 1054 954 1081; x_wconf 78' lang='lat' dir='ltr'><strong>immine-</strong></span> 
     </span>
    </p>
   </div>
   <div class='ocr_carea' id='block_1_22' title="bbox 163 1101 954 1136">
    <p class='ocr_par' dir='ltr' id='par_1_22' title="bbox 163 1101 954 1136">
     <span class='ocr_line' id='line_1_22' title="bbox 163 1101 954 1136; baseline -0.003 -10"><span class='ocrx_word' id='word_1_157' title='bbox 163 1106 211 1133; x_wconf 72' lang='lat' dir='ltr'><strong>ret,</strong></span> <span class='ocrx_word' id='word_1_158' title='bbox 225 1101 378 1136; x_wconf 70' lang='lat' dir='ltr'><strong>civibusque</strong></span> <span class='ocrx_word' id='word_1_159' title='bbox 393 1101 436 1134; x_wconf 89' lang='lat' dir='ltr'><strong>qui</strong></span> <span class='ocrx_word' id='word_1_160' title='bbox 450 1109 496 1136; x_wconf 91' lang='lat' dir='ltr'><strong>pro</strong></span> <span class='ocrx_word' id='word_1_161' title='bbox 508 1101 641 1128; x_wconf 72' lang='lat' dir='ltr'><strong>moenibus</strong></span> <span class='ocrx_word' id='word_1_162' title='bbox 652 1105 754 1127; x_wconf 86' lang='lat' dir='ltr'><strong>starent</strong></span> <span class='ocrx_word' id='word_1_163' title='bbox 768 1101 821 1134; x_wconf 80' lang='lat' dir='ltr'><strong>jam</strong></span> <span class='ocrx_word' id='word_1_164' title='bbox 836 1104 954 1126; x_wconf 84' lang='lat' dir='ltr'><strong>tremen-</strong></span> 
     </span>
    </p>
   </div>
   <div class='ocr_carea' id='block_1_23' title="bbox 163 1147 954 1182">
    <p class='ocr_par' dir='ltr' id='par_1_23' title="bbox 163 1147 954 1182">
     <span class='ocr_line' id='line_1_23' title="bbox 163 1147 954 1182; baseline -0.003 -9"><span class='ocrx_word' id='word_1_165' title='bbox 163 1147 241 1178; x_wconf 87' lang='lat' dir='ltr'><strong>tilms,</strong></span> <span class='ocrx_word' id='word_1_166' title='bbox 258 1147 448 1179; x_wconf 83' lang='lat' dir='ltr'><strong>metuentibus,</strong></span> <span class='ocrx_word' id='word_1_167' title='bbox 462 1155 493 1174; x_wconf 88' lang='lat' dir='ltr'><strong>ac</strong></span> <span class='ocrx_word' id='word_1_168' title='bbox 506 1147 616 1182; x_wconf 82' lang='lat' dir='ltr'><strong>perinde</strong></span> <span class='ocrx_word' id='word_1_169' title='bbox 630 1147 781 1180; x_wconf 78' lang='lat' dir='ltr'><strong>commotis,</strong></span> <span class='ocrx_word' id='word_1_170' title='bbox 795 1150 823 1174; x_wconf 86' lang='lat' dir='ltr'><strong>ut</strong></span> <span class='ocrx_word' id='word_1_171' title='bbox 834 1154 954 1174; x_wconf 77' lang='lat' dir='ltr'><strong>cominu-</strong></span> 
     </span>
    </p>
   </div>
   <div class='ocr_carea' id='block_1_24' title="bbox 166 1193 956 1229">
    <p class='ocr_par' dir='ltr' id='par_1_24' title="bbox 166 1193 956 1229">
     <span class='ocr_line' id='line_1_24' title="bbox 166 1193 956 1229; baseline 0 -10"><span class='ocrx_word' id='word_1_172' title='bbox 166 1194 221 1220; x_wconf 88' lang='lat' dir='ltr'><strong>veri</strong></span> <span class='ocrx_word' id='word_1_173' title='bbox 243 1193 366 1221; x_wconf 87' lang='lat' dir='ltr'><strong>homines</strong></span> <span class='ocrx_word' id='word_1_174' title='bbox 385 1194 495 1226; x_wconf 83' lang='lat' dir='ltr'><strong>solent,</strong></span> <span class='ocrx_word' id='word_1_175' title='bbox 517 1194 622 1229; x_wconf 78' lang='lat' dir='ltr'><strong>quoties</strong></span> <span class='ocrx_word' id='word_1_176' title='bbox 639 1195 680 1221; x_wconf 92' lang='lat' dir='ltr'><strong>vel</strong></span> <span class='ocrx_word' id='word_1_177' title='bbox 701 1195 799 1221; x_wconf 87' lang='lat' dir='ltr'><strong>tonitru</strong></span> <span class='ocrx_word' id='word_1_178' title='bbox 816 1193 857 1220; x_wconf 87' lang='lat' dir='ltr'><strong>vel</strong></span> <span class='ocrx_word' id='word_1_179' title='bbox 879 1197 956 1224; x_wconf 75' lang='lat' dir='ltr'><strong>terra:</strong></span> 
     </span>
    </p>
   </div>
   <div class='ocr_carea' id='block_1_25' title="bbox 164 1241 956 1275">
    <p class='ocr_par' dir='ltr' id='par_1_25' title="bbox 164 1241 956 1275">
     <span class='ocr_line' id='line_1_25' title="bbox 164 1241 956 1275; baseline 0.001 -10"><span class='ocrx_word' id='word_1_180' title='bbox 164 1245 265 1266; x_wconf 92' lang='lat' dir='ltr'><strong>motum</strong></span> <span class='ocrx_word' id='word_1_181' title='bbox 286 1241 375 1267; x_wconf 85' lang='lat' dir='ltr'><strong>omnia</strong></span> <span class='ocrx_word' id='word_1_182' title='bbox 396 1241 559 1274; x_wconf 77' lang='lat' dir='ltr'><strong>quatientem</strong></span> <span class='ocrx_word' id='word_1_183' title='bbox 579 1244 746 1275; x_wconf 70' lang='lat' dir='ltr'><strong>exapectunt,</strong></span> <span class='ocrx_word' id='word_1_184' title='bbox 768 1241 842 1267; x_wconf 78' lang='lat' dir='ltr'><strong>lsaizc</strong></span> <span class='ocrx_word' id='word_1_185' title='bbox 863 1247 956 1275; x_wconf 80' lang='lat' dir='ltr'><strong>preces</strong></span> 
     </span>
    </p>
   </div>
   <div class='ocr_carea' id='block_1_26' title="bbox 164 1285 955 1321">
    <p class='ocr_par' dir='ltr' id='par_1_26' title="bbox 164 1285 955 1321">
     <span class='ocr_line' id='line_1_26' title="bbox 164 1285 955 1321; baseline 0 -10"><span class='ocrx_word' id='word_1_186' title='bbox 164 1285 253 1311; x_wconf 86' lang='lat' dir='ltr'><strong>multis</strong></span> <span class='ocrx_word' id='word_1_187' title='bbox 266 1285 408 1312; x_wconf 76' lang='lat' dir='ltr'><strong>Persarum</strong></span> <span class='ocrx_word' id='word_1_188' title='bbox 428 1285 543 1313; x_wconf 88' lang='lat' dir='ltr'><strong>millibus</strong></span> <span class='ocrx_word' id='word_1_189' title='bbox 565 1286 699 1320; x_wconf 82' lang='lat' dir='ltr'><strong>opposuit,</strong></span> <span class='ocrx_word' id='word_1_190' title='bbox 714 1293 800 1321; x_wconf 88' lang='lat' dir='ltr'><strong>neque</strong></span> <span class='ocrx_word' id='word_1_191' title='bbox 819 1293 866 1313; x_wconf 89' lang='lat' dir='ltr'><strong>sua</strong></span> <span class='ocrx_word' id='word_1_192' title='bbox 883 1285 955 1312; x_wconf 93' lang='lat' dir='ltr'><strong>illum</strong></span> 
     </span>
    </p>
   </div>
   <div class='ocr_carea' id='block_1_27' title="bbox 164 1330 954 1366">
    <p class='ocr_par' dir='ltr' id='par_1_27' title="bbox 164 1330 954 1366">
     <span class='ocr_line' id='line_1_27' title="bbox 164 1330 954 1366; baseline -0.001 -9"><span class='ocrx_word' id='word_1_193' title='bbox 164 1338 227 1365; x_wconf 85' lang='lat' dir='ltr'><strong>spes</strong></span> <span class='ocrx_word' id='word_1_194' title='bbox 240 1330 343 1358; x_wconf 76' lang='lat' dir='ltr'><strong>fefellit.</strong></span> <span class='ocrx_word' id='word_1_195' title='bbox 358 1330 423 1358; x_wconf 83' lang='lat' dir='ltr'><strong>Nam</strong></span> <span class='ocrx_word' id='word_1_196' title='bbox 437 1331 515 1358; x_wconf 89' lang='lat' dir='ltr'><strong>simul</strong></span> <span class='ocrx_word' id='word_1_197' title='bbox 530 1336 557 1358; x_wconf 90' lang='lat' dir='ltr'><strong>ut</strong></span> <span class='ocrx_word' id='word_1_198' title='bbox 568 1331 698 1366; x_wconf 69' lang='lat' dir='ltr'><strong>propheta</strong></span> <span class='ocrx_word' id='word_1_199' title='bbox 715 1339 810 1359; x_wconf 87' lang='lat' dir='ltr'><strong>manus</strong></span> <span class='ocrx_word' id='word_1_200' title='bbox 822 1331 847 1358; x_wconf 93' lang='lat' dir='ltr'><strong>in</strong></span> <span class='ocrx_word' id='word_1_201' title='bbox 859 1331 954 1358; x_wconf 78' lang='lat' dir='ltr'><strong>caelum</strong></span> 
     </span>
    </p>
   </div>
   <div class='ocr_carea' id='block_1_28' title="bbox 163 1377 955 1413">
    <p class='ocr_par' dir='ltr' id='par_1_28' title="bbox 163 1377 955 1413">
     <span class='ocr_line' id='line_1_28' title="bbox 163 1377 955 1413; baseline 0 -10"><span class='ocrx_word' id='word_1_202' title='bbox 163 1377 281 1410; x_wconf 73' lang='lat' dir='ltr'><strong>sustulit,</strong></span> <span class='ocrx_word' id='word_1_203' title='bbox 294 1378 383 1405; x_wconf 87' lang='lat' dir='ltr'><strong>statim</strong></span> <span class='ocrx_word' id='word_1_204' title='bbox 397 1378 465 1404; x_wconf 85' lang='lat' dir='ltr'><strong>Deus</strong></span> <span class='ocrx_word' id='word_1_205' title='bbox 485 1378 588 1413; x_wconf 77' lang='lat' dir='ltr'><strong>sagittis</strong></span> <span class='ocrx_word' id='word_1_206' title='bbox 604 1385 619 1405; x_wconf 88' lang='lat' dir='ltr'><strong>e</strong></span> <span class='ocrx_word' id='word_1_207' title='bbox 634 1378 700 1404; x_wconf 76' lang='lat' dir='ltr'><strong>cado</strong></span> <span class='ocrx_word' id='word_1_208' title='bbox 720 1378 808 1405; x_wconf 86' lang='lat' dir='ltr'><strong>missis</strong></span> <span class='ocrx_word' id='word_1_209' title='bbox 820 1377 955 1404; x_wconf 60' lang='lat' dir='ltr'><strong>Persicum</strong></span> 
     </span>
    </p>
   </div>
   <div class='ocr_carea' id='block_1_29' title="bbox 165 1422 957 1458">
    <p class='ocr_par' dir='ltr' id='par_1_29' title="bbox 165 1422 957 1458">
     <span class='ocr_line' id='line_1_29' title="bbox 165 1422 957 1458; baseline 0.004 -11"><span class='ocrx_word' id='word_1_210' title='bbox 165 1422 262 1448; x_wconf 87' lang='lat' dir='ltr'><strong>bellum</strong></span> <span class='ocrx_word' id='word_1_211' title='bbox 284 1424 417 1456; x_wconf 74' lang='lat' dir='ltr'><strong>confecit,</strong></span> <span class='ocrx_word' id='word_1_212' title='bbox 441 1431 518 1458; x_wconf 77' lang='lat' dir='ltr'><strong>reges</strong></span> <span class='ocrx_word' id='word_1_213' title='bbox 537 1423 672 1456; x_wconf 87' lang='lat' dir='ltr'><strong>erudiens,</strong></span> <span class='ocrx_word' id='word_1_214' title='bbox 694 1432 726 1450; x_wconf 90' lang='lat' dir='ltr'><strong>eo</strong></span> <span class='ocrx_word' id='word_1_215' title='bbox 746 1431 775 1450; x_wconf 89' lang='lat' dir='ltr'><strong>se</strong></span> <span class='ocrx_word' id='word_1_216' title='bbox 797 1423 855 1450; x_wconf 85' lang='lat' dir='ltr'><strong>loco</strong></span> <span class='ocrx_word' id='word_1_217' title='bbox 875 1423 957 1458; x_wconf 87' lang='lat' dir='ltr'><strong>ipsius</strong></span> 
     </span>
    </p>
   </div>
   <div class='ocr_carea' id='block_1_30' title="bbox 166 1469 958 1502">
    <p class='ocr_par' dir='ltr' id='par_1_30' title="bbox 166 1469 958 1502">
     <span class='ocr_line' id='line_1_30' title="bbox 166 1469 958 1502; baseline 0.003 -7"><span class='ocrx_word' id='word_1_218' title='bbox 166 1470 303 1496; x_wconf 87' lang='lat' dir='ltr'><strong>ministros</strong></span> <span class='ocrx_word' id='word_1_219' title='bbox 326 1469 424 1497; x_wconf 84' lang='lat' dir='ltr'><strong>habere</strong></span> <span class='ocrx_word' id='word_1_220' title='bbox 443 1470 551 1502; x_wconf 83' lang='lat' dir='ltr'><strong>debere,</strong></span> <span class='ocrx_word' id='word_1_221' title='bbox 576 1475 604 1497; x_wconf 91' lang='lat' dir='ltr'><strong>ut</strong></span> <span class='ocrx_word' id='word_1_222' title='bbox 622 1478 670 1498; x_wconf 85' lang='lat' dir='ltr'><strong>eos</strong></span> <span class='ocrx_word' id='word_1_223' title='bbox 689 1477 783 1498; x_wconf 90' lang='lat' dir='ltr'><strong>omnes</strong></span> <span class='ocrx_word' id='word_1_224' title='bbox 803 1477 958 1497; x_wconf 85' lang='lat' dir='ltr'><strong>communes</strong></span> 
     </span>
    </p>
   </div>
   <div class='ocr_carea' id='block_1_31' title="bbox 166 1516 958 1552">
    <p class='ocr_par' dir='ltr' id='par_1_31' title="bbox 166 1516 958 1552">
     <span class='ocr_line' id='line_1_31' title="bbox 166 1516 958 1552; baseline 0 -10"><span class='ocrx_word' id='word_1_225' title='bbox 166 1523 225 1542; x_wconf 88' lang='lat' dir='ltr'><strong>esse</strong></span> <span class='ocrx_word' id='word_1_226' title='bbox 239 1521 318 1542; x_wconf 69' lang='lat' dir='ltr'><strong>terra:</strong></span> <span class='ocrx_word' id='word_1_227' title='bbox 337 1521 489 1543; x_wconf 86' lang='lat' dir='ltr'><strong>servatores</strong></span> <span class='ocrx_word' id='word_1_228' title='bbox 504 1516 665 1548; x_wconf 85' lang='lat' dir='ltr'><strong>existiment,</strong></span> <span class='ocrx_word' id='word_1_229' title='bbox 685 1522 713 1544; x_wconf 93' lang='lat' dir='ltr'><strong>iit</strong></span> <span class='ocrx_word' id='word_1_230' title='bbox 727 1517 776 1544; x_wconf 88' lang='lat' dir='ltr'><strong>hac</strong></span> <span class='ocrx_word' id='word_1_231' title='bbox 788 1517 894 1552; x_wconf 83' lang='lat' dir='ltr'><strong>quidem</strong></span> <span class='ocrx_word' id='word_1_232' title='bbox 913 1525 958 1543; x_wconf 85' lang='lat' dir='ltr'><strong>ra-</strong></span> 
     </span>
    </p>
   </div>
   <div class='ocr_carea' id='block_1_32' title="bbox 166 1563 957 1598">
    <p class='ocr_par' dir='ltr' id='par_1_32' title="bbox 166 1563 957 1598">
     <span class='ocr_line' id='line_1_32' title="bbox 166 1563 957 1598; baseline 0.001 -10"><span class='ocrx_word' id='word_1_233' title='bbox 166 1563 238 1590; x_wconf 87' lang='lat' dir='ltr'><strong>tione</strong></span> <span class='ocrx_word' id='word_1_234' title='bbox 267 1563 447 1596; x_wconf 83' lang='lat' dir='ltr'><strong>educeantur,</strong></span> <span class='ocrx_word' id='word_1_235' title='bbox 474 1571 521 1598; x_wconf 85' lang='lat' dir='ltr'><strong>per</strong></span> <span class='ocrx_word' id='word_1_236' title='bbox 542 1563 676 1598; x_wconf 90' lang='lat' dir='ltr'><strong>justoriuu</strong></span> <span class='ocrx_word' id='word_1_237' title='bbox 701 1563 902 1591; x_wconf 82' lang='lat' dir='ltr'><strong>exhortationes</strong></span> <span class='ocrx_word' id='word_1_238' title='bbox 925 1564 957 1590; x_wconf 83' lang='lat' dir='ltr'><strong>ait</strong></span> 
     </span>
    </p>
   </div>
   <div class='ocr_carea' id='block_1_33' title="bbox 167 1609 958 1645">
    <p class='ocr_par' dir='ltr' id='par_1_33' title="bbox 167 1609 958 1645">
     <span class='ocr_line' id='line_1_33' title="bbox 167 1609 958 1645; baseline 0.001 -10"><span class='ocrx_word' id='word_1_239' title='bbox 167 1617 248 1636; x_wconf 79' lang='lat' dir='ltr'><strong>omne</strong></span> <span class='ocrx_word' id='word_1_240' title='bbox 260 1609 356 1636; x_wconf 88' lang='lat' dir='ltr'><strong>honttin</strong></span> <span class='ocrx_word' id='word_1_241' title='bbox 368 1614 447 1644; x_wconf 88' lang='lat' dir='ltr'><strong>atqtte</strong></span> <span class='ocrx_word' id='word_1_242' title='bbox 461 1609 605 1638; x_wconf 86' lang='lat' dir='ltr'><strong>humanum</strong></span> <span class='ocrx_word' id='word_1_243' title='bbox 616 1618 683 1645; x_wconf 87' lang='lat' dir='ltr'><strong>opus</strong></span> <span class='ocrx_word' id='word_1_244' title='bbox 698 1611 812 1642; x_wconf 84' lang='lat' dir='ltr'><strong>invitati,</strong></span> <span class='ocrx_word' id='word_1_245' title='bbox 825 1615 879 1637; x_wconf 89' lang='lat' dir='ltr'><strong>tum</strong></span> <span class='ocrx_word' id='word_1_246' title='bbox 891 1618 958 1637; x_wconf 87' lang='lat' dir='ltr'><strong>coii-</strong></span> 
     </span>
    </p>
   </div>
   <div class='ocr_carea' id='block_1_34' title="bbox 167 1655 958 1690">
    <p class='ocr_par' dir='ltr' id='par_1_34' title="bbox 167 1655 958 1690">
     <span class='ocr_line' id='line_1_34' title="bbox 167 1655 958 1690; baseline 0.001 -9"><span class='ocrx_word' id='word_1_247' title='bbox 167 1655 224 1681; x_wconf 77' lang='lat' dir='ltr'><strong>silia</strong></span> <span class='ocrx_word' id='word_1_248' title='bbox 237 1657 364 1688; x_wconf 73' lang='lat' dir='ltr'><strong>revereri,</strong></span> <span class='ocrx_word' id='word_1_249' title='bbox 375 1660 428 1683; x_wconf 87' lang='lat' dir='ltr'><strong>tum</strong></span> <span class='ocrx_word' id='word_1_250' title='bbox 442 1655 518 1683; x_wconf 89' lang='lat' dir='ltr'><strong>bonis</strong></span> <span class='ocrx_word' id='word_1_251' title='bbox 529 1656 755 1684; x_wconf 82' lang='lat' dir='ltr'><strong>admonitionibus</strong></span> <span class='ocrx_word' id='word_1_252' title='bbox 762 1656 958 1690; x_wconf 85' lang='lat' dir='ltr'><strong>obtemperare.</strong></span> 
     </span>
    </p>
   </div>
   <div class='ocr_carea' id='block_1_35' title="bbox 169 1701 960 1737">
    <p class='ocr_par' dir='ltr' id='par_1_35' title="bbox 169 1701 960 1737">
     <span class='ocr_line' id='line_1_35' title="bbox 169 1701 960 1737; baseline 0 -10"><span class='ocrx_word' id='word_1_253' title='bbox 169 1701 284 1728; x_wconf 74' lang='lat' dir='ltr'><strong>Proinde</strong></span> <span class='ocrx_word' id='word_1_254' title='bbox 296 1709 348 1728; x_wconf 86' lang='lat' dir='ltr'><strong>non</strong></span> <span class='ocrx_word' id='word_1_255' title='bbox 362 1709 393 1728; x_wconf 83' lang='lat' dir='ltr'><strong>ex</strong></span> <span class='ocrx_word' id='word_1_256' title='bbox 414 1702 446 1728; x_wconf 91' lang='lat' dir='ltr'><strong>iis</strong></span> <span class='ocrx_word' id='word_1_257' title='bbox 460 1702 545 1729; x_wconf 88' lang='lat' dir='ltr'><strong>solunt</strong></span> <span class='ocrx_word' id='word_1_258' title='bbox 559 1710 617 1737; x_wconf 66' lang='lat' dir='ltr'><strong>qua?</strong></span> <span class='ocrx_word' id='word_1_259' title='bbox 631 1702 686 1730; x_wconf 79' lang='lat' dir='ltr'><strong>dixi</strong></span> <span class='ocrx_word' id='word_1_260' title='bbox 707 1701 846 1736; x_wconf 90' lang='lat' dir='ltr'><strong>utriusque</strong></span> <span class='ocrx_word' id='word_1_261' title='bbox 863 1701 960 1728; x_wconf 87' lang='lat' dir='ltr'><strong>discri-</strong></span> 
     </span>
    </p>
   </div>
   <div class='ocr_carea' id='block_1_36' title="bbox 170 1747 962 1781">
    <p class='ocr_par' dir='ltr' id='par_1_36' title="bbox 170 1747 962 1781">
     <span class='ocr_line' id='line_1_36' title="bbox 170 1747 962 1781; baseline 0.001 -9"><span class='ocrx_word' id='word_1_262' title='bbox 170 1755 230 1773; x_wconf 82' lang='lat' dir='ltr'><strong>men</strong></span> <span class='ocrx_word' id='word_1_263' title='bbox 252 1754 415 1781; x_wconf 81' lang='lat' dir='ltr'><strong>cognoscere</strong></span> <span class='ocrx_word' id='word_1_264' title='bbox 430 1747 508 1779; x_wconf 88' lang='lat' dir='ltr'><strong>licet;</strong></span> <span class='ocrx_word' id='word_1_265' title='bbox 524 1747 571 1774; x_wconf 90' lang='lat' dir='ltr'><strong>sed</strong></span> <span class='ocrx_word' id='word_1_266' title='bbox 591 1747 614 1774; x_wconf 88' lang='lat' dir='ltr'><strong>si</strong></span> <span class='ocrx_word' id='word_1_267' title='bbox 629 1755 678 1774; x_wconf 94' lang='lat' dir='ltr'><strong>usu</strong></span> <span class='ocrx_word' id='word_1_268' title='bbox 692 1747 795 1774; x_wconf 87' lang='lat' dir='ltr'><strong>venerit</strong></span> <span class='ocrx_word' id='word_1_269' title='bbox 808 1752 835 1774; x_wconf 90' lang='lat' dir='ltr'><strong>et</strong></span> <span class='ocrx_word' id='word_1_270' title='bbox 850 1747 919 1773; x_wconf 87' lang='lat' dir='ltr'><strong>hunc</strong></span> <span class='ocrx_word' id='word_1_271' title='bbox 935 1751 962 1773; x_wconf 89' lang='lat' dir='ltr'><strong>ct</strong></span> 
     </span>
    </p>
   </div>
   <div class='ocr_carea' id='block_1_37' title="bbox 169 1792 960 1828">
    <p class='ocr_par' dir='ltr' id='par_1_37' title="bbox 169 1792 960 1828">
     <span class='ocr_line' id='line_1_37' title="bbox 169 1792 960 1828; baseline 0.001 -10"><span class='ocrx_word' id='word_1_272' title='bbox 169 1792 243 1818; x_wconf 91' lang='lat' dir='ltr'><strong>illuni</strong></span> <span class='ocrx_word' id='word_1_273' title='bbox 265 1792 411 1825; x_wconf 85' lang='lat' dir='ltr'><strong>deturbari,</strong></span> <span class='ocrx_word' id='word_1_274' title='bbox 434 1793 505 1820; x_wconf 87' lang='lat' dir='ltr'><strong>hunc</strong></span> <span class='ocrx_word' id='word_1_275' title='bbox 524 1793 630 1828; x_wconf 90' lang='lat' dir='ltr'><strong>quidem</strong></span> <span class='ocrx_word' id='word_1_276' title='bbox 651 1793 766 1826; x_wconf 84' lang='lat' dir='ltr'><strong>virtute,</strong></span> <span class='ocrx_word' id='word_1_277' title='bbox 783 1793 856 1819; x_wconf 91' lang='lat' dir='ltr'><strong>illum</strong></span> <span class='ocrx_word' id='word_1_278' title='bbox 871 1797 960 1819; x_wconf 90' lang='lat' dir='ltr'><strong>autem</strong></span> 
     </span>
    </p>
   </div>
   <div class='ocr_carea' id='block_1_38' title="bbox 170 1839 962 1875">
    <p class='ocr_par' dir='ltr' id='par_1_38' title="bbox 170 1839 962 1875">
     <span class='ocr_line' id='line_1_38' title="bbox 170 1839 962 1875; baseline 0 -10"><span class='ocrx_word' id='word_1_279' title='bbox 170 1847 252 1873; x_wconf 67' lang='lat' dir='ltr'><strong>regno</strong></span> <span class='ocrx_word' id='word_1_280' title='bbox 267 1840 414 1874; x_wconf 87' lang='lat' dir='ltr'><strong>privatum,</strong></span> <span class='ocrx_word' id='word_1_281' title='bbox 430 1839 474 1866; x_wconf 88' lang='lat' dir='ltr'><strong>hic</strong></span> <span class='ocrx_word' id='word_1_282' title='bbox 487 1847 568 1875; x_wconf 86' lang='lat' dir='ltr'><strong>parvo</strong></span> <span class='ocrx_word' id='word_1_283' title='bbox 588 1839 732 1867; x_wconf 83' lang='lat' dir='ltr'><strong>admodum</strong></span> <span class='ocrx_word' id='word_1_284' title='bbox 753 1839 860 1874; x_wconf 76' lang='lat' dir='ltr'><strong>negotio</strong></span> <span class='ocrx_word' id='word_1_285' title='bbox 879 1839 912 1865; x_wconf 86' lang='lat' dir='ltr'><strong>ad</strong></span> <span class='ocrx_word' id='word_1_286' title='bbox 933 1846 962 1866; x_wconf 88' lang='lat' dir='ltr'><strong>se</strong></span> 
     </span>
    </p>
   </div>
   <div class='ocr_carea' id='block_1_39' title="bbox 170 1882 962 1922">
    <p class='ocr_par' dir='ltr' id='par_1_39' title="bbox 170 1882 962 1922">
     <span class='ocr_line' id='line_1_39' title="bbox 170 1882 962 1922; baseline 0 -11"><span class='ocrx_word' id='word_1_287' title='bbox 170 1886 247 1917; x_wconf 71' lang='lat' dir='ltr'><strong>redit,</strong></span> <span class='ocrx_word' id='word_1_288' title='bbox 260 1893 290 1913; x_wconf 87' lang='lat' dir='ltr'><strong>ac</strong></span> <span class='ocrx_word' id='word_1_289' title='bbox 302 1882 390 1912; x_wconf 83' lang='lat' dir='ltr'><strong>statiiii</strong></span> <span class='ocrx_word' id='word_1_290' title='bbox 404 1895 450 1920; x_wconf 71' lang='lat' dir='ltr'><strong>per</strong></span> <span class='ocrx_word' id='word_1_291' title='bbox 464 1895 567 1921; x_wconf 71' lang='lat' dir='ltr'><strong>preces,</strong></span> <span class='ocrx_word' id='word_1_292' title='bbox 582 1895 628 1921; x_wconf 84' lang='lat' dir='ltr'><strong>per</strong></span> <span class='ocrx_word' id='word_1_293' title='bbox 644 1887 786 1922; x_wconf 83' lang='lat' dir='ltr'><strong>lacrymas,</strong></span> <span class='ocrx_word' id='word_1_294' title='bbox 802 1894 849 1921; x_wconf 88' lang='lat' dir='ltr'><strong>per</strong></span> <span class='ocrx_word' id='word_1_295' title='bbox 862 1893 962 1913; x_wconf 83' lang='lat' dir='ltr'><strong>mcero-</strong></span> 
     </span>
    </p>
   </div>
   <div class='ocr_carea' id='block_1_40' title="bbox 170 1932 963 1967">
    <p class='ocr_par' dir='ltr' id='par_1_40' title="bbox 170 1932 963 1967">
     <span class='ocr_line' id='line_1_40' title="bbox 170 1932 963 1967; baseline 0.001 -9"><span class='ocrx_word' id='word_1_296' title='bbox 170 1940 244 1964; x_wconf 88' lang='lat' dir='ltr'><strong>rem,</strong></span> <span class='ocrx_word' id='word_1_297' title='bbox 267 1940 317 1966; x_wconf 81' lang='lat' dir='ltr'><strong>per</strong></span> <span class='ocrx_word' id='word_1_298' title='bbox 336 1941 481 1966; x_wconf 75' lang='lat' dir='ltr'><strong>pauperum</strong></span> <span class='ocrx_word' id='word_1_299' title='bbox 497 1941 605 1965; x_wconf 89' lang='lat' dir='ltr'><strong>curam,</strong></span> <span class='ocrx_word' id='word_1_300' title='bbox 627 1933 745 1967; x_wconf 88' lang='lat' dir='ltr'><strong>peccatis</strong></span> <span class='ocrx_word' id='word_1_301' title='bbox 760 1932 894 1960; x_wconf 74' lang='lat' dir='ltr'><strong>abstersis</strong></span> <span class='ocrx_word' id='word_1_302' title='bbox 905 1953 913 1964; x_wconf 90' lang='lat'><strong>,</strong></span> <span class='ocrx_word' id='word_1_303' title='bbox 929 1932 963 1959; x_wconf 91' lang='lat' dir='ltr'><strong>de</strong></span> 
     </span>
    </p>
   </div>
   <div class='ocr_carea' id='block_1_41' title="bbox 174 1977 964 2013">
    <p class='ocr_par' dir='ltr' id='par_1_41' title="bbox 174 1977 964 2013">
     <span class='ocr_line' id='line_1_41' title="bbox 174 1977 964 2013; baseline 0.005 -12"><span class='ocrx_word' id='word_1_304' title='bbox 174 1983 278 2012; x_wconf 81' lang='lat' dir='ltr'><strong>integro</strong></span> <span class='ocrx_word' id='word_1_305' title='bbox 299 1977 374 2005; x_wconf 83' lang='lat' dir='ltr'><strong>facile</strong></span> <span class='ocrx_word' id='word_1_306' title='bbox 390 1978 421 2005; x_wconf 89' lang='lat' dir='ltr'><strong>ad</strong></span> <span class='ocrx_word' id='word_1_307' title='bbox 437 1979 577 2012; x_wconf 86' lang='lat' dir='ltr'><strong>pristinum</strong></span> <span class='ocrx_word' id='word_1_308' title='bbox 594 1978 769 2013; x_wconf 82' lang='lat' dir='ltr'><strong>principatum</strong></span> <span class='ocrx_word' id='word_1_309' title='bbox 789 1979 912 2005; x_wconf 87' lang='lat' dir='ltr'><strong>recurrit.</strong></span> <span class='ocrx_word' id='word_1_310' title='bbox 929 1979 964 2005; x_wconf 90' lang='lat' dir='ltr'><strong>At</strong></span> 
     </span>
    </p>
   </div>
   <div class='ocr_carea' id='block_1_42' title="bbox 173 2023 963 2057">
    <p class='ocr_par' dir='ltr' id='par_1_42' title="bbox 173 2023 963 2057">
     <span class='ocr_line' id='line_1_42' title="bbox 173 2023 963 2057; baseline 0.003 -9"><span class='ocrx_word' id='word_1_311' title='bbox 173 2031 219 2049; x_wconf 72' lang='lat' dir='ltr'><strong>rex</strong></span> <span class='ocrx_word' id='word_1_312' title='bbox 243 2023 310 2049; x_wconf 77' lang='lat' dir='ltr'><strong>Solio</strong></span> <span class='ocrx_word' id='word_1_313' title='bbox 328 2023 448 2057; x_wconf 77' lang='lat' dir='ltr'><strong>dejectiis</strong></span> <span class='ocrx_word' id='word_1_314' title='bbox 470 2032 529 2051; x_wconf 91' lang='lat' dir='ltr'><strong>cum</strong></span> <span class='ocrx_word' id='word_1_315' title='bbox 554 2024 640 2056; x_wconf 84' lang='lat' dir='ltr'><strong>fuerit,</strong></span> <span class='ocrx_word' id='word_1_316' title='bbox 666 2028 721 2051; x_wconf 92' lang='lat' dir='ltr'><strong>tum</strong></span> <span class='ocrx_word' id='word_1_317' title='bbox 743 2023 849 2051; x_wconf 87' lang='lat' dir='ltr'><strong>denittm</strong></span> <span class='ocrx_word' id='word_1_318' title='bbox 873 2023 963 2050; x_wconf 78' lang='lat' dir='ltr'><strong>multis</strong></span> 
     </span>
    </p>
   </div>
   <div class='ocr_carea' id='block_1_43' title="bbox 173 2069 962 2104">
    <p class='ocr_par' dir='ltr' id='par_1_43' title="bbox 173 2069 962 2104">
     <span class='ocr_line' id='line_1_43' title="bbox 173 2069 962 2104; baseline 0.003 -10"><span class='ocrx_word' id='word_1_319' title='bbox 173 2076 238 2096; x_wconf 80' lang='lat' dir='ltr'><strong>sane</strong></span> <span class='ocrx_word' id='word_1_320' title='bbox 259 2069 339 2096; x_wconf 85' lang='lat' dir='ltr'><strong>sociis</strong></span> <span class='ocrx_word' id='word_1_321' title='bbox 360 2069 475 2104; x_wconf 86' lang='lat' dir='ltr'><strong>indiget,</strong></span> <span class='ocrx_word' id='word_1_322' title='bbox 496 2070 587 2097; x_wconf 89' lang='lat' dir='ltr'><strong>intiltis</strong></span> <span class='ocrx_word' id='word_1_323' title='bbox 609 2070 670 2097; x_wconf 89' lang='lat' dir='ltr'><strong>item</strong></span> <span class='ocrx_word' id='word_1_324' title='bbox 694 2070 804 2097; x_wconf 82' lang='lat' dir='ltr'><strong>armatis</strong></span> <span class='ocrx_word' id='word_1_325' title='bbox 823 2069 962 2103; x_wconf 89' lang='lat' dir='ltr'><strong>militibus,</strong></span> 
     </span>
    </p>
   </div>
   <div class='ocr_carea' id='block_1_44' title="bbox 173 2114 963 2149">
    <p class='ocr_par' dir='ltr' id='par_1_44' title="bbox 173 2114 963 2149">
     <span class='ocr_line' id='line_1_44' title="bbox 173 2114 963 2149; baseline 0 -8"><span class='ocrx_word' id='word_1_326' title='bbox 173 2114 259 2148; x_wconf 81' lang='lat' dir='ltr'><strong>equis,</strong></span> <span class='ocrx_word' id='word_1_327' title='bbox 278 2115 406 2148; x_wconf 77' lang='lat' dir='ltr'><strong>pecuniis,</strong></span> <span class='ocrx_word' id='word_1_328' title='bbox 421 2115 547 2149; x_wconf 90' lang='lat' dir='ltr'><strong>periculis</strong></span> <span class='ocrx_word' id='word_1_329' title='bbox 563 2124 568 2141; x_wconf 91' lang='lat'>:</span> <span class='ocrx_word' id='word_1_330' title='bbox 584 2115 700 2149; x_wconf 81' lang='lat' dir='ltr'><strong>denique</strong></span> <span class='ocrx_word' id='word_1_331' title='bbox 713 2115 807 2142; x_wconf 87' lang='lat' dir='ltr'><strong>salutis</strong></span> <span class='ocrx_word' id='word_1_332' title='bbox 822 2122 877 2142; x_wconf 77' lang='lat' dir='ltr'><strong>sua:</strong></span> <span class='ocrx_word' id='word_1_333' title='bbox 890 2122 963 2149; x_wconf 88' lang='lat' dir='ltr'><strong>spem</strong></span> 
     </span>
    </p>
   </div>
   <div class='ocr_carea' id='block_1_45' title="bbox 173 2159 966 2188">
    <p class='ocr_par' dir='ltr' id='par_1_45' title="bbox 173 2159 966 2188">
     <span class='ocr_line' id='line_1_45' title="bbox 173 2159 966 2188; baseline 0.003 -3"><span class='ocrx_word' id='word_1_334' title='bbox 173 2160 198 2185; x_wconf 88' lang='lat' dir='ltr'><strong>iii</strong></span> <span class='ocrx_word' id='word_1_335' title='bbox 210 2159 270 2187; x_wconf 86' lang='lat' dir='ltr'><strong>aliis</strong></span> <span class='ocrx_word' id='word_1_336' title='bbox 283 2160 361 2186; x_wconf 84' lang='lat' dir='ltr'><strong>sitam</strong></span> <span class='ocrx_word' id='word_1_337' title='bbox 376 2160 466 2187; x_wconf 86' lang='lat' dir='ltr'><strong>habet.</strong></span> <span class='ocrx_word' id='word_1_338' title='bbox 479 2160 624 2188; x_wconf 79' lang='lat' dir='ltr'><strong>Monachus</strong></span> <span class='ocrx_word' id='word_1_339' title='bbox 635 2167 698 2187; x_wconf 87' lang='lat' dir='ltr'><strong>vero</strong></span> <span class='ocrx_word' id='word_1_340' title='bbox 709 2159 822 2187; x_wconf 88' lang='lat' dir='ltr'><strong>salutem</strong></span> <span class='ocrx_word' id='word_1_341' title='bbox 841 2159 966 2188; x_wconf 81' lang='lat' dir='ltr'><strong>celeriter</strong></span> 
     </span>
    </p>
   </div>
   <div class='ocr_carea' id='block_1_46' title="bbox 174 2205 964 2239">
    <p class='ocr_par' dir='ltr' id='par_1_46' title="bbox 174 2205 964 2239">
     <span class='ocr_line' id='line_1_46' title="bbox 174 2205 964 2239; baseline 0.004 -8"><span class='ocrx_word' id='word_1_342' title='bbox 174 2205 302 2233; x_wconf 81' lang='lat' dir='ltr'><strong>voluntati</strong></span> <span class='ocrx_word' id='word_1_343' title='bbox 319 2213 384 2239; x_wconf 70' lang='lat' dir='ltr'><strong>suae,</strong></span> <span class='ocrx_word' id='word_1_344' title='bbox 404 2207 491 2234; x_wconf 86' lang='lat' dir='ltr'><strong>studio</strong></span> <span class='ocrx_word' id='word_1_345' title='bbox 523 2215 553 2233; x_wconf 76' lang='lat' dir='ltr'><strong>ac</strong></span> <span class='ocrx_word' id='word_1_346' title='bbox 565 2207 705 2234; x_wconf 72' lang='lat' dir='ltr'><strong>sententia:</strong></span> <span class='ocrx_word' id='word_1_347' title='bbox 725 2207 866 2234; x_wconf 82' lang='lat' dir='ltr'><strong>mutationi</strong></span> <span class='ocrx_word' id='word_1_348' title='bbox 880 2207 964 2234; x_wconf 89' lang='lat' dir='ltr'><strong>comi-</strong></span> 
     </span>
    </p>
   </div>
   <div class='ocr_carea' id='block_1_47' title="bbox 174 2251 963 2288">
    <p class='ocr_par' dir='ltr' id='par_1_47' title="bbox 174 2251 963 2288">
     <span class='ocr_line' id='line_1_47' title="bbox 174 2251 963 2288; baseline 0.004 -11"><span class='ocrx_word' id='word_1_349' title='bbox 174 2257 226 2278; x_wconf 86' lang='lat' dir='ltr'><strong>tem</strong></span> <span class='ocrx_word' id='word_1_350' title='bbox 238 2251 379 2279; x_wconf 82' lang='lat' dir='ltr'><strong>habitut‘ns</strong></span> <span class='ocrx_word' id='word_1_351' title='bbox 392 2257 433 2279; x_wconf 87' lang='lat' dir='ltr'><strong>est</strong></span> <span class='ocrx_word' id='word_1_352' title='bbox 446 2261 453 2279; x_wconf 90' lang='lat'><strong>:</strong></span> <span class='ocrx_word' id='word_1_353' title='bbox 466 2253 580 2288; x_wconf 64' lang='lat' dir='ltr'><strong>Regnum</strong></span> <span class='ocrx_word' id='word_1_354' title='bbox 591 2253 656 2280; x_wconf 84' lang='lat' dir='ltr'><strong>enim</strong></span> <span class='ocrx_word' id='word_1_355' title='bbox 669 2252 799 2285; x_wconf 61' lang='lat' dir='ltr'><strong>calorum,</strong></span> <span class='ocrx_word' id='word_1_356' title='bbox 813 2253 898 2288; x_wconf 79' lang='lat' dir='ltr'><strong>inquit</strong></span> <span class='ocrx_word' id='word_1_357' title='bbox 910 2253 963 2286; x_wconf 88' lang='lat' dir='ltr'><strong>ille,</strong></span> 
     </span>
    </p>
   </div>
   <div class='ocr_carea' id='block_1_48' title="bbox 171 2291 966 2334">
    <p class='ocr_par' dir='ltr' id='par_1_48' title="bbox 171 2291 966 2334">
     <span class='ocr_line' id='line_1_48' title="bbox 171 2291 966 2334; baseline 0.004 -11"><span class='ocrx_word' id='word_1_358' title='bbox 171 2298 197 2323; x_wconf 78' lang='lat' dir='ltr'><strong>in</strong></span> <span class='ocrx_word' id='word_1_359' title='bbox 220 2297 290 2324; x_wconf 71' lang='lat' dir='ltr'><strong>vobis</strong></span> <span class='ocrx_word' id='word_1_360' title='bbox 312 2303 347 2325; x_wconf 81' lang='lat' dir='ltr'><strong>est</strong></span> <span class='ocrx_word' id='word_1_361' title='bbox 363 2297 443 2334; x_wconf 81' lang='lat' dir='ltr'><strong>(Luc.</strong></span> <span class='ocrx_word' id='word_1_362' title='bbox 458 2299 500 2325; x_wconf 83' lang='grc'><strong>17.</strong></span> <span class='ocrx_word' id='word_1_363' title='bbox 516 2299 546 2325; x_wconf 75' lang='grc'><strong>21</strong></span> <span class='ocrx_word' id='word_1_364' title='bbox 559 2299 579 2334; x_wconf 93' lang='grc'><strong>).</strong></span> <span class='ocrx_word' id='word_1_365' title='bbox 596 2298 655 2326; x_wconf 84' lang='lat' dir='ltr'><strong>Jam</strong></span> <span class='ocrx_word' id='word_1_366' title='bbox 676 2291 749 2326; x_wconf 82' lang='lat' dir='ltr'><strong>mors</strong></span> <span class='ocrx_word' id='word_1_367' title='bbox 764 2300 818 2334; x_wconf 79' lang='lat' dir='ltr'><strong>regi</strong></span> <span class='ocrx_word' id='word_1_368' title='bbox 841 2299 966 2327; x_wconf 89' lang='lat' dir='ltr'><strong>terribilis</strong></span> 
     </span>
    </p>
   </div>
   <div class='ocr_carea' id='block_1_49' title="bbox 172 2343 966 2378">
    <p class='ocr_par' dir='ltr' id='par_1_49' title="bbox 172 2343 966 2378">
     <span class='ocr_line' id='line_1_49' title="bbox 172 2343 966 2378; baseline 0.006 -11"><span class='ocrx_word' id='word_1_369' title='bbox 172 2347 214 2370; x_wconf 68' lang='lat' dir='ltr'><strong>est</strong></span> <span class='ocrx_word' id='word_1_370' title='bbox 225 2364 232 2376; x_wconf 92' lang='lat'><strong>,</strong></span> <span class='ocrx_word' id='word_1_371' title='bbox 248 2343 340 2371; x_wconf 87' lang='lat' dir='ltr'><strong>eadem</strong></span> <span class='ocrx_word' id='word_1_372' title='bbox 362 2343 521 2378; x_wconf 90' lang='lat' dir='ltr'><strong>philosopho</strong></span> <span class='ocrx_word' id='word_1_373' title='bbox 537 2344 646 2371; x_wconf 88' lang='lat' dir='ltr'><strong>minime</strong></span> <span class='ocrx_word' id='word_1_374' title='bbox 668 2344 779 2372; x_wconf 88' lang='lat' dir='ltr'><strong>molesta</strong></span> <span class='ocrx_word' id='word_1_375' title='bbox 797 2355 803 2372; x_wconf 88' lang='lat'>:</span> <span class='ocrx_word' id='word_1_376' title='bbox 818 2353 879 2372; x_wconf 88' lang='lat' dir='ltr'><strong>cum</strong></span> <span class='ocrx_word' id='word_1_377' title='bbox 895 2347 966 2372; x_wconf 88' lang='lat' dir='ltr'><strong>enim</strong></span> 
     </span>
    </p>
   </div>
   <div class='ocr_carea' id='block_1_50' title="bbox 172 2389 966 2426">
    <p class='ocr_par' dir='ltr' id='par_1_50' title="bbox 172 2389 966 2426">
     <span class='ocr_line' id='line_1_50' title="bbox 172 2389 966 2426; baseline 0.006 -13"><span class='ocrx_word' id='word_1_378' title='bbox 172 2389 217 2422; x_wconf 82' lang='lat' dir='ltr'><strong>qui</strong></span> <span class='ocrx_word' id='word_1_379' title='bbox 230 2389 348 2421; x_wconf 87' lang='lat' dir='ltr'><strong>divitias,</strong></span> <span class='ocrx_word' id='word_1_380' title='bbox 364 2389 540 2424; x_wconf 90' lang='lat' dir='ltr'><strong>voluptatem,</strong></span> <span class='ocrx_word' id='word_1_381' title='bbox 561 2389 682 2423; x_wconf 85' lang='lat' dir='ltr'><strong>delicias,</strong></span> <span class='ocrx_word' id='word_1_382' title='bbox 697 2398 809 2426; x_wconf 88' lang='lat' dir='ltr'><strong>quorum</strong></span> <span class='ocrx_word' id='word_1_383' title='bbox 826 2392 908 2425; x_wconf 73' lang='lat' dir='ltr'><strong>gratia</strong></span> <span class='ocrx_word' id='word_1_384' title='bbox 925 2391 966 2418; x_wconf 92' lang='lat' dir='ltr'><strong>vi-</strong></span> 
     </span>
    </p>
   </div>
   <div class='ocr_carea' id='block_1_51' title="bbox 177 2434 968 2472">
    <p class='ocr_par' dir='ltr' id='par_1_51' title="bbox 177 2434 968 2472">
     <span class='ocr_line' id='line_1_51' title="bbox 177 2434 968 2472; baseline 0.006 -13"><span class='ocrx_word' id='word_1_385' title='bbox 177 2440 230 2461; x_wconf 90' lang='lat' dir='ltr'><strong>tam</strong></span> <span class='ocrx_word' id='word_1_386' title='bbox 242 2435 344 2468; x_wconf 63' lang='lat' dir='ltr'><strong>agitare</strong></span> <span class='ocrx_word' id='word_1_387' title='bbox 360 2434 436 2462; x_wconf 88' lang='lat' dir='ltr'><strong>multi</strong></span> <span class='ocrx_word' id='word_1_388' title='bbox 448 2435 649 2470; x_wconf 75' lang='lat' dir='ltr'><strong>concupiscunt,</strong></span> <span class='ocrx_word' id='word_1_389' title='bbox 663 2436 786 2472; x_wconf 84' lang='lat' dir='ltr'><strong>despicit,</strong></span> <span class='ocrx_word' id='word_1_390' title='bbox 803 2445 911 2465; x_wconf 88' lang='lat' dir='ltr'><strong>necesse</strong></span> <span class='ocrx_word' id='word_1_391' title='bbox 928 2442 968 2464; x_wconf 85' lang='lat' dir='ltr'><strong>est</strong></span> 
     </span>
    </p>
   </div>
   <div class='ocr_carea' id='block_1_52' title="bbox 175 2479 967 2518">
    <p class='ocr_par' dir='ltr' id='par_1_52' title="bbox 175 2479 967 2518">
     <span class='ocr_line' id='line_1_52' title="bbox 175 2479 967 2518; baseline 0.006 -12"><span class='ocrx_word' id='word_1_392' title='bbox 175 2479 361 2515; x_wconf 76' lang='lat' dir='ltr'><strong>migrationem</strong></span> <span class='ocrx_word' id='word_1_393' title='bbox 376 2481 410 2507; x_wconf 85' lang='lat' dir='ltr'><strong>ab</strong></span> <span class='ocrx_word' id='word_1_394' title='bbox 426 2481 475 2508; x_wconf 92' lang='lat' dir='ltr'><strong>hoc</strong></span> <span class='ocrx_word' id='word_1_395' title='bbox 487 2482 553 2509; x_wconf 86' lang='lat' dir='ltr'><strong>orbe</strong></span> <span class='ocrx_word' id='word_1_396' title='bbox 568 2482 637 2509; x_wconf 89' lang='lat' dir='ltr'><strong>haud</strong></span> <span class='ocrx_word' id='word_1_397' title='bbox 656 2491 725 2518; x_wconf 76' lang='lat' dir='ltr'><strong>:cgre</strong></span> <span class='ocrx_word' id='word_1_398' title='bbox 746 2484 826 2511; x_wconf 81' lang='lat' dir='ltr'><strong>ferre.</strong></span> <span class='ocrx_word' id='word_1_399' title='bbox 848 2484 923 2518; x_wconf 83' lang='lat' dir='ltr'><strong>Quod</strong></span> <span class='ocrx_word' id='word_1_400' title='bbox 945 2485 967 2511; x_wconf 90' lang='lat' dir='ltr'><strong>si</strong></span> 
     </span>
    </p>
   </div>
   <div class='ocr_carea' id='block_1_53' title="bbox 176 2526 968 2565">
    <p class='ocr_par' dir='ltr' id='par_1_53' title="bbox 176 2526 968 2565">
     <span class='ocr_line' id='line_1_53' title="bbox 176 2526 968 2565; baseline 0.005 -12"><span class='ocrx_word' id='word_1_401' title='bbox 176 2526 283 2554; x_wconf 82' lang='lat' dir='ltr'><strong>ethunc</strong></span> <span class='ocrx_word' id='word_1_402' title='bbox 301 2531 328 2553; x_wconf 88' lang='lat' dir='ltr'><strong>et</strong></span> <span class='ocrx_word' id='word_1_403' title='bbox 341 2526 415 2554; x_wconf 90' lang='lat' dir='ltr'><strong>illum</strong></span> <span class='ocrx_word' id='word_1_404' title='bbox 427 2527 542 2562; x_wconf 71' lang='lat' dir='ltr'><strong>iugulari</strong></span> <span class='ocrx_word' id='word_1_405' title='bbox 558 2529 717 2564; x_wconf 74' lang='lat' dir='ltr'><strong>contigerit,</strong></span> <span class='ocrx_word' id='word_1_406' title='bbox 734 2530 776 2557; x_wconf 91' lang='lat' dir='ltr'><strong>hic</strong></span> <span class='ocrx_word' id='word_1_407' title='bbox 798 2531 904 2565; x_wconf 82' lang='lat' dir='ltr'><strong>quidem</strong></span> <span class='ocrx_word' id='word_1_408' title='bbox 921 2538 968 2565; x_wconf 82' lang='lat' dir='ltr'><strong>pro</strong></span> 
     </span>
    </p>
   </div>
   <div class='ocr_carea' id='block_1_54' title="bbox 211 2628 831 2660">
    <p class='ocr_par' dir='ltr' id='par_1_54' title="bbox 211 2628 831 2660">
     <span class='ocr_line' id='line_1_54' title="bbox 211 2628 831 2660; baseline -0.002 -3"><span class='ocrx_word' id='word_1_409' title='bbox 211 2633 220 2650; x_wconf 85' lang='grc'>¹</span> <span class='ocrx_word' id='word_1_410' title='bbox 236 2633 272 2657; x_wconf 84' lang='lat' dir='ltr'><strong>sic</strong></span> <span class='ocrx_word' id='word_1_411' title='bbox 287 2629 383 2655; x_wconf 85' lang='lat' dir='ltr'><strong>cotslin.</strong></span> <span class='ocrx_word' id='word_1_412' title='bbox 401 2633 469 2654; x_wconf 82' lang='lat' dir='ltr'><strong>recte</strong></span> <span class='ocrx_word' id='word_1_413' title='bbox 493 2628 554 2653; x_wconf 72' lang='lat' dir='ltr'><strong>ﬁdit.</strong></span> <span class='ocrx_word' id='word_1_414' title='bbox 571 2635 638 2660; x_wconf 86' lang='lat' dir='ltr'><strong>vero,</strong></span> <span class='ocrx_word' id='word_1_415' title='bbox 651 2637 726 2656; x_wconf 77' lang='lat' dir='ltr'><strong>nonne</strong></span> <span class='ocrx_word' id='word_1_416' title='bbox 739 2632 808 2656; x_wconf 73' lang='lat' dir='ltr'><strong>mins</strong></span> <span class='ocrx_word' id='word_1_417' title='bbox 819 2631 831 2655; x_wconf 71' lang='lat'><strong>1’</strong></span> 
     </span>
    </p>
   </div>
   <div class='ocr_carea' id='block_1_55' title="bbox 1003 178 1791 213">
    <p class='ocr_par' dir='ltr' id='par_1_55' title="bbox 1003 178 1791 213">
     <span class='ocr_line' id='line_1_55' title="bbox 1003 178 1791 213; baseline 0.005 -9"><span class='ocrx_word' id='word_1_418' title='bbox 1003 178 1099 213; x_wconf 79' lang='lat' dir='ltr'><strong>pietate</strong></span> <span class='ocrx_word' id='word_1_419' title='bbox 1117 180 1234 213; x_wconf 86' lang='lat' dir='ltr'><strong>pericula</strong></span> <span class='ocrx_word' id='word_1_420' title='bbox 1255 180 1306 206; x_wconf 88' lang='lat' dir='ltr'><strong>sibi</strong></span> <span class='ocrx_word' id='word_1_421' title='bbox 1320 185 1449 212; x_wconf 66' lang='lat' dir='ltr'><strong>accersat,</strong></span> <span class='ocrx_word' id='word_1_422' title='bbox 1471 181 1648 208; x_wconf 80' lang='lat' dir='ltr'><strong>iminortaiem</strong></span> <span class='ocrx_word' id='word_1_423' title='bbox 1666 186 1692 208; x_wconf 89' lang='lat' dir='ltr'><strong>et</strong></span> <span class='ocrx_word' id='word_1_424' title='bbox 1708 182 1791 208; x_wconf 68' lang='lat' dir='ltr'><strong>etule-</strong></span> 
     </span>
    </p>
   </div>
   <div class='ocr_carea' id='block_1_56' title="bbox 1000 224 1791 262">
    <p class='ocr_par' dir='ltr' id='par_1_56' title="bbox 1000 224 1791 262">
     <span class='ocr_line' id='line_1_56' title="bbox 1000 224 1791 262; baseline 0.006 -12"><span class='ocrx_word' id='word_1_425' title='bbox 1000 230 1067 250; x_wconf 90' lang='lat' dir='ltr'><strong>stem</strong></span> <span class='ocrx_word' id='word_1_426' title='bbox 1083 224 1163 251; x_wconf 74' lang='lat' dir='ltr'><strong>Vilﬂlll</strong></span> <span class='ocrx_word' id='word_1_427' title='bbox 1178 229 1264 252; x_wconf 86' lang='lat' dir='ltr'><strong>morte</strong></span> <span class='ocrx_word' id='word_1_428' title='bbox 1277 233 1324 252; x_wconf 88' lang='lat' dir='ltr'><strong>sua</strong></span> <span class='ocrx_word' id='word_1_429' title='bbox 1339 233 1498 260; x_wconf 85' lang='lat' dir='ltr'><strong>comparans</strong></span> <span class='ocrx_word' id='word_1_430' title='bbox 1516 234 1521 251; x_wconf 73' lang='grc' dir='ltr'><strong>ἶ</strong></span> <span class='ocrx_word' id='word_1_431' title='bbox 1537 230 1564 252; x_wconf 73' lang='grc'><strong>31,</strong></span> <span class='ocrx_word' id='word_1_432' title='bbox 1586 235 1631 253; x_wconf 84' lang='lat' dir='ltr'><strong>rex</strong></span> <span class='ocrx_word' id='word_1_433' title='bbox 1652 232 1791 262; x_wconf 77' lang='lat' dir='ltr'><strong>tyranuum</strong></span> 
     </span>
    </p>
   </div>
   <div class='ocr_carea' id='block_1_57' title="bbox 1000 269 1792 307">
    <p class='ocr_par' dir='ltr' id='par_1_57' title="bbox 1000 269 1792 307">
     <span class='ocr_line' id='line_1_57' title="bbox 1000 269 1792 307; baseline 0.004 -11"><span class='ocrx_word' id='word_1_434' title='bbox 1000 269 1127 305; x_wconf 81' lang='lat' dir='ltr'><strong>aliquem,</strong></span> <span class='ocrx_word' id='word_1_435' title='bbox 1143 275 1243 297; x_wconf 89' lang='lat' dir='ltr'><strong>etcum</strong></span> <span class='ocrx_word' id='word_1_436' title='bbox 1258 271 1302 306; x_wconf 88' lang='lat' dir='ltr'><strong>qui</strong></span> <span class='ocrx_word' id='word_1_437' title='bbox 1324 271 1464 306; x_wconf 90' lang='lat' dir='ltr'><strong>imperium</strong></span> <span class='ocrx_word' id='word_1_438' title='bbox 1485 271 1602 303; x_wconf 76' lang='lat' dir='ltr'><strong>affectat,</strong></span> <span class='ocrx_word' id='word_1_439' title='bbox 1615 272 1792 307; x_wconf 75' lang='lat' dir='ltr'><strong>jiigulatorcm</strong></span> 
     </span>
    </p>
   </div>
   <div class='ocr_carea' id='block_1_58' title="bbox 1002 315 1793 352">
    <p class='ocr_par' dir='ltr' id='par_1_58' title="bbox 1002 315 1793 352">
     <span class='ocr_line' id='line_1_58' title="bbox 1002 315 1793 352; baseline 0.004 -10"><span class='ocrx_word' id='word_1_440' title='bbox 1002 323 1079 342; x_wconf 89' lang='lat' dir='ltr'><strong>suum</strong></span> <span class='ocrx_word' id='word_1_441' title='bbox 1094 315 1231 343; x_wconf 81' lang='lat' dir='ltr'><strong>habiturus</strong></span> <span class='ocrx_word' id='word_1_442' title='bbox 1244 321 1294 349; x_wconf 81' lang='lat' dir='ltr'><strong>est,</strong></span> <span class='ocrx_word' id='word_1_443' title='bbox 1317 316 1469 343; x_wconf 85' lang='lat' dir='ltr'><strong>miserabile</strong></span> <span class='ocrx_word' id='word_1_444' title='bbox 1490 316 1615 352; x_wconf 87' lang='lat' dir='ltr'><strong>idemque</strong></span> <span class='ocrx_word' id='word_1_445' title='bbox 1630 317 1793 346; x_wconf 72' lang='lat' dir='ltr'><strong>horrendimi</strong></span> 
     </span>
    </p>
   </div>
   <div class='ocr_carea' id='block_1_59' title="bbox 1002 363 1794 399">
    <p class='ocr_par' dir='ltr' id='par_1_59' title="bbox 1002 363 1794 399">
     <span class='ocr_line' id='line_1_59' title="bbox 1002 363 1794 399; baseline 0.004 -10"><span class='ocrx_word' id='word_1_446' title='bbox 1002 367 1063 398; x_wconf 86' lang='lat' dir='ltr'><strong>post</strong></span> <span class='ocrx_word' id='word_1_447' title='bbox 1073 363 1172 390; x_wconf 75' lang='lat' dir='ltr'><strong>emdem</strong></span> <span class='ocrx_word' id='word_1_448' title='bbox 1188 363 1367 398; x_wconf 86' lang='lat' dir='ltr'><strong>spectaculum</strong></span> <span class='ocrx_word' id='word_1_449' title='bbox 1378 371 1385 395; x_wconf 92' lang='lat'><strong>;</strong></span> <span class='ocrx_word' id='word_1_450' title='bbox 1395 363 1557 390; x_wconf 90' lang='lat' dir='ltr'><strong>monachum</strong></span> <span class='ocrx_word' id='word_1_451' title='bbox 1568 371 1632 391; x_wconf 87' lang='lat' dir='ltr'><strong>vero</strong></span> <span class='ocrx_word' id='word_1_452' title='bbox 1642 373 1689 399; x_wconf 85' lang='lat' dir='ltr'><strong>pro</strong></span> <span class='ocrx_word' id='word_1_453' title='bbox 1699 365 1794 399; x_wconf 68' lang='lat' dir='ltr'><strong>pietate</strong></span> 
     </span>
    </p>
   </div>
   <div class='ocr_carea' id='block_1_60' title="bbox 1000 408 1795 444">
    <p class='ocr_par' dir='ltr' id='par_1_60' title="bbox 1000 408 1795 444">
     <span class='ocr_line' id='line_1_60' title="bbox 1000 408 1795 444; baseline 0.003 -10"><span class='ocrx_word' id='word_1_454' title='bbox 1000 408 1149 443; x_wconf 78' lang='lat' dir='ltr'><strong>jugulatuin</strong></span> <span class='ocrx_word' id='word_1_455' title='bbox 1163 416 1284 440; x_wconf 86' lang='lat' dir='ltr'><strong>cernere,</strong></span> <span class='ocrx_word' id='word_1_456' title='bbox 1300 408 1378 435; x_wconf 87' lang='lat' dir='ltr'><strong>dulce</strong></span> <span class='ocrx_word' id='word_1_457' title='bbox 1391 413 1471 444; x_wconf 85' lang='lat' dir='ltr'><strong>atque</strong></span> <span class='ocrx_word' id='word_1_458' title='bbox 1484 409 1602 436; x_wconf 85' lang='lat' dir='ltr'><strong>salutare</strong></span> <span class='ocrx_word' id='word_1_459' title='bbox 1614 410 1795 444; x_wconf 72' lang='lat' dir='ltr'><strong>spectaCulnui</strong></span> 
     </span>
    </p>
   </div>
   <div class='ocr_carea' id='block_1_61' title="bbox 1003 454 1792 490">
    <p class='ocr_par' dir='ltr' id='par_1_61' title="bbox 1003 454 1792 490">
     <span class='ocr_line' id='line_1_61' title="bbox 1003 454 1792 490; baseline 0.003 -9"><span class='ocrx_word' id='word_1_460' title='bbox 1003 459 1053 481; x_wconf 89' lang='lat' dir='ltr'><strong>est.</strong></span> <span class='ocrx_word' id='word_1_461' title='bbox 1068 454 1143 482; x_wconf 84' lang='lat' dir='ltr'><strong>Adde</strong></span> <span class='ocrx_word' id='word_1_462' title='bbox 1162 455 1203 482; x_wconf 91' lang='lat' dir='ltr'><strong>his</strong></span> <span class='ocrx_word' id='word_1_463' title='bbox 1215 454 1284 490; x_wconf 85' lang='lat' dir='ltr'><strong>quod</strong></span> <span class='ocrx_word' id='word_1_464' title='bbox 1306 454 1452 482; x_wconf 85' lang='lat' dir='ltr'><strong>monachus</strong></span> <span class='ocrx_word' id='word_1_465' title='bbox 1464 455 1596 485; x_wconf 85' lang='lat' dir='ltr'><strong>honorum</strong></span> <span class='ocrx_word' id='word_1_466' title='bbox 1610 464 1718 484; x_wconf 91' lang='lat' dir='ltr'><strong>suorum</strong></span> <span class='ocrx_word' id='word_1_467' title='bbox 1730 457 1792 483; x_wconf 78' lang='lat' dir='ltr'><strong>alie-</strong></span> 
     </span>
    </p>
   </div>
   <div class='ocr_carea' id='block_1_62' title="bbox 1003 500 1794 536">
    <p class='ocr_par' dir='ltr' id='par_1_62' title="bbox 1003 500 1794 536">
     <span class='ocr_line' id='line_1_62' title="bbox 1003 500 1794 536; baseline 0.004 -10"><span class='ocrx_word' id='word_1_468' title='bbox 1003 504 1120 527; x_wconf 80' lang='lat' dir='ltr'><strong>ctatores</strong></span> <span class='ocrx_word' id='word_1_469' title='bbox 1147 500 1287 527; x_wconf 86' lang='lat' dir='ltr'><strong>habiturus</strong></span> <span class='ocrx_word' id='word_1_470' title='bbox 1313 505 1373 533; x_wconf 89' lang='lat' dir='ltr'><strong>est,</strong></span> <span class='ocrx_word' id='word_1_471' title='bbox 1396 501 1566 529; x_wconf 70' lang='lat' dir='ltr'><strong>mntulatores</strong></span> <span class='ocrx_word' id='word_1_472' title='bbox 1587 509 1618 528; x_wconf 88' lang='lat' dir='ltr'><strong>ac</strong></span> <span class='ocrx_word' id='word_1_473' title='bbox 1639 502 1794 536; x_wconf 82' lang='lat' dir='ltr'><strong>discipulos,</strong></span> 
     </span>
    </p>
   </div>
   <div class='ocr_carea' id='block_1_63' title="bbox 1004 547 1791 583">
    <p class='ocr_par' dir='ltr' id='par_1_63' title="bbox 1004 547 1791 583">
     <span class='ocr_line' id='line_1_63' title="bbox 1004 547 1791 583; baseline 0.003 -10"><span class='ocrx_word' id='word_1_474' title='bbox 1004 547 1072 573; x_wconf 88' lang='lat' dir='ltr'><strong>bona</strong></span> <span class='ocrx_word' id='word_1_475' title='bbox 1090 555 1123 574; x_wconf 88' lang='lat' dir='ltr'><strong>ex</strong></span> <span class='ocrx_word' id='word_1_476' title='bbox 1138 552 1213 582; x_wconf 90' lang='lat' dir='ltr'><strong>parte</strong></span> <span class='ocrx_word' id='word_1_477' title='bbox 1233 553 1446 582; x_wconf 88' lang='lat' dir='ltr'><strong>comprecantcs,</strong></span> <span class='ocrx_word' id='word_1_478' title='bbox 1468 554 1497 574; x_wconf 91' lang='lat' dir='ltr'><strong>ut</strong></span> <span class='ocrx_word' id='word_1_479' title='bbox 1516 548 1599 583; x_wconf 89' lang='lat' dir='ltr'><strong>ipsius</strong></span> <span class='ocrx_word' id='word_1_480' title='bbox 1613 549 1714 575; x_wconf 88' lang='lat' dir='ltr'><strong>similes</strong></span> <span class='ocrx_word' id='word_1_481' title='bbox 1733 556 1791 575; x_wconf 84' lang='lat' dir='ltr'><strong>eia-</strong></span> 
     </span>
    </p>
   </div>
   <div class='ocr_carea' id='block_1_64' title="bbox 1004 592 1797 629">
    <p class='ocr_par' dir='ltr' id='par_1_64' title="bbox 1004 592 1797 629">
     <span class='ocr_line' id='line_1_64' title="bbox 1004 592 1797 629; baseline 0.003 -10"><span class='ocrx_word' id='word_1_482' title='bbox 1004 592 1068 619; x_wconf 81' lang='lat' dir='ltr'><strong>dant</strong></span> <span class='ocrx_word' id='word_1_483' title='bbox 1087 601 1094 620; x_wconf 91' lang='lat'><em>:</em></span> <span class='ocrx_word' id='word_1_484' title='bbox 1113 598 1141 619; x_wconf 87' lang='lat' dir='ltr'><strong>at</strong></span> <span class='ocrx_word' id='word_1_485' title='bbox 1160 600 1206 620; x_wconf 91' lang='lat' dir='ltr'><strong>rex</strong></span> <span class='ocrx_word' id='word_1_486' title='bbox 1229 593 1326 620; x_wconf 91' lang='lat' dir='ltr'><strong>multos</strong></span> <span class='ocrx_word' id='word_1_487' title='bbox 1346 594 1443 620; x_wconf 84' lang='lat' dir='ltr'><strong>frustra</strong></span> <span class='ocrx_word' id='word_1_488' title='bbox 1465 593 1492 620; x_wconf 93' lang='lat' dir='ltr'><strong>in</strong></span> <span class='ocrx_word' id='word_1_489' title='bbox 1515 594 1638 629; x_wconf 88' lang='lat' dir='ltr'><strong>precibus</strong></span> <span class='ocrx_word' id='word_1_490' title='bbox 1660 601 1797 621; x_wconf 84' lang='lat' dir='ltr'><strong>sermones</strong></span> 
     </span>
    </p>
   </div>
   <div class='ocr_carea' id='block_1_65' title="bbox 1005 631 1797 674">
    <p class='ocr_par' dir='ltr' id='par_1_65' title="bbox 1005 631 1797 674">
     <span class='ocr_line' id='line_1_65' title="bbox 1005 631 1797 674; baseline 0.004 -10"><span class='ocrx_word' id='word_1_491' title='bbox 1005 638 1186 673; x_wconf 79' lang='lat' dir='ltr'><strong>insuinpscrit,</strong></span> <span class='ocrx_word' id='word_1_492' title='bbox 1202 639 1284 666; x_wconf 80' lang='lat' dir='ltr'><strong>Deum</strong></span> <span class='ocrx_word' id='word_1_493' title='bbox 1298 631 1404 674; x_wconf 54' lang='lat' dir='ltr'><strong>rogans:</strong></span> <span class='ocrx_word' id='word_1_494' title='bbox 1419 644 1445 666; x_wconf 91' lang='grc' dir='ltr'><strong>ιιι</strong></span> <span class='ocrx_word' id='word_1_495' title='bbox 1462 647 1541 666; x_wconf 87' lang='lat' dir='ltr'><strong>nemo</strong></span> <span class='ocrx_word' id='word_1_496' title='bbox 1558 640 1680 673; x_wconf 85' lang='lat' dir='ltr'><strong>exsistat,</strong></span> <span class='ocrx_word' id='word_1_497' title='bbox 1691 641 1735 674; x_wconf 84' lang='lat' dir='ltr'><strong>qui</strong></span> <span class='ocrx_word' id='word_1_498' title='bbox 1753 648 1797 667; x_wconf 87' lang='lat' dir='ltr'><strong>re-</strong></span> 
     </span>
    </p>
   </div>
   <div class='ocr_carea' id='block_1_66' title="bbox 1004 685 1799 719">
    <p class='ocr_par' dir='ltr' id='par_1_66' title="bbox 1004 685 1799 719">
     <span class='ocr_line' id='line_1_66' title="bbox 1004 685 1799 719; baseline 0.001 -8"><span class='ocrx_word' id='word_1_499' title='bbox 1004 693 1084 719; x_wconf 76' lang='lat' dir='ltr'><strong>gnum</strong></span> <span class='ocrx_word' id='word_1_500' title='bbox 1098 685 1214 713; x_wconf 75' lang='lat' dir='ltr'><strong>affectet.</strong></span> <span class='ocrx_word' id='word_1_501' title='bbox 1227 685 1363 713; x_wconf 62' lang='lat' dir='ltr'><strong>Prictcrea</strong></span> <span class='ocrx_word' id='word_1_502' title='bbox 1379 686 1453 712; x_wconf 88' lang='lat' dir='ltr'><strong>illum</strong></span> <span class='ocrx_word' id='word_1_503' title='bbox 1477 686 1629 712; x_wconf 88' lang='lat' dir='ltr'><strong>ititerlicere</strong></span> <span class='ocrx_word' id='word_1_504' title='bbox 1650 686 1736 712; x_wconf 77' lang='lat' dir='ltr'><strong>nullus</strong></span> <span class='ocrx_word' id='word_1_505' title='bbox 1749 694 1799 712; x_wconf 85' lang='lat' dir='ltr'><strong>au—</strong></span> 
     </span>
    </p>
   </div>
   <div class='ocr_carea' id='block_1_67' title="bbox 1005 731 1799 766">
    <p class='ocr_par' dir='ltr' id='par_1_67' title="bbox 1005 731 1799 766">
     <span class='ocr_line' id='line_1_67' title="bbox 1005 731 1799 766; baseline 0 -8"><span class='ocrx_word' id='word_1_506' title='bbox 1005 732 1077 762; x_wconf 86' lang='lat' dir='ltr'><strong>deat,</strong></span> <span class='ocrx_word' id='word_1_507' title='bbox 1089 740 1150 759; x_wconf 91' lang='lat' dir='ltr'><strong>cum</strong></span> <span class='ocrx_word' id='word_1_508' title='bbox 1165 732 1298 760; x_wconf 81' lang='lat' dir='ltr'><strong>existimet</strong></span> <span class='ocrx_word' id='word_1_509' title='bbox 1311 732 1421 766; x_wconf 90' lang='lat' dir='ltr'><strong>impium</strong></span> <span class='ocrx_word' id='word_1_510' title='bbox 1443 740 1472 759; x_wconf 88' lang='lat' dir='ltr'><strong>se</strong></span> <span class='ocrx_word' id='word_1_511' title='bbox 1493 732 1519 759; x_wconf 88' lang='lat' dir='ltr'><strong>iii</strong></span> <span class='ocrx_word' id='word_1_512' title='bbox 1532 732 1614 759; x_wconf 86' lang='lat' dir='ltr'><strong>Deum</strong></span> <span class='ocrx_word' id='word_1_513' title='bbox 1630 731 1758 764; x_wconf 91' lang='lat' dir='ltr'><strong>futurum,</strong></span> <span class='ocrx_word' id='word_1_514' title='bbox 1777 731 1799 758; x_wconf 86' lang='lat' dir='ltr'><strong>si</strong></span> 
     </span>
    </p>
   </div>
   <div class='ocr_carea' id='block_1_68' title="bbox 1006 778 1798 813">
    <p class='ocr_par' dir='ltr' id='par_1_68' title="bbox 1006 778 1798 813">
     <span class='ocr_line' id='line_1_68' title="bbox 1006 778 1798 813; baseline -0.003 -7"><span class='ocrx_word' id='word_1_515' title='bbox 1006 787 1067 806; x_wconf 88' lang='lat' dir='ltr'><strong>cum</strong></span> <span class='ocrx_word' id='word_1_516' title='bbox 1078 779 1235 806; x_wconf 87' lang='lat' dir='ltr'><strong>sustulerit:</strong></span> <span class='ocrx_word' id='word_1_517' title='bbox 1251 778 1312 806; x_wconf 92' lang='lat' dir='ltr'><strong>huic</strong></span> <span class='ocrx_word' id='word_1_518' title='bbox 1323 786 1386 805; x_wconf 86' lang='lat' dir='ltr'><strong>vero</strong></span> <span class='ocrx_word' id='word_1_519' title='bbox 1398 778 1473 806; x_wconf 90' lang='lat' dir='ltr'><strong>multi</strong></span> <span class='ocrx_word' id='word_1_520' title='bbox 1485 779 1651 813; x_wconf 78' lang='lat' dir='ltr'><strong>jugiilatores</strong></span> <span class='ocrx_word' id='word_1_521' title='bbox 1662 779 1798 813; x_wconf 80' lang='lat' dir='ltr'><strong>ingruunt,</strong></span> 
     </span>
    </p>
   </div>
   <div class='ocr_carea' id='block_1_69' title="bbox 1007 824 1799 860">
    <p class='ocr_par' dir='ltr' id='par_1_69' title="bbox 1007 824 1799 860">
     <span class='ocr_line' id='line_1_69' title="bbox 1007 824 1799 860; baseline -0.001 -8"><span class='ocrx_word' id='word_1_522' title='bbox 1007 825 1154 860; x_wconf 84' lang='lat' dir='ltr'><strong>tyrannidis</strong></span> <span class='ocrx_word' id='word_1_523' title='bbox 1167 825 1347 852; x_wconf 74' lang='lat' dir='ltr'><strong>aﬂ‘ectatores.</strong></span> <span class='ocrx_word' id='word_1_524' title='bbox 1363 824 1541 858; x_wconf 84' lang='lat' dir='ltr'><strong>Quamobrem</strong></span> <span class='ocrx_word' id='word_1_525' title='bbox 1555 825 1623 852; x_wconf 86' lang='lat' dir='ltr'><strong>alter</strong></span> <span class='ocrx_word' id='word_1_526' title='bbox 1643 825 1739 851; x_wconf 88' lang='lat' dir='ltr'><strong>milites</strong></span> <span class='ocrx_word' id='word_1_527' title='bbox 1750 825 1799 851; x_wconf 86' lang='lat' dir='ltr'><strong>ad-</strong></span> 
     </span>
    </p>
   </div>
   <div class='ocr_carea' id='block_1_70' title="bbox 1007 871 1800 906">
    <p class='ocr_par' dir='ltr' id='par_1_70' title="bbox 1007 871 1800 906">
     <span class='ocr_line' id='line_1_70' title="bbox 1007 871 1800 906; baseline 0 -9"><span class='ocrx_word' id='word_1_528' title='bbox 1007 871 1080 898; x_wconf 86' lang='lat' dir='ltr'><strong>hibet</strong></span> <span class='ocrx_word' id='word_1_529' title='bbox 1103 872 1224 906; x_wconf 87' lang='lat' dir='ltr'><strong>corporis</strong></span> <span class='ocrx_word' id='word_1_530' title='bbox 1250 871 1290 898; x_wconf 92' lang='lat' dir='ltr'><strong>sui</strong></span> <span class='ocrx_word' id='word_1_531' title='bbox 1313 871 1459 902; x_wconf 83' lang='lat' dir='ltr'><strong>custodes,</strong></span> <span class='ocrx_word' id='word_1_532' title='bbox 1483 871 1551 898; x_wconf 85' lang='lat' dir='ltr'><strong>alter</strong></span> <span class='ocrx_word' id='word_1_533' title='bbox 1574 871 1653 898; x_wconf 88' lang='lat' dir='ltr'><strong>urbes</strong></span> <span class='ocrx_word' id='word_1_534' title='bbox 1678 871 1800 906; x_wconf 80' lang='lat' dir='ltr'><strong>precibus</strong></span> 
     </span>
    </p>
   </div>
   <div class='ocr_carea' id='block_1_71' title="bbox 1007 917 1798 953">
    <p class='ocr_par' dir='ltr' id='par_1_71' title="bbox 1007 917 1798 953">
     <span class='ocr_line' id='line_1_71' title="bbox 1007 917 1798 953; baseline -0.003 -8"><span class='ocrx_word' id='word_1_535' title='bbox 1007 919 1063 945; x_wconf 81' lang='lat' dir='ltr'><strong>suis</strong></span> <span class='ocrx_word' id='word_1_536' title='bbox 1087 923 1222 953; x_wconf 86' lang='lat' dir='ltr'><strong>tamquam</strong></span> <span class='ocrx_word' id='word_1_537' title='bbox 1247 926 1323 944; x_wconf 91' lang='lat' dir='ltr'><strong>muro</strong></span> <span class='ocrx_word' id='word_1_538' title='bbox 1346 917 1512 948; x_wconf 83' lang='lat' dir='ltr'><strong>communit,</strong></span> <span class='ocrx_word' id='word_1_539' title='bbox 1534 917 1668 944; x_wconf 88' lang='lat' dir='ltr'><strong>neminem</strong></span> <span class='ocrx_word' id='word_1_540' title='bbox 1691 918 1798 950; x_wconf 82' lang='lat' dir='ltr'><strong>timens,</strong></span> 
     </span>
    </p>
   </div>
   <div class='ocr_carea' id='block_1_72' title="bbox 1007 964 1801 999">
    <p class='ocr_par' dir='ltr' id='par_1_72' title="bbox 1007 964 1801 999">
     <span class='ocr_line' id='line_1_72' title="bbox 1007 964 1801 999; baseline -0.001 -8"><span class='ocrx_word' id='word_1_541' title='bbox 1007 973 1067 992; x_wconf 92' lang='lat' dir='ltr'><strong>cum</strong></span> <span class='ocrx_word' id='word_1_542' title='bbox 1088 973 1133 992; x_wconf 88' lang='lat' dir='ltr'><strong>rex</strong></span> <span class='ocrx_word' id='word_1_543' title='bbox 1149 970 1277 999; x_wconf 87' lang='lat' dir='ltr'><strong>perpettto</strong></span> <span class='ocrx_word' id='word_1_544' title='bbox 1297 964 1322 991; x_wconf 92' lang='lat' dir='ltr'><strong>in</strong></span> <span class='ocrx_word' id='word_1_545' title='bbox 1337 964 1443 998; x_wconf 76' lang='lat' dir='ltr'><strong>timore,</strong></span> <span class='ocrx_word' id='word_1_546' title='bbox 1466 964 1591 991; x_wconf 83' lang='lat' dir='ltr'><strong>euntiiiua</strong></span> <span class='ocrx_word' id='word_1_547' title='bbox 1611 964 1635 990; x_wconf 92' lang='lat' dir='ltr'><strong>iu</strong></span> <span class='ocrx_word' id='word_1_548' title='bbox 1657 964 1736 990; x_wconf 70' lang='lat' dir='ltr'><strong>cedis</strong></span> <span class='ocrx_word' id='word_1_549' title='bbox 1755 972 1801 990; x_wconf 75' lang='lat' dir='ltr'><strong>cx-</strong></span> 
     </span>
    </p>
   </div>
   <div class='ocr_carea' id='block_1_73' title="bbox 1008 1010 1798 1047">
    <p class='ocr_par' dir='ltr' id='par_1_73' title="bbox 1008 1010 1798 1047">
     <span class='ocr_line' id='line_1_73' title="bbox 1008 1010 1798 1047; baseline -0.005 -7"><span class='ocrx_word' id='word_1_550' title='bbox 1008 1013 1173 1047; x_wconf 83' lang='lat' dir='ltr'><strong>Spectatione</strong></span> <span class='ocrx_word' id='word_1_551' title='bbox 1185 1012 1253 1038; x_wconf 87' lang='lat' dir='ltr'><strong>vivat</strong></span> <span class='ocrx_word' id='word_1_552' title='bbox 1267 1020 1273 1038; x_wconf 92' lang='lat'>:</span> <span class='ocrx_word' id='word_1_553' title='bbox 1287 1019 1378 1038; x_wconf 86' lang='lat' dir='ltr'><strong>secum</strong></span> <span class='ocrx_word' id='word_1_554' title='bbox 1399 1011 1469 1038; x_wconf 87' lang='lat' dir='ltr'><strong>cnim</strong></span> <span class='ocrx_word' id='word_1_555' title='bbox 1489 1010 1644 1038; x_wconf 74' lang='lat' dir='ltr'><strong>circumfert</strong></span> <span class='ocrx_word' id='word_1_556' title='bbox 1661 1011 1798 1037; x_wconf 76' lang='lat' dir='ltr'><strong>nvaiitiam</strong></span> 
     </span>
    </p>
   </div>
   <div class='ocr_carea' id='block_1_74' title="bbox 1009 1054 1800 1092">
    <p class='ocr_par' dir='ltr' id='par_1_74' title="bbox 1009 1054 1800 1092">
     <span class='ocr_line' id='line_1_74' title="bbox 1009 1054 1800 1092; baseline -0.003 -8"><span class='ocrx_word' id='word_1_557' title='bbox 1009 1057 1198 1092; x_wconf 68' lang='lat' dir='ltr'><strong>[)Ol‘i4.lliUSﬂlll,</strong></span> <span class='ocrx_word' id='word_1_558' title='bbox 1221 1065 1268 1092; x_wconf 88' lang='lat' dir='ltr'><strong>pro</strong></span> <span class='ocrx_word' id='word_1_559' title='bbox 1288 1064 1340 1092; x_wconf 85' lang='lat' dir='ltr'><strong>qua</strong></span> <span class='ocrx_word' id='word_1_560' title='bbox 1360 1055 1508 1083; x_wconf 86' lang='lat' dir='ltr'><strong>monachus</strong></span> <span class='ocrx_word' id='word_1_561' title='bbox 1529 1060 1611 1083; x_wconf 86' lang='lat' dir='ltr'><strong>tutam</strong></span> <span class='ocrx_word' id='word_1_562' title='bbox 1633 1063 1687 1090; x_wconf 77' lang='lat' dir='ltr'><strong>pra:</strong></span> <span class='ocrx_word' id='word_1_563' title='bbox 1707 1063 1736 1082; x_wconf 88' lang='lat' dir='ltr'><strong>se</strong></span> <span class='ocrx_word' id='word_1_564' title='bbox 1750 1054 1800 1082; x_wconf 84' lang='lat' dir='ltr'><strong>fert</strong></span> 
     </span>
    </p>
   </div>
   <div class='ocr_carea' id='block_1_75' title="bbox 1009 1104 1132 1131">
    <p class='ocr_par' dir='ltr' id='par_1_75' title="bbox 1009 1104 1132 1131">
     <span class='ocr_line' id='line_1_75' title="bbox 1009 1104 1132 1131; baseline 0 -1"><span class='ocrx_word' id='word_1_565' title='bbox 1009 1104 1132 1131; x_wconf 87' lang='lat' dir='ltr'><strong>salutem.</strong></span> 
     </span>
    </p>
   </div>
   <div class='ocr_carea' id='block_1_76' title="bbox 1043 1148 1800 1184">
    <p class='ocr_par' dir='ltr' id='par_1_76' title="bbox 1043 1148 1800 1184">
     <span class='ocr_line' id='line_1_76' title="bbox 1043 1148 1800 1184; baseline -0.004 -8"><span class='ocrx_word' id='word_1_566' title='bbox 1043 1149 1181 1184; x_wconf 75' lang='lat' dir='ltr'><strong>Compara!</strong></span> <span class='ocrx_word' id='word_1_567' title='bbox 1195 1157 1250 1175; x_wconf 78' lang='lat' dir='ltr'><strong>rum</strong></span> <span class='ocrx_word' id='word_1_568' title='bbox 1267 1157 1324 1184; x_wconf 69' lang='lat' dir='ltr'><strong>rege</strong></span> <span class='ocrx_word' id='word_1_569' title='bbox 1346 1149 1496 1176; x_wconf 70' lang='lat' dir='ltr'><strong>monac/mm</strong></span> <span class='ocrx_word' id='word_1_570' title='bbox 1517 1149 1541 1175; x_wconf 83' lang='lat' dir='ltr'><strong>in</strong></span> <span class='ocrx_word' id='word_1_571' title='bbox 1565 1149 1594 1175; x_wconf 76' lang='lat' dir='ltr'><strong>iis</strong></span> <span class='ocrx_word' id='word_1_572' title='bbox 1617 1148 1672 1182; x_wconf 76' lang='lat' dir='ltr'><strong>qitar</strong></span> <span class='ocrx_word' id='word_1_573' title='bbox 1697 1152 1800 1174; x_wconf 78' lang='lat' dir='ltr'><strong>mortem</strong></span> 
     </span>
    </p>
   </div>
   <div class='ocr_carea' id='block_1_77' title="bbox 1009 1193 1802 1230">
    <p class='ocr_par' dir='ltr' id='par_1_77' title="bbox 1009 1193 1802 1230">
     <span class='ocr_line' id='line_1_77' title="bbox 1009 1193 1802 1230; baseline -0.004 -8"><span class='ocrx_word' id='word_1_574' title='bbox 1009 1201 1155 1230; x_wconf 72' lang='lat' dir='ltr'><strong>sequuntur.</strong></span> <span class='ocrx_word' id='word_1_575' title='bbox 1168 1210 1204 1214; x_wconf 91' lang='lat'><em>—</em></span> <span class='ocrx_word' id='word_1_576' title='bbox 1217 1195 1332 1222; x_wconf 82' lang='lat' dir='ltr'><strong>l’ruinde</strong></span> <span class='ocrx_word' id='word_1_577' title='bbox 1345 1195 1379 1222; x_wconf 83' lang='lat' dir='ltr'><strong>de</strong></span> <span class='ocrx_word' id='word_1_578' title='bbox 1393 1195 1473 1222; x_wconf 70' lang='lat' dir='ltr'><strong>rebus</strong></span> <span class='ocrx_word' id='word_1_579' title='bbox 1487 1202 1546 1229; x_wconf 77' lang='lat' dir='ltr'><strong>quat</strong></span> <span class='ocrx_word' id='word_1_580' title='bbox 1566 1201 1614 1220; x_wconf 92' lang='lat' dir='ltr'><strong>nos</strong></span> <span class='ocrx_word' id='word_1_581' title='bbox 1632 1194 1656 1220; x_wconf 94' lang='lat' dir='ltr'><strong>iii</strong></span> <span class='ocrx_word' id='word_1_582' title='bbox 1679 1193 1802 1228; x_wconf 76' lang='lat' dir='ltr'><strong>pra-senti</strong></span> 
     </span>
    </p>
   </div>
   <div class='ocr_carea' id='block_1_78' title="bbox 1009 1237 1802 1271">
    <p class='ocr_par' dir='ltr' id='par_1_78' title="bbox 1009 1237 1802 1271">
     <span class='ocr_line' id='line_1_78' title="bbox 1009 1237 1802 1271; baseline -0.005 -3"><span class='ocrx_word' id='word_1_583' title='bbox 1009 1241 1061 1268; x_wconf 84' lang='lat' dir='ltr'><strong>vita</strong></span> <span class='ocrx_word' id='word_1_584' title='bbox 1077 1240 1277 1268; x_wconf 86' lang='lat' dir='ltr'><strong>circumsistunt</strong></span> <span class='ocrx_word' id='word_1_585' title='bbox 1291 1240 1397 1267; x_wconf 87' lang='lat' dir='ltr'><strong>abunde</strong></span> <span class='ocrx_word' id='word_1_586' title='bbox 1413 1240 1476 1266; x_wconf 90' lang='lat' dir='ltr'><strong>iiiilii</strong></span> <span class='ocrx_word' id='word_1_587' title='bbox 1493 1240 1593 1267; x_wconf 81' lang='lat' dir='ltr'><strong>dixisse</strong></span> <span class='ocrx_word' id='word_1_588' title='bbox 1609 1239 1709 1266; x_wconf 88' lang='lat' dir='ltr'><strong>videor.</strong></span> <span class='ocrx_word' id='word_1_589' title='bbox 1726 1237 1802 1271; x_wconf 82' lang='lat' dir='ltr'><strong>Quod</strong></span> 
     </span>
    </p>
   </div>
   <div class='ocr_carea' id='block_1_79' title="bbox 1010 1285 1803 1316">
    <p class='ocr_par' dir='ltr' id='par_1_79' title="bbox 1010 1285 1803 1316">
     <span class='ocr_line' id='line_1_79' title="bbox 1010 1285 1803 1316; baseline -0.005 -2"><span class='ocrx_word' id='word_1_590' title='bbox 1010 1287 1031 1314; x_wconf 90' lang='lat' dir='ltr'><strong>si</strong></span> <span class='ocrx_word' id='word_1_591' title='bbox 1051 1292 1077 1314; x_wconf 86' lang='lat' dir='ltr'><strong>et</strong></span> <span class='ocrx_word' id='word_1_592' title='bbox 1096 1291 1230 1314; x_wconf 81' lang='lat' dir='ltr'><strong>certamen</strong></span> <span class='ocrx_word' id='word_1_593' title='bbox 1255 1286 1371 1313; x_wconf 89' lang='lat' dir='ltr'><strong>futurum</strong></span> <span class='ocrx_word' id='word_1_594' title='bbox 1392 1286 1546 1312; x_wconf 86' lang='lat' dir='ltr'><strong>examinare</strong></span> <span class='ocrx_word' id='word_1_595' title='bbox 1565 1285 1687 1316; x_wconf 82' lang='lat' dir='ltr'><strong>velimus,</strong></span> <span class='ocrx_word' id='word_1_596' title='bbox 1709 1291 1803 1310; x_wconf 86' lang='lat' dir='ltr'><strong>mona-</strong></span> 
     </span>
    </p>
   </div>
   <div class='ocr_carea' id='block_1_80' title="bbox 1010 1330 1804 1367">
    <p class='ocr_par' dir='ltr' id='par_1_80' title="bbox 1010 1330 1804 1367">
     <span class='ocr_line' id='line_1_80' title="bbox 1010 1330 1804 1367; baseline -0.005 -8"><span class='ocrx_word' id='word_1_597' title='bbox 1010 1333 1089 1360; x_wconf 92' lang='lat' dir='ltr'><strong>cliuin</strong></span> <span class='ocrx_word' id='word_1_598' title='bbox 1110 1333 1217 1367; x_wconf 89' lang='lat' dir='ltr'><strong>quidem</strong></span> <span class='ocrx_word' id='word_1_599' title='bbox 1230 1332 1380 1359; x_wconf 86' lang='lat' dir='ltr'><strong>videbimus</strong></span> <span class='ocrx_word' id='word_1_600' title='bbox 1392 1331 1562 1366; x_wconf 90' lang='lat' dir='ltr'><strong>splendidum</strong></span> <span class='ocrx_word' id='word_1_601' title='bbox 1578 1337 1610 1357; x_wconf 86' lang='lat' dir='ltr'><strong>ac</strong></span> <span class='ocrx_word' id='word_1_602' title='bbox 1631 1330 1804 1364; x_wconf 83' lang='lat' dir='ltr'><strong>conspicuum</strong></span> 
     </span>
    </p>
   </div>
   <div class='ocr_carea' id='block_1_81' title="bbox 1010 1377 1804 1413">
    <p class='ocr_par' dir='ltr' id='par_1_81' title="bbox 1010 1377 1804 1413">
     <span class='ocr_line' id='line_1_81' title="bbox 1010 1377 1804 1413; baseline -0.005 -8"><span class='ocrx_word' id='word_1_603' title='bbox 1010 1380 1066 1413; x_wconf 88' lang='lat' dir='ltr'><strong>rapi</strong></span> <span class='ocrx_word' id='word_1_604' title='bbox 1080 1379 1151 1405; x_wconf 89' lang='lat' dir='ltr'><strong>inter</strong></span> <span class='ocrx_word' id='word_1_605' title='bbox 1163 1378 1250 1406; x_wconf 84' lang='lat' dir='ltr'><strong>nubes</strong></span> <span class='ocrx_word' id='word_1_606' title='bbox 1261 1378 1294 1405; x_wconf 86' lang='lat' dir='ltr'><strong>ad</strong></span> <span class='ocrx_word' id='word_1_607' title='bbox 1308 1385 1448 1405; x_wconf 89' lang='lat' dir='ltr'><strong>occursum</strong></span> <span class='ocrx_word' id='word_1_608' title='bbox 1460 1377 1558 1404; x_wconf 78' lang='lat' dir='ltr'><strong>Christi</strong></span> <span class='ocrx_word' id='word_1_609' title='bbox 1579 1377 1605 1403; x_wconf 90' lang='lat' dir='ltr'><strong>in</strong></span> <span class='ocrx_word' id='word_1_610' title='bbox 1620 1383 1692 1407; x_wconf 86' lang='lat' dir='ltr'><strong>aera,</strong></span> <span class='ocrx_word' id='word_1_611' title='bbox 1713 1383 1804 1402; x_wconf 81' lang='lat' dir='ltr'><strong>exem-</strong></span> 
     </span>
    </p>
   </div>
   <div class='ocr_carea' id='block_1_82' title="bbox 1010 1422 1805 1461">
    <p class='ocr_par' dir='ltr' id='par_1_82' title="bbox 1010 1422 1805 1461">
     <span class='ocr_line' id='line_1_82' title="bbox 1010 1422 1805 1461; baseline -0.005 -9"><span class='ocrx_word' id='word_1_612' title='bbox 1010 1425 1055 1461; x_wconf 85' lang='lat' dir='ltr'><strong>plo</strong></span> <span class='ocrx_word' id='word_1_613' title='bbox 1068 1425 1145 1452; x_wconf 80' lang='lat' dir='ltr'><strong>ducis</strong></span> <span class='ocrx_word' id='word_1_614' title='bbox 1156 1430 1183 1452; x_wconf 89' lang='lat' dir='ltr'><strong>et</strong></span> <span class='ocrx_word' id='word_1_615' title='bbox 1195 1425 1355 1452; x_wconf 87' lang='lat' dir='ltr'><strong>iiistituloris</strong></span> <span class='ocrx_word' id='word_1_616' title='bbox 1366 1424 1446 1458; x_wconf 78' lang='lat' dir='ltr'><strong>hujus</strong></span> <span class='ocrx_word' id='word_1_617' title='bbox 1461 1424 1521 1450; x_wconf 65' lang='lat' dir='ltr'><strong>vitae</strong></span> <span class='ocrx_word' id='word_1_618' title='bbox 1535 1423 1658 1450; x_wconf 86' lang='lat' dir='ltr'><strong>salutaris</strong></span> <span class='ocrx_word' id='word_1_619' title='bbox 1671 1422 1805 1449; x_wconf 78' lang='lat' dir='ltr'><strong>omnium-</strong></span> 
     </span>
    </p>
   </div>
   <div class='ocr_carea' id='block_1_83' title="bbox 1012 1469 1806 1506">
    <p class='ocr_par' dir='ltr' id='par_1_83' title="bbox 1012 1469 1806 1506">
     <span class='ocr_line' id='line_1_83' title="bbox 1012 1469 1806 1506; baseline -0.005 -8"><span class='ocrx_word' id='word_1_620' title='bbox 1012 1480 1063 1506; x_wconf 90' lang='lat' dir='ltr'><strong>que</strong></span> <span class='ocrx_word' id='word_1_621' title='bbox 1085 1473 1224 1499; x_wconf 86' lang='lat' dir='ltr'><strong>virtutum.</strong></span> <span class='ocrx_word' id='word_1_622' title='bbox 1247 1472 1281 1498; x_wconf 80' lang='lat' dir='ltr'><strong>At</strong></span> <span class='ocrx_word' id='word_1_623' title='bbox 1301 1479 1364 1502; x_wconf 86' lang='lat' dir='ltr'><strong>rex,</strong></span> <span class='ocrx_word' id='word_1_624' title='bbox 1386 1471 1408 1497; x_wconf 89' lang='lat' dir='ltr'><strong>si</strong></span> <span class='ocrx_word' id='word_1_625' title='bbox 1428 1470 1536 1505; x_wconf 90' lang='lat' dir='ltr'><strong>quidem</strong></span> <span class='ocrx_word' id='word_1_626' title='bbox 1555 1470 1625 1504; x_wconf 87' lang='lat' dir='ltr'><strong>jiiste</strong></span> <span class='ocrx_word' id='word_1_627' title='bbox 1645 1474 1671 1496; x_wconf 86' lang='lat' dir='ltr'><strong>et</strong></span> <span class='ocrx_word' id='word_1_628' title='bbox 1693 1469 1806 1495; x_wconf 84' lang='lat' dir='ltr'><strong>humano</strong></span> 
     </span>
    </p>
   </div>
   <div class='ocr_carea' id='block_1_84' title="bbox 1013 1514 1806 1552">
    <p class='ocr_par' dir='ltr' id='par_1_84' title="bbox 1013 1514 1806 1552">
     <span class='ocr_line' id='line_1_84' title="bbox 1013 1514 1806 1552; baseline -0.008 -7"><span class='ocrx_word' id='word_1_629' title='bbox 1013 1518 1154 1552; x_wconf 82' lang='lat' dir='ltr'><strong>imperium</strong></span> <span class='ocrx_word' id='word_1_630' title='bbox 1177 1518 1278 1544; x_wconf 77' lang='lat' dir='ltr'><strong>rexiSSe</strong></span> <span class='ocrx_word' id='word_1_631' title='bbox 1290 1517 1362 1544; x_wconf 89' lang='lat' dir='ltr'><strong>visus</strong></span> <span class='ocrx_word' id='word_1_632' title='bbox 1383 1516 1461 1543; x_wconf 82' lang='lat' dir='ltr'><strong>fuerit</strong></span> <span class='ocrx_word' id='word_1_633' title='bbox 1481 1524 1559 1543; x_wconf 86' lang='lat' dir='ltr'><strong>suum</strong></span> <span class='ocrx_word' id='word_1_634' title='bbox 1574 1515 1637 1547; x_wconf 87' lang='lat' dir='ltr'><strong>(hoc</strong></span> <span class='ocrx_word' id='word_1_635' title='bbox 1650 1519 1738 1541; x_wconf 88' lang='lat' dir='ltr'><strong>autem</strong></span> <span class='ocrx_word' id='word_1_636' title='bbox 1758 1514 1806 1540; x_wconf 87' lang='lat' dir='ltr'><strong>ad-</strong></span> 
     </span>
    </p>
   </div>
   <div class='ocr_carea' id='block_1_85' title="bbox 1013 1561 1806 1599">
    <p class='ocr_par' dir='ltr' id='par_1_85' title="bbox 1013 1561 1806 1599">
     <span class='ocr_line' id='line_1_85' title="bbox 1013 1561 1806 1599; baseline -0.006 -8"><span class='ocrx_word' id='word_1_637' title='bbox 1013 1565 1121 1592; x_wconf 86' lang='lat' dir='ltr'><strong>modum</strong></span> <span class='ocrx_word' id='word_1_638' title='bbox 1144 1572 1231 1591; x_wconf 86' lang='lat' dir='ltr'><strong>rarum</strong></span> <span class='ocrx_word' id='word_1_639' title='bbox 1252 1563 1334 1599; x_wconf 73' lang='lat' dir='ltr'><strong>est),</strong></span> <span class='ocrx_word' id='word_1_640' title='bbox 1361 1563 1491 1590; x_wconf 86' lang='lat' dir='ltr'><strong>minorem</strong></span> <span class='ocrx_word' id='word_1_641' title='bbox 1520 1562 1632 1588; x_wconf 82' lang='lat' dir='ltr'><strong>salutem</strong></span> <span class='ocrx_word' id='word_1_642' title='bbox 1646 1582 1653 1593; x_wconf 88' lang='lat'><strong>,</strong></span> <span class='ocrx_word' id='word_1_643' title='bbox 1676 1561 1806 1587; x_wconf 80' lang='lat' dir='ltr'><strong>minorem</strong></span> 
     </span>
    </p>
   </div>
   <div class='ocr_carea' id='block_1_86' title="bbox 1013 1607 1806 1641">
    <p class='ocr_par' dir='ltr' id='par_1_86' title="bbox 1013 1607 1806 1641">
     <span class='ocr_line' id='line_1_86' title="bbox 1013 1607 1806 1641; baseline -0.006 -4"><span class='ocrx_word' id='word_1_644' title='bbox 1013 1611 1141 1637; x_wconf 74' lang='lat' dir='ltr'><strong>IMHIUICIH</strong></span> <span class='ocrx_word' id='word_1_645' title='bbox 1163 1610 1290 1636; x_wconf 64' lang='lat' dir='ltr'><strong>rOl‘lit‘llll‘</strong></span> <span class='ocrx_word' id='word_1_646' title='bbox 1308 1618 1314 1635; x_wconf 86' lang='lat'><strong>:</strong></span> <span class='ocrx_word' id='word_1_647' title='bbox 1335 1617 1386 1635; x_wconf 81' lang='lat' dir='ltr'><strong>tiozi</strong></span> <span class='ocrx_word' id='word_1_648' title='bbox 1407 1608 1479 1635; x_wconf 88' lang='lat' dir='ltr'><strong>cnint</strong></span> <span class='ocrx_word' id='word_1_649' title='bbox 1501 1608 1580 1639; x_wconf 81' lang='lat' dir='ltr'><strong>idem,</strong></span> <span class='ocrx_word' id='word_1_650' title='bbox 1601 1616 1664 1639; x_wconf 82' lang='lat' dir='ltr'><strong>ltuit,</strong></span> <span class='ocrx_word' id='word_1_651' title='bbox 1688 1607 1806 1641; x_wconf 88' lang='lat' dir='ltr'><strong>inquam,</strong></span> 
     </span>
    </p>
   </div>
   <div class='ocr_carea' id='block_1_87' title="bbox 1013 1653 1807 1686">
    <p class='ocr_par' dir='ltr' id='par_1_87' title="bbox 1013 1653 1807 1686">
     <span class='ocr_line' id='line_1_87' title="bbox 1013 1653 1807 1686; baseline -0.004 -4"><span class='ocrx_word' id='word_1_652' title='bbox 1013 1656 1083 1682; x_wconf 88' lang='lat' dir='ltr'><strong>idem</strong></span> <span class='ocrx_word' id='word_1_653' title='bbox 1102 1656 1190 1686; x_wconf 86' lang='lat' dir='ltr'><strong>fuerit,</strong></span> <span class='ocrx_word' id='word_1_654' title='bbox 1206 1656 1291 1682; x_wconf 86' lang='lat' dir='ltr'><strong>bonus</strong></span> <span class='ocrx_word' id='word_1_655' title='bbox 1306 1663 1361 1684; x_wconf 86' lang='lat' dir='ltr'><strong>rex.</strong></span> <span class='ocrx_word' id='word_1_656' title='bbox 1375 1659 1401 1680; x_wconf 91' lang='lat' dir='ltr'><strong>et</strong></span> <span class='ocrx_word' id='word_1_657' title='bbox 1416 1654 1562 1680; x_wconf 79' lang='lat' dir='ltr'><strong>monachus</strong></span> <span class='ocrx_word' id='word_1_658' title='bbox 1578 1661 1709 1680; x_wconf 80' lang='lat' dir='ltr'><strong>summam</strong></span> <span class='ocrx_word' id='word_1_659' title='bbox 1724 1653 1748 1679; x_wconf 74' lang='lat' dir='ltr'><strong>in</strong></span> <span class='ocrx_word' id='word_1_660' title='bbox 1763 1653 1807 1679; x_wconf 82' lang='lat' dir='ltr'><strong>ltei</strong></span> 
     </span>
    </p>
   </div>
   <div class='ocr_carea' id='block_1_88' title="bbox 1013 1698 1807 1736">
    <p class='ocr_par' dir='ltr' id='par_1_88' title="bbox 1013 1698 1807 1736">
     <span class='ocr_line' id='line_1_88' title="bbox 1013 1698 1807 1736; baseline -0.006 -7"><span class='ocrx_word' id='word_1_661' title='bbox 1013 1703 1084 1730; x_wconf 85' lang='lat' dir='ltr'><strong>cultu</strong></span> <span class='ocrx_word' id='word_1_662' title='bbox 1097 1710 1188 1729; x_wconf 87' lang='lat' dir='ltr'><strong>curaui</strong></span> <span class='ocrx_word' id='word_1_663' title='bbox 1204 1709 1322 1736; x_wconf 80' lang='lat' dir='ltr'><strong>.pnneiis.</strong></span> <span class='ocrx_word' id='word_1_664' title='bbox 1339 1701 1385 1728; x_wconf 90' lang='lat' dir='ltr'><strong>Sin</strong></span> <span class='ocrx_word' id='word_1_665' title='bbox 1400 1705 1489 1726; x_wconf 88' lang='lat' dir='ltr'><strong>autem</strong></span> <span class='ocrx_word' id='word_1_666' title='bbox 1510 1698 1609 1726; x_wconf 90' lang='lat' dir='ltr'><strong>malum</strong></span> <span class='ocrx_word' id='word_1_667' title='bbox 1630 1703 1655 1725; x_wconf 90' lang='lat' dir='ltr'><strong>ct</strong></span> <span class='ocrx_word' id='word_1_668' title='bbox 1676 1698 1807 1734; x_wconf 86' lang='lat' dir='ltr'><strong>importu-</strong></span> 
     </span>
    </p>
   </div>
   <div class='ocr_carea' id='block_1_89' title="bbox 1014 1743 1808 1777">
    <p class='ocr_par' dir='ltr' id='par_1_89' title="bbox 1014 1743 1808 1777">
     <span class='ocr_line' id='line_1_89' title="bbox 1014 1743 1808 1777; baseline -0.008 -1"><span class='ocrx_word' id='word_1_669' title='bbox 1014 1757 1076 1776; x_wconf 91' lang='lat' dir='ltr'><strong>uuin</strong></span> <span class='ocrx_word' id='word_1_670' title='bbox 1090 1748 1187 1775; x_wconf 78' lang='lat' dir='ltr'><strong>vixisse</strong></span> <span class='ocrx_word' id='word_1_671' title='bbox 1207 1755 1267 1774; x_wconf 89' lang='lat' dir='ltr'><strong>cuni</strong></span> <span class='ocrx_word' id='word_1_672' title='bbox 1285 1746 1446 1777; x_wconf 86' lang='lat' dir='ltr'><strong>constiterit.</strong></span> <span class='ocrx_word' id='word_1_673' title='bbox 1466 1753 1498 1773; x_wconf 85' lang='lat' dir='ltr'><strong>ac</strong></span> <span class='ocrx_word' id='word_1_674' title='bbox 1518 1745 1608 1772; x_wconf 91' lang='lat' dir='ltr'><strong>multis</strong></span> <span class='ocrx_word' id='word_1_675' title='bbox 1627 1744 1704 1771; x_wconf 84' lang='lat' dir='ltr'><strong>malis</strong></span> <span class='ocrx_word' id='word_1_676' title='bbox 1715 1743 1808 1770; x_wconf 86' lang='lat' dir='ltr'><strong>orbem</strong></span> 
     </span>
    </p>
   </div>
   <div class='ocr_carea' id='block_1_90' title="bbox 1015 1790 1809 1829">
    <p class='ocr_par' dir='ltr' id='par_1_90' title="bbox 1015 1790 1809 1829">
     <span class='ocr_line' id='line_1_90' title="bbox 1015 1790 1809 1829; baseline -0.008 -7"><span class='ocrx_word' id='word_1_677' title='bbox 1015 1795 1169 1829; x_wconf 62' lang='lat' dir='ltr'><strong>replevisse,</strong></span> <span class='ocrx_word' id='word_1_678' title='bbox 1190 1793 1249 1828; x_wconf 86' lang='lat' dir='ltr'><strong>quis</strong></span> <span class='ocrx_word' id='word_1_679' title='bbox 1271 1793 1379 1820; x_wconf 82' lang='lat' dir='ltr'><strong>tandem</strong></span> <span class='ocrx_word' id='word_1_680' title='bbox 1397 1799 1524 1819; x_wconf 71' lang='lat' dir='ltr'><strong>enarrare</strong></span> <span class='ocrx_word' id='word_1_681' title='bbox 1538 1790 1622 1825; x_wconf 88' lang='lat' dir='ltr'><strong>possit</strong></span> <span class='ocrx_word' id='word_1_682' title='bbox 1641 1790 1809 1816; x_wconf 81' lang='lat' dir='ltr'><strong>calamitates</strong></span> 
     </span>
    </p>
   </div>
   <div class='ocr_carea' id='block_1_91' title="bbox 1015 1836 1808 1876">
    <p class='ocr_par' dir='ltr' id='par_1_91' title="bbox 1015 1836 1808 1876">
     <span class='ocr_line' id='line_1_91' title="bbox 1015 1836 1808 1876; baseline -0.009 -8"><span class='ocrx_word' id='word_1_683' title='bbox 1015 1849 1061 1868; x_wconf 87' lang='lat' dir='ltr'><strong>eas</strong></span> <span class='ocrx_word' id='word_1_684' title='bbox 1071 1849 1137 1876; x_wconf 87' lang='lat' dir='ltr'><strong>quas</strong></span> <span class='ocrx_word' id='word_1_685' title='bbox 1150 1841 1283 1867; x_wconf 82' lang='lat' dir='ltr'><strong>sustinere</strong></span> <span class='ocrx_word' id='word_1_686' title='bbox 1294 1847 1354 1866; x_wconf 91' lang='lat' dir='ltr'><strong>eum</strong></span> <span class='ocrx_word' id='word_1_687' title='bbox 1367 1838 1478 1868; x_wconf 78' lang='lat' dir='ltr'><strong>videbis.</strong></span> <span class='ocrx_word' id='word_1_688' title='bbox 1503 1837 1554 1872; x_wconf 73' lang='lat' dir='ltr'><strong>igni</strong></span> <span class='ocrx_word' id='word_1_689' title='bbox 1568 1841 1703 1867; x_wconf 87' lang='lat' dir='ltr'><strong>exustum,</strong></span> <span class='ocrx_word' id='word_1_690' title='bbox 1718 1836 1808 1870; x_wconf 77' lang='lat' dir='ltr'><strong>ﬂagel-</strong></span> 
     </span>
    </p>
   </div>
   <div class='ocr_carea' id='block_1_92' title="bbox 1016 1884 1810 1920">
    <p class='ocr_par' dir='ltr' id='par_1_92' title="bbox 1016 1884 1810 1920">
     <span class='ocr_line' id='line_1_92' title="bbox 1016 1884 1810 1920; baseline -0.008 -6"><span class='ocrx_word' id='word_1_691' title='bbox 1016 1888 1109 1920; x_wconf 87' lang='lat' dir='ltr'><strong>latum,</strong></span> <span class='ocrx_word' id='word_1_692' title='bbox 1130 1886 1286 1917; x_wconf 84' lang='lat' dir='ltr'><strong>crueiatum,</strong></span> <span class='ocrx_word' id='word_1_693' title='bbox 1307 1885 1423 1920; x_wconf 84' lang='lat' dir='ltr'><strong>denique</strong></span> <span class='ocrx_word' id='word_1_694' title='bbox 1440 1892 1470 1911; x_wconf 85' lang='lat' dir='ltr'><strong>ea</strong></span> <span class='ocrx_word' id='word_1_695' title='bbox 1485 1884 1639 1918; x_wconf 88' lang='lat' dir='ltr'><strong>patientem,</strong></span> <span class='ocrx_word' id='word_1_696' title='bbox 1652 1891 1687 1917; x_wconf 91' lang='lat' dir='ltr'><strong>qu</strong></span> <span class='ocrx_word' id='word_1_697' title='bbox 1697 1892 1711 1908; x_wconf 87' lang='lat' dir='ltr'><strong>e</strong></span> <span class='ocrx_word' id='word_1_698' title='bbox 1725 1890 1810 1916; x_wconf 79' lang='lat' dir='ltr'><strong>neque</strong></span> 
     </span>
    </p>
   </div>
   <div class='ocr_carea' id='block_1_93' title="bbox 1019 1927 1811 1967">
    <p class='ocr_par' dir='ltr' id='par_1_93' title="bbox 1019 1927 1811 1967">
     <span class='ocr_line' id='line_1_93' title="bbox 1019 1927 1811 1967; baseline -0.009 -7"><span class='ocrx_word' id='word_1_699' title='bbox 1019 1933 1333 1967; x_wconf 69' lang='lat' dir='ltr'><strong>verboexprittii,-iicqite</strong></span> <span class='ocrx_word' id='word_1_700' title='bbox 1349 1938 1378 1958; x_wconf 90' lang='lat' dir='ltr'><strong>re</strong></span> <span class='ocrx_word' id='word_1_701' title='bbox 1398 1930 1453 1965; x_wconf 83' lang='lat' dir='ltr'><strong>ipsa</strong></span> <span class='ocrx_word' id='word_1_702' title='bbox 1471 1929 1576 1957; x_wconf 80' lang='lat' dir='ltr'><strong>tolerari</strong></span> <span class='ocrx_word' id='word_1_703' title='bbox 1596 1928 1727 1962; x_wconf 62' lang='lat' dir='ltr'><strong>possunt?</strong></span> <span class='ocrx_word' id='word_1_704' title='bbox 1751 1927 1811 1954; x_wconf 75' lang='lat' dir='ltr'><strong>llrcc</strong></span> 
     </span>
    </p>
   </div>
   <div class='ocr_carea' id='block_1_94' title="bbox 1017 1973 1809 2013">
    <p class='ocr_par' dir='ltr' id='par_1_94' title="bbox 1017 1973 1809 2013">
     <span class='ocr_line' id='line_1_94' title="bbox 1017 1973 1809 2013; baseline -0.011 -7"><span class='ocrx_word' id='word_1_705' title='bbox 1017 1980 1104 2006; x_wconf 88' lang='lat' dir='ltr'><strong>omnia</strong></span> <span class='ocrx_word' id='word_1_706' title='bbox 1119 1983 1283 2013; x_wconf 84' lang='lat' dir='ltr'><strong>reputantes,</strong></span> <span class='ocrx_word' id='word_1_707' title='bbox 1297 1982 1376 2012; x_wconf 82' lang='lat' dir='ltr'><strong>atque</strong></span> <span class='ocrx_word' id='word_1_708' title='bbox 1388 1976 1548 2008; x_wconf 78' lang='lat' dir='ltr'><strong>eilisccntes,</strong></span> <span class='ocrx_word' id='word_1_709' title='bbox 1561 1982 1615 2002; x_wconf 89' lang='lat' dir='ltr'><strong>non</strong></span> <span class='ocrx_word' id='word_1_710' title='bbox 1626 1978 1730 2009; x_wconf 79' lang='lat' dir='ltr'><strong>oportet</strong></span> <span class='ocrx_word' id='word_1_711' title='bbox 1740 1973 1809 2000; x_wconf 86' lang='lat' dir='ltr'><strong>divi-</strong></span> 
     </span>
    </p>
   </div>
   <div class='ocr_carea' id='block_1_95' title="bbox 1018 2020 1812 2052">
    <p class='ocr_par' dir='ltr' id='par_1_95' title="bbox 1018 2020 1812 2052">
     <span class='ocr_line' id='line_1_95' title="bbox 1018 2020 1812 2052; baseline -0.009 0"><span class='ocrx_word' id='word_1_712' title='bbox 1018 2031 1058 2052; x_wconf 87' lang='lat' dir='ltr'><strong>tes</strong></span> <span class='ocrx_word' id='word_1_713' title='bbox 1078 2025 1203 2052; x_wconf 75' lang='lat' dir='ltr'><strong>admirari</strong></span> <span class='ocrx_word' id='word_1_714' title='bbox 1225 2032 1232 2051; x_wconf 72' lang='grc' dir='ltr'>ί</span> <span class='ocrx_word' id='word_1_715' title='bbox 1253 2023 1350 2051; x_wconf 89' lang='lat' dir='ltr'><strong>etenim</strong></span> <span class='ocrx_word' id='word_1_716' title='bbox 1374 2027 1479 2049; x_wconf 88' lang='lat' dir='ltr'><strong>c0iistat</strong></span> <span class='ocrx_word' id='word_1_717' title='bbox 1505 2021 1599 2048; x_wconf 74' lang='lat' dir='ltr'><strong>hor-um</strong></span> <span class='ocrx_word' id='word_1_718' title='bbox 1621 2020 1758 2047; x_wconf 89' lang='lat' dir='ltr'><strong>dominum</strong></span> <span class='ocrx_word' id='word_1_719' title='bbox 1779 2025 1812 2045; x_wconf 87' lang='lat' dir='ltr'><strong>ne</strong></span> 
     </span>
    </p>
   </div>
   <div class='ocr_carea' id='block_1_96' title="bbox 1018 2066 1810 2105">
    <p class='ocr_par' dir='ltr' id='par_1_96' title="bbox 1018 2066 1810 2105">
     <span class='ocr_line' id='line_1_96' title="bbox 1018 2066 1810 2105; baseline -0.008 -8"><span class='ocrx_word' id='word_1_720' title='bbox 1018 2071 1149 2098; x_wconf 84' lang='lat' dir='ltr'><strong>tantillum</strong></span> <span class='ocrx_word' id='word_1_721' title='bbox 1161 2070 1268 2105; x_wconf 88' lang='lat' dir='ltr'><strong>quidem</strong></span> <span class='ocrx_word' id='word_1_722' title='bbox 1280 2069 1313 2096; x_wconf 88' lang='lat' dir='ltr'><strong>ad</strong></span> <span class='ocrx_word' id='word_1_723' title='bbox 1331 2068 1454 2096; x_wconf 86' lang='lat' dir='ltr'><strong>monachi</strong></span> <span class='ocrx_word' id='word_1_724' title='bbox 1472 2068 1595 2094; x_wconf 86' lang='lat' dir='ltr'><strong>virtutem</strong></span> <span class='ocrx_word' id='word_1_725' title='bbox 1611 2066 1719 2100; x_wconf 88' lang='lat' dir='ltr'><strong>propius</strong></span> <span class='ocrx_word' id='word_1_726' title='bbox 1733 2072 1810 2092; x_wconf 84' lang='lat' dir='ltr'><strong>acce—</strong></span> 
     </span>
    </p>
   </div>
   <div class='ocr_carea' id='block_1_97' title="bbox 1017 2114 1811 2152">
    <p class='ocr_par' dir='ltr' id='par_1_97' title="bbox 1017 2114 1811 2152">
     <span class='ocr_line' id='line_1_97' title="bbox 1017 2114 1811 2152; baseline -0.01 -7"><span class='ocrx_word' id='word_1_727' title='bbox 1017 2118 1091 2145; x_wconf 84' lang='lat' dir='ltr'><strong>dere.</strong></span> <span class='ocrx_word' id='word_1_728' title='bbox 1112 2117 1182 2152; x_wconf 78' lang='lat' dir='ltr'><strong>Ei&#39;gu</strong></span> <span class='ocrx_word' id='word_1_729' title='bbox 1204 2117 1246 2144; x_wconf 90' lang='lat' dir='ltr'><strong>ubi</strong></span> <span class='ocrx_word' id='word_1_730' title='bbox 1266 2115 1440 2150; x_wconf 72' lang='lat' dir='ltr'><strong>Conspexeris</strong></span> <span class='ocrx_word' id='word_1_731' title='bbox 1461 2114 1571 2140; x_wconf 87' lang='lat' dir='ltr'><strong>divitem</strong></span> <span class='ocrx_word' id='word_1_732' title='bbox 1585 2117 1658 2140; x_wconf 85' lang='lat' dir='ltr'><strong>veste</strong></span> <span class='ocrx_word' id='word_1_733' title='bbox 1678 2117 1811 2142; x_wconf 71' lang='lat' dir='ltr'><strong>oinatnm,</strong></span> 
     </span>
    </p>
   </div>
   <div class='ocr_carea' id='block_1_98' title="bbox 1018 2157 1811 2198">
    <p class='ocr_par' dir='ltr' id='par_1_98' title="bbox 1018 2157 1811 2198">
     <span class='ocr_line' id='line_1_98' title="bbox 1018 2157 1811 2198; baseline -0.01 -7"><span class='ocrx_word' id='word_1_734' title='bbox 1018 2172 1084 2191; x_wconf 87' lang='lat' dir='ltr'><strong>auro</strong></span> <span class='ocrx_word' id='word_1_735' title='bbox 1095 2163 1250 2198; x_wconf 78' lang='lat' dir='ltr'><strong>superbum,</strong></span> <span class='ocrx_word' id='word_1_736' title='bbox 1263 2170 1342 2189; x_wconf 89' lang='lat' dir='ltr'><strong>currit</strong></span> <span class='ocrx_word' id='word_1_737' title='bbox 1354 2166 1468 2191; x_wconf 89' lang='lat' dir='ltr'><strong>vectum,</strong></span> <span class='ocrx_word' id='word_1_738' title='bbox 1484 2160 1589 2186; x_wconf 88' lang='lat' dir='ltr'><strong>incessu</strong></span> <span class='ocrx_word' id='word_1_739' title='bbox 1609 2158 1749 2193; x_wconf 77' lang='lat' dir='ltr'><strong>ittagnitico</strong></span> <span class='ocrx_word' id='word_1_740' title='bbox 1770 2157 1811 2184; x_wconf 92' lang='lat' dir='ltr'><strong>iii—</strong></span> 
     </span>
    </p>
   </div>
   <div class='ocr_carea' id='block_1_99' title="bbox 1014 2203 1812 2241">
    <p class='ocr_par' dir='ltr' id='par_1_99' title="bbox 1014 2203 1812 2241">
     <span class='ocr_line' id='line_1_99' title="bbox 1014 2203 1812 2241; baseline -0.01 -5"><span class='ocrx_word' id='word_1_741' title='bbox 1014 2209 1169 2241; x_wconf 30' lang='lat' dir='ltr'><strong>rceilentem,</strong></span> <span class='ocrx_word' id='word_1_742' title='bbox 1184 2216 1216 2235; x_wconf 91' lang='lat' dir='ltr'><strong>ne</strong></span> <span class='ocrx_word' id='word_1_743' title='bbox 1235 2207 1372 2235; x_wconf 89' lang='lat' dir='ltr'><strong>hominem</strong></span> <span class='ocrx_word' id='word_1_744' title='bbox 1387 2207 1493 2234; x_wconf 82' lang='lat' dir='ltr'><strong>hcaluni</strong></span> <span class='ocrx_word' id='word_1_745' title='bbox 1513 2204 1614 2232; x_wconf 77' lang='lat' dir='ltr'><strong>dixeris</strong></span> <span class='ocrx_word' id='word_1_746' title='bbox 1627 2213 1633 2230; x_wconf 93' lang='lat'>:</span> <span class='ocrx_word' id='word_1_747' title='bbox 1646 2203 1812 2238; x_wconf 77' lang='lat' dir='ltr'><strong>temporaria:</strong></span> 
     </span>
    </p>
   </div>
   <div class='ocr_carea' id='block_1_100' title="bbox 1020 2250 1812 2288">
    <p class='ocr_par' dir='ltr' id='par_1_100' title="bbox 1020 2250 1812 2288">
     <span class='ocr_line' id='line_1_100' title="bbox 1020 2250 1812 2288; baseline -0.011 -5"><span class='ocrx_word' id='word_1_748' title='bbox 1020 2257 1091 2283; x_wconf 88' lang='lat' dir='ltr'><strong>enim</strong></span> <span class='ocrx_word' id='word_1_749' title='bbox 1109 2255 1218 2286; x_wconf 73' lang='lat' dir='ltr'><strong>divitiie,</strong></span> <span class='ocrx_word' id='word_1_750' title='bbox 1241 2258 1268 2281; x_wconf 88' lang='lat' dir='ltr'><strong>et</strong></span> <span class='ocrx_word' id='word_1_751' title='bbox 1287 2252 1413 2288; x_wconf 87' lang='lat' dir='ltr'><strong>quicquid</strong></span> <span class='ocrx_word' id='word_1_752' title='bbox 1435 2252 1535 2279; x_wconf 88' lang='lat' dir='ltr'><strong>bonum</strong></span> <span class='ocrx_word' id='word_1_753' title='bbox 1552 2258 1612 2278; x_wconf 88' lang='lat' dir='ltr'><strong>esse</strong></span> <span class='ocrx_word' id='word_1_754' title='bbox 1626 2250 1740 2282; x_wconf 89' lang='lat' dir='ltr'><strong>videtur,</strong></span> <span class='ocrx_word' id='word_1_755' title='bbox 1763 2256 1812 2275; x_wconf 89' lang='lat' dir='ltr'><strong>una</strong></span> 
     </span>
    </p>
   </div>
   <div class='ocr_carea' id='block_1_101' title="bbox 1020 2294 1814 2333">
    <p class='ocr_par' dir='ltr' id='par_1_101' title="bbox 1020 2294 1814 2333">
     <span class='ocr_line' id='line_1_101' title="bbox 1020 2294 1814 2333; baseline -0.01 -5"><span class='ocrx_word' id='word_1_756' title='bbox 1020 2309 1079 2329; x_wconf 80' lang='lat' dir='ltr'><strong>cuni</strong></span> <span class='ocrx_word' id='word_1_757' title='bbox 1092 2301 1144 2328; x_wconf 88' lang='lat' dir='ltr'><strong>vita</strong></span> <span class='ocrx_word' id='word_1_758' title='bbox 1157 2300 1207 2326; x_wconf 86' lang='lat' dir='ltr'><strong>liae</strong></span> <span class='ocrx_word' id='word_1_759' title='bbox 1222 2299 1412 2333; x_wconf 82' lang='lat' dir='ltr'><strong>corrumpitur.</strong></span> <span class='ocrx_word' id='word_1_760' title='bbox 1429 2297 1464 2324; x_wconf 83' lang='lat' dir='ltr'><strong>At</strong></span> <span class='ocrx_word' id='word_1_761' title='bbox 1481 2296 1641 2324; x_wconf 75' lang='lat' dir='ltr'><strong>monachum</strong></span> <span class='ocrx_word' id='word_1_762' title='bbox 1661 2296 1706 2322; x_wconf 90' lang='lat' dir='ltr'><strong>ubi</strong></span> <span class='ocrx_word' id='word_1_763' title='bbox 1718 2294 1814 2321; x_wconf 85' lang='lat' dir='ltr'><strong>videiis</strong></span> 
     </span>
    </p>
   </div>
   <div class='ocr_carea' id='block_1_102' title="bbox 1020 2341 1813 2377">
    <p class='ocr_par' dir='ltr' id='par_1_102' title="bbox 1020 2341 1813 2377">
     <span class='ocr_line' id='line_1_102' title="bbox 1020 2341 1813 2377; baseline -0.009 -4"><span class='ocrx_word' id='word_1_764' title='bbox 1020 2348 1105 2374; x_wconf 88' lang='lat' dir='ltr'><strong>solum</strong></span> <span class='ocrx_word' id='word_1_765' title='bbox 1122 2345 1302 2377; x_wconf 83' lang='lat' dir='ltr'><strong>incedentem,</strong></span> <span class='ocrx_word' id='word_1_766' title='bbox 1323 2344 1463 2375; x_wconf 91' lang='lat' dir='ltr'><strong>humilem,</strong></span> <span class='ocrx_word' id='word_1_767' title='bbox 1484 2348 1663 2373; x_wconf 78' lang='lat' dir='ltr'><strong>mansuetum,</strong></span> <span class='ocrx_word' id='word_1_768' title='bbox 1683 2341 1813 2375; x_wconf 87' lang='lat' dir='ltr'><strong>quietum,</strong></span> 
     </span>
    </p>
   </div>
   <div class='ocr_carea' id='block_1_103' title="bbox 1020 2387 1815 2429">
    <p class='ocr_par' dir='ltr' id='par_1_103' title="bbox 1020 2387 1815 2429">
     <span class='ocr_line' id='line_1_103' title="bbox 1020 2387 1815 2429; baseline -0.011 -9"><span class='ocrx_word' id='word_1_769' title='bbox 1020 2393 1171 2429; x_wconf 87' lang='lat' dir='ltr'><strong>pacificum,</strong></span> <span class='ocrx_word' id='word_1_770' title='bbox 1193 2391 1327 2418; x_wconf 79' lang='lat' dir='ltr'><strong>hominem</strong></span> <span class='ocrx_word' id='word_1_771' title='bbox 1350 2389 1486 2420; x_wconf 68' lang='lat' dir='ltr'><strong>attitulare,</strong></span> <span class='ocrx_word' id='word_1_772' title='bbox 1509 2389 1549 2415; x_wconf 85' lang='lat' dir='ltr'><strong>fac</strong></span> <span class='ocrx_word' id='word_1_773' title='bbox 1570 2388 1677 2415; x_wconf 83' lang='lat' dir='ltr'><strong>videare</strong></span> <span class='ocrx_word' id='word_1_774' title='bbox 1697 2387 1815 2414; x_wconf 84' lang='lat' dir='ltr'><strong>iiiiiiator</strong></span> 
     </span>
    </p>
   </div>
   <div class='ocr_carea' id='block_1_104' title="bbox 1021 2433 1814 2476">
    <p class='ocr_par' dir='ltr' id='par_1_104' title="bbox 1021 2433 1814 2476">
     <span class='ocr_line' id='line_1_104' title="bbox 1021 2433 1814 2476; baseline -0.011 -9"><span class='ocrx_word' id='word_1_775' title='bbox 1021 2439 1198 2476; x_wconf 69' lang='lat' dir='ltr'><strong>philosophiae</strong></span> <span class='ocrx_word' id='word_1_776' title='bbox 1217 2438 1310 2473; x_wconf 88' lang='lat' dir='ltr'><strong>ipsius,</strong></span> <span class='ocrx_word' id='word_1_777' title='bbox 1332 2437 1373 2464; x_wconf 87' lang='lat' dir='ltr'><strong>fac</strong></span> <span class='ocrx_word' id='word_1_778' title='bbox 1393 2436 1510 2471; x_wconf 84' lang='lat' dir='ltr'><strong>preceris</strong></span> <span class='ocrx_word' id='word_1_779' title='bbox 1531 2443 1591 2462; x_wconf 76' lang='lat' dir='ltr'><strong>esse</strong></span> <span class='ocrx_word' id='word_1_780' title='bbox 1609 2435 1673 2469; x_wconf 84' lang='lat' dir='ltr'><strong>justi</strong></span> <span class='ocrx_word' id='word_1_781' title='bbox 1697 2433 1792 2460; x_wconf 89' lang='lat' dir='ltr'><strong>similis</strong></span> <span class='ocrx_word' id='word_1_782' title='bbox 1809 2441 1814 2458; x_wconf 88' lang='lat'>:</span> 
     </span>
    </p>
   </div>
   <div class='ocr_carea' id='block_1_105' title="bbox 1023 2479 1814 2518">
    <p class='ocr_par' dir='ltr' id='par_1_105' title="bbox 1023 2479 1814 2518">
     <span class='ocr_line' id='line_1_105' title="bbox 1023 2479 1814 2518; baseline -0.01 -6"><span class='ocrx_word' id='word_1_783' title='bbox 1023 2485 1104 2512; x_wconf 75' lang='lat' dir='ltr'><strong>Petite</strong></span> <span class='ocrx_word' id='word_1_784' title='bbox 1122 2485 1204 2516; x_wconf 84' lang='lat' dir='ltr'><strong>enim,</strong></span> <span class='ocrx_word' id='word_1_785' title='bbox 1227 2484 1329 2518; x_wconf 85' lang='lat' dir='ltr'><strong>inquit,</strong></span> <span class='ocrx_word' id='word_1_786' title='bbox 1355 2487 1377 2508; x_wconf 82' lang='lat' dir='ltr'><strong>et</strong></span> <span class='ocrx_word' id='word_1_787' title='bbox 1402 2481 1503 2508; x_wconf 80' lang='lat' dir='ltr'><strong>dabitur</strong></span> <span class='ocrx_word' id='word_1_788' title='bbox 1524 2481 1592 2507; x_wconf 65' lang='lat' dir='ltr'><strong>vobis</strong></span> <span class='ocrx_word' id='word_1_789' title='bbox 1617 2479 1760 2515; x_wconf 82' lang='grc' dir='ltr'><strong>(.11ιιιΙι.7.</strong></span> <span class='ocrx_word' id='word_1_790' title='bbox 1776 2479 1814 2511; x_wconf 81' lang='grc'><strong>7).</strong></span> 
     </span>
    </p>
   </div>
   <div class='ocr_carea' id='block_1_106' title="bbox 1023 2524 1815 2559">
    <p class='ocr_par' dir='ltr' id='par_1_106' title="bbox 1023 2524 1815 2559">
     <span class='ocr_line' id='line_1_106' title="bbox 1023 2524 1815 2559; baseline -0.013 0"><span class='ocrx_word' id='word_1_791' title='bbox 1023 2532 1086 2559; x_wconf 66' lang='lat' dir='ltr'><strong>&quot;ate</strong></span> <span class='ocrx_word' id='word_1_792' title='bbox 1109 2531 1180 2558; x_wconf 90' lang='lat' dir='ltr'><strong>enim</strong></span> <span class='ocrx_word' id='word_1_793' title='bbox 1205 2537 1269 2557; x_wconf 87' lang='lat' dir='ltr'><strong>vere</strong></span> <span class='ocrx_word' id='word_1_794' title='bbox 1291 2533 1354 2556; x_wconf 89' lang='lat' dir='ltr'><strong>sunt</strong></span> <span class='ocrx_word' id='word_1_795' title='bbox 1380 2528 1467 2559; x_wconf 87' lang='lat' dir='ltr'><strong>bona,</strong></span> <span class='ocrx_word' id='word_1_796' title='bbox 1499 2526 1639 2558; x_wconf 82' lang='lat' dir='ltr'><strong>salutaria,</strong></span> <span class='ocrx_word' id='word_1_797' title='bbox 1665 2524 1815 2555; x_wconf 85' lang='lat' dir='ltr'><strong>manentia,</strong></span> 
     </span>
    </p>
   </div>
   <div class='ocr_carea' id='block_1_107' title="bbox 1024 2569 1814 2613">
    <p class='ocr_par' dir='ltr' id='par_1_107' title="bbox 1024 2569 1814 2613">
     <span class='ocr_line' id='line_1_107' title="bbox 1024 2569 1814 2613; baseline -0.011 -9"><span class='ocrx_word' id='word_1_798' title='bbox 1024 2582 1133 2613; x_wconf 86' lang='lat' dir='ltr'><strong>propter</strong></span> <span class='ocrx_word' id='word_1_799' title='bbox 1150 2577 1249 2604; x_wconf 85' lang='lat' dir='ltr'><strong>Christi</strong></span> <span class='ocrx_word' id='word_1_800' title='bbox 1270 2575 1459 2610; x_wconf 78' lang='lat' dir='ltr'><strong>benignitatem</strong></span> <span class='ocrx_word' id='word_1_801' title='bbox 1480 2582 1511 2600; x_wconf 83' lang='lat' dir='ltr'><strong>ac</strong></span> <span class='ocrx_word' id='word_1_802' title='bbox 1530 2571 1725 2607; x_wconf 86' lang='lat' dir='ltr'><strong>providentiam</strong></span> <span class='ocrx_word' id='word_1_803' title='bbox 1748 2578 1755 2596; x_wconf 87' lang='lat'><strong>:</strong></span> <span class='ocrx_word' id='word_1_804' title='bbox 1773 2569 1814 2596; x_wconf 87' lang='lat' dir='ltr'><strong>cui</strong></span> 
     </span>
    </p>
   </div>
   <div class='ocr_carea' id='block_1_108' title="bbox 1027 2616 1765 2660">
    <p class='ocr_par' dir='ltr' id='par_1_108' title="bbox 1027 2616 1765 2660">
     <span class='ocr_line' id='line_1_108' title="bbox 1027 2616 1765 2660; baseline -0.012 -9"><span class='ocrx_word' id='word_1_805' title='bbox 1027 2625 1108 2660; x_wconf 72' lang='lat' dir='ltr'><strong>gloria</strong></span> <span class='ocrx_word' id='word_1_806' title='bbox 1123 2629 1148 2651; x_wconf 84' lang='lat' dir='ltr'><strong>et</strong></span> <span class='ocrx_word' id='word_1_807' title='bbox 1164 2623 1304 2657; x_wconf 87' lang='lat' dir='ltr'><strong>imperium</strong></span> <span class='ocrx_word' id='word_1_808' title='bbox 1318 2629 1365 2657; x_wconf 86' lang='lat' dir='ltr'><strong>per</strong></span> <span class='ocrx_word' id='word_1_809' title='bbox 1376 2620 1472 2649; x_wconf 62' lang='lat' dir='ltr'><strong>saecula</strong></span> <span class='ocrx_word' id='word_1_810' title='bbox 1484 2619 1654 2652; x_wconf 63' lang='lat' dir='ltr'><strong>sa‘culorum,</strong></span> <span class='ocrx_word' id='word_1_811' title='bbox 1668 2616 1765 2643; x_wconf 86' lang='lat' dir='ltr'><strong>Amen.</strong></span> 
     </span>
    </p>
   </div>
  </div>
