  <div class='ocr_page' id='page_1' title='image "/cluster/home/n/w/nwhite01/storage/ocr_20150623/47-48/njp.32101077772612/353.png"; bbox 0 0 2058 3116; ppageno 0'>
   <div class='ocr_carea' id='block_1_1' title="bbox 160 155 225 184">
    <p class='ocr_par' dir='ltr' id='par_1_1' title="bbox 160 155 225 184">
     <span class='ocr_line' id='line_1_1' title="bbox 160 155 225 184; baseline -0.031 0"><span class='ocrx_word' id='word_1_1' title='bbox 160 155 225 184; x_wconf 63' lang='grc' dir='ltr'><strong>εει·</strong></span> 
     </span>
    </p>
   </div>
   <div class='ocr_carea' id='block_1_2' title="bbox 659 137 1299 173">
    <p class='ocr_par' dir='ltr' id='par_1_2' title="bbox 659 137 1299 173">
     <span class='ocr_line' id='line_1_2' title="bbox 659 137 1299 173; baseline -0.013 0"><span class='ocrx_word' id='word_1_2' title='bbox 659 145 691 172; x_wconf 83' lang='grc' dir='ltr'><strong>ΙΝ</strong></span> <span class='ocrx_word' id='word_1_3' title='bbox 711 143 802 173; x_wconf 86' lang='lat' dir='ltr'><strong>DUOS</strong></span> <span class='ocrx_word' id='word_1_4' title='bbox 823 143 867 170; x_wconf 84' lang='lat' dir='ltr'><strong>DE</strong></span> <span class='ocrx_word' id='word_1_5' title='bbox 887 138 1156 169; x_wconf 80' lang='lat' dir='ltr'><strong>COMPUNCTIONE</strong></span> <span class='ocrx_word' id='word_1_6' title='bbox 1175 137 1299 166; x_wconf 77' lang='lat' dir='ltr'><strong>LIBROS</strong></span> 
     </span>
    </p>
   </div>
   <div class='ocr_carea' id='block_1_3' title="bbox 1723 137 1788 166">
    <p class='ocr_par' dir='ltr' id='par_1_3' title="bbox 1723 137 1788 166">
     <span class='ocr_line' id='line_1_3' title="bbox 1723 137 1788 166; baseline -0.046 0"><span class='ocrx_word' id='word_1_7' title='bbox 1723 137 1788 166; x_wconf 59' lang='grc' dir='ltr'><strong>εδει</strong></span> 
     </span>
    </p>
   </div>
   <div class='ocr_carea' id='block_1_4' title="bbox 169 259 1777 282">
    <p class='ocr_par' dir='ltr' id='par_1_4' title="bbox 169 259 1777 282">
     <span class='ocr_line' id='line_1_4' title="bbox 169 259 1777 282; baseline -0.005 -6"><span class='ocrx_word' id='word_1_8' title='bbox 169 259 1777 282; x_wconf 66' lang='lat'><strong>______________.________.___—————————.—_.</strong></span> 
     </span>
    </p>
   </div>
   <div class='ocr_carea' id='block_1_5' title="bbox 401 449 1550 504">
    <p class='ocr_par' dir='ltr' id='par_1_5' title="bbox 401 449 1550 504">
     <span class='ocr_line' id='line_1_5' title="bbox 401 449 1550 504; baseline -0.007 0"><span class='ocrx_word' id='word_1_9' title='bbox 401 459 462 504; x_wconf 91' lang='lat' dir='ltr'><strong>IN</strong></span> <span class='ocrx_word' id='word_1_10' title='bbox 502 456 659 504; x_wconf 92' lang='lat' dir='ltr'><strong>DUOS</strong></span> <span class='ocrx_word' id='word_1_11' title='bbox 696 455 771 500; x_wconf 91' lang='lat' dir='ltr'><strong>DE</strong></span> <span class='ocrx_word' id='word_1_12' title='bbox 812 450 1290 501; x_wconf 87' lang='lat' dir='ltr'><strong>COMPUNCTIONE</strong></span> <span class='ocrx_word' id='word_1_13' title='bbox 1334 449 1550 497; x_wconf 83' lang='lat' dir='ltr'><strong>LIBROS</strong></span> 
     </span>
    </p>
   </div>
   <div class='ocr_carea' id='block_1_6' title="bbox 805 602 1213 662">
    <p class='ocr_par' dir='ltr' id='par_1_6' title="bbox 805 602 1213 662">
     <span class='ocr_line' id='line_1_6' title="bbox 805 602 1213 662; baseline -0.01 0"><span class='ocrx_word' id='word_1_14' title='bbox 805 602 1213 662; x_wconf 34' lang='lat' dir='ltr'><strong>ADMONIT&#39;IO</strong></span> 
     </span>
    </p>
   </div>
   <div class='ocr_carea' id='block_1_7' title="bbox 207 923 965 967">
    <p class='ocr_par' dir='ltr' id='par_1_7' title="bbox 207 923 965 967">
     <span class='ocr_line' id='line_1_7' title="bbox 207 923 965 967; baseline -0.016 -6"><span class='ocrx_word' id='word_1_15' title='bbox 207 933 267 967; x_wconf 83' lang='lat' dir='ltr'><strong>Quo</strong></span> <span class='ocrx_word' id='word_1_16' title='bbox 282 936 404 967; x_wconf 81' lang='lat' dir='ltr'><strong>tempore</strong></span> <span class='ocrx_word' id='word_1_17' title='bbox 420 930 505 957; x_wconf 79' lang='lat' dir='ltr'><strong>tibros</strong></span> <span class='ocrx_word' id='word_1_18' title='bbox 519 928 602 956; x_wconf 83' lang='lat' dir='ltr'><strong>hosce</strong></span> <span class='ocrx_word' id='word_1_19' title='bbox 614 927 694 959; x_wconf 87' lang='lat' dir='ltr'><strong>duos,</strong></span> <span class='ocrx_word' id='word_1_20' title='bbox 708 932 825 961; x_wconf 88' lang='lat' dir='ltr'><strong>quorum</strong></span> <span class='ocrx_word' id='word_1_21' title='bbox 840 924 914 958; x_wconf 82' lang='lat' dir='ltr'><strong>prior</strong></span> <span class='ocrx_word' id='word_1_22' title='bbox 929 923 965 950; x_wconf 86' lang='lat' dir='ltr'><strong>ad</strong></span> 
     </span>
    </p>
   </div>
   <div class='ocr_carea' id='block_1_8' title="bbox 175 977 965 1019">
    <p class='ocr_par' dir='ltr' id='par_1_8' title="bbox 175 977 965 1019">
     <span class='ocr_line' id='line_1_8' title="bbox 175 977 965 1019; baseline -0.016 -3"><span class='ocrx_word' id='word_1_23' title='bbox 175 988 350 1019; x_wconf 75' lang='lat' dir='ltr'><strong>Demetrium,</strong></span> <span class='ocrx_word' id='word_1_24' title='bbox 366 986 434 1013; x_wconf 98' lang='lat' dir='ltr'><strong>alter</strong></span> <span class='ocrx_word' id='word_1_25' title='bbox 450 984 484 1011; x_wconf 85' lang='lat' dir='ltr'><strong>ad</strong></span> <span class='ocrx_word' id='word_1_26' title='bbox 500 982 660 1010; x_wconf 75' lang='lat' dir='ltr'><strong>Steleeltiam</strong></span> <span class='ocrx_word' id='word_1_27' title='bbox 671 979 840 1010; x_wconf 75' lang='lat' dir='ltr'><strong>inscribitur,</strong></span> <span class='ocrx_word' id='word_1_28' title='bbox 851 977 965 1005; x_wconf 79' lang='lat' dir='ltr'><strong>ediderit</strong></span> 
     </span>
    </p>
   </div>
   <div class='ocr_carea' id='block_1_9' title="bbox 174 1031 965 1077">
    <p class='ocr_par' dir='ltr' id='par_1_9' title="bbox 174 1031 965 1077">
     <span class='ocr_line' id='line_1_9' title="bbox 174 1031 965 1077; baseline -0.015 -7"><span class='ocrx_word' id='word_1_29' title='bbox 174 1042 397 1077; x_wconf 86' lang='lat' dir='ltr'><strong>Chrysostomus,</strong></span> <span class='ocrx_word' id='word_1_30' title='bbox 421 1039 477 1074; x_wconf 90' lang='lat' dir='ltr'><strong>ipse</strong></span> <span class='ocrx_word' id='word_1_31' title='bbox 496 1036 651 1065; x_wconf 86' lang='lat' dir='ltr'><strong>subiudieat</strong></span> <span class='ocrx_word' id='word_1_32' title='bbox 666 1034 713 1062; x_wconf 94' lang='lat' dir='ltr'><strong>lib.</strong></span> <span class='ocrx_word' id='word_1_33' title='bbox 732 1042 752 1066; x_wconf 82' lang='grc' dir='ltr'>ι,</span> <span class='ocrx_word' id='word_1_34' title='bbox 771 1041 847 1060; x_wconf 93' lang='lat' dir='ltr'><strong>num.</strong></span> <span class='ocrx_word' id='word_1_35' title='bbox 864 1033 890 1064; x_wconf 77' lang='lat'><strong>(5,</strong></span> <span class='ocrx_word' id='word_1_36' title='bbox 916 1031 965 1058; x_wconf 87' lang='lat' dir='ltr'><strong>ubi</strong></span> 
     </span>
    </p>
   </div>
   <div class='ocr_carea' id='block_1_10' title="bbox 174 1087 964 1130">
    <p class='ocr_par' dir='ltr' id='par_1_10' title="bbox 174 1087 964 1130">
     <span class='ocr_line' id='line_1_10' title="bbox 174 1087 964 1130; baseline -0.015 -5"><span class='ocrx_word' id='word_1_37' title='bbox 174 1099 212 1125; x_wconf 77' lang='lat' dir='ltr'><strong>ait</strong></span> <span class='ocrx_word' id='word_1_38' title='bbox 227 1107 233 1124; x_wconf 93' lang='lat'>:</span> <span class='ocrx_word' id='word_1_39' title='bbox 251 1098 316 1123; x_wconf 87' lang='grc' dir='ltr'><strong>Ὅτε</strong></span> <span class='ocrx_word' id='word_1_40' title='bbox 328 1095 383 1130; x_wconf 75' lang='grc' dir='ltr'><strong>γὰρ</strong></span> <span class='ocrx_word' id='word_1_41' title='bbox 393 1093 489 1130; x_wconf 82' lang='grc' dir='ltr'><strong>πρώην</strong></span> <span class='ocrx_word' id='word_1_42' title='bbox 503 1091 558 1127; x_wconf 79' lang='grc' dir='ltr'><strong>ἐγὼ</strong></span> <span class='ocrx_word' id='word_1_43' title='bbox 573 1091 714 1126; x_wconf 72' lang='grc' dir='ltr'><strong>ἐγνώκειν,</strong></span> <span class='ocrx_word' id='word_1_44' title='bbox 726 1090 776 1125; x_wconf 83' lang='grc' dir='ltr'><strong>τὴν</strong></span> <span class='ocrx_word' id='word_1_45' title='bbox 789 1089 866 1115; x_wconf 76' lang='grc' dir='ltr'><strong>πόλιν</strong></span> <span class='ocrx_word' id='word_1_46' title='bbox 874 1087 964 1122; x_wconf 65' lang='grc' dir='ltr'><strong>ἀφεὶς,</strong></span> 
     </span>
    </p>
   </div>
   <div class='ocr_carea' id='block_1_11' title="bbox 175 1143 966 1185">
    <p class='ocr_par' dir='ltr' id='par_1_11' title="bbox 175 1143 966 1185">
     <span class='ocr_line' id='line_1_11' title="bbox 175 1143 966 1185; baseline -0.014 -6"><span class='ocrx_word' id='word_1_47' title='bbox 175 1153 220 1178; x_wconf 74' lang='grc' dir='ltr'><strong>ἐπὶ</strong></span> <span class='ocrx_word' id='word_1_48' title='bbox 236 1151 285 1183; x_wconf 87' lang='grc' dir='ltr'><strong>τὰς</strong></span> <span class='ocrx_word' id='word_1_49' title='bbox 294 1150 395 1185; x_wconf 80' lang='grc' dir='ltr'><strong>σκηνὰς</strong></span> <span class='ocrx_word' id='word_1_50' title='bbox 409 1148 463 1175; x_wconf 83' lang='grc' dir='ltr'><strong>τῶν</strong></span> <span class='ocrx_word' id='word_1_51' title='bbox 480 1146 603 1183; x_wconf 81' lang='grc' dir='ltr'><strong>μοναχῶν</strong></span> <span class='ocrx_word' id='word_1_52' title='bbox 617 1145 714 1176; x_wconf 76' lang='grc' dir='ltr'><strong>ἐλθεῖν,</strong></span> <span class='ocrx_word' id='word_1_53' title='bbox 723 1149 787 1176; x_wconf 87' lang='lat' dir='ltr'><strong>etc.,</strong></span> <span class='ocrx_word' id='word_1_54' title='bbox 804 1143 870 1171; x_wconf 87' lang='lat' dir='ltr'><strong>Cum</strong></span> <span class='ocrx_word' id='word_1_55' title='bbox 883 1149 966 1176; x_wconf 81' lang='lat' dir='ltr'><strong><em>nuper</em></strong></span> 
     </span>
    </p>
   </div>
   <div class='ocr_carea' id='block_1_12' title="bbox 175 1198 968 1241">
    <p class='ocr_par' dir='ltr' id='par_1_12' title="bbox 175 1198 968 1241">
     <span class='ocr_line' id='line_1_12' title="bbox 175 1198 968 1241; baseline -0.013 -8"><span class='ocrx_word' id='word_1_56' title='bbox 175 1215 220 1241; x_wconf 84' lang='lat' dir='ltr'><strong>ego</strong></span> <span class='ocrx_word' id='word_1_57' title='bbox 232 1202 519 1236; x_wconf 78' lang='lat' dir='ltr'><strong>decrevissem,relicta</strong></span> <span class='ocrx_word' id='word_1_58' title='bbox 536 1202 608 1234; x_wconf 80' lang='lat' dir='ltr'><strong>urbe,</strong></span> <span class='ocrx_word' id='word_1_59' title='bbox 629 1200 663 1227; x_wconf 88' lang='lat' dir='ltr'><strong>ad</strong></span> <span class='ocrx_word' id='word_1_60' title='bbox 685 1198 856 1226; x_wconf 84' lang='lat' dir='ltr'><strong>tabernacula</strong></span> <span class='ocrx_word' id='word_1_61' title='bbox 876 1205 968 1224; x_wconf 86' lang='lat' dir='ltr'><strong>mona-</strong></span> 
     </span>
    </p>
   </div>
   <div class='ocr_carea' id='block_1_13' title="bbox 176 1252 966 1290">
    <p class='ocr_par' dir='ltr' id='par_1_13' title="bbox 176 1252 966 1290">
     <span class='ocr_line' id='line_1_13' title="bbox 176 1252 966 1290; baseline -0.011 -3"><span class='ocrx_word' id='word_1_62' title='bbox 176 1261 282 1286; x_wconf 82' lang='lat' dir='ltr'><strong>chorum</strong></span> <span class='ocrx_word' id='word_1_63' title='bbox 307 1257 438 1289; x_wconf 83' lang='lat' dir='ltr'><strong>accedere,</strong></span> <span class='ocrx_word' id='word_1_64' title='bbox 463 1255 576 1283; x_wconf 73' lang='lat' dir='ltr'><strong>sollicite</strong></span> <span class='ocrx_word' id='word_1_65' title='bbox 593 1254 742 1290; x_wconf 64' lang='lat' dir='ltr'><strong>quiet-ebant</strong></span> <span class='ocrx_word' id='word_1_66' title='bbox 757 1258 781 1280; x_wconf 87' lang='lat' dir='ltr'><strong>et</strong></span> <span class='ocrx_word' id='word_1_67' title='bbox 799 1252 966 1284; x_wconf 70' lang='lat' dir='ltr'><strong>sciscitabar,</strong></span> 
     </span>
    </p>
   </div>
   <div class='ocr_carea' id='block_1_14' title="bbox 176 1308 970 1342">
    <p class='ocr_par' dir='ltr' id='par_1_14' title="bbox 176 1308 970 1342">
     <span class='ocr_line' id='line_1_14' title="bbox 176 1308 970 1342; baseline -0.01 -1"><span class='ocrx_word' id='word_1_68' title='bbox 176 1313 307 1341; x_wconf 85' lang='lat' dir='ltr'><strong>undenam</strong></span> <span class='ocrx_word' id='word_1_69' title='bbox 334 1311 542 1339; x_wconf 83' lang='lat' dir='ltr'><strong>necessariorum</strong></span> <span class='ocrx_word' id='word_1_70' title='bbox 572 1314 732 1336; x_wconf 83' lang='lat' dir='ltr'><strong>commeatus</strong></span> <span class='ocrx_word' id='word_1_71' title='bbox 760 1308 903 1342; x_wconf 74' lang='lat' dir='ltr'><strong>adfuturus</strong></span> <span class='ocrx_word' id='word_1_72' title='bbox 929 1315 970 1334; x_wconf 78' lang='lat' dir='ltr'><strong>es-</strong></span> 
     </span>
    </p>
   </div>
   <div class='ocr_carea' id='block_1_15' title="bbox 178 1363 970 1402">
    <p class='ocr_par' dir='ltr' id='par_1_15' title="bbox 178 1363 970 1402">
     <span class='ocr_line' id='line_1_15' title="bbox 178 1363 970 1402; baseline -0.01 -6"><span class='ocrx_word' id='word_1_73' title='bbox 178 1374 228 1400; x_wconf 82' lang='lat' dir='ltr'><strong>set,</strong></span> <span class='ocrx_word' id='word_1_74' title='bbox 246 1373 298 1395; x_wconf 92' lang='lat' dir='ltr'><strong>etc.</strong></span> <span class='ocrx_word' id='word_1_75' title='bbox 310 1367 378 1395; x_wconf 86' lang='lat' dir='ltr'><strong>Cum</strong></span> <span class='ocrx_word' id='word_1_76' title='bbox 394 1367 476 1402; x_wconf 79' lang='lat' dir='ltr'><strong>igitur</strong></span> <span class='ocrx_word' id='word_1_77' title='bbox 488 1366 545 1393; x_wconf 63' lang='lat' dir='ltr'><strong>hanc</strong></span> <span class='ocrx_word' id='word_1_78' title='bbox 569 1364 688 1400; x_wconf 84' lang='lat' dir='ltr'><strong>scripsit,</strong></span> <span class='ocrx_word' id='word_1_79' title='bbox 710 1371 797 1398; x_wconf 89' lang='lat' dir='ltr'><strong>nuper</strong></span> <span class='ocrx_word' id='word_1_80' title='bbox 813 1363 846 1390; x_wconf 89' lang='lat' dir='ltr'><strong>ad</strong></span> <span class='ocrx_word' id='word_1_81' title='bbox 874 1370 970 1389; x_wconf 86' lang='lat' dir='ltr'><strong>mona-</strong></span> 
     </span>
    </p>
   </div>
   <div class='ocr_carea' id='block_1_16' title="bbox 177 1416 968 1451">
    <p class='ocr_par' dir='ltr' id='par_1_16' title="bbox 177 1416 968 1451">
     <span class='ocr_line' id='line_1_16' title="bbox 177 1416 968 1451; baseline -0.01 -1"><span class='ocrx_word' id='word_1_82' title='bbox 177 1423 260 1451; x_wconf 88' lang='lat' dir='ltr'><strong>steria</strong></span> <span class='ocrx_word' id='word_1_83' title='bbox 275 1425 427 1450; x_wconf 80' lang='lat' dir='ltr'><strong>secesserat</strong></span> <span class='ocrx_word' id='word_1_84' title='bbox 446 1429 452 1447; x_wconf 91' lang='lat'>:</span> <span class='ocrx_word' id='word_1_85' title='bbox 468 1420 581 1448; x_wconf 85' lang='lat' dir='ltr'><strong>secessit</strong></span> <span class='ocrx_word' id='word_1_86' title='bbox 593 1423 685 1446; x_wconf 84' lang='lat' dir='ltr'><strong>autem</strong></span> <span class='ocrx_word' id='word_1_87' title='bbox 703 1426 775 1445; x_wconf 81' lang='lat' dir='ltr'><strong>anno</strong></span> <span class='ocrx_word' id='word_1_88' title='bbox 786 1417 839 1445; x_wconf 71' lang='grc'><strong>574</strong></span> <span class='ocrx_word' id='word_1_89' title='bbox 851 1417 892 1443; x_wconf 83' lang='lat' dir='ltr'><strong>vel</strong></span> <span class='ocrx_word' id='word_1_90' title='bbox 907 1416 968 1443; x_wconf 77' lang='lat'><strong>575.</strong></span> 
     </span>
    </p>
   </div>
   <div class='ocr_carea' id='block_1_17' title="bbox 179 1472 970 1513">
    <p class='ocr_par' dir='ltr' id='par_1_17' title="bbox 179 1472 970 1513">
     <span class='ocr_line' id='line_1_17' title="bbox 179 1472 970 1513; baseline -0.013 -6"><span class='ocrx_word' id='word_1_91' title='bbox 179 1479 255 1507; x_wconf 87' lang='lat' dir='ltr'><strong>Unde</strong></span> <span class='ocrx_word' id='word_1_92' title='bbox 271 1478 396 1513; x_wconf 79' lang='lat' dir='ltr'><strong>sequitur</strong></span> <span class='ocrx_word' id='word_1_93' title='bbox 411 1483 483 1504; x_wconf 90' lang='lat' dir='ltr'><strong>anno</strong></span> <span class='ocrx_word' id='word_1_94' title='bbox 497 1476 560 1508; x_wconf 78' lang='lat'><strong>375,</strong></span> <span class='ocrx_word' id='word_1_95' title='bbox 578 1474 621 1502; x_wconf 86' lang='lat' dir='ltr'><strong>vel</strong></span> <span class='ocrx_word' id='word_1_96' title='bbox 634 1474 666 1501; x_wconf 88' lang='lat' dir='ltr'><strong>ad</strong></span> <span class='ocrx_word' id='word_1_97' title='bbox 683 1480 819 1501; x_wconf 89' lang='lat' dir='ltr'><strong>summum</strong></span> <span class='ocrx_word' id='word_1_98' title='bbox 837 1472 899 1504; x_wconf 76' lang='lat' dir='ltr'><strong>37G,</strong></span> <span class='ocrx_word' id='word_1_99' title='bbox 912 1472 970 1506; x_wconf 89' lang='lat' dir='ltr'><strong>pri-</strong></span> 
     </span>
    </p>
   </div>
   <div class='ocr_carea' id='block_1_18' title="bbox 177 1527 968 1562">
    <p class='ocr_par' dir='ltr' id='par_1_18' title="bbox 177 1527 968 1562">
     <span class='ocr_line' id='line_1_18' title="bbox 177 1527 968 1562; baseline -0.011 0"><span class='ocrx_word' id='word_1_100' title='bbox 177 1542 253 1562; x_wconf 87' lang='lat' dir='ltr'><strong>mum</strong></span> <span class='ocrx_word' id='word_1_101' title='bbox 268 1534 363 1562; x_wconf 84' lang='lat' dir='ltr'><strong>saltem</strong></span> <span class='ocrx_word' id='word_1_102' title='bbox 378 1533 412 1559; x_wconf 86' lang='lat' dir='ltr'><strong>ad</strong></span> <span class='ocrx_word' id='word_1_103' title='bbox 426 1531 590 1558; x_wconf 81' lang='lat' dir='ltr'><strong>Demetrium</strong></span> <span class='ocrx_word' id='word_1_104' title='bbox 608 1530 708 1557; x_wconf 85' lang='lat' dir='ltr'><strong>librum</strong></span> <span class='ocrx_word' id='word_1_105' title='bbox 724 1528 854 1555; x_wconf 83' lang='lat' dir='ltr'><strong>emissum</strong></span> <span class='ocrx_word' id='word_1_106' title='bbox 871 1527 968 1561; x_wconf 80' lang='lat' dir='ltr'><strong>fuisse;</strong></span> 
     </span>
    </p>
   </div>
   <div class='ocr_carea' id='block_1_19' title="bbox 180 1581 970 1621">
    <p class='ocr_par' dir='ltr' id='par_1_19' title="bbox 180 1581 970 1621">
     <span class='ocr_line' id='line_1_19' title="bbox 180 1581 970 1621; baseline -0.011 -5"><span class='ocrx_word' id='word_1_107' title='bbox 180 1596 244 1617; x_wconf 86' lang='lat' dir='ltr'><strong>nam</strong></span> <span class='ocrx_word' id='word_1_108' title='bbox 255 1588 278 1616; x_wconf 91' lang='lat' dir='ltr'><strong>si</strong></span> <span class='ocrx_word' id='word_1_109' title='bbox 291 1587 406 1614; x_wconf 86' lang='lat' dir='ltr'><strong>ulterius</strong></span> <span class='ocrx_word' id='word_1_110' title='bbox 424 1589 529 1621; x_wconf 87' lang='lat' dir='ltr'><strong>tempus</strong></span> <span class='ocrx_word' id='word_1_111' title='bbox 543 1584 778 1619; x_wconf 81' lang='lat' dir='ltr'><strong>eonsignaremus,</strong></span> <span class='ocrx_word' id='word_1_112' title='bbox 795 1590 847 1609; x_wconf 82' lang='lat' dir='ltr'><strong>vox</strong></span> <span class='ocrx_word' id='word_1_113' title='bbox 861 1581 970 1617; x_wconf 80' lang='grc' dir='ltr'><strong>πρώην,</strong></span> 
     </span>
    </p>
   </div>
   <div class='ocr_carea' id='block_1_20' title="bbox 181 1639 754 1679">
    <p class='ocr_par' dir='ltr' id='par_1_20' title="bbox 181 1639 754 1679">
     <span class='ocr_line' id='line_1_20' title="bbox 181 1639 754 1679; baseline -0.01 -8"><span class='ocrx_word' id='word_1_114' title='bbox 181 1652 272 1679; x_wconf 85' lang='lat' dir='ltr'><strong>nuper,</strong></span> <span class='ocrx_word' id='word_1_115' title='bbox 285 1643 419 1678; x_wconf 85' lang='lat' dir='ltr'><strong>quadrare</strong></span> <span class='ocrx_word' id='word_1_116' title='bbox 434 1649 489 1669; x_wconf 88' lang='lat' dir='ltr'><strong>non</strong></span> <span class='ocrx_word' id='word_1_117' title='bbox 508 1647 589 1676; x_wconf 89' lang='lat' dir='ltr'><strong>posse</strong></span> <span class='ocrx_word' id='word_1_118' title='bbox 605 1639 754 1666; x_wconf 85' lang='lat' dir='ltr'><strong>videretur.</strong></span> 
     </span>
    </p>
   </div>
   <div class='ocr_carea' id='block_1_21' title="bbox 216 1691 971 1731">
    <p class='ocr_par' dir='ltr' id='par_1_21' title="bbox 216 1691 971 1731">
     <span class='ocr_line' id='line_1_21' title="bbox 216 1691 971 1731; baseline -0.011 -5"><span class='ocrx_word' id='word_1_119' title='bbox 216 1697 418 1729; x_wconf 82' lang='lat' dir='ltr'><strong>&#39;I‘illemontius,</strong></span> <span class='ocrx_word' id='word_1_120' title='bbox 435 1697 481 1731; x_wconf 86' lang='lat' dir='ltr'><strong>qui</strong></span> <span class='ocrx_word' id='word_1_121' title='bbox 497 1695 579 1722; x_wconf 87' lang='lat' dir='ltr'><strong>allato</strong></span> <span class='ocrx_word' id='word_1_122' title='bbox 598 1701 680 1729; x_wconf 89' lang='lat' dir='ltr'><strong>supra</strong></span> <span class='ocrx_word' id='word_1_123' title='bbox 702 1693 763 1720; x_wconf 90' lang='lat' dir='ltr'><strong>loco</strong></span> <span class='ocrx_word' id='word_1_124' title='bbox 779 1700 833 1719; x_wconf 91' lang='lat' dir='ltr'><strong>non</strong></span> <span class='ocrx_word' id='word_1_125' title='bbox 849 1695 891 1719; x_wconf 86' lang='lat' dir='ltr'><strong>sat</strong></span> <span class='ocrx_word' id='word_1_126' title='bbox 913 1691 971 1718; x_wconf 89' lang='lat' dir='ltr'><strong>ani-</strong></span> 
     </span>
    </p>
   </div>
   <div class='ocr_carea' id='block_1_22' title="bbox 181 1749 974 1784">
    <p class='ocr_par' dir='ltr' id='par_1_22' title="bbox 181 1749 974 1784">
     <span class='ocr_line' id='line_1_22' title="bbox 181 1749 974 1784; baseline -0.011 -3"><span class='ocrx_word' id='word_1_127' title='bbox 181 1761 258 1782; x_wconf 89' lang='lat' dir='ltr'><strong>mum</strong></span> <span class='ocrx_word' id='word_1_128' title='bbox 279 1750 437 1779; x_wconf 81' lang='lat' dir='ltr'><strong>adhibuisse</strong></span> <span class='ocrx_word' id='word_1_129' title='bbox 459 1749 576 1783; x_wconf 82' lang='lat' dir='ltr'><strong>videtur,</strong></span> <span class='ocrx_word' id='word_1_130' title='bbox 593 1749 695 1784; x_wconf 86' lang='lat' dir='ltr'><strong>quique</strong></span> <span class='ocrx_word' id='word_1_131' title='bbox 711 1755 804 1775; x_wconf 84' lang='lat' dir='ltr'><strong>vocem</strong></span> <span class='ocrx_word' id='word_1_132' title='bbox 821 1754 903 1780; x_wconf 87' lang='lat' dir='ltr'><strong>nuper</strong></span> <span class='ocrx_word' id='word_1_133' title='bbox 919 1754 974 1773; x_wconf 88' lang='lat' dir='ltr'><strong>non</strong></span> 
     </span>
    </p>
   </div>
   <div class='ocr_carea' id='block_1_23' title="bbox 184 1802 974 1840">
    <p class='ocr_par' dir='ltr' id='par_1_23' title="bbox 184 1802 974 1840">
     <span class='ocr_line' id='line_1_23' title="bbox 184 1802 974 1840; baseline -0.011 -3"><span class='ocrx_word' id='word_1_134' title='bbox 184 1808 310 1840; x_wconf 78' lang='lat' dir='ltr'><strong>advertit,</strong></span> <span class='ocrx_word' id='word_1_135' title='bbox 328 1811 432 1834; x_wconf 86' lang='lat' dir='ltr'><strong>tantam</strong></span> <span class='ocrx_word' id='word_1_136' title='bbox 458 1810 554 1833; x_wconf 85' lang='lat' dir='ltr'><strong>contra</strong></span> <span class='ocrx_word' id='word_1_137' title='bbox 583 1805 657 1832; x_wconf 83' lang='lat' dir='ltr'><strong>hunc</strong></span> <span class='ocrx_word' id='word_1_138' title='bbox 687 1802 815 1838; x_wconf 89' lang='lat' dir='ltr'><strong>temporis</strong></span> <span class='ocrx_word' id='word_1_139' title='bbox 841 1802 974 1830; x_wconf 84' lang='lat' dir='ltr'><strong>calculum</strong></span> 
     </span>
    </p>
   </div>
   <div class='ocr_carea' id='block_1_24' title="bbox 185 1856 975 1894">
    <p class='ocr_par' dir='ltr' id='par_1_24' title="bbox 185 1856 975 1894">
     <span class='ocr_line' id='line_1_24' title="bbox 185 1856 975 1894; baseline -0.013 -2"><span class='ocrx_word' id='word_1_140' title='bbox 185 1863 368 1892; x_wconf 78' lang='lat' dir='ltr'><strong>diﬂieultatem</strong></span> <span class='ocrx_word' id='word_1_141' title='bbox 391 1861 536 1893; x_wconf 82' lang='lat' dir='ltr'><strong>observare</strong></span> <span class='ocrx_word' id='word_1_142' title='bbox 559 1867 588 1886; x_wconf 90' lang='lat' dir='ltr'><strong>se</strong></span> <span class='ocrx_word' id='word_1_143' title='bbox 603 1861 689 1894; x_wconf 86' lang='lat' dir='ltr'><strong>putat,</strong></span> <span class='ocrx_word' id='word_1_144' title='bbox 709 1856 785 1893; x_wconf 69' lang='grc'><strong>[122]</strong></span> <span class='ocrx_word' id='word_1_145' title='bbox 806 1861 834 1883; x_wconf 83' lang='lat' dir='ltr'><strong>ut</strong></span> <span class='ocrx_word' id='word_1_146' title='bbox 849 1864 916 1891; x_wconf 84' lang='lat' dir='ltr'><strong>pene</strong></span> <span class='ocrx_word' id='word_1_147' title='bbox 929 1857 975 1883; x_wconf 84' lang='lat' dir='ltr'><strong>ab-</strong></span> 
     </span>
    </p>
   </div>
   <div class='ocr_carea' id='block_1_25' title="bbox 185 1911 975 1947">
    <p class='ocr_par' dir='ltr' id='par_1_25' title="bbox 185 1911 975 1947">
     <span class='ocr_line' id='line_1_25' title="bbox 185 1911 975 1947; baseline -0.013 0"><span class='ocrx_word' id='word_1_148' title='bbox 185 1920 284 1947; x_wconf 82' lang='lat' dir='ltr'><strong>ductus</strong></span> <span class='ocrx_word' id='word_1_149' title='bbox 306 1917 334 1945; x_wconf 91' lang='lat' dir='ltr'><strong>in</strong></span> <span class='ocrx_word' id='word_1_150' title='bbox 359 1916 438 1943; x_wconf 84' lang='lat' dir='ltr'><strong>aliam</strong></span> <span class='ocrx_word' id='word_1_151' title='bbox 463 1914 626 1943; x_wconf 84' lang='lat' dir='ltr'><strong>sententiam</strong></span> <span class='ocrx_word' id='word_1_152' title='bbox 651 1913 777 1940; x_wconf 82' lang='lat' dir='ltr'><strong>declinet.</strong></span> <span class='ocrx_word' id='word_1_153' title='bbox 805 1911 870 1946; x_wconf 86' lang='lat' dir='ltr'><strong>Ejus</strong></span> <span class='ocrx_word' id='word_1_154' title='bbox 893 1912 975 1938; x_wconf 83' lang='lat' dir='ltr'><strong>verba</strong></span> 
     </span>
    </p>
   </div>
   <div class='ocr_carea' id='block_1_26' title="bbox 186 1966 975 2009">
    <p class='ocr_par' dir='ltr' id='par_1_26' title="bbox 186 1966 975 2009">
     <span class='ocr_line' id='line_1_26' title="bbox 186 1966 975 2009; baseline -0.011 -8"><span class='ocrx_word' id='word_1_155' title='bbox 186 1978 250 2001; x_wconf 88' lang='lat' dir='ltr'><strong>sunt</strong></span> <span class='ocrx_word' id='word_1_156' title='bbox 265 1973 303 2009; x_wconf 83' lang='lat' dir='ltr'><strong>(u)</strong></span> <span class='ocrx_word' id='word_1_157' title='bbox 319 1980 326 1999; x_wconf 71' lang='grc' dir='ltr'>ε</span> <span class='ocrx_word' id='word_1_158' title='bbox 342 1981 352 1997; x_wconf 85' lang='grc'><strong>‹</strong></span> <span class='ocrx_word' id='word_1_159' title='bbox 370 1971 468 1998; x_wconf 89' lang='lat' dir='ltr'><strong>Libros</strong></span> <span class='ocrx_word' id='word_1_160' title='bbox 489 1969 521 1996; x_wconf 85' lang='lat' dir='ltr'><strong>de</strong></span> <span class='ocrx_word' id='word_1_161' title='bbox 546 1967 744 2002; x_wconf 81' lang='lat' dir='ltr'><strong>compunctione</strong></span> <span class='ocrx_word' id='word_1_162' title='bbox 760 1966 830 1993; x_wconf 89' lang='lat' dir='ltr'><strong>inter</strong></span> <span class='ocrx_word' id='word_1_163' title='bbox 843 1974 891 1994; x_wconf 85' lang='lat' dir='ltr'><strong>eos</strong></span> <span class='ocrx_word' id='word_1_164' title='bbox 906 1973 975 2001; x_wconf 89' lang='lat' dir='ltr'><strong>quos</strong></span> 
     </span>
    </p>
   </div>
   <div class='ocr_carea' id='block_1_27' title="bbox 186 2020 977 2061">
    <p class='ocr_par' dir='ltr' id='par_1_27' title="bbox 186 2020 977 2061">
     <span class='ocr_line' id='line_1_27' title="bbox 186 2020 977 2061; baseline -0.008 -8"><span class='ocrx_word' id='word_1_165' title='bbox 186 2025 398 2061; x_wconf 80' lang='lat' dir='ltr'><strong>Chrysostomus</strong></span> <span class='ocrx_word' id='word_1_166' title='bbox 416 2023 443 2050; x_wconf 95' lang='lat' dir='ltr'><strong>in</strong></span> <span class='ocrx_word' id='word_1_167' title='bbox 471 2022 618 2050; x_wconf 89' lang='lat' dir='ltr'><strong>solitudine</strong></span> <span class='ocrx_word' id='word_1_168' title='bbox 646 2021 730 2048; x_wconf 82' lang='lat' dir='ltr'><strong>edidit</strong></span> <span class='ocrx_word' id='word_1_169' title='bbox 754 2020 923 2055; x_wconf 86' lang='lat' dir='ltr'><strong>reponimus,</strong></span> <span class='ocrx_word' id='word_1_170' title='bbox 947 2025 977 2047; x_wconf 89' lang='lat' dir='ltr'><strong>ut</strong></span> 
     </span>
    </p>
   </div>
   <div class='ocr_carea' id='block_1_28' title="bbox 187 2075 975 2114">
    <p class='ocr_par' dir='ltr' id='par_1_28' title="bbox 187 2075 975 2114">
     <span class='ocr_line' id='line_1_28' title="bbox 187 2075 975 2114; baseline -0.006 -8"><span class='ocrx_word' id='word_1_171' title='bbox 187 2087 235 2107; x_wconf 86' lang='lat' dir='ltr'><strong>eos</strong></span> <span class='ocrx_word' id='word_1_172' title='bbox 244 2079 290 2114; x_wconf 88' lang='lat' dir='ltr'><strong>qui</strong></span> <span class='ocrx_word' id='word_1_173' title='bbox 304 2085 356 2106; x_wconf 86' lang='lat' dir='ltr'><strong>nos</strong></span> <span class='ocrx_word' id='word_1_174' title='bbox 364 2084 527 2113; x_wconf 70' lang='lat' dir='ltr'><strong>przecessere</strong></span> <span class='ocrx_word' id='word_1_175' title='bbox 537 2083 693 2111; x_wconf 85' lang='lat' dir='ltr'><strong>sequamur,</strong></span> <span class='ocrx_word' id='word_1_176' title='bbox 710 2083 806 2111; x_wconf 84' lang='lat' dir='ltr'><strong>nempe</strong></span> <span class='ocrx_word' id='word_1_177' title='bbox 817 2075 975 2107; x_wconf 85' lang='lat' dir='ltr'><strong>Baronium,</strong></span> 
     </span>
    </p>
   </div>
   <div class='ocr_carea' id='block_1_29' title="bbox 188 2129 977 2165">
    <p class='ocr_par' dir='ltr' id='par_1_29' title="bbox 188 2129 977 2165">
     <span class='ocr_line' id='line_1_29' title="bbox 188 2129 977 2165; baseline -0.006 -4"><span class='ocrx_word' id='word_1_178' title='bbox 188 2132 375 2161; x_wconf 84' lang='lat' dir='ltr'><strong>llcrmantium</strong></span> <span class='ocrx_word' id='word_1_179' title='bbox 390 2135 417 2158; x_wconf 88' lang='lat' dir='ltr'><strong>et</strong></span> <span class='ocrx_word' id='word_1_180' title='bbox 432 2130 589 2165; x_wconf 84' lang='lat' dir='ltr'><strong>Dupinium.</strong></span> <span class='ocrx_word' id='word_1_181' title='bbox 603 2129 697 2165; x_wconf 84' lang='lat' dir='ltr'><strong>Neque</strong></span> <span class='ocrx_word' id='word_1_182' title='bbox 719 2135 809 2158; x_wconf 88' lang='lat' dir='ltr'><strong>tamen</strong></span> <span class='ocrx_word' id='word_1_183' title='bbox 825 2137 880 2165; x_wconf 88' lang='lat' dir='ltr'><strong>quo</strong></span> <span class='ocrx_word' id='word_1_184' title='bbox 896 2138 977 2164; x_wconf 83' lang='lat' dir='ltr'><strong>urgu-</strong></span> 
     </span>
    </p>
   </div>
   <div class='ocr_carea' id='block_1_30' title="bbox 191 2185 980 2220">
    <p class='ocr_par' dir='ltr' id='par_1_30' title="bbox 191 2185 980 2220">
     <span class='ocr_line' id='line_1_30' title="bbox 191 2185 980 2220; baseline -0.006 -4"><span class='ocrx_word' id='word_1_185' title='bbox 191 2193 283 2216; x_wconf 90' lang='lat' dir='ltr'><strong>meuto</strong></span> <span class='ocrx_word' id='word_1_186' title='bbox 297 2187 372 2215; x_wconf 85' lang='lat' dir='ltr'><strong>ducti</strong></span> <span class='ocrx_word' id='word_1_187' title='bbox 388 2186 415 2214; x_wconf 88' lang='lat' dir='ltr'><strong>id</strong></span> <span class='ocrx_word' id='word_1_188' title='bbox 433 2185 577 2213; x_wconf 84' lang='lat' dir='ltr'><strong>statuerint</strong></span> <span class='ocrx_word' id='word_1_189' title='bbox 596 2189 637 2212; x_wconf 86' lang='lat' dir='ltr'><strong>sat</strong></span> <span class='ocrx_word' id='word_1_190' title='bbox 653 2185 849 2220; x_wconf 65' lang='lat' dir='ltr'><strong>perspicimus;</strong></span> <span class='ocrx_word' id='word_1_191' title='bbox 863 2185 918 2212; x_wconf 91' lang='lat' dir='ltr'><strong>imo</strong></span> <span class='ocrx_word' id='word_1_192' title='bbox 937 2186 980 2212; x_wconf 76' lang='lat' dir='ltr'><strong>vi-</strong></span> 
     </span>
    </p>
   </div>
   <div class='ocr_carea' id='block_1_31' title="bbox 190 2239 979 2274">
    <p class='ocr_par' dir='ltr' id='par_1_31' title="bbox 190 2239 979 2274">
     <span class='ocr_line' id='line_1_31' title="bbox 190 2239 979 2274; baseline -0.008 -2"><span class='ocrx_word' id='word_1_193' title='bbox 190 2245 269 2272; x_wconf 90' lang='lat' dir='ltr'><strong>detur</strong></span> <span class='ocrx_word' id='word_1_194' title='bbox 284 2243 342 2270; x_wconf 77' lang='lat' dir='ltr'><strong>haec</strong></span> <span class='ocrx_word' id='word_1_195' title='bbox 367 2241 490 2269; x_wconf 88' lang='lat' dir='ltr'><strong>scribens</strong></span> <span class='ocrx_word' id='word_1_196' title='bbox 505 2239 718 2273; x_wconf 75' lang='lat' dir='ltr'><strong>Chrysostomus</strong></span> <span class='ocrx_word' id='word_1_197' title='bbox 740 2246 770 2266; x_wconf 90' lang='lat' dir='ltr'><strong>se</strong></span> <span class='ocrx_word' id='word_1_198' title='bbox 791 2239 979 2274; x_wconf 85' lang='lat' dir='ltr'><strong>presbyterum</strong></span> 
     </span>
    </p>
   </div>
   <div class='ocr_carea' id='block_1_32' title="bbox 190 2292 981 2334">
    <p class='ocr_par' dir='ltr' id='par_1_32' title="bbox 190 2292 981 2334">
     <span class='ocr_line' id='line_1_32' title="bbox 190 2292 981 2334; baseline -0.008 -7"><span class='ocrx_word' id='word_1_199' title='bbox 190 2298 322 2334; x_wconf 79' lang='lat' dir='ltr'><strong>proﬁteri,</strong></span> <span class='ocrx_word' id='word_1_200' title='bbox 347 2304 410 2324; x_wconf 88' lang='lat' dir='ltr'><strong>cum</strong></span> <span class='ocrx_word' id='word_1_201' title='bbox 427 2295 463 2323; x_wconf 85' lang='lat' dir='ltr'><strong>ait</strong></span> <span class='ocrx_word' id='word_1_202' title='bbox 479 2304 486 2322; x_wconf 93' lang='lat'>:</span> <span class='ocrx_word' id='word_1_203' title='bbox 503 2293 559 2321; x_wconf 77' lang='lat' dir='ltr'><strong>Nos</strong></span> <span class='ocrx_word' id='word_1_204' title='bbox 580 2298 667 2320; x_wconf 87' lang='lat' dir='ltr'><strong>autem</strong></span> <span class='ocrx_word' id='word_1_205' title='bbox 689 2300 744 2327; x_wconf 80' lang='lat' dir='ltr'><strong>prw</strong></span> <span class='ocrx_word' id='word_1_206' title='bbox 766 2292 841 2319; x_wconf 81' lang='lat' dir='ltr'><strong>inani</strong></span> <span class='ocrx_word' id='word_1_207' title='bbox 857 2293 943 2328; x_wconf 88' lang='lat' dir='ltr'><strong>gloria</strong></span> <span class='ocrx_word' id='word_1_208' title='bbox 957 2298 981 2321; x_wconf 87' lang='lat' dir='ltr'><strong>ct</strong></span> 
     </span>
    </p>
   </div>
   <div class='ocr_carea' id='block_1_33' title="bbox 190 2348 982 2381">
    <p class='ocr_par' dir='ltr' id='par_1_33' title="bbox 190 2348 982 2381">
     <span class='ocr_line' id='line_1_33' title="bbox 190 2348 982 2381; baseline -0.006 -1"><span class='ocrx_word' id='word_1_209' title='bbox 190 2352 307 2380; x_wconf 81' lang='lat' dir='ltr'><strong>absurda</strong></span> <span class='ocrx_word' id='word_1_210' title='bbox 322 2351 466 2378; x_wconf 82' lang='lat' dir='ltr'><strong>ambitione</strong></span> <span class='ocrx_word' id='word_1_211' title='bbox 481 2349 529 2375; x_wconf 83' lang='lat' dir='ltr'><strong>hoc</strong></span> <span class='ocrx_word' id='word_1_212' title='bbox 554 2348 616 2374; x_wconf 85' lang='lat' dir='ltr'><strong>item</strong></span> <span class='ocrx_word' id='word_1_213' title='bbox 637 2351 797 2381; x_wconf 63' lang='lat' dir='ltr'><strong>praceptum</strong></span> <span class='ocrx_word' id='word_1_214' title='bbox 820 2355 924 2381; x_wconf 82' lang='lat' dir='ltr'><strong>pessum</strong></span> <span class='ocrx_word' id='word_1_215' title='bbox 940 2349 982 2376; x_wconf 88' lang='lat' dir='ltr'><strong>de-</strong></span> 
     </span>
    </p>
   </div>
   <div class='ocr_carea' id='block_1_34' title="bbox 196 2402 985 2440">
    <p class='ocr_par' dir='ltr' id='par_1_34' title="bbox 196 2402 985 2440">
     <span class='ocr_line' id='line_1_34' title="bbox 196 2402 985 2440; baseline -0.008 -4"><span class='ocrx_word' id='word_1_216' title='bbox 196 2409 303 2440; x_wconf 82' lang='lat' dir='ltr'><strong>dimus,</strong></span> <span class='ocrx_word' id='word_1_217' title='bbox 328 2407 391 2433; x_wconf 88' lang='lat' dir='ltr'><strong>dum</strong></span> <span class='ocrx_word' id='word_1_218' title='bbox 417 2408 602 2438; x_wconf 56' lang='lat' dir='ltr'><strong>corruptores,</strong></span> <span class='ocrx_word' id='word_1_219' title='bbox 630 2402 788 2435; x_wconf 78' lang='lat' dir='ltr'><strong>incredulos,</strong></span> <span class='ocrx_word' id='word_1_220' title='bbox 818 2402 985 2438; x_wconf 77' lang='lat' dir='ltr'><strong>hominesque</strong></span> 
     </span>
    </p>
   </div>
   <div class='ocr_carea' id='block_1_35' title="bbox 193 2457 984 2494">
    <p class='ocr_par' dir='ltr' id='par_1_35' title="bbox 193 2457 984 2494">
     <span class='ocr_line' id='line_1_35' title="bbox 193 2457 984 2494; baseline -0.006 -5"><span class='ocrx_word' id='word_1_221' title='bbox 193 2462 322 2490; x_wconf 69' lang='lat' dir='ltr'><strong>sexcentis</strong></span> <span class='ocrx_word' id='word_1_222' title='bbox 338 2460 407 2487; x_wconf 84' lang='lat' dir='ltr'><strong>vitiis</strong></span> <span class='ocrx_word' id='word_1_223' title='bbox 418 2462 525 2486; x_wconf 79' lang='lat' dir='ltr'><strong>onustas</strong></span> <span class='ocrx_word' id='word_1_224' title='bbox 540 2461 635 2484; x_wconf 83' lang='lat' dir='ltr'><strong>temere</strong></span> <span class='ocrx_word' id='word_1_225' title='bbox 645 2461 669 2483; x_wconf 83' lang='lat' dir='ltr'><strong>et</strong></span> <span class='ocrx_word' id='word_1_226' title='bbox 681 2457 736 2483; x_wconf 80' lang='lat' dir='ltr'><strong>sine</strong></span> <span class='ocrx_word' id='word_1_227' title='bbox 743 2457 864 2484; x_wconf 71' lang='lat' dir='ltr'><strong>examine</strong></span> <span class='ocrx_word' id='word_1_228' title='bbox 880 2458 915 2484; x_wconf 85' lang='lat' dir='ltr'><strong>ad</strong></span> <span class='ocrx_word' id='word_1_229' title='bbox 928 2467 984 2494; x_wconf 78' lang='lat' dir='ltr'><strong>my-</strong></span> 
     </span>
    </p>
   </div>
   <div class='ocr_carea' id='block_1_36' title="bbox 194 2511 982 2549">
    <p class='ocr_par' dir='ltr' id='par_1_36' title="bbox 194 2511 982 2549">
     <span class='ocr_line' id='line_1_36' title="bbox 194 2511 982 2549; baseline -0.006 -5"><span class='ocrx_word' id='word_1_230' title='bbox 194 2516 335 2544; x_wconf 81' lang='lat' dir='ltr'><strong>steriorum</strong></span> <span class='ocrx_word' id='word_1_231' title='bbox 355 2513 586 2549; x_wconf 82' lang='lat' dir='ltr'><strong>participationem</strong></span> <span class='ocrx_word' id='word_1_232' title='bbox 606 2511 781 2544; x_wconf 76' lang='lat' dir='ltr'><strong>admittimus,</strong></span> <span class='ocrx_word' id='word_1_233' title='bbox 804 2517 828 2539; x_wconf 84' lang='lat' dir='ltr'><strong>et</strong></span> <span class='ocrx_word' id='word_1_234' title='bbox 842 2517 982 2548; x_wconf 81' lang='lat' dir='ltr'><strong>antequam</strong></span> 
     </span>
    </p>
   </div>
   <div class='ocr_carea' id='block_1_37' title="bbox 196 2566 984 2601">
    <p class='ocr_par' dir='ltr' id='par_1_37' title="bbox 196 2566 984 2601">
     <span class='ocr_line' id='line_1_37' title="bbox 196 2566 984 2601; baseline -0.006 -1"><span class='ocrx_word' id='word_1_235' title='bbox 196 2575 351 2600; x_wconf 82' lang='lat' dir='ltr'><strong>accuratam</strong></span> <span class='ocrx_word' id='word_1_236' title='bbox 368 2568 461 2595; x_wconf 84' lang='lat' dir='ltr'><strong>mentis</strong></span> <span class='ocrx_word' id='word_1_237' title='bbox 476 2566 659 2601; x_wconf 60' lang='lat' dir='ltr'><strong>sententiatque</strong></span> <span class='ocrx_word' id='word_1_238' title='bbox 672 2574 727 2593; x_wconf 75' lang='lat' dir='ltr'><strong>sua:</strong></span> <span class='ocrx_word' id='word_1_239' title='bbox 742 2568 925 2601; x_wconf 81' lang='lat' dir='ltr'><strong>prabationem</strong></span> <span class='ocrx_word' id='word_1_240' title='bbox 939 2569 984 2595; x_wconf 45' lang='lat' dir='ltr'><strong>de.</strong></span> 
     </span>
    </p>
   </div>
   <div class='ocr_carea' id='block_1_38' title="bbox 196 2622 985 2659">
    <p class='ocr_par' dir='ltr' id='par_1_38' title="bbox 196 2622 985 2659">
     <span class='ocr_line' id='line_1_38' title="bbox 196 2622 985 2659; baseline -0.003 -5"><span class='ocrx_word' id='word_1_241' title='bbox 196 2627 294 2659; x_wconf 80' lang='lat' dir='ltr'><strong>derint,</strong></span> <span class='ocrx_word' id='word_1_242' title='bbox 318 2624 407 2652; x_wconf 85' lang='lat' dir='ltr'><strong>omnia</strong></span> <span class='ocrx_word' id='word_1_243' title='bbox 433 2623 498 2650; x_wconf 79' lang='lat' dir='ltr'><strong>illis.</strong></span> <span class='ocrx_word' id='word_1_244' title='bbox 517 2623 644 2657; x_wconf 86' lang='lat' dir='ltr'><strong>dogmata</strong></span> <span class='ocrx_word' id='word_1_245' title='bbox 676 2622 831 2656; x_wconf 79' lang='lat' dir='ltr'><strong>rcoelamus,</strong></span> <span class='ocrx_word' id='word_1_246' title='bbox 852 2628 905 2652; x_wconf 88' lang='lat' dir='ltr'><strong>etc.</strong></span> <span class='ocrx_word' id='word_1_247' title='bbox 920 2626 985 2652; x_wconf 87' lang='lat' dir='ltr'><strong>Scio</strong></span> 
     </span>
    </p>
   </div>
   <div class='ocr_carea' id='block_1_39' title="bbox 199 2676 984 2715">
    <p class='ocr_par' dir='ltr' id='par_1_39' title="bbox 199 2676 984 2715">
     <span class='ocr_line' id='line_1_39' title="bbox 199 2676 984 2715; baseline -0.001 -7"><span class='ocrx_word' id='word_1_248' title='bbox 199 2680 293 2715; x_wconf 87' lang='lat' dir='ltr'><strong>utique</strong></span> <span class='ocrx_word' id='word_1_249' title='bbox 306 2679 350 2706; x_wconf 83' lang='lat' dir='ltr'><strong>hic</strong></span> <span class='ocrx_word' id='word_1_250' title='bbox 366 2677 514 2713; x_wconf 79' lang='lat' dir='ltr'><strong>generatim</strong></span> <span class='ocrx_word' id='word_1_251' title='bbox 529 2677 562 2704; x_wconf 87' lang='lat' dir='ltr'><strong>de</strong></span> <span class='ocrx_word' id='word_1_252' title='bbox 578 2676 611 2704; x_wconf 85' lang='lat' dir='ltr'><strong>iis</strong></span> <span class='ocrx_word' id='word_1_253' title='bbox 628 2684 688 2712; x_wconf 66' lang='lat' dir='ltr'><strong>quae</strong></span> <span class='ocrx_word' id='word_1_254' title='bbox 706 2677 733 2704; x_wconf 89' lang='lat' dir='ltr'><strong>in</strong></span> <span class='ocrx_word' id='word_1_255' title='bbox 747 2676 867 2705; x_wconf 82' lang='lat' dir='ltr'><strong>Ecclesia</strong></span> <span class='ocrx_word' id='word_1_256' title='bbox 883 2681 984 2714; x_wconf 87' lang='lat' dir='ltr'><strong>passim</strong></span> 
     </span>
    </p>
   </div>
   <div class='ocr_carea' id='block_1_40' title="bbox 234 2783 665 2820">
    <p class='ocr_par' dir='ltr' id='par_1_40' title="bbox 234 2783 665 2820">
     <span class='ocr_line' id='line_1_40' title="bbox 234 2783 665 2820; baseline 0.002 -10"><span class='ocrx_word' id='word_1_257' title='bbox 234 2783 274 2819; x_wconf 87' lang='lat' dir='ltr'><strong>(a)</strong></span> <span class='ocrx_word' id='word_1_258' title='bbox 290 2783 350 2812; x_wconf 83' lang='lat' dir='ltr'><strong>Not.</strong></span> <span class='ocrx_word' id='word_1_259' title='bbox 367 2785 383 2811; x_wconf 91' lang='lat'><strong>9</strong></span> <span class='ocrx_word' id='word_1_260' title='bbox 399 2784 426 2812; x_wconf 76' lang='lat' dir='ltr'><strong>in</strong></span> <span class='ocrx_word' id='word_1_261' title='bbox 443 2784 665 2820; x_wconf 69' lang='lat' dir='ltr'><strong>Cltrysostomum.</strong></span> 
     </span>
    </p>
   </div>
   <div class='ocr_carea' id='block_1_41' title="bbox 1016 921 1802 957">
    <p class='ocr_par' dir='ltr' id='par_1_41' title="bbox 1016 921 1802 957">
     <span class='ocr_line' id='line_1_41' title="bbox 1016 921 1802 957; baseline -0.001 -7"><span class='ocrx_word' id='word_1_262' title='bbox 1016 922 1228 950; x_wconf 82' lang='lat' dir='ltr'><strong>admittebantur</strong></span> <span class='ocrx_word' id='word_1_263' title='bbox 1240 922 1319 950; x_wconf 85' lang='lat' dir='ltr'><strong>malis</strong></span> <span class='ocrx_word' id='word_1_264' title='bbox 1336 921 1379 957; x_wconf 84' lang='lat' dir='ltr'><strong>agi</strong></span> <span class='ocrx_word' id='word_1_265' title='bbox 1395 931 1402 949; x_wconf 91' lang='lat'><strong>:</strong></span> <span class='ocrx_word' id='word_1_266' title='bbox 1419 929 1513 950; x_wconf 86' lang='lat' dir='ltr'><strong>verum</strong></span> <span class='ocrx_word' id='word_1_267' title='bbox 1534 929 1569 949; x_wconf 78' lang='lat' dir='ltr'><strong>an</strong></span> <span class='ocrx_word' id='word_1_268' title='bbox 1585 922 1669 950; x_wconf 88' lang='lat' dir='ltr'><strong>lector</strong></span> <span class='ocrx_word' id='word_1_269' title='bbox 1685 922 1727 950; x_wconf 83' lang='lat' dir='ltr'><strong>vel</strong></span> <span class='ocrx_word' id='word_1_270' title='bbox 1744 931 1802 950; x_wconf 87' lang='lat' dir='ltr'><strong>mo-</strong></span> 
     </span>
    </p>
   </div>
   <div class='ocr_carea' id='block_1_42' title="bbox 1016 977 1805 1012">
    <p class='ocr_par' dir='ltr' id='par_1_42' title="bbox 1016 977 1805 1012">
     <span class='ocr_line' id='line_1_42' title="bbox 1016 977 1805 1012; baseline 0.004 -8"><span class='ocrx_word' id='word_1_271' title='bbox 1016 978 1118 1005; x_wconf 86' lang='lat' dir='ltr'><strong>nachus</strong></span> <span class='ocrx_word' id='word_1_272' title='bbox 1134 977 1171 1004; x_wconf 87' lang='lat' dir='ltr'><strong>ita</strong></span> <span class='ocrx_word' id='word_1_273' title='bbox 1186 977 1334 1012; x_wconf 84' lang='lat' dir='ltr'><strong>loquatur?</strong></span> <span class='ocrx_word' id='word_1_274' title='bbox 1351 977 1525 1006; x_wconf 88' lang='lat' dir='ltr'><strong>llermantius</strong></span> <span class='ocrx_word' id='word_1_275' title='bbox 1534 983 1608 1006; x_wconf 87' lang='lat' dir='ltr'><strong>certe</strong></span> <span class='ocrx_word' id='word_1_276' title='bbox 1624 979 1684 1007; x_wconf 88' lang='lat' dir='ltr'><strong>ideo</strong></span> <span class='ocrx_word' id='word_1_277' title='bbox 1696 984 1805 1007; x_wconf 87' lang='lat' dir='ltr'><strong>senten-</strong></span> 
     </span>
    </p>
   </div>
   <div class='ocr_carea' id='block_1_43' title="bbox 1018 1032 1804 1068">
    <p class='ocr_par' dir='ltr' id='par_1_43' title="bbox 1018 1032 1804 1068">
     <span class='ocr_line' id='line_1_43' title="bbox 1018 1032 1804 1068; baseline 0 -9"><span class='ocrx_word' id='word_1_278' title='bbox 1018 1033 1081 1059; x_wconf 88' lang='lat' dir='ltr'><strong>tiam</strong></span> <span class='ocrx_word' id='word_1_279' title='bbox 1095 1032 1222 1065; x_wconf 89' lang='lat' dir='ltr'><strong>mutavit,</strong></span> <span class='ocrx_word' id='word_1_280' title='bbox 1233 1037 1332 1068; x_wconf 87' lang='lat' dir='ltr'><strong>putans</strong></span> <span class='ocrx_word' id='word_1_281' title='bbox 1344 1033 1400 1060; x_wconf 71' lang='lat' dir='ltr'><strong>[nec</strong></span> <span class='ocrx_word' id='word_1_282' title='bbox 1410 1033 1553 1068; x_wconf 85' lang='lat' dir='ltr'><strong>scripsisse</strong></span> <span class='ocrx_word' id='word_1_283' title='bbox 1568 1038 1693 1061; x_wconf 85' lang='lat' dir='ltr'><strong>sanctum</strong></span> <span class='ocrx_word' id='word_1_284' title='bbox 1705 1034 1804 1063; x_wconf 84' lang='lat' dir='ltr'><strong>virum,</strong></span> 
     </span>
    </p>
   </div>
   <div class='ocr_carea' id='block_1_44' title="bbox 1017 1087 1805 1124">
    <p class='ocr_par' dir='ltr' id='par_1_44' title="bbox 1017 1087 1805 1124">
     <span class='ocr_line' id='line_1_44' title="bbox 1017 1087 1805 1124; baseline 0.001 -10"><span class='ocrx_word' id='word_1_285' title='bbox 1017 1095 1079 1114; x_wconf 86' lang='lat' dir='ltr'><strong>cum</strong></span> <span class='ocrx_word' id='word_1_286' title='bbox 1096 1087 1226 1122; x_wconf 90' lang='lat' dir='ltr'><strong>populum</strong></span> <span class='ocrx_word' id='word_1_287' title='bbox 1245 1087 1352 1122; x_wconf 86' lang='lat' dir='ltr'><strong>publice</strong></span> <span class='ocrx_word' id='word_1_288' title='bbox 1367 1089 1484 1121; x_wconf 86' lang='lat' dir='ltr'><strong>doceret,</strong></span> <span class='ocrx_word' id='word_1_289' title='bbox 1501 1087 1518 1116; x_wconf 91' lang='lat' dir='ltr'><strong>i.</strong></span> <span class='ocrx_word' id='word_1_290' title='bbox 1535 1095 1560 1115; x_wconf 92' lang='lat' dir='ltr'><strong>e.</strong></span> <span class='ocrx_word' id='word_1_291' title='bbox 1574 1096 1635 1116; x_wconf 84' lang='lat' dir='ltr'><strong>cum</strong></span> <span class='ocrx_word' id='word_1_292' title='bbox 1655 1088 1710 1124; x_wconf 87' lang='lat' dir='ltr'><strong>jam</strong></span> <span class='ocrx_word' id='word_1_293' title='bbox 1731 1097 1805 1124; x_wconf 79' lang='lat' dir='ltr'><strong>prcs—</strong></span> 
     </span>
    </p>
   </div>
   <div class='ocr_carea' id='block_1_45' title="bbox 1018 1142 1219 1177">
    <p class='ocr_par' dir='ltr' id='par_1_45' title="bbox 1018 1142 1219 1177">
     <span class='ocr_line' id='line_1_45' title="bbox 1018 1142 1219 1177; baseline -0.005 -9"><span class='ocrx_word' id='word_1_294' title='bbox 1018 1142 1094 1177; x_wconf 78' lang='lat' dir='ltr'><strong>byter</strong></span> <span class='ocrx_word' id='word_1_295' title='bbox 1111 1146 1192 1169; x_wconf 90' lang='lat' dir='ltr'><strong>esset.</strong></span> <span class='ocrx_word' id='word_1_296' title='bbox 1210 1151 1219 1167; x_wconf 75' lang='grc' dir='ltr'><strong><em>ι</em></strong></span> 
     </span>
    </p>
   </div>
   <div class='ocr_carea' id='block_1_46' title="bbox 1051 1195 1808 1234">
    <p class='ocr_par' dir='ltr' id='par_1_46' title="bbox 1051 1195 1808 1234">
     <span class='ocr_line' id='line_1_46' title="bbox 1051 1195 1808 1234; baseline 0.003 -11"><span class='ocrx_word' id='word_1_297' title='bbox 1051 1195 1188 1224; x_wconf 79' lang='lat' dir='ltr'><strong>Hactenus</strong></span> <span class='ocrx_word' id='word_1_298' title='bbox 1213 1196 1414 1231; x_wconf 88' lang='lat' dir='ltr'><strong>Tillemontius,</strong></span> <span class='ocrx_word' id='word_1_299' title='bbox 1430 1198 1477 1233; x_wconf 87' lang='lat' dir='ltr'><strong>qui</strong></span> <span class='ocrx_word' id='word_1_300' title='bbox 1501 1198 1564 1226; x_wconf 89' lang='lat' dir='ltr'><strong>dum</strong></span> <span class='ocrx_word' id='word_1_301' title='bbox 1582 1198 1620 1225; x_wconf 89' lang='lat' dir='ltr'><strong>ait</strong></span> <span class='ocrx_word' id='word_1_302' title='bbox 1635 1199 1759 1234; x_wconf 75' lang='lat' dir='ltr'><strong>ignorare</strong></span> <span class='ocrx_word' id='word_1_303' title='bbox 1779 1207 1808 1225; x_wconf 81' lang='lat' dir='ltr'><strong>se</strong></span> 
     </span>
    </p>
   </div>
   <div class='ocr_carea' id='block_1_47' title="bbox 1019 1252 1808 1288">
    <p class='ocr_par' dir='ltr' id='par_1_47' title="bbox 1019 1252 1808 1288">
     <span class='ocr_line' id='line_1_47' title="bbox 1019 1252 1808 1288; baseline 0.001 -10"><span class='ocrx_word' id='word_1_304' title='bbox 1019 1259 1073 1286; x_wconf 90' lang='lat' dir='ltr'><strong>quo</strong></span> <span class='ocrx_word' id='word_1_305' title='bbox 1088 1256 1249 1287; x_wconf 76' lang='lat' dir='ltr'><strong>argumento</strong></span> <span class='ocrx_word' id='word_1_306' title='bbox 1260 1252 1334 1279; x_wconf 88' lang='lat' dir='ltr'><strong>ducti</strong></span> <span class='ocrx_word' id='word_1_307' title='bbox 1344 1252 1478 1280; x_wconf 82' lang='lat' dir='ltr'><strong>Baronius</strong></span> <span class='ocrx_word' id='word_1_308' title='bbox 1489 1257 1516 1280; x_wconf 90' lang='lat' dir='ltr'><strong>et</strong></span> <span class='ocrx_word' id='word_1_309' title='bbox 1527 1252 1572 1279; x_wconf 89' lang='lat' dir='ltr'><strong>alii</strong></span> <span class='ocrx_word' id='word_1_310' title='bbox 1584 1252 1808 1288; x_wconf 84' lang='lat' dir='ltr'><strong>Chrysostomum</strong></span> 
     </span>
    </p>
   </div>
   <div class='ocr_carea' id='block_1_48' title="bbox 1020 1306 1808 1342">
    <p class='ocr_par' dir='ltr' id='par_1_48' title="bbox 1020 1306 1808 1342">
     <span class='ocr_line' id='line_1_48' title="bbox 1020 1306 1808 1342; baseline 0.001 -9"><span class='ocrx_word' id='word_1_311' title='bbox 1020 1306 1078 1334; x_wconf 64' lang='lat' dir='ltr'><strong>haec</strong></span> <span class='ocrx_word' id='word_1_312' title='bbox 1093 1307 1236 1341; x_wconf 84' lang='lat' dir='ltr'><strong>scripsisse</strong></span> <span class='ocrx_word' id='word_1_313' title='bbox 1253 1311 1348 1342; x_wconf 88' lang='lat' dir='ltr'><strong>putent</strong></span> <span class='ocrx_word' id='word_1_314' title='bbox 1361 1307 1389 1334; x_wconf 92' lang='lat' dir='ltr'><strong>in</strong></span> <span class='ocrx_word' id='word_1_315' title='bbox 1413 1315 1520 1335; x_wconf 84' lang='lat' dir='ltr'><strong>secessu</strong></span> <span class='ocrx_word' id='word_1_316' title='bbox 1539 1313 1564 1335; x_wconf 88' lang='lat' dir='ltr'><strong>et</strong></span> <span class='ocrx_word' id='word_1_317' title='bbox 1578 1308 1736 1340; x_wconf 82' lang='lat' dir='ltr'><strong>solitudine,</strong></span> <span class='ocrx_word' id='word_1_318' title='bbox 1753 1309 1808 1335; x_wconf 73' lang='lat' dir='ltr'><strong>[nec</strong></span> 
     </span>
    </p>
   </div>
   <div class='ocr_carea' id='block_1_49' title="bbox 983 1362 1811 1398">
    <p class='ocr_par' dir='ltr' id='par_1_49' title="bbox 983 1362 1811 1398">
     <span class='ocr_line' id='line_1_49' title="bbox 983 1362 1811 1398; baseline 0.001 -9"><span class='ocrx_word' id='word_1_319' title='bbox 983 1391 989 1396; x_wconf 86' lang='lat'><strong>_</strong></span> <span class='ocrx_word' id='word_1_320' title='bbox 1021 1362 1208 1398; x_wconf 85' lang='lat' dir='ltr'><strong>Chrysostomi</strong></span> <span class='ocrx_word' id='word_1_321' title='bbox 1224 1363 1317 1396; x_wconf 80' lang='lat' dir='ltr'><strong>verba,</strong></span> <span class='ocrx_word' id='word_1_322' title='bbox 1337 1363 1404 1390; x_wconf 86' lang='lat' dir='ltr'><strong>Cum</strong></span> <span class='ocrx_word' id='word_1_323' title='bbox 1420 1372 1501 1398; x_wconf 82' lang='lat' dir='ltr'><strong>nuper</strong></span> <span class='ocrx_word' id='word_1_324' title='bbox 1514 1371 1559 1398; x_wconf 81' lang='lat' dir='ltr'><strong>ego</strong></span> <span class='ocrx_word' id='word_1_325' title='bbox 1583 1364 1752 1391; x_wconf 71' lang='lat' dir='ltr'><strong>decrevissem</strong></span> <span class='ocrx_word' id='word_1_326' title='bbox 1772 1372 1811 1390; x_wconf 85' lang='lat' dir='ltr'><strong>re-</strong></span> 
     </span>
    </p>
   </div>
   <div class='ocr_carea' id='block_1_50' title="bbox 1021 1415 1811 1451">
    <p class='ocr_par' dir='ltr' id='par_1_50' title="bbox 1021 1415 1811 1451">
     <span class='ocr_line' id='line_1_50' title="bbox 1021 1415 1811 1451; baseline 0.004 -9"><span class='ocrx_word' id='word_1_327' title='bbox 1021 1415 1086 1443; x_wconf 77' lang='lat' dir='ltr'><strong>licta</strong></span> <span class='ocrx_word' id='word_1_328' title='bbox 1099 1416 1161 1443; x_wconf 75' lang='lat' dir='ltr'><strong>urbe</strong></span> <span class='ocrx_word' id='word_1_329' title='bbox 1173 1417 1208 1443; x_wconf 86' lang='lat' dir='ltr'><strong>ad</strong></span> <span class='ocrx_word' id='word_1_330' title='bbox 1219 1416 1391 1444; x_wconf 86' lang='lat' dir='ltr'><strong>tabernacula</strong></span> <span class='ocrx_word' id='word_1_331' title='bbox 1410 1418 1598 1444; x_wconf 81' lang='lat' dir='ltr'><strong>monac/torum</strong></span> <span class='ocrx_word' id='word_1_332' title='bbox 1611 1419 1742 1451; x_wconf 82' lang='lat' dir='ltr'><strong>accedere,</strong></span> <span class='ocrx_word' id='word_1_333' title='bbox 1757 1425 1811 1445; x_wconf 87' lang='lat' dir='ltr'><strong>non</strong></span> 
     </span>
    </p>
   </div>
   <div class='ocr_carea' id='block_1_51' title="bbox 1023 1472 1811 1508">
    <p class='ocr_par' dir='ltr' id='par_1_51' title="bbox 1023 1472 1811 1508">
     <span class='ocr_line' id='line_1_51' title="bbox 1023 1472 1811 1508; baseline 0.003 -10"><span class='ocrx_word' id='word_1_334' title='bbox 1023 1472 1172 1500; x_wconf 62' lang='lat' dir='ltr'><strong>advenisse</strong></span> <span class='ocrx_word' id='word_1_335' title='bbox 1184 1480 1213 1500; x_wconf 92' lang='lat' dir='ltr'><strong>se</strong></span> <span class='ocrx_word' id='word_1_336' title='bbox 1223 1473 1314 1508; x_wconf 77' lang='lat' dir='ltr'><strong>arguit</strong></span> <span class='ocrx_word' id='word_1_337' title='bbox 1327 1481 1334 1499; x_wconf 90' lang='lat'>:</span> <span class='ocrx_word' id='word_1_338' title='bbox 1348 1481 1409 1500; x_wconf 87' lang='lat' dir='ltr'><strong>nam</strong></span> <span class='ocrx_word' id='word_1_339' title='bbox 1422 1473 1480 1500; x_wconf 80' lang='lat' dir='ltr'><strong>luce</strong></span> <span class='ocrx_word' id='word_1_340' title='bbox 1496 1473 1596 1501; x_wconf 87' lang='lat' dir='ltr'><strong>clarius</strong></span> <span class='ocrx_word' id='word_1_341' title='bbox 1606 1473 1711 1501; x_wconf 88' lang='lat' dir='ltr'><strong>videtur</strong></span> <span class='ocrx_word' id='word_1_342' title='bbox 1724 1474 1811 1508; x_wconf 91' lang='lat' dir='ltr'><strong>ipsum</strong></span> 
     </span>
    </p>
   </div>
   <div class='ocr_carea' id='block_1_52' title="bbox 1023 1528 1814 1565">
    <p class='ocr_par' dir='ltr' id='par_1_52' title="bbox 1023 1528 1814 1565">
     <span class='ocr_line' id='line_1_52' title="bbox 1023 1528 1814 1565; baseline 0.003 -10"><span class='ocrx_word' id='word_1_343' title='bbox 1023 1528 1105 1563; x_wconf 90' lang='lat' dir='ltr'><strong>paulo</strong></span> <span class='ocrx_word' id='word_1_344' title='bbox 1122 1534 1185 1563; x_wconf 89' lang='lat' dir='ltr'><strong>post</strong></span> <span class='ocrx_word' id='word_1_345' title='bbox 1198 1537 1279 1564; x_wconf 87' lang='lat' dir='ltr'><strong>quam</strong></span> <span class='ocrx_word' id='word_1_346' title='bbox 1296 1529 1350 1557; x_wconf 73' lang='lat' dir='ltr'><strong>hoc&quot;</strong></span> <span class='ocrx_word' id='word_1_347' title='bbox 1370 1529 1535 1562; x_wconf 80' lang='lat' dir='ltr'><strong>decreverat,</strong></span> <span class='ocrx_word' id='word_1_348' title='bbox 1550 1530 1607 1557; x_wconf 72' lang='lat' dir='ltr'><strong>haec</strong></span> <span class='ocrx_word' id='word_1_349' title='bbox 1623 1530 1774 1565; x_wconf 84' lang='lat' dir='ltr'><strong>scripsisse,</strong></span> <span class='ocrx_word' id='word_1_350' title='bbox 1787 1535 1814 1557; x_wconf 90' lang='lat' dir='ltr'><strong>ct</strong></span> 
     </span>
    </p>
   </div>
   <div class='ocr_carea' id='block_1_53' title="bbox 1024 1584 1814 1621">
    <p class='ocr_par' dir='ltr' id='par_1_53' title="bbox 1024 1584 1814 1621">
     <span class='ocr_line' id='line_1_53' title="bbox 1024 1584 1814 1621; baseline 0.001 -10"><span class='ocrx_word' id='word_1_351' title='bbox 1024 1584 1132 1619; x_wconf 90' lang='lat' dir='ltr'><strong>quidem</strong></span> <span class='ocrx_word' id='word_1_352' title='bbox 1149 1585 1213 1612; x_wconf 87' lang='lat' dir='ltr'><strong>dum</strong></span> <span class='ocrx_word' id='word_1_353' title='bbox 1231 1586 1258 1612; x_wconf 91' lang='lat' dir='ltr'><strong>in</strong></span> <span class='ocrx_word' id='word_1_354' title='bbox 1275 1593 1384 1614; x_wconf 78' lang='lat' dir='ltr'><strong>secessu</strong></span> <span class='ocrx_word' id='word_1_355' title='bbox 1401 1585 1520 1621; x_wconf 80' lang='lat' dir='ltr'><strong>degeret,</strong></span> <span class='ocrx_word' id='word_1_356' title='bbox 1537 1591 1567 1613; x_wconf 92' lang='lat' dir='ltr'><strong>ut</strong></span> <span class='ocrx_word' id='word_1_357' title='bbox 1583 1591 1636 1614; x_wconf 84' lang='lat' dir='ltr'><strong>tam</strong></span> <span class='ocrx_word' id='word_1_358' title='bbox 1650 1595 1681 1614; x_wconf 82' lang='lat' dir='ltr'><strong>ex</strong></span> <span class='ocrx_word' id='word_1_359' title='bbox 1697 1587 1739 1614; x_wconf 80' lang='lat' dir='ltr'><strong>liis</strong></span> <span class='ocrx_word' id='word_1_360' title='bbox 1754 1594 1814 1613; x_wconf 84' lang='lat' dir='ltr'><strong>vcr-</strong></span> 
     </span>
    </p>
   </div>
   <div class='ocr_carea' id='block_1_54' title="bbox 1024 1642 1814 1677">
    <p class='ocr_par' dir='ltr' id='par_1_54' title="bbox 1024 1642 1814 1677">
     <span class='ocr_line' id='line_1_54' title="bbox 1024 1642 1814 1677; baseline 0.001 -8"><span class='ocrx_word' id='word_1_361' title='bbox 1024 1642 1066 1669; x_wconf 85' lang='lat' dir='ltr'><strong>bis</strong></span> <span class='ocrx_word' id='word_1_362' title='bbox 1089 1650 1171 1677; x_wconf 84' lang='lat' dir='ltr'><strong>quam</strong></span> <span class='ocrx_word' id='word_1_363' title='bbox 1197 1650 1229 1669; x_wconf 83' lang='lat' dir='ltr'><strong>ex</strong></span> <span class='ocrx_word' id='word_1_364' title='bbox 1257 1642 1434 1677; x_wconf 87' lang='lat' dir='ltr'><strong>sequentibus</strong></span> <span class='ocrx_word' id='word_1_365' title='bbox 1456 1643 1659 1677; x_wconf 83' lang='lat' dir='ltr'><strong>comprobatur.</strong></span> <span class='ocrx_word' id='word_1_366' title='bbox 1677 1643 1725 1670; x_wconf 86' lang='lat' dir='ltr'><strong>llla</strong></span> <span class='ocrx_word' id='word_1_367' title='bbox 1750 1650 1814 1670; x_wconf 83' lang='lat' dir='ltr'><strong>vero</strong></span> 
     </span>
    </p>
   </div>
   <div class='ocr_carea' id='block_1_55' title="bbox 1025 1696 1816 1732">
    <p class='ocr_par' dir='ltr' id='par_1_55' title="bbox 1025 1696 1816 1732">
     <span class='ocr_line' id='line_1_55' title="bbox 1025 1696 1816 1732; baseline 0.003 -9"><span class='ocrx_word' id='word_1_368' title='bbox 1025 1705 1106 1732; x_wconf 86' lang='lat' dir='ltr'><strong>quam</strong></span> <span class='ocrx_word' id='word_1_369' title='bbox 1118 1705 1150 1724; x_wconf 83' lang='lat' dir='ltr'><strong>ex</strong></span> <span class='ocrx_word' id='word_1_370' title='bbox 1167 1696 1325 1724; x_wconf 81' lang='lat' dir='ltr'><strong>Hermantio</strong></span> <span class='ocrx_word' id='word_1_371' title='bbox 1341 1696 1419 1724; x_wconf 80' lang='lat' dir='ltr'><strong>affert</strong></span> <span class='ocrx_word' id='word_1_372' title='bbox 1444 1697 1598 1730; x_wconf 80' lang='lat' dir='ltr'><strong>ditIicultas,</strong></span> <span class='ocrx_word' id='word_1_373' title='bbox 1616 1697 1715 1725; x_wconf 86' lang='lat' dir='ltr'><strong>nedum</strong></span> <span class='ocrx_word' id='word_1_374' title='bbox 1731 1699 1816 1732; x_wconf 85' lang='lat' dir='ltr'><strong>possit</strong></span> 
     </span>
    </p>
   </div>
   <div class='ocr_carea' id='block_1_56' title="bbox 1025 1752 1814 1788">
    <p class='ocr_par' dir='ltr' id='par_1_56' title="bbox 1025 1752 1814 1788">
     <span class='ocr_line' id='line_1_56' title="bbox 1025 1752 1814 1788; baseline 0.001 -9"><span class='ocrx_word' id='word_1_375' title='bbox 1025 1757 1080 1780; x_wconf 87' lang='lat' dir='ltr'><strong>tam</strong></span> <span class='ocrx_word' id='word_1_376' title='bbox 1109 1757 1231 1787; x_wconf 84' lang='lat' dir='ltr'><strong>apertum</strong></span> <span class='ocrx_word' id='word_1_377' title='bbox 1249 1752 1436 1780; x_wconf 86' lang='lat' dir='ltr'><strong>testimonium</strong></span> <span class='ocrx_word' id='word_1_378' title='bbox 1455 1758 1586 1785; x_wconf 83' lang='lat' dir='ltr'><strong>evertere,</strong></span> <span class='ocrx_word' id='word_1_379' title='bbox 1603 1753 1677 1780; x_wconf 88' lang='lat' dir='ltr'><strong>nulla</strong></span> <span class='ocrx_word' id='word_1_380' title='bbox 1701 1761 1814 1788; x_wconf 83' lang='lat' dir='ltr'><strong>prorsus</strong></span> 
     </span>
    </p>
   </div>
   <div class='ocr_carea' id='block_1_57' title="bbox 1026 1805 1816 1843">
    <p class='ocr_par' dir='ltr' id='par_1_57' title="bbox 1026 1805 1816 1843">
     <span class='ocr_line' id='line_1_57' title="bbox 1026 1805 1816 1843; baseline 0.001 -10"><span class='ocrx_word' id='word_1_381' title='bbox 1026 1811 1077 1834; x_wconf 85' lang='lat' dir='ltr'><strong>est.</strong></span> <span class='ocrx_word' id='word_1_382' title='bbox 1093 1805 1159 1833; x_wconf 83' lang='lat' dir='ltr'><strong>Nam</strong></span> <span class='ocrx_word' id='word_1_383' title='bbox 1183 1814 1244 1833; x_wconf 90' lang='lat' dir='ltr'><strong>cum</strong></span> <span class='ocrx_word' id='word_1_384' title='bbox 1263 1806 1300 1833; x_wconf 86' lang='lat' dir='ltr'><strong>ait</strong></span> <span class='ocrx_word' id='word_1_385' title='bbox 1313 1814 1320 1832; x_wconf 78' lang='grc' dir='ltr'><strong><em>τ</em></strong></span> <span class='ocrx_word' id='word_1_386' title='bbox 1335 1805 1392 1833; x_wconf 84' lang='lat' dir='ltr'><strong>Nos</strong></span> <span class='ocrx_word' id='word_1_387' title='bbox 1416 1811 1503 1834; x_wconf 87' lang='lat' dir='ltr'><strong>autent</strong></span> <span class='ocrx_word' id='word_1_388' title='bbox 1516 1815 1571 1842; x_wconf 74' lang='lat' dir='ltr'><strong>pra:</strong></span> <span class='ocrx_word' id='word_1_389' title='bbox 1590 1808 1664 1834; x_wconf 86' lang='lat' dir='ltr'><strong>inani</strong></span> <span class='ocrx_word' id='word_1_390' title='bbox 1685 1808 1770 1843; x_wconf 80' lang='lat' dir='ltr'><strong>gloria</strong></span> <span class='ocrx_word' id='word_1_391' title='bbox 1792 1813 1816 1834; x_wconf 74' lang='lat' dir='ltr'><strong>et</strong></span> 
     </span>
    </p>
   </div>
   <div class='ocr_carea' id='block_1_58' title="bbox 1027 1861 1816 1896">
    <p class='ocr_par' dir='ltr' id='par_1_58' title="bbox 1027 1861 1816 1896">
     <span class='ocr_line' id='line_1_58' title="bbox 1027 1861 1816 1896; baseline 0.001 -8"><span class='ocrx_word' id='word_1_392' title='bbox 1027 1861 1142 1888; x_wconf 81' lang='lat' dir='ltr'><strong>absurda</strong></span> <span class='ocrx_word' id='word_1_393' title='bbox 1158 1861 1300 1888; x_wconf 83' lang='lat' dir='ltr'><strong>ambitione</strong></span> <span class='ocrx_word' id='word_1_394' title='bbox 1315 1861 1362 1888; x_wconf 88' lang='lat' dir='ltr'><strong>hoc</strong></span> <span class='ocrx_word' id='word_1_395' title='bbox 1376 1861 1437 1888; x_wconf 83' lang='lat' dir='ltr'><strong>item</strong></span> <span class='ocrx_word' id='word_1_396' title='bbox 1452 1867 1612 1896; x_wconf 72' lang='lat' dir='ltr'><strong>pra&#39;ceptum</strong></span> <span class='ocrx_word' id='word_1_397' title='bbox 1626 1870 1729 1896; x_wconf 69' lang='lat' dir='ltr'><strong>pessum</strong></span> <span class='ocrx_word' id='word_1_398' title='bbox 1745 1863 1816 1889; x_wconf 83' lang='lat' dir='ltr'><strong>dedi-</strong></span> 
     </span>
    </p>
   </div>
   <div class='ocr_carea' id='block_1_59' title="bbox 1028 1915 1816 1950">
    <p class='ocr_par' dir='ltr' id='par_1_59' title="bbox 1028 1915 1816 1950">
     <span class='ocr_line' id='line_1_59' title="bbox 1028 1915 1816 1950; baseline -0.004 -6"><span class='ocrx_word' id='word_1_399' title='bbox 1028 1925 1097 1950; x_wconf 80' lang='lat' dir='ltr'><strong>mus,</strong></span> <span class='ocrx_word' id='word_1_400' title='bbox 1114 1916 1178 1942; x_wconf 88' lang='lat' dir='ltr'><strong>dum</strong></span> <span class='ocrx_word' id='word_1_401' title='bbox 1194 1921 1371 1950; x_wconf 82' lang='lat' dir='ltr'><strong>corruptores,</strong></span> <span class='ocrx_word' id='word_1_402' title='bbox 1393 1915 1556 1948; x_wconf 81' lang='lat' dir='ltr'><strong>incredulos,</strong></span> <span class='ocrx_word' id='word_1_403' title='bbox 1570 1915 1737 1950; x_wconf 82' lang='lat' dir='ltr'><strong>hominesque</strong></span> <span class='ocrx_word' id='word_1_404' title='bbox 1757 1923 1816 1942; x_wconf 75' lang='lat' dir='ltr'><strong>sex-</strong></span> 
     </span>
    </p>
   </div>
   <div class='ocr_carea' id='block_1_60' title="bbox 1027 1969 1817 2004">
    <p class='ocr_par' dir='ltr' id='par_1_60' title="bbox 1027 1969 1817 2004">
     <span class='ocr_line' id='line_1_60' title="bbox 1027 1969 1817 2004; baseline -0.003 -6"><span class='ocrx_word' id='word_1_405' title='bbox 1027 1971 1108 1998; x_wconf 77' lang='lat' dir='ltr'><strong>centis</strong></span> <span class='ocrx_word' id='word_1_406' title='bbox 1121 1970 1191 1997; x_wconf 76' lang='lat' dir='ltr'><strong>vitiis</strong></span> <span class='ocrx_word' id='word_1_407' title='bbox 1206 1974 1314 1996; x_wconf 84' lang='lat' dir='ltr'><strong>onustos</strong></span> <span class='ocrx_word' id='word_1_408' title='bbox 1332 1974 1425 1996; x_wconf 85' lang='lat' dir='ltr'><strong>temere</strong></span> <span class='ocrx_word' id='word_1_409' title='bbox 1442 1974 1466 1996; x_wconf 84' lang='lat' dir='ltr'><strong>et</strong></span> <span class='ocrx_word' id='word_1_410' title='bbox 1480 1969 1535 1996; x_wconf 81' lang='lat' dir='ltr'><strong>sine</strong></span> <span class='ocrx_word' id='word_1_411' title='bbox 1546 1971 1667 1996; x_wconf 75' lang='lat' dir='ltr'><strong>examine</strong></span> <span class='ocrx_word' id='word_1_412' title='bbox 1677 1970 1711 1996; x_wconf 87' lang='lat' dir='ltr'><strong>ad</strong></span> <span class='ocrx_word' id='word_1_413' title='bbox 1724 1975 1817 2004; x_wconf 81' lang='lat' dir='ltr'><strong>myste-</strong></span> 
     </span>
    </p>
   </div>
   <div class='ocr_carea' id='block_1_61' title="bbox 1028 2025 1816 2060">
    <p class='ocr_par' dir='ltr' id='par_1_61' title="bbox 1028 2025 1816 2060">
     <span class='ocr_line' id='line_1_61' title="bbox 1028 2025 1816 2060; baseline 0 -8"><span class='ocrx_word' id='word_1_414' title='bbox 1028 2026 1128 2052; x_wconf 84' lang='lat' dir='ltr'><strong>riorum</strong></span> <span class='ocrx_word' id='word_1_415' title='bbox 1151 2025 1382 2060; x_wconf 79' lang='lat' dir='ltr'><strong>participationem</strong></span> <span class='ocrx_word' id='word_1_416' title='bbox 1410 2025 1591 2057; x_wconf 77' lang='lat' dir='ltr'><strong>admittimus,</strong></span> <span class='ocrx_word' id='word_1_417' title='bbox 1621 2030 1645 2052; x_wconf 83' lang='lat' dir='ltr'><strong>et</strong></span> <span class='ocrx_word' id='word_1_418' title='bbox 1677 2031 1816 2060; x_wconf 75' lang='lat' dir='ltr'><strong>antequam</strong></span> 
     </span>
    </p>
   </div>
   <div class='ocr_carea' id='block_1_62' title="bbox 1028 2079 1818 2114">
    <p class='ocr_par' dir='ltr' id='par_1_62' title="bbox 1028 2079 1818 2114">
     <span class='ocr_line' id='line_1_62' title="bbox 1028 2079 1818 2114; baseline 0 -8"><span class='ocrx_word' id='word_1_419' title='bbox 1028 2085 1184 2106; x_wconf 84' lang='lat' dir='ltr'><strong>accuratam</strong></span> <span class='ocrx_word' id='word_1_420' title='bbox 1195 2079 1289 2107; x_wconf 80' lang='lat' dir='ltr'><strong>mentis</strong></span> <span class='ocrx_word' id='word_1_421' title='bbox 1305 2079 1491 2114; x_wconf 66' lang='lat' dir='ltr'><strong>sententiaque</strong></span> <span class='ocrx_word' id='word_1_422' title='bbox 1513 2088 1568 2107; x_wconf 80' lang='lat' dir='ltr'><strong>sua:</strong></span> <span class='ocrx_word' id='word_1_423' title='bbox 1583 2080 1763 2114; x_wconf 81' lang='lat' dir='ltr'><strong>probationem</strong></span> <span class='ocrx_word' id='word_1_424' title='bbox 1774 2081 1818 2106; x_wconf 84' lang='lat' dir='ltr'><strong>de-</strong></span> 
     </span>
    </p>
   </div>
   <div class='ocr_carea' id='block_1_63' title="bbox 1028 2134 1819 2169">
    <p class='ocr_par' dir='ltr' id='par_1_63' title="bbox 1028 2134 1819 2169">
     <span class='ocr_line' id='line_1_63' title="bbox 1028 2134 1819 2169; baseline 0 -7"><span class='ocrx_word' id='word_1_425' title='bbox 1028 2135 1125 2168; x_wconf 81' lang='lat' dir='ltr'><strong>derint,</strong></span> <span class='ocrx_word' id='word_1_426' title='bbox 1137 2135 1226 2162; x_wconf 84' lang='lat' dir='ltr'><strong>omnia</strong></span> <span class='ocrx_word' id='word_1_427' title='bbox 1238 2134 1292 2161; x_wconf 78' lang='lat' dir='ltr'><strong>illis</strong></span> <span class='ocrx_word' id='word_1_428' title='bbox 1305 2135 1429 2169; x_wconf 86' lang='lat' dir='ltr'><strong>dogmata</strong></span> <span class='ocrx_word' id='word_1_429' title='bbox 1446 2135 1608 2168; x_wconf 83' lang='lat' dir='ltr'><strong>revelamus;</strong></span> <span class='ocrx_word' id='word_1_430' title='bbox 1624 2144 1654 2162; x_wconf 83' lang='lat' dir='ltr'><strong>at:</strong></span> <span class='ocrx_word' id='word_1_431' title='bbox 1666 2135 1726 2162; x_wconf 86' lang='lat' dir='ltr'><strong>licet</strong></span> <span class='ocrx_word' id='word_1_432' title='bbox 1742 2136 1819 2162; x_wconf 75' lang='lat' dir='ltr'><strong>uesti-</strong></span> 
     </span>
    </p>
   </div>
   <div class='ocr_carea' id='block_1_64' title="bbox 1033 2189 1818 2225">
    <p class='ocr_par' dir='ltr' id='par_1_64' title="bbox 1033 2189 1818 2225">
     <span class='ocr_line' id='line_1_64' title="bbox 1033 2189 1818 2225; baseline 0 -9"><span class='ocrx_word' id='word_1_433' title='bbox 1033 2190 1095 2217; x_wconf 84' lang='lat' dir='ltr'><strong>bula</strong></span> <span class='ocrx_word' id='word_1_434' title='bbox 1115 2190 1230 2216; x_wconf 81' lang='lat' dir='ltr'><strong>nondum</strong></span> <span class='ocrx_word' id='word_1_435' title='bbox 1242 2189 1326 2217; x_wconf 79' lang='lat' dir='ltr'><strong>uidere</strong></span> <span class='ocrx_word' id='word_1_436' title='bbox 1334 2190 1478 2224; x_wconf 81' lang='lat' dir='ltr'><strong>potuerint,</strong></span> <span class='ocrx_word' id='word_1_437' title='bbox 1492 2190 1629 2224; x_wconf 71' lang='lat' dir='ltr'><strong>confestim</strong></span> <span class='ocrx_word' id='word_1_438' title='bbox 1642 2199 1685 2218; x_wconf 70' lang='lat' dir='ltr'><strong>eos</strong></span> <span class='ocrx_word' id='word_1_439' title='bbox 1701 2191 1728 2217; x_wconf 88' lang='lat' dir='ltr'><strong>in</strong></span> <span class='ocrx_word' id='word_1_440' title='bbox 1740 2191 1818 2225; x_wconf 85' lang='lat' dir='ltr'><strong>adyta</strong></span> 
     </span>
    </p>
   </div>
   <div class='ocr_carea' id='block_1_65' title="bbox 1033 2244 1818 2279">
    <p class='ocr_par' dir='ltr' id='par_1_65' title="bbox 1033 2244 1818 2279">
     <span class='ocr_line' id='line_1_65' title="bbox 1033 2244 1818 2279; baseline -0.004 -7"><span class='ocrx_word' id='word_1_441' title='bbox 1033 2245 1165 2277; x_wconf 84' lang='lat' dir='ltr'><strong>ducimus,</strong></span> <span class='ocrx_word' id='word_1_442' title='bbox 1187 2250 1238 2273; x_wconf 89' lang='lat' dir='ltr'><strong>etc.</strong></span> <span class='ocrx_word' id='word_1_443' title='bbox 1256 2254 1262 2272; x_wconf 89' lang='lat'><strong>:</strong></span> <span class='ocrx_word' id='word_1_444' title='bbox 1277 2252 1340 2272; x_wconf 88' lang='lat' dir='ltr'><strong>eum</strong></span> <span class='ocrx_word' id='word_1_445' title='bbox 1363 2245 1419 2272; x_wconf 76' lang='lat' dir='ltr'><strong>haec</strong></span> <span class='ocrx_word' id='word_1_446' title='bbox 1445 2244 1493 2278; x_wconf 87' lang='lat' dir='ltr'><strong>ait,</strong></span> <span class='ocrx_word' id='word_1_447' title='bbox 1515 2244 1637 2278; x_wconf 85' lang='lat' dir='ltr'><strong>inquam,</strong></span> <span class='ocrx_word' id='word_1_448' title='bbox 1663 2245 1818 2279; x_wconf 75' lang='lat' dir='ltr'><strong>neutiquam</strong></span> 
     </span>
    </p>
   </div>
   <div class='ocr_carea' id='block_1_66' title="bbox 1035 2299 1818 2335">
    <p class='ocr_par' dir='ltr' id='par_1_66' title="bbox 1035 2299 1818 2335">
     <span class='ocr_line' id='line_1_66' title="bbox 1035 2299 1818 2335; baseline -0.003 -7"><span class='ocrx_word' id='word_1_449' title='bbox 1035 2309 1064 2329; x_wconf 91' lang='lat' dir='ltr'><strong>se</strong></span> <span class='ocrx_word' id='word_1_450' title='bbox 1077 2301 1201 2328; x_wconf 85' lang='lat' dir='ltr'><strong>soeiosve</strong></span> <span class='ocrx_word' id='word_1_451' title='bbox 1212 2307 1278 2327; x_wconf 90' lang='lat' dir='ltr'><strong>suos</strong></span> <span class='ocrx_word' id='word_1_452' title='bbox 1286 2299 1458 2335; x_wconf 80' lang='lat' dir='ltr'><strong>presbyteros</strong></span> <span class='ocrx_word' id='word_1_453' title='bbox 1474 2300 1525 2327; x_wconf 88' lang='lat' dir='ltr'><strong>sub</strong></span> <span class='ocrx_word' id='word_1_454' title='bbox 1537 2299 1665 2327; x_wconf 79' lang='lat' dir='ltr'><strong>Flaviano</strong></span> <span class='ocrx_word' id='word_1_455' title='bbox 1681 2299 1818 2335; x_wconf 82' lang='lat' dir='ltr'><strong>quidpiam</strong></span> 
     </span>
    </p>
   </div>
   <div class='ocr_carea' id='block_1_67' title="bbox 1032 2352 1818 2385">
    <p class='ocr_par' dir='ltr' id='par_1_67' title="bbox 1032 2352 1818 2385">
     <span class='ocr_line' id='line_1_67' title="bbox 1032 2352 1818 2385; baseline -0.001 -4"><span class='ocrx_word' id='word_1_456' title='bbox 1032 2354 1122 2381; x_wconf 85' lang='lat' dir='ltr'><strong>simile</strong></span> <span class='ocrx_word' id='word_1_457' title='bbox 1137 2353 1283 2380; x_wconf 87' lang='lat' dir='ltr'><strong>admisisse</strong></span> <span class='ocrx_word' id='word_1_458' title='bbox 1307 2352 1477 2385; x_wconf 84' lang='lat' dir='ltr'><strong>testiﬁcatur,</strong></span> <span class='ocrx_word' id='word_1_459' title='bbox 1494 2357 1524 2379; x_wconf 91' lang='lat' dir='ltr'><strong>ut</strong></span> <span class='ocrx_word' id='word_1_460' title='bbox 1546 2360 1626 2380; x_wconf 83' lang='lat' dir='ltr'><strong>nemo</strong></span> <span class='ocrx_word' id='word_1_461' title='bbox 1640 2360 1695 2380; x_wconf 89' lang='lat' dir='ltr'><strong>non</strong></span> <span class='ocrx_word' id='word_1_462' title='bbox 1720 2352 1818 2380; x_wconf 81' lang='lat' dir='ltr'><strong>videat.</strong></span> 
     </span>
    </p>
   </div>
   <div class='ocr_carea' id='block_1_68' title="bbox 1009 2405 1818 2441">
    <p class='ocr_par' dir='ltr' id='par_1_68' title="bbox 1009 2405 1818 2441">
     <span class='ocr_line' id='line_1_68' title="bbox 1009 2405 1818 2441; baseline -0.005 -6"><span class='ocrx_word' id='word_1_463' title='bbox 1009 2435 1014 2439; x_wconf 85' lang='grc'>,</span> <span class='ocrx_word' id='word_1_464' title='bbox 1033 2407 1079 2435; x_wconf 89' lang='lat' dir='ltr'><strong>sed</strong></span> <span class='ocrx_word' id='word_1_465' title='bbox 1095 2406 1222 2434; x_wconf 84' lang='lat' dir='ltr'><strong>familiari</strong></span> <span class='ocrx_word' id='word_1_466' title='bbox 1246 2406 1299 2434; x_wconf 86' lang='lat' dir='ltr'><strong>sibi</strong></span> <span class='ocrx_word' id='word_1_467' title='bbox 1313 2411 1392 2441; x_wconf 88' lang='lat' dir='ltr'><strong>tropo</strong></span> <span class='ocrx_word' id='word_1_468' title='bbox 1414 2414 1560 2441; x_wconf 90' lang='lat' dir='ltr'><strong>personam</strong></span> <span class='ocrx_word' id='word_1_469' title='bbox 1583 2406 1639 2441; x_wconf 82' lang='lat' dir='ltr'><strong>agit</strong></span> <span class='ocrx_word' id='word_1_470' title='bbox 1663 2413 1758 2434; x_wconf 81' lang='lat' dir='ltr'><strong>eorum</strong></span> <span class='ocrx_word' id='word_1_471' title='bbox 1774 2405 1818 2440; x_wconf 92' lang='lat' dir='ltr'><strong>qui</strong></span> 
     </span>
    </p>
   </div>
   <div class='ocr_carea' id='block_1_69' title="bbox 1034 2460 1818 2497">
    <p class='ocr_par' dir='ltr' id='par_1_69' title="bbox 1034 2460 1818 2497">
     <span class='ocr_line' id='line_1_69' title="bbox 1034 2460 1818 2497; baseline -0.004 -8"><span class='ocrx_word' id='word_1_472' title='bbox 1034 2462 1099 2490; x_wconf 84' lang='lat' dir='ltr'><strong>talia</strong></span> <span class='ocrx_word' id='word_1_473' title='bbox 1129 2461 1313 2489; x_wconf 86' lang='lat' dir='ltr'><strong>admitterent.</strong></span> <span class='ocrx_word' id='word_1_474' title='bbox 1346 2461 1418 2488; x_wconf 80' lang='lat' dir='ltr'><strong>Nihil</strong></span> <span class='ocrx_word' id='word_1_475' title='bbox 1447 2462 1520 2489; x_wconf 88' lang='lat' dir='ltr'><strong>enim</strong></span> <span class='ocrx_word' id='word_1_476' title='bbox 1553 2461 1722 2497; x_wconf 80' lang='lat' dir='ltr'><strong>frequentius</strong></span> <span class='ocrx_word' id='word_1_477' title='bbox 1751 2460 1818 2495; x_wconf 86' lang='lat' dir='ltr'><strong>apul</strong></span> 
     </span>
    </p>
   </div>
   <div class='ocr_carea' id='block_1_70' title="bbox 1036 2515 1820 2553">
    <p class='ocr_par' dir='ltr' id='par_1_70' title="bbox 1036 2515 1820 2553">
     <span class='ocr_line' id='line_1_70' title="bbox 1036 2515 1820 2553; baseline -0.001 -9"><span class='ocrx_word' id='word_1_478' title='bbox 1036 2517 1263 2553; x_wconf 84' lang='lat' dir='ltr'><strong>Chrysostomum</strong></span> <span class='ocrx_word' id='word_1_479' title='bbox 1288 2525 1369 2552; x_wconf 88' lang='lat' dir='ltr'><strong>quam</strong></span> <span class='ocrx_word' id='word_1_480' title='bbox 1384 2517 1457 2552; x_wconf 88' lang='lat' dir='ltr'><strong>quod</strong></span> <span class='ocrx_word' id='word_1_481' title='bbox 1478 2525 1584 2550; x_wconf 84' lang='lat' dir='ltr'><strong>eorum,</strong></span> <span class='ocrx_word' id='word_1_482' title='bbox 1608 2517 1641 2545; x_wconf 88' lang='lat' dir='ltr'><strong>de</strong></span> <span class='ocrx_word' id='word_1_483' title='bbox 1658 2516 1758 2551; x_wconf 85' lang='lat' dir='ltr'><strong>quibus</strong></span> <span class='ocrx_word' id='word_1_484' title='bbox 1782 2515 1820 2540; x_wconf 73' lang='lat' dir='ltr'><strong>\‘cl</strong></span> 
     </span>
    </p>
   </div>
   <div class='ocr_carea' id='block_1_71' title="bbox 1034 2572 1822 2608">
    <p class='ocr_par' dir='ltr' id='par_1_71' title="bbox 1034 2572 1822 2608">
     <span class='ocr_line' id='line_1_71' title="bbox 1034 2572 1822 2608; baseline -0.005 -7"><span class='ocrx_word' id='word_1_485' title='bbox 1034 2581 1151 2608; x_wconf 89' lang='lat' dir='ltr'><strong>quorum</strong></span> <span class='ocrx_word' id='word_1_486' title='bbox 1168 2580 1250 2600; x_wconf 82' lang='lat' dir='ltr'><strong>causa</strong></span> <span class='ocrx_word' id='word_1_487' title='bbox 1263 2572 1384 2606; x_wconf 84' lang='lat' dir='ltr'><strong>disserit,</strong></span> <span class='ocrx_word' id='word_1_488' title='bbox 1399 2581 1542 2608; x_wconf 80' lang='lat' dir='ltr'><strong>personam</strong></span> <span class='ocrx_word' id='word_1_489' title='bbox 1560 2578 1622 2608; x_wconf 76' lang='lat' dir='ltr'><strong>agat</strong></span> <span class='ocrx_word' id='word_1_490' title='bbox 1638 2572 1822 2601; x_wconf 87' lang='lat' dir='ltr'><strong>sacerdotum,</strong></span> 
     </span>
    </p>
   </div>
   <div class='ocr_carea' id='block_1_72' title="bbox 1036 2626 1823 2666">
    <p class='ocr_par' dir='ltr' id='par_1_72' title="bbox 1036 2626 1823 2666">
     <span class='ocr_line' id='line_1_72' title="bbox 1036 2626 1823 2666; baseline -0.006 -9"><span class='ocrx_word' id='word_1_491' title='bbox 1036 2629 1404 2666; x_wconf 82' lang='lat' dir='ltr'><strong>presbyterorum,ctiamque</strong></span> <span class='ocrx_word' id='word_1_492' title='bbox 1412 2637 1465 2656; x_wconf 85' lang='lat' dir='ltr'><strong>non</strong></span> <span class='ocrx_word' id='word_1_493' title='bbox 1477 2636 1539 2656; x_wconf 80' lang='lat' dir='ltr'><strong>raro</strong></span> <span class='ocrx_word' id='word_1_494' title='bbox 1549 2629 1767 2664; x_wconf 77' lang='lat' dir='ltr'><strong>coujugatorum.</strong></span> <span class='ocrx_word' id='word_1_495' title='bbox 1779 2626 1823 2653; x_wconf 70' lang='lat' dir='ltr'><strong>Sic</strong></span> 
     </span>
    </p>
   </div>
   <div class='ocr_carea' id='block_1_73' title="bbox 1035 2685 1823 2721">
    <p class='ocr_par' dir='ltr' id='par_1_73' title="bbox 1035 2685 1823 2721">
     <span class='ocr_line' id='line_1_73' title="bbox 1035 2685 1823 2721; baseline -0.008 -5"><span class='ocrx_word' id='word_1_496' title='bbox 1035 2687 1103 2716; x_wconf 86' lang='lat' dir='ltr'><strong>libro</strong></span> <span class='ocrx_word' id='word_1_497' title='bbox 1114 2686 1148 2714; x_wconf 81' lang='lat' dir='ltr'><strong>ad</strong></span> <span class='ocrx_word' id='word_1_498' title='bbox 1171 2685 1397 2721; x_wconf 44' lang='lat' dir='ltr'><strong>patremtﬁdclcm,</strong></span> <span class='ocrx_word' id='word_1_499' title='bbox 1407 2693 1482 2713; x_wconf 90' lang='lat' dir='ltr'><strong>num.</strong></span> <span class='ocrx_word' id='word_1_500' title='bbox 1495 2685 1520 2718; x_wconf 71' lang='grc'><strong>4,</strong></span> <span class='ocrx_word' id='word_1_501' title='bbox 1533 2689 1674 2720; x_wconf 84' lang='lat' dir='ltr'><strong>postquam</strong></span> <span class='ocrx_word' id='word_1_502' title='bbox 1689 2685 1823 2721; x_wconf 88' lang='lat' dir='ltr'><strong>probavit,</strong></span> 
     </span>
    </p>
   </div>
  </div>
