2064 3115
194 153 249 182 393

629 145 674 173 DE
690 143 966 175 COMPUNCTIONE,
986 142 1031 170 AD
1050 141 1255 170 DEMETISIUM
1279 141 1343 168 LIB.
1363 140 1384 168 l.

1771 139 1823 166 594

221 249 1798 276 ww.

471 681 648 785 AD
728 675 1542 785 DEMETBIUM

809 1060 1217 1121 MONACHUM

673 1341 754 1387 DE
801 1333 1358 1386 COMPUNCTIONE

871 1635 987 1666 LIBER
1010 1631 1156 1665 PRIMUS
1179 1632 1200 1661 '.

238 2224 263 2253 I.
281 2223 348 2252 Cum
363 2228 389 2252 te
402 2224 479 2253 video
490 2244 498 2258 ,
512 2224 588 2252 beate
602 2223 736 2257 Demetri,
750 2222 856 2251 assidue
866 2223 990 2251 insisten-

203 2274 255 2297 tem
268 2269 342 2303 mihi,
357 2274 384 2296 et
396 2270 479 2297 multa
490 2277 548 2296 cum
562 2270 728 2296 vehementia
738 2269 771 2296 de
785 2269 989 2304 compunctione

202 2323 339 2343 sermones
354 2320 539 2349 exposcenlem
549 2336 555 2347 ,
569 2315 674 2342 beatum
696 2319 722 2342 te
741 2322 848 2349 semper
862 2315 988 2350 praedico,

202 2362 334 2397 animique
356 2362 394 2388 tui
415 2361 555 2397 puritatem
580 2361 706 2388 demiror.
727 2360 818 2396 Neque
840 2361 910 2388 enim
934 2361 990 2389 ﬁeri

203 2411 288 2442 potest
302 2414 459 2442 quemquam
481 2407 507 2433 in
523 2406 673 2441 huiusmodi
696 2407 826 2434 sermonis
838 2406 928 2434 venire
942 2406 991 2434 de-

203 2452 344 2486 siderium,
370 2453 421 2479 nisi
442 2453 515 2487 prius
539 2459 598 2479 sese
617 2452 699 2486 probe
722 2452 890 2487 purgaverit,
913 2456 992 2486 atque

203 2498 326 2526 omnibus
345 2498 516 2525 saecularibus
535 2498 605 2525 curis
628 2498 749 2532 superior
770 2498 895 2525 evaserit.
916 2497 992 2531 Quod

204 2543 281 2571 facile
293 2542 476 2578 deprehendas
490 2551 523 2570 ex
534 2543 575 2574 iis,
587 2543 630 2577 qui
645 2543 701 2577 pari
712 2542 846 2570 desiderio
859 2548 991 2576 tenentur,

204 2589 233 2616 in
243 2588 337 2623 quibus
351 2592 423 2615 tanta
436 2593 545 2623 repente
553 2588 664 2615 mutatio
675 2587 799 2621 efﬁcitur,
811 2592 840 2614 ut
852 2588 992 2615 confestim

207 2635 234 2661 in
252 2634 346 2662 caelum
362 2633 556 2665 transferantur
571 2643 577 2661 :
597 2634 712 2660 animam
735 2633 834 2669 quippe
853 2634 994 2662 mundanis

206 2682 288 2715 curis,
299 2689 346 2709 ceu
360 2680 473 2709 vinculis
484 2680 648 2715 gravissimis
661 2681 774 2709 solutam
785 2701 793 2715 ,
808 2681 844 2708 ita
854 2681 945 2709 sinunt
960 2681 994 2708 ad

239 2758 248 2774 ι
265 2761 315 2783 Duo
324 2757 378 2782 libri
389 2757 421 2781 de
439 2758 622 2787 compunctionc
643 2757 722 2783 collati
738 2761 860 2783 suntcum
877 2758 930 2783 eod.
942 2757 994 2782 ωι-

207 2789 365 2821 bert.974_et
383 2794 437 2821 eum
454 2788 561 2821 editione
579 2787 649 2814 savii.
672 2792 754 2820 Deest,
775 2788 834 2815 liber
853 2788 956 2821 primus,
975 2789 1000 2813 in

208 2820 267 2844 ldit.
276 2818 345 2845 Savil.
359 2822 384 2844 et
393 2819 417 2844 in
427 2818 483 2843 Cod.
498 2818 601 2845 colhert.

1043 2221 1178 2256 proprium
1193 2222 1392 2258 naturalemque
1404 2222 1454 2250 sibi
1469 2223 1555 2251 locum
1572 2223 1707 2251 advolare.
1723 2224 1774 2251 Sed
1790 2228 1840 2252 hoc

1046 2267 1136 2295 multis
1156 2268 1262 2303 quidem
1284 2276 1333 2303 per
1356 2273 1438 2295 totam
1459 2270 1539 2296 vitam
1559 2277 1620 2296 raro
1640 2270 1764 2304 contingit
1787 2279 1794 2297 :
1814 2275 1839 2298 te

1045 2318 1143 2346 autem,
1159 2322 1175 2341 0
1190 2314 1307 2342 divinum
1322 2320 1399 2349 caput
1410 2335 1417 2346 ,
1437 2314 1488 2342 hoc
1510 2322 1615 2350 semper
1628 2317 1840 2350 compunetionis

1046 2360 1106 2395 igne
1128 2359 1240 2395 ﬂagrare
1258 2361 1329 2388 novi.
1350 2361 1431 2395 Cujus
1454 2361 1492 2388 rei
1513 2364 1594 2387 testes
1612 2365 1674 2387 sunt
1693 2368 1785 2389 noctes
1800 2362 1840 2388 in-

1046 2413 1164 2440 somnes,
1177 2406 1352 2442 lacrymarum
1364 2406 1461 2438 fontes,
1471 2406 1620 2433 solitudinis
1630 2414 1705 2433 amor
1714 2407 1739 2433 in
1751 2408 1839 2435 anima

1047 2455 1090 2479 tua
1103 2457 1231 2486 perpetuo
1251 2452 1372 2479 residens
1386 2456 1413 2479 et
1433 2459 1599 2479 accrescens.
1619 2452 1745 2486 Qumnam
1762 2454 1839 2488 igitur

1048 2504 1081 2524 ex
1096 2504 1220 2525 sermone
1232 2502 1322 2524 nostro
1338 2497 1383 2524 tibi
1397 2495 1516 2524 acces'sio
1534 2498 1686 2532 speranda?
1709 2499 1773 2525 Nam
1799 2500 1840 2526 rel

1049 2541 1100 2569 hoc
1120 2542 1221 2576 ipsum,
1246 2542 1315 2577 quod
1337 2549 1396 2569 cum
1410 2542 1443 2569 ad
1463 2543 1588 2570 verticem
1601 2543 1654 2578 jam
1669 2545 1838 2578 perveneris.

1049 2592 1127 2622 putes
1139 2592 1165 2615 te
1179 2595 1239 2615 cum
1257 2587 1330 2614 humi
1345 2588 1497 2622 repentibus
1511 2588 1636 2616 incedere
1646 2610 1653 2622 ,
1673 2590 1842 2624 animamque

1051 2636 1123 2660 tuam
1137 2633 1186 2660 alis
1206 2633 1360 2660 instructam
1373 2652 1382 2665 ,
1405 2633 1535 2667 lapideam
1557 2635 1696 2668 appelles,
1720 2635 1842 2670 quodque

1051 2677 1204 2713 frequenter
1215 2678 1352 2705 dexteram
1368 2686 1454 2705 meam
1467 2679 1625 2714 contingens
1637 2687 1668 2707 ac
1683 2680 1841 2708 deosculatus

1051 2731 1111 2751 cum
1126 2724 1250 2759 lacrymis
1264 2724 1353 2756 dicas,
1369 2724 1483 2752 Comere
1496 2725 1654 2752 obduratum
1671 2733 1717 2753 cor
1730 2735 1818 2753 meum
1833 2735 1840 2754 :

1052 2774 1157 2804 quantae
1170 2770 1280 2805 pietatis
1297 2774 1387 2805 quanta
1402 2769 1516 2798 fervoris
1531 2770 1635 2805 signum
1658 2778 1718 2798 esse
1740 2776 1839 2806 putan-
1886 2793 1889 2796 .

1054 2816 1116 2843 dum
1138 2815 1198 2843 est?
1212 2815 1290 2843 Certe
1309 2815 1330 2844 si
1353 2820 1383 2844 ut
1398 2823 1447 2844 nos
1469 2815 1631 2844 dormientes
1650 2821 1790 2848 excrtares,
1811 2817 1843 2844 ad
