2064 3115
234 164 287 193 595

236 223 288 249 hoc
301 224 485 256 argumentum
497 217 658 254 pertraxisti,
671 219 793 252 magnam
805 216 876 242 illam
893 219 964 241 luam
981 221 1024 241 sa-

236 266 361 301 pientiam
377 264 621 300 providentiamque
631 262 750 297 approho
762 269 769 293 ;
785 261 826 288 sin
840 265 928 287 autem
941 264 970 286 ut
980 258 1027 286 tibi

236 311 408 343 consuleres,
432 314 506 337 ratus
527 313 553 336 te
567 308 699 336 excitante
711 314 778 342 opus
799 306 916 338 habere,
937 304 1029 332 nescio

236 363 292 390 quo
305 359 381 389 pacto
396 362 444 381 nos
460 353 567 381 aliunde
581 353 704 380 docueris
714 373 721 385 ,
737 357 762 379 te
776 360 828 378 non
845 357 934 378 nostra
949 357 1028 385 egere

237 407 329 435 opera.
345 399 410 427 Utut
431 406 496 426 vero
509 398 562 430 sit,
579 398 625 425 tibi
647 397 889 432 obtcmperabimus
903 400 930 423 et
948 395 1028 423 obse-

237 453 360 480 quemur,
381 445 462 472 nullis
487 452 540 471 non
555 444 701 471 rationibus
716 443 847 479 permoti,
869 447 913 470 tua
934 449 1030 475 nempe

238 490 264 516 in
282 490 365 517 Deum
382 489 475 516 fiducia
488 510 495 522 ,
510 489 629 516 studioso
651 495 760 524 rogatu,
775 496 866 516 amore
880 488 975 515 nostri.
990 487 1030 514 Tu

237 535 349 570 gratiam
365 536 495 570 repcndas
516 536 596 563 velim
619 536 741 570 precibus
765 535 834 568 tuis,
854 538 883 561 ut
898 534 1030 569 possimus

237 586 265 609 et
285 581 366 608 vitam
386 581 529 608 emendare
552 585 670 608 nostram
693 581 718 614 ¹,
739 585 766 608 et
791 580 816 607 in
838 579 963 614 prrcscnti
987 579 1029 605 di-

238 635 319 662 gnum
336 627 470 662 quidpiam
484 627 614 662 proferre,
629 627 699 662 quod
711 627 794 662 pOSSit
806 631 832 653 et
843 626 962 661 jacentes
975 626 1031 652 ani-

241 680 299 700 rras
311 673 425 707 erigere,
441 677 468 700 et
482 674 608 700 remissas
629 673 810 708 constringere
825 673 1030 707 restituercque.

242 719 317 747 Unde
328 719 407 754 igitur
417 720 502 752 nobis,
514 719 584 747 unde
594 719 726 747 sermonis
734 719 871 746 exordium
880 718 947 746 erit?
956 717 1032 751 Quod

240 764 277 791 illi
298 764 513 798 fundamentum,
534 772 613 799 quam
632 764 797 799 crepidinem
812 771 957 799 ponemus,
981 764 1032 792 nisi

241 810 320 837 verba
336 810 449 843 Christi,
467 811 510 845 qui
524 811 636 838 miseros
651 810 778 845 prmdicat
796 818 842 838 eos
860 810 904 845 qui
925 810 1030 842 rident,

240 855 333 882 beatos
343 860 430 883 autem
443 863 490 883 eos
505 856 550 891 qui
566 856 664 890 lugent,
676 856 715 882 his
730 856 818 883 verbis
833 865 839 882 :
854 856 924 882 Beati
938 856 981 890 qui
994 856 1034 882 lu-

241 905 308 935 gent,
320 901 437 934 quoniam
445 901 695 934 ipsiconsolubuntur
708 899 883 936 (Matt/1.5.5):
896 899 985 933 et,Vaz
992 900 1034 935 qui

241 946 327 973 ridetis
335 954 410 979 nunc,
420 947 539 980 quoniam
551 947 666 982 lugebitis
681 951 703 972 et
715 947 805 981 ﬂebitis
817 946 891 981 (Luc.
900 946 986 983 6.25).
996 948 1035 975 Ac

241 992 302 1027 jure
310 993 405 1020 merito
421 993 545 1027 quidem:
557 993 642 1019 luctus
653 993 722 1020 enim
736 993 902 1025 verc,luctus
913 1001 943 1019 ac
951 993 1036 1027 genii-

246 1043 319 1064 tuum
330 1042 369 1065 est
381 1042 464 1065 totum
474 1039 613 1073 praesentis
622 1039 682 1065 vita:
695 1043 808 1073 tempus:
819 1042 890 1065 tanta
898 1038 1035 1065 calamitas

243 1083 394 1110 universum
408 1084 503 1110 invasit
519 1084 623 1116 orbem,
641 1089 711 1111 tanta
727 1091 820 1111 omnes
833 1084 954 1112 homines
967 1084 1035 1112 deti-

243 1133 308 1156 nent
322 1130 398 1161 mala,
412 1133 441 1156 ut
455 1129 476 1156 si
488 1129 545 1164 quis
561 1129 623 1156 velit
637 1137 666 1157 ca
681 1134 804 1157 accurate
817 1129 998 1164 perpendere,
1013 1130 1035 1157 si

243 1179 331 1202 tamen
353 1179 476 1202 accurate
498 1175 601 1209 possit,
623 1183 767 1210 numquam
788 1175 867 1202 ﬁnem
887 1175 994 1210 lugendi
1009 1179 1036 1203 et

244 1220 408 1255 lacrymandi
424 1219 539 1247 facturus
559 1221 611 1247 sit:
631 1221 665 1248 ita
679 1228 774 1255 nempe
789 1221 877 1248 omnia
897 1228 988 1248 eversa
1010 1225 1037 1248 et

244 1264 354 1291 confusa
370 1270 430 1291 sunt
442 1286 448 1298 ,
466 1266 500 1292 ita
516 1265 616 1292 nullum
634 1273 745 1300 usquam
766 1266 871 1293 virtutis
884 1266 1034 1300 vestigium.

245 1310 320 1342 Quod
345 1315 434 1338 autem
454 1310 531 1346 longe
552 1311 683 1339 infelicius
703 1315 758 1343 est,
782 1318 832 1338 nos
851 1311 1036 1345 occupantium

247 1355 376 1382 malorum
397 1363 430 1382 ne
450 1363 557 1382 sensum
576 1356 682 1390 quidem
703 1356 745 1383 vel
761 1355 906 1388 habemus,
921 1355 963 1383 vel
977 1356 1036 1383 aliis

245 1401 412 1435 prmbcmns;
434 1401 481 1428 sed
503 1402 604 1428 similes
625 1409 718 1428 sumus
739 1402 844 1436 corpori
870 1401 1037 1428 extrinsecus

245 1446 360 1478 florenti,
380 1446 538 1473 intrinsecus
553 1454 617 1473 vero
631 1446 690 1480 igne
704 1446 859 1480 liqttescenti
875 1455 880 1473 :
897 1447 1037 1481 omnisque

247 1499 341 1519 sensus
356 1497 492 1526 expertes,
509 1492 573 1519 nihil
587 1492 732 1519 differimus
747 1500 762 1519 a
776 1497 864 1520 mente
877 1493 976 1527 captis,
992 1492 1037 1527 qui

248 1538 330 1565 multa
354 1538 502 1572 periculosa
528 1543 554 1566 et
579 1539 664 1573 turpia
688 1539 745 1565 sine
761 1543 833 1565 metu
851 1539 941 1566 dicunt
953 1544 980 1566 et
995 1539 1036 1566 fa-

245 1584 327 1616 ciunt,
339 1592 386 1611 nec
395 1584 450 1611 ullo
459 1584 558 1619 pudore
569 1589 703 1617 tenentur,
715 1584 760 1611 scd
773 1585 918 1619 gloriantur
930 1585 1037 1613 adstan-

247 1630 370 1664 tibusqne
385 1637 414 1657 se
427 1630 601 1664 sapientiores
616 1637 676 1657 esse
689 1634 791 1664 putant.
805 1630 840 1657 Ita
855 1635 882 1658 et
895 1638 960 1664 nos,
977 1639 1037 1658 cum

246 1676 335 1702 onmia
356 1681 416 1710 qua:
438 1680 595 1710 mgrotorum
617 1681 678 1703 sunt
691 1684 814 1712 agamus,
831 1685 865 1704 ne
884 1677 935 1704 hoc
951 1677 1036 1711 ipsum

247 1721 354 1756 quidem
365 1742 372 1753 ,
387 1721 457 1756 quod
473 1726 644 1756 a'grotcmus,
668 1723 776 1749 scimus.
793 1724 826 1748 At
839 1723 908 1749 enim
922 1722 992 1757 quod
1004 1722 1037 1749 ad

248 1773 347 1800 corpus
358 1770 476 1801 spectat,
488 1767 510 1794 si
524 1767 564 1794 vel
579 1767 644 1794 levis
659 1768 799 1794 infirmitas
818 1767 903 1799 adsit,
920 1768 1038 1794 medicos

247 1812 428 1844 advocamus,
448 1813 572 1847 pecunias
594 1812 772 1847 impendimus
785 1833 792 1846 ,
815 1813 1037 1847 perseverantiam

247 1859 404 1887 exhibemus
417 1880 424 1892 ,
449 1867 498 1887 nec
512 1860 584 1894 prius
599 1860 677 1886 linem
696 1859 782 1886 omnia
797 1859 891 1894 agendi
906 1859 1016 1886 facimus
1028 1880 1035 1892 ,

248 1913 327 1940 quam
348 1905 533 1940 zcgritudincm
554 1905 739 1939 deponamus;
760 1905 856 1931 anima:
872 1912 934 1932 vero
952 1905 1038 1940 quoti-

248 1950 335 1978 diauis
351 1951 502 1978 vulneribus
517 1950 647 1978 confossa:
658 1971 664 1982 ,
687 1950 826 1984 discerptae
841 1951 977 1985 corporeis
997 1951 1038 1977 af-

249 1995 425 2029 fectionibus,
441 1995 542 2022 adustre
553 2016 561 2028 ,
583 2003 630 2030 per
649 1995 793 2030 pra‘cipitia
813 2000 894 2028 act-.c,
910 2003 941 2022 ac
953 1995 1039 2022 modis

249 2041 373 2068 omnihtts
394 2041 528 2076 pereuntis
543 2046 558 2074 ,'
574 2049 607 2068 nc
627 2041 763 2068 minimam
779 2041 887 2076 quidem
909 2041 1038 2068 rationem

250 2087 387 2114 habemus.
410 2088 493 2122 Hujus
510 2092 596 2115 autem
612 2088 649 2114 rei
664 2095 742 2114 causa
756 2091 815 2122 est,
839 2087 909 2122 quod
931 2087 1039 2115 morbus

249 2140 342 2159 omnes
354 2133 500 2167 occuparit.
516 2134 554 2160 Ac
566 2133 788 2168 quemadmodum
803 2154 809 2165 ,
833 2122 938 2160 si'inter
953 2141 1039 2168 :rgros

249 2185 361 2211 corpore
381 2185 459 2204 nemo
473 2185 553 2205 sanus
576 2178 663 2210 adsit,
685 2177 751 2204 nihil
771 2178 880 2212 impedit
899 2179 1040 2213 quominus

251 2232 345 2251 omnes
359 2224 384 2251 in
398 2229 544 2251 extremam
565 2229 642 2251 ruant
656 2224 802 2259 perniciem
813 2245 821 2257 ,
834 2224 940 2252 nemine
955 2224 1040 2252 εστω-

248 2277 298 2298 nes
321 2276 414 2296 eorum
437 2269 575 2303 cupidines
596 2269 737 2297 cohibente
757 2278 763 2296 :
790 2271 828 2296 sic
841 2273 868 2297 et
888 2269 957 2304 apud
973 2277 1038 2303 nos,

250 2314 319 2349 quod
335 2321 414 2341 nemo
425 2314 541 2348 perfecte
553 2321 634 2341 sanus
649 2314 674 2341 in
689 2314 740 2341 fide
751 2315 794 2347 sit,
811 2314 857 2341 sed
868 2321 962 2342 omnes
972 2335 980 2348 ,
995 2315 1040 2343 alii

252 2361 325 2395 plus,
338 2360 384 2387 alii
396 2361 483 2388 minus
495 2360 673 2393 inlirmentur,
690 2367 768 2387 nemo
783 2366 823 2388 est
836 2361 879 2395 qui
891 2361 1040 2395 jacentibus

251 2407 405 2441 opituletur.
434 2407 500 2434 Nam
524 2407 546 2434 si
573 2407 632 2441 quis
655 2407 821 2434 extrinsecus
845 2407 992 2440 accedens,
1013 2412 1041 2436 et

250 2451 348 2478 Christi
362 2456 493 2486 praecepta
504 2472 511 2484 ,
525 2456 552 2479 et
565 2452 626 2479 vita:
645 2457 743 2479 nostra:
760 2452 942 2480 confusionem
958 2453 1041 2488 probe

251 2497 382 2529 didicerit,
397 2497 488 2524 nescio
503 2504 536 2524 an
556 2498 694 2533 quospiam
709 2497 776 2525 alios
789 2497 897 2526 Christo
911 2499 1038 2526 inimicio-

251 2550 305 2574 res,
317 2549 395 2576 quam
419 2537 467 2570 nos
487 2549 547 2570 esse
561 2543 707 2570 arbitretur
721 2552 728 2570 :
747 2543 784 2570 ita
803 2543 875 2572 enim
891 2543 959 2572 hanc
971 2544 1039 2572 viam

251 2587 433 2621 decurrimus,
453 2594 484 2615 ac
505 2588 527 2616 si
549 2589 707 2616 contrariam
721 2589 779 2624 ejus
793 2589 924 2617 mandatis
939 2590 1040 2625 ingredi

253 2632 393 2660 vellemus.
612 2633 640 2640 Λ

285 2677 313 2704 9.
329 2677 368 2705 Ne
381 2678 440 2713 quis
457 2683 543 2706 autem
564 2679 621 2707 haec
643 2687 690 2716 per
711 2680 874 2716 hyperbolen
889 2680 959 2708 dicta
979 2688 1039 2708 esse

252 2723 402 2757 existimet,
422 2724 675 2753 demonstrationem
695 2726 749 2760 jam
768 2726 864 2754 atl'erre
889 2725 1040 2761 aggrediar,

253 2776 302 2796 nec
321 2769 428 2797 aliunde
439 2791 447 2803 ,
462 2779 541 2806 quam
564 2779 595 2799 ex
618 2771 682 2806 ipsis
696 2771 795 2799 Christi
816 2771 958 2799 mandatis.
973 2768 1041 2805 Quid

253 2821 315 2850 ergo
332 2814 368 2842 ait
385 2815 524 2844 Christus?
543 2816 655 2844 Audistis
669 2817 728 2852 quia
747 2817 840 2845 dictum
860 2821 897 2845 est
914 2817 1040 2852 antiquis,

284 2870 293 2886 '
312 2873 392 2903 Deest,
403 2874 518 2903 nostram,
529 2872 553 2897 in
561 2871 625 2897 Colb.
638 2875 737 2898 tantum.

588 162 616 189 S.
636 158 775 189 JOANNIS
794 154 1030 186 CllRYSOSTOMl
1049 152 1209 183 ARCHIEP.
1229 152 1498 184 CONSTANTINOP.

1806 147 1809 149 ’
1824 153 1874 180 Ξῦῡ

1081 211 1142 239 Non
1157 213 1264 239 occides.
1280 213 1335 248 Ego
1350 218 1432 240 autem
1446 213 1502 239 dico
1512 211 1589 244 vobis,
1604 212 1663 247 quia
1678 211 1758 238 cumis
1769 219 1811 246 qut
1823 213 1873 238 iru-

1080 258 1159 285 scitur
1172 259 1246 294 fratri
1259 267 1304 286 suo
1317 260 1372 287 sine
1382 267 1468 292 causa,
1484 267 1542 285 reus
1552 258 1598 285 erit
1607 258 1716 293 judicio.
1733 257 1782 297 Qui
1792 264 1875 285 autem

1080 305 1172 332 dixerit
1188 306 1261 340 fratri
1281 314 1343 339 suo,
1359 314 1437 338 raca,
1452 313 1510 331 reus
1529 305 1576 331 erit
1590 304 1707 331 concilio.
1725 303 1775 336 Qui
1793 309 1875 330 autent

1082 350 1190 383 dixerit,
1204 353 1273 386 fatue
1283 371 1291 384 ,
1311 359 1369 378 reus
1386 351 1433 377 erit
1451 350 1571 386 gehenna:
1584 350 1649 384 ignis
1666 349 1771 385 (Matth.
1787 350 1814 377 5.
1829 349 1874 376 ‘21.

1081 397 1138 431 22).
1151 397 1214 424 Habe
1225 396 1332 431 quidem
1347 396 1478 424 Christus.
1493 395 1547 422 Nos
1562 399 1651 422 autem
1672 395 1730 430 plus
1743 416 1749 426 ,
1765 402 1843 428 quam
1859 394 1876 421 ii

1081 443 1126 477 qui
1140 442 1269 469 increduli
1289 446 1360 474 sunt,
1377 442 1446 469 hane
1460 441 1544 476 legem
1557 441 1702 473 calcamus,
1719 441 1781 467 dum
1795 441 1874 467 innu-

1083 488 1164 515 meris
1177 487 1294 522 quotidie
1310 487 1405 514 fratres
1419 492 1523 514 nostros
1544 487 1675 514 officimus
1695 486 1873 514 contumeliis.

1082 533 1212 567 Quodque
1227 533 1311 568 magis
1330 532 1471 560 ridiculum
1485 536 1536 564 est,
1552 533 1614 559 dum
1631 532 1664 559 ab
1679 532 1728 559 hac
1744 539 1819 563 voce,
1833 534 1875 566 fu-

1084 583 1153 611 tuus,
1166 586 1300 610 cavemus,
1317 586 1389 613 stepe
1403 575 1454 605 hac
1467 578 1604 613 graviores
1618 577 1793 604 contumelias
1807 578 1877 604 irro-

1083 631 1185 659 gamus,
1201 624 1276 659 quasi
1296 632 1358 652 vero
1373 624 1436 651 illud
1448 624 1535 652 solum
1551 624 1661 651 verbum
1677 624 1722 656 sit,
1735 624 1776 651 cui
1792 623 1877 658 depu-

1085 674 1139 696 tata
1158 673 1199 696 est
1219 677 1308 704 poma.
1329 671 1364 696 At
1379 677 1422 697 res
1441 677 1495 697 non
1517 670 1553 696 ita
1572 677 1601 696 se
1624 669 1720 701 habet,
1737 668 1783 695 sed
1805 669 1877 695 omni

1085 716 1279 743 contumelioso
1298 715 1366 743 hanc
1385 715 1478 743 indicit
1497 723 1602 750 poenam
1614 736 1621 748 ,
1636 721 1666 742 ut
1683 715 1770 750 palam
1790 719 1830 742 est
1845 723 1877 741 cx

1085 761 1128 789 his
1142 762 1216 789 Pauli
1229 763 1318 789 verbis
1330 771 1336 788 :
1352 761 1440 788 Nolite
1449 769 1542 794 errare,
1557 770 1635 796 neque
1647 761 1788 797 fornicarii,
1800 769 1878 795 neque

1085 808 1237 841 idololatrte,
1252 816 1330 841 neque
1347 807 1467 841 adulteri,
1484 816 1564 843 neque
1576 807 1674 840 molles,
1687 815 1878 842 neque-mascu-

1086 855 1169 881 lorum
1191 854 1379 886 t'oncubitores,
1397 862 1476 890 neque
1498 855 1566 889 fures
1579 875 1586 886 ,
1605 862 1682 887 neque
1699 855 1786 886 avari,
1800 861 1878 888 neque

1085 900 1186 933 ebriosi,
1199 909 1278 935 neque
1288 900 1414 934 maledici,
1428 908 1507 935 neque
1520 908 1634 934 rapaces,
1646 907 1750 935 regnum
1762 898 1810 926 Dei
1821 907 1879 934 pos-

1086 947 1200 974 sidebuut
1218 946 1261 983 (l.
1278 946 1336 974 Cor.
1352 946 1380 974 6.
1394 947 1420 974 9.
1442 946 1502 982 10).
1522 946 1598 979 Quod
1619 945 1641 973 si
1660 946 1699 979 is,
1713 945 1758 980 qui
1777 945 1878 972 fatumu

1086 998 1165 1021 vocat
1179 993 1288 1021 fratrem
1302 1001 1396 1026 suum,
1413 997 1535 1020 extremo
1553 992 1647 1027 dignus
1664 996 1705 1020 est
1723 991 1852 1026 supplicio
1869 999 1875 1017 :

1087 1041 1131 1076 qui
1146 1040 1296 1068 maleficum
1307 1060 1314 1072 ,
1329 1039 1447 1067 invidum
1459 1061 1466 1072 ,
1482 1039 1651 1066 temerarium
1663 1059 1669 1070 ,
1686 1038 1772 1065 inanis
1785 1037 1878 1072 gloria:

1087 1087 1212 1121 cupidum
1224 1086 1305 1119 dicit,
1320 1090 1346 1113 et
1361 1086 1457 1114 similia
1473 1085 1608 1112 innumera
1623 1085 1648 1111 in
1662 1091 1722 1111 eum
1738 1083 1877 1111 maledicta

1088 1132 1205 1166 conjicil,
1220 1132 1326 1166 quantis
1339 1139 1368 1159 se
1382 1131 1511 1166 gehennae
1530 1130 1643 1158 ﬂammis
1657 1130 1801 1157 obnoxium
1815 1129 1877 1156 red-

1087 1177 1144 1204 dit?
1161 1177 1226 1204 illud
1239 1177 1310 1204 enim
1321 1198 1327 1209 ,
1340 1177 1408 1212 fatue
1422 1181 1448 1204 et
1463 1184 1523 1203 raca
1533 1197 1539 1208 ,
1554 1176 1631 1210 longe
1649 1175 1734 1202 lcvitts
1747 1178 1787 1201 est
1799 1181 1879 1208 supra

1088 1223 1176 1251 dictis.
1186 1223 1365 1256 Quamobrem
1379 1223 1424 1250 illo
1435 1223 1545 1254 omisso.
1555 1221 1605 1249 hoc
1617 1221 1739 1256 apposuit
1749 1221 1878 1252 Christus,

1089 1274 1118 1296 ut
1131 1269 1218 1296 discas
1232 1277 1265 1296 ex
1285 1269 1343 1304 ejus
1359 1269 1446 1296 verbis
1456 1289 1463 1301 ,
1477 1268 1499 1295 si
1517 1268 1601 1295 levius
1615 1267 1762 1295 convicium
1777 1266 1879 1301 gehen-

1089 1323 1150 1342 nam
1164 1315 1283 1348 attrahit,
1300 1315 1384 1342 multo
1399 1314 1484 1350 magis
1498 1322 1557 1350 qua:
1569 1313 1692 1349 graviora
1706 1317 1732 1341 et
1749 1312 1878 1340 atrociora

1088 1364 1151 1387 sunt
1163 1360 1189 1387 id
1200 1360 1326 1387 effectura
1339 1367 1408 1388 esse.

1125 1405 1246 1433 Malediei
1264 1414 1280 1432 a
1298 1414 1375 1441 regno
1397 1406 1516 1432 ets-lorum
1537 1404 1642 1432 exclusi.
1655 1419 1691 1425 —
1703 1403 1778 1438 Quod
1797 1403 1818 1431 si
1835 1404 1879 1438 qui

1089 1452 1242 1479 existiment
1257 1451 1282 1478 id
1296 1460 1342 1486 per
1355 1451 1517 1487 hyperbolen
1531 1451 1582 1478 dici
1595 1450 1749 1486 (nonnullos
1762 1450 1831 1476 enim
1843 1450 1881 1476 sic

1089 1497 1199 1524 all'cctos
1213 1496 1290 1529 novi,
1305 1497 1350 1532 qui
1366 1497 1458 1532 putant
1473 1496 1588 1523 terrendi
1604 1495 1690 1522 solum
1705 1503 1786 1522 causa
1801 1494 1881 1522 hasce

1090 1542 1175 1569 minas
1188 1542 1334 1577 intentari),
1346 1546 1427 1569 restat
1437 1547 1465 1569 ut
1475 1541 1620 1573 adulteros,
1633 1542 1808 1568 masculorum
1819 1548 1881 1568 ceu«

1089 1588 1244 1621 cubitores,
1263 1588 1374 1619 molles,
1390 1587 1540 1614 idololatras
1560 1595 1574 1614 a
1591 1591 1737 1614 memorato
1755 1586 1882 1621 supplicio

1090 1633 1217 1661 eximant.
1230 1633 1296 1660 Nam
1309 1633 1332 1660 si
1346 1633 1461 1660 terrendi
1474 1633 1558 1660 solum
1570 1640 1649 1660 causa
1661 1632 1797 1660 maledicis
1810 1640 1882 1659 como

1090 1678 1206 1705 minatus
1220 1683 1269 1711 est,
1284 1679 1370 1713 palam
1377 1677 1422 1706 'est
1436 1683 1462 1705 ct
1471 1678 1504 1705 de
1516 1678 1624 1712 reliquis
1633 1677 1753 1705 eamdem
1766 1685 1826 1704 esse
1839 1685 1881 1703 ra-

1090 1724 1190 1751 tionem
1206 1733 1212 1751 :
1228 1731 1288 1751 cum
1303 1724 1373 1751 enim
1393 1731 1486 1750 omnes
1501 1723 1578 1750 simul
1595 1723 1744 1758 posuisset,
1758 1723 1796 1748 sic
1810 1723 1881 1756 regni

1090 1769 1260 1797 amissionem
1277 1769 1373 1796 intulit.
1388 1768 1455 1802 Quid
1471 1769 1560 1804 igitur,
1574 1768 1687 1803 inquies,
1702 1767 1882 1794 maledicusne

1090 1821 1151 1841 cum
1164 1814 1285 1841 adultero
1300 1819 1326 1841 et
1339 1815 1420 1841 molle
1435 1818 1461 1841 ct
1473 1821 1553 1840 avaro
1564 1818 1590 1840 et
1604 1814 1742 1840 idololatra
1755 1814 1883 1847 ponetur?

1091 1859 1185 1887 Utrum
1200 1859 1318 1891 easdem,
1334 1867 1399 1894 quas
1415 1859 1463 1892 illi,
1484 1867 1576 1894 poenas
1591 1859 1700 1886 daturus
1714 1859 1758 1891 sit,
1773 1859 1884 1886 alterius

1091 1909 1133 1932 est
1145 1905 1271 1939 temporis
1285 1905 1419 1940 inquirere
1434 1915 1440 1932 :
1452 1905 1522 1940 quod
1535 1909 1622 1932 autem
1636 1912 1650 1931 a
1664 1912 1746 1939 regno
1758 1905 1882 1931 calorum

1091 1951 1214 1977 similiter
1236 1950 1357 1983 excidat,
1379 1950 1461 1977 Paulo
1483 1950 1564 1977 credo
1586 1950 1699 1981 dicenti,
1722 1950 1776 1976 imo
1797 1950 1884 1984 potius

1091 1995 1195 2023 Christo
1210 2003 1258 2031 per
1273 1996 1345 2022 illum
1360 1995 1492 2031 operanti,
1507 1996 1577 2031 quod
1593 2003 1687 2030 nempe
1700 2003 1786 2030 neque
1799 1995 1825 2022 hi
1838 2004 1883 2022 nc-

1091 2049 1142 2076 que
1153 2041 1189 2068 illi
1202 2049 1310 2076 regnum
1327 2041 1372 2068 Dei
1389 2041 1537 2076 possessuri
1551 2041 1613 2067 sint.
1626 2040 1717 2075 Neqtte
1736 2040 1784 2067 hac
1798 2041 1883 2068 solum

1091 2087 1118 2114 in
1134 2094 1171 2119 re,
1187 2085 1234 2113 sed
1247 2086 1326 2113 etiam
1340 2086 1366 2113 in
1379 2086 1437 2113 aliis
1448 2086 1538 2113 multis
1552 2086 1654 2121 plurimi
1667 2086 1700 2112 ita
1711 2085 1797 2112 allecti
1811 2091 1882 2119 sunt,

1093 2138 1121 2161 ut
1134 2142 1193 2169 qua:
1208 2133 1317 2161 omnino
1331 2138 1455 2161 eventura
1471 2138 1549 2166 sunt,
1566 2133 1735 2168 hyperbolice
1749 2133 1818 2160 dicta
1834 2140 1881 2167 pu-

1093 2184 1159 2207 tent.
1174 2179 1323 2206 Diabolicus
1333 2183 1420 2206 autem
1432 2183 1473 2206 est
1486 2178 1528 2205 hic
1543 2179 1662 2213 laqueus.
1675 2178 1710 2206 Ut
1721 2179 1791 2206 cnim
1804 2177 1883 2204 futuri

1092 2225 1214 2260 supplicii
1229 2230 1329 2252 metum
1343 2225 1458 2252 solveret
1472 2225 1514 2255 iis,
1528 2225 1572 2259 qui
1586 2224 1613 2251 in
1627 2224 1736 2251 caritate
1750 2223 1796 2251 Dei
1810 2231 1882 2251 com.

1093 2271 1184 2306 puncti
1207 2275 1284 2298 erant
1309 2271 1329 2302 ι,
1359 2277 1458 2305 eosque
1483 2269 1516 2296 ad
1537 2269 1734 2304 obsequendum
1755 2268 1884 2295 mandatis

1093 2317 1258 2346 remissiores
1279 2316 1413 2349 efﬁceret,
1436 2315 1595 2351 hyperboles
1613 2314 1822 2342 consolationem
1842 2314 1882 2340 in-

1092 2362 1181 2396 duxit,
1197 2370 1257 2397 qua:
1272 2362 1297 2389 in
1313 2361 1438 2396 praesenti
1452 2361 1558 2396 quidem
1577 2361 1713 2395 segniores
1725 2360 1828 2386 animos
1843 2360 1884 2386 in-

1092 2416 1184 2436 escare
1197 2412 1300 2443 potest,
1314 2408 1359 2435 sed
1375 2408 1400 2434 in
1415 2407 1458 2434 die
1470 2407 1562 2442 jndicii
1579 2406 1763 2442 redarguetur,
1779 2406 1884 2441 quando

1092 2454 1159 2482 nihil
1173 2453 1234 2481 inde
1253 2453 1318 2481 lucri
1334 2452 1460 2480 accedere
1475 2453 1581 2488 poterit.
1595 2452 1663 2487 Quid
1674 2452 1760 2484 enim,
1776 2459 1866 2487 quazSo
1876 2473 1884 2484 ,

1093 2498 1213 2528 utilitatis
1226 2499 1268 2532 iis,
1284 2499 1329 2534 qui
1345 2506 1416 2526 nunc
1431 2498 1535 2533 decepti
1554 2502 1626 2531 sunt,
1640 2498 1662 2525 si
1677 2502 1740 2526 tunc
1755 2497 1884 2524 fallaciam

1093 2549 1254 2580 agnoscant;
1270 2553 1330 2573 cum
1346 2544 1412 2572 nihil
1432 2553 1464 2572 ex
1485 2544 1641 2579 pmnitentia
1659 2547 1786 2579 poterunt
1799 2543 1825 2570 in
1841 2551 1883 2569 re-

1093 2591 1258 2619 surrectione
1266 2590 1368 2626 juvari?
1377 2589 1417 2617 Nc
1426 2590 1514 2624 itaque
1524 2589 1701 2624 nosmetipsos
1710 2588 1884 2623 decipiamns,

1094 2644 1180 2672 neque
1192 2636 1432 2664 circumveniamur
1447 2635 1473 2663 in
1489 2635 1632 2670 perniciem
1651 2639 1783 2666 nostram,
1800 2641 1885 2669 neque

1093 2682 1164 2709 aliud
1177 2681 1254 2710 nobis
1268 2682 1426 2717 supplicium
1441 2688 1626 2716 procurentus,
1641 2687 1736 2715 nempe
1750 2688 1782 2707 ex
1797 2679 1884 2707 incre—

1093 2724 1285 2755 dulitateﬁNon
1302 2727 1374 2755 enim
1392 2727 1478 2754 solum
1498 2725 1629 2753 mandatis
1641 2724 1739 2752 Christi
1761 2732 1813 2751 non
1834 2723 1884 2751 oh-

1094 2777 1252 2808 tempcrare,
1270 2773 1318 2801 sed
1335 2772 1414 2800 etiam
1433 2772 1466 2799 iis
1487 2779 1539 2799 non
1559 2771 1678 2804 credere,
1697 2770 1884 2806 gravissimum

1126 2840 1133 2855 ¹
1147 2843 1210 2868 Haec,
1223 2838 1261 2869 iis,
1271 2838 1346 2870 quiin
1358 2836 1457 2870 caritate
1470 2836 1514 2862 Dei
1524 2837 1749 2870 compunctiermit.
1761 2837 1848 2861 desunt
1859 2836 1882 2860 in

1094 2869 1160 2896 Colb.
1175 2874 1200 2895 et
1207 2870 1236 2895 in
1245 2868 1327 2902 Savil.,
1337 2873 1411 2901 atque
1423 2869 1447 2894 in
1458 2868 1540 2894 Morel.
1554 2873 1645 2894 tantum
1661 2868 1789 2893 habentur.
