2064 3115
168 134 220 161 Z97

166 191 268 218 inducit
282 192 451 226 supplicium.
469 194 512 221 “th
531 202 608 228 porro
630 197 799 224 incredulitas
815 199 913 232 paritur
926 207 959 226 ex

166 237 278 269 segnitie
298 237 323 263 itt
343 239 518 272 exsequendis
541 241 681 268 mandatis.
703 242 768 269 Cum
789 245 858 270 enim
880 245 958 271 quSe-

165 282 281 315 quettlia:
294 284 462 310 securitatem
475 285 550 311 nobis
561 293 717 320 comparare
729 288 861 322 nolumus,
874 297 959 324 neque

164 334 195 353 ca
211 326 298 354 facere
313 335 371 362 qu:e
387 335 518 363 prmcepta
536 336 595 357 sunt
607 352 614 364 ,
632 337 659 358 ut
677 333 792 360 animtnn
809 334 958 362 futurorum

165 377 238 399 metu
254 372 398 400 liberemus
408 395 415 405 ,
431 376 599 402 conscientias
612 385 693 404 onere
706 380 805 413 gravati
822 385 848 407 et
862 382 958 414 ιιι-τιεΓο-

163 419 224 450 ο.ιιί,
237 419 368 453 ingentem
382 421 465 454 parati
476 422 598 455 supplicii
614 428 712 450 mctutn
724 425 838 458 abjicero
851 427 958 453 studen-

164 467 205 490 tes
216 484 223 496 ,
241 463 266 490 in
282 464 352 491 aliud
364 472 413 491 nos
427 466 579 493 barathrum
597 469 743 503 prtecipites
757 470 858 504 agimus
870 492 877 503 ,
894 472 955 498 dum

165 510 304 536 tormentis
327 511 377 537 illis
399 510 477 538 ﬁdem
499 513 666 547 abrogamus.
683 515 714 541 At
734 517 954 550 quemadmodum

157 554 193 587 'ii,
208 555 250 588 qui
266 555 376 582 ardente
388 555 455 582 febri
471 561 600 590 tenentur,
616 559 719 587 etiamsi
733 561 758 587 in
771 569 852 594 aquas
866 569 894 589 se
907 562 954 589 fri-

162 598 236 633 gidas
250 599 423 634 conjecerint,
439 602 652 635 prtcfocationcm
667 605 737 631 illam
755 613 806 632 non
820 607 952 640 amittunt,

162 644 208 671 sed
226 653 321 672 novum
336 645 463 680 adjiciunt
482 648 549 681 ignis
564 649 685 675 arderent
699 671 706 682 ,
722 651 760 677 sic
780 655 806 678 et
826 660 873 679 nos
888 661 954 680 con-

161 692 280 718 scientia:
296 693 410 720 stimulis
425 693 531 728 agitati,
549 694 573 721 in
590 695 749 730 hyperboies
767 698 887 732 euripum
905 706 953 726 nos

161 738 327 773 przecipitare
339 740 469 774 cogimur,
483 746 512 768 ut
524 742 611 768 omnia
626 743 650 769 in
666 748 799 777 pastorum
811 745 868 771 sine
881 750 952 772 metu

161 788 267 816 peccata
291 784 471 812 admittamus.
496 785 552 813 Non
574 787 660 813 solum
683 788 753 815 enim
778 790 952 823 prtesentibus

160 828 299 856 irascimur
315 829 440 858 fratribus
450 851 457 864 ,
472 831 518 858 sed
533 832 612 859 etiam
635 841 694 859 cum
714 833 866 861 absentibus
881 843 950 869 saepe

159 874 291 909 litigamus
303 885 310 904 ε
323 877 392 911 quod
403 885 466 905 sane
477 878 588 906 feritatis
598 887 722 907 excessus
729 885 781 908 est.
793 881 825 907 Et
839 881 951 916 majores

158 920 263 954 quidem
281 923 495 958 potentioresque
516 926 610 957 nobis,
626 925 729 952 etiamsi
745 926 849 960 injuriis
862 934 910 954 nos
925 932 951 954 et

158 968 325 995 contumeliis
338 968 463 1001 afficiant,
475 978 538 997 cum
552 970 734 998 moderatione
748 980 840 1006 magna
856 973 950 999 tolera-

158 1020 217 1039 mus
228 1021 318 1041 corutn
331 1019 401 1042 metu
413 1016 532 1045 cohibiti.
542 1017 657 1051 atquales
668 1023 755 1045 atttcm
768 1018 947 1052 infcrioresve,

157 1067 191 1085 ne
205 1059 258 1086 la-si
275 1061 392 1095 quidem,
406 1069 560 1089 aversantur
574 1068 672 1092 tatncn.
684 1064 797 1092 Tantum
812 1065 947 1092 hominum

158 1110 243 1132 melus
256 1107 354 1134 Christi
371 1108 458 1135 timori
475 1110 611 1143 praevalet.

192 1153 219 1178 5.
241 1152 327 1186 Ecqua
344 1153 449 1180 tandem
463 1155 539 1182 nobis
553 1156 644 1183 salutis
658 1163 729 1191 spes,
746 1161 843 1184 tantam
860 1159 947 1194 segni-

158 1198 231 1229 tiem,
242 1202 342 1224 tantum
351 1204 530 1234 contemptum
539 1201 725 1229 exhibentibus
733 1203 744 1229 τ’
753 1203 895 1237 undenam,
906 1204 948 1231 dic

158 1244 239 1270 mihi?
253 1245 319 1277 Quid
331 1253 421 1280 grave,
433 1246 496 1281 quid
509 1255 651 1275 onerosum
665 1256 679 1275 a
694 1249 770 1276 nobis
779 1250 859 1284 exigit
871 1249 947 1276 Chri-

152 1290 231 1317 stus?
246 1290 283 1317 Ne
297 1292 418 1318 irascaris
430 1312 437 1325 ,
454 1292 557 1327 inquit,
579 1293 654 1320 fratri
669 1298 714 1321 tuo
729 1295 786 1321 sine
806 1302 884 1322 causa
899 1305 905 1321 :
922 1295 946 1322 id

144 1343 235 1369 porro
243 1337 324 1371 "longe
336 1337 438 1365 facilius
449 1343 501 1371 est,
511 1346 589 1373 quam
601 1339 711 1366 alterum
724 1339 793 1367 ferre
803 1340 860 1367 sine
868 1348 946 1368 causa

157 1382 262 1408 iratum.
276 1381 312 1408 lbi
327 1382 397 1409 enim
416 1383 470 1417 jam
493 1388 649 1418 congregata
671 1389 714 1411 est
735 1384 802 1419 ignis
817 1385 944 1417 materia;

155 1425 198 1453 h'c
208 1434 270 1453 vero
283 1435 342 1455 ctua
357 1427 421 1455 nihil
437 1436 523 1455 causa:
536 1429 628 1461 Subsit,
645 1433 671 1456 tu
686 1429 741 1463 ipse
754 1429 887 1456 flanmtam
898 1437 945 1457 ac-

154 1473 256 1500 cendis.
273 1473 364 1508 Neque
379 1475 449 1502 enim
472 1483 519 1509 par
537 1483 580 1502 res
601 1480 657 1508 est,
676 1476 728 1502 alio
750 1475 835 1503 facem
851 1476 943 1503 admo-

155 1524 231 1546 vente
242 1520 266 1546 id
280 1520 403 1553 tolerare,
418 1529 503 1556 neque
518 1521 638 1555 accendi,
652 1529 682 1548 ac
696 1522 768 1549 nullo
783 1523 943 1554 concitante,

152 1566 301 1599 quiescere.
314 1567 450 1602 Siquidem
460 1569 504 1603 qui
516 1569 578 1595 illud
591 1576 716 1603 superare
728 1570 821 1604 potuit,
834 1577 944 1597 summa:

153 1611 328 1645 philosophia:
350 1613 539 1640 documentum
559 1613 680 1641 exhibuit
702 1615 767 1648 :qui
790 1618 877 1641 autem
895 1615 944 1643 hoc

153 1658 275 1691 prtest‘ttit
287 1678 293 1688 .
310 1658 375 1685 nihil
390 1659 566 1686 admiratione
588 1659 696 1694 dignum
713 1660 774 1694 egit.
797 1659 863 1686 Cum
880 1667 943 1695 ergo

153 1704 223 1736 quod
239 1705 323 1739 majus
335 1709 376 1732 est
390 1710 499 1740 propter
513 1709 611 1732 metum
626 1705 762 1732 bomittum
777 1706 941 1740 perlicimus,

152 1751 222 1784 quod
236 1756 323 1778 autem
339 1752 426 1778 minus
440 1756 545 1786 propter
560 1752 605 1779 Dei
618 1753 739 1779 timorem
755 1756 881 1787 praestare
895 1760 942 1779 nt)-

153 1797 258 1828 lumus;
274 1797 408 1832 perpende
424 1802 522 1832 quanto
536 1797 682 1832 supplicio,
698 1802 796 1832 quanto
813 1797 941 1824 cruciatui

152 1850 202 1869 nos
214 1843 343 1869 obnoxios
354 1843 558 1870 constituamus.
569 1843 689 1870 Fratrem
702 1850 781 1878 porro
791 1851 843 1870 non
854 1852 943 1878 aequa-

151 1889 202 1916 lem
214 1910 220 1919 .
237 1898 288 1916 non
306 1889 417 1916 liberum
432 1894 532 1916 tantum
553 1897 612 1916 esse
632 1894 724 1924 putes,
742 1889 788 1916 sed
806 1890 884 1916 etiam
902 1890 940 1916 fa-

152 1935 251 1961 tnultun
262 1943 269 1962 :
280 1934 348 1961 Nam
361 1935 386 1961 in
402 1934 501 1961 Christo
511 1935 572 1962 Jesu
581 1943 658 1969 neque
671 1943 756 1962 servus
767 1943 846 1969 neque
860 1935 920 1962 liber
931 1935 940 1951 ί

152 1979 226 2015 (Gal.
255 1981 280 2007 5.
301 1980 335 2007 28
352 1980 377 2014 ),
395 1980 541 2007 secundum
554 1980 708 2014 Apostolum
727 1989 732 2006 :
753 1980 786 2006 ita
809 1985 834 2006 ut
854 1980 875 2007 si
900 1980 940 2008 vel

151 2031 243 2053 contra
258 2026 369 2053 famulos
383 2026 440 2054 sine
454 2034 533 2053 causa
547 2026 716 2059 ferociamus,
730 2026 835 2053 easdem
848 2034 940 2060 poenas

151 2071 235 2097 daturi
251 2071 334 2098 simus
352 2080 358 2097 τ
374 2079 434 2098 natn
451 2071 496 2098 ille
511 2079 614 2105 quoque
630 2071 711 2098 frater
726 2076 774 2103 est,
790 2076 816 2098 et
828 2079 891 2098 vera
907 2071 939 2098 li-

152 2116 254 2144 bertate
268 2117 392 2149 donatus,
408 2125 467 2144 cum
484 2125 564 2144 ttnum
579 2116 754 2151 euntdemque
769 2116 864 2144 habeat
878 2116 937 2152 Spi—

152 2163 230 2189 ritum
253 2163 273 2189 '.
296 2163 362 2196 Quis
386 2164 474 2197 itaque
497 2162 578 2189 vitam
600 2162 671 2188 omni
691 2162 809 2189 convicio
829 2170 938 2196 pttratn,

152 2210 189 2235 ira
206 2209 379 2236 irrationabili
400 2213 445 2235 aut
467 2209 537 2235 inani
549 2215 661 2235 vacuam
684 2207 811 2235 exhibere
833 2207 939 2242 potest?

152 2255 204 2282 Nec
219 2255 282 2282 mihi
305 2255 455 2290 quempiam
478 2255 594 2289 alleges,
610 2254 651 2280 ctti
673 2253 730 2280 lucc
747 2261 807 2280 raro
821 2253 939 2287 contige-

153 2303 221 2334 rint,
236 2302 282 2329 sed
297 2302 341 2336 qui
363 2302 387 2328 in
408 2309 438 2328 ea
454 2309 596 2335 numquam
612 2299 733 2327 inciderit
748 2307 754 2325 :
771 2299 856 2326 donec
868 2300 939 2326 enim

151 2348 176 2373 id
191 2347 268 2374 nobis
281 2347 440 2379 ostenderis,
452 2354 506 2373 non
523 2346 582 2373 ideo
596 2353 660 2372 sane
675 2346 760 2372 minas
773 2346 875 2372 solvere
890 2352 938 2379 po-

152 2395 214 2421 teris
234 2393 303 2427 qttod
322 2393 372 2420 hoc
387 2400 438 2419 non
458 2391 612 2427 frequenter
624 2391 761 2419 acciderit.
777 2391 880 2418 Etenim
895 2391 939 2424 qui

151 2440 262 2470 furatur,
279 2439 320 2466 vel
335 2439 378 2473 qui
394 2439 538 2464 fornicatur
549 2457 556 2469 ,
574 2437 623 2464 etsi
637 2437 721 2464 sentcl
736 2437 762 2463 in
781 2436 832 2463 huc
847 2443 940 2470 pecca-

151 2493 204 2513 tum
217 2485 344 2516 incidant,
357 2493 409 2512 non
423 2485 482 2511 ideo
495 2483 625 2519 supplicio
639 2483 794 2514 liberantur,
805 2483 874 2517 quod
887 2489 938 2509 non

151 2534 303 2567 frequenter
317 2531 344 2559 id
368 2531 559 2566 perpetrarittt,
573 2530 623 2557 sed
642 2529 703 2564 quia
719 2529 759 2556 vel
781 2529 862 2556 semel
883 2529 939 2555 ausi

150 2582 231 2611 sunt,
247 2579 401 2613 puniuntur.
417 2577 492 2609 Quod
513 2582 600 2603 autem
620 2579 710 2610 p'ostca
730 2576 864 2611 sequitur,
881 2575 938 2609 quis

151 2631 215 2657 non,
230 2624 280 2651 etsi
295 2623 410 2651 infidelis
425 2624 458 2649 sit
468 2643 476 2654 ,
498 2623 610 2649 fabulam
623 2629 683 2648 esse.
696 2625 809 2655 reputet,
824 2628 882 2648 cutn
899 2623 940 2646 vi~

151 2674 210 2696 deat
223 2677 237 2696 a
250 2670 325 2696 nobis
338 2677 398 2696 eum
414 2674 485 2696 tanta
499 2669 663 2696 vehementia
677 2668 788 2694 violari?
800 2667 865 2694 Nam
879 2674 938 2694 cum

182 2717 190 2730 ¹
204 2714 276 2746 Plura
287 2714 380 2746 legisse
387 2714 484 2746 videtur
495 2717 565 2738 vetus
575 2713 706 2743 interpres,
715 2713 756 2743 qui
767 2712 801 2736 sic
811 2711 900 2735 habet:
913 2716 939 2735 In

150 2745 243 2778 Christo
254 2745 319 2770 enim
329 2751 406 2776 neque
416 2745 525 2778 Judtetts,
539 2750 615 2773 neque
627 2747 739 2778 prtpcus,
761 2748 836 2778 {teque
847 2748 938 2771 servus,

151 2783 226 2806 ιιι-(ριε
234 2775 305 2806 liber,
317 2774 393 2807 neque
400 2774 529 2806 masculus,
536 2780 611 2806 neque
622 2774 722 2805 femina;
729 2774 772 2799 sed
780 2779 860 2797 omnes
867 2779 939 2797 unum

151 2807 266 2838 mitiorsin
278 2806 379 2831 Christo.
510 2836 514 2838 _
620 2833 624 2837 ,
654 2837 658 2838 γ
712 2831 728 2838 η
749 2833 755 2838 .

184 2838 194 2852 ²
213 2837 280 2866 Illud,
294 2843 348 2862 cum
360 2843 433 2861 unum
444 2836 598 2867 eamdemque
617 2831 836 2867 halicatSpiruum,
856 2840 936 2864 neque

153 2869 176 2892 in
185 2869 265 2899 savil.,
275 2864 361 2900 neque
370 2868 394 2892 in
402 2867 467 2893 Coll).
478 2864 576 2898 legitur,
589 2866 631 2891 sed
645 2866 667 2890 in
681 2864 760 2890 Morel.
775 2868 872 2889 tantum.

595 140 637 166 DF.
657 139 927 176 COMPUNCTIONE,
949 143 993 170 AD
1010 145 1217 176 DEMETRIUM.
1242 130 1346 178 Lindi.

1746 165 1798 193 398

1013 200 1083 228 Deus
1096 203 1166 230 dicat
1180 212 1186 229 :
1204 204 1236 232 Si
1248 205 1323 238 offers
1336 215 1427 237 munus
1441 214 1510 237 tuum
1521 212 1555 238 ad
1568 214 1657 248 altnrn,
1674 221 1696 242 et
1710 218 1742 244 ibi
1757 228 1798 246 rc-

1012 247 1129 274 cordatus
1142 251 1220 283 [ueris
1232 252 1291 286 quia
1306 253 1384 287 frater
1397 260 1454 283 ams
1469 257 1540 284 habet
1559 260 1656 295 aliquid
1667 263 1798 293 adversum

1012 296 1036 318 Ie
1046 312 1054 324 ,
1068 293 1180 328 relinque
1192 295 1227 322 illi
1241 305 1330 325 manus
1345 304 1414 326 tuum
1428 307 1486 328 ante
1505 303 1585 331 alt/tre
1596 326 1602 337 ,
1618 311 1641 332 et
1652 308 1713 334 vade
1727 311 1798 344 prius

1011 339 1170 366 reconciliari
1181 342 1256 375 fratri
1271 348 1322 376 tuo,
1336 350 1360 370 ει
1372 351 1431 372 tum:
1442 348 1540 375 veniens
1551 349 1614 384 offer
1624 360 1714 380 munus
1727 339 1798 383 tuum

1013 382 1120 418 (Matth.
1134 385 1158 411 5.
1167 386 1213 413 ‘25.
1225 387 1277 421 ‘24)
1288 397 1293 414 :
1305 397 1352 416 nos
1366 391 1430 418 bella
1443 398 1534 420 mutuo
1545 382 1677 431 gerentes,
1688 405 1714 426 et
1724 402 1798 427 exul-

1009 431 1089 456 cerati
1103 431 1200 464 animo,
1214 433 1246 460 ad
1260 435 1350 462 altaria
1363 437 1524 466 accedimus.
1538 443 1574 468 Ac
1586 450 1645 471 cum
1661 444 1729 472 Deus
1741 452 1797 474 tau-

1010 480 1061 502 tant
1076 478 1296 507 reconciliationis
1308 487 1403 510 nostra:
1417 491 1506 513 curam
1523 487 1626 522 habeat,
1641 495 1669 517 ut
1682 493 1796 526 patiatur

1008 522 1165 550 sacrificium
1175 531 1251 551 suum
1264 526 1445 560 imperfectum
1458 539 1574 566 mattcre,
1584 540 1610 561 et
1620 522 1794 566 ministerium

1008 565 1182 602 interrumpi,
1202 570 1287 598 donec
1308 572 1442 600 inimicitia
1463 581 1489 602 ct
1509 577 1545 603 ira
1566 579 1728 614 deponatur,
1746 592 1794 610 nos

1007 619 1062 638 rem
1078 613 1112 640 ita
1126 613 1201 641 ﬂocci
1216 616 1336 650 facimus,
1353 623 1380 645 ut
1393 621 1485 654 capitis
1501 624 1582 650 nostri
1595 625 1693 653 datttno
1706 629 1794 657 multis

1006 657 1098 685 diebus
1115 661 1277 697 inimicitiam
1296 672 1443 693 servemus.
1468 667 1557 702 Neque
1580 670 1719 700 iracundos
1734 680 1791 701 tan-

1007 708 1060 730 tum
1076 705 1164 738 plectit
1179 707 1258 740 Deus,
1270 710 1317 736 sed
1331 711 1409 738 etiam
1422 720 1468 740 eos
1483 715 1526 748 qui
1542 715 1689 749 bujusmodi
1701 721 1793 747 morbo

1005 749 1079 777 liberi
1095 752 1211 780 offensos
1230 755 1324 783 fratres
1338 758 1482 793 negligunt.
1500 761 1566 794 Quia
1582 763 1652 789 cnitn
1669 764 1791 793 lzcsurum

1004 801 1044 821 est
1056 796 1143 829 irasci,
1157 799 1178 824 is
1191 806 1264 832 vero,
1276 802 1320 835 qui
1335 802 1428 836 injuria
1440 803 1531 836 afficit,
1544 814 1595 833 non
1610 807 1644 834 ita
1657 809 1732 837 facile
1742 811 1792 839 hoc

1004 841 1097 867 morbo
1106 844 1233 877 capiatur,
1244 845 1304 872 ideo
1314 846 1383 874 hunc
1393 848 1425 875 ad
1436 849 1510 876 illum
1522 851 1636 884 adducit,
1647 855 1791 884 ostendens

1003 894 1082 920 ptrna
1094 888 1239 924 digniorem
1250 899 1309 919 esse
1321 900 1380 919 cum
1394 895 1437 928 qni
1455 898 1553 929 peccati
1566 899 1680 926 radicem
1692 903 1789 935 posuit.

1003 933 1037 959 At
1050 941 1098 959 nos
1113 942 1146 961 ne
1161 935 1199 963 sic
1213 937 1319 970 quidem
1333 940 1515 973 emendantur,
1530 943 1576 969 Sed
1588 951 1636 978 pro
1651 933 1790 974 levissimis

1002 979 1080 1005 etiam
1090 980 1169 1008 rebus
1176 982 1268 1008 fratres
1276 984 1463 1013 contristamus
1472 995 1478 1012 :
1487 987 1582 1015 deinde
1588 997 1619 1016 ac
1625 990 1646 1017 si
1654 991 1718 1018 nihil
1730 1001 1788 1019 mu‘

1002 1023 1264 1060 lcstia:iutulerinms,
1275 1028 1308 1055 ita
1316 1030 1479 1064 negligimus,
1489 1032 1586 1059 illatam
1595 1034 1714 1068 injuriam
1722 1037 1788 1064 obli-

1001 1069 1070 1096 vioni
1081 1070 1184 1103 damus,
1200 1072 1414 1109 inimicitiamquc
1429 1076 1453 1102 in
1466 1076 1570 1112 Iungunt
1587 1083 1689 1113 tempus
1702 1086 1789 1108 extra-

999 1120 1067 1142 ctam
1086 1115 1258 1151 despicimus,
1275 1119 1425 1153 iguorantes
1441 1125 1512 1148 t:mto
1527 1123 1612 1156 majus
1626 1133 1673 1150 nos
1688 1127 1788 1161 suppli-

999 1161 1069 1188 cium
1082 1162 1194 1190 luituros
1209 1171 1278 1195 esse,
1297 1171 1394 1198 quanto
1408 1167 1525 1200 pluribus
1545 1169 1637 1196 diebus
1656 1173 1787 1199 maestitia:

1000 1207 1086 1234 locum
1107 1208 1274 1242 dederimus,
1299 1215 1325 1238 et
1351 1211 1400 1239 ltoc
1423 1213 1495 1246 ipso,
1518 1219 1544 1241 et
1566 1216 1634 1249 quod
1655 1217 1787 1245 difficilior

1000 1259 1089 1288 postea
1108 1255 1136 1282 fit
1148 1257 1338 1284 reconciliatio.
1352 1258 1578 1291 Quemadmodum
1590 1262 1659 1288 cttitn
1672 1264 1786 1291 amicitia

999 1299 1179 1334 ubstringcnte
1190 1322 1197 1333 ,
1214 1302 1278 1328 nihil
1292 1302 1369 1330 facile
1381 1303 1530 1332 distrahere
1542 1326 1550 1338 ,
1568 1307 1630 1333 nihil
1645 1308 1785 1336 adversum

998 1346 1070 1373 Credi
1081 1348 1186 1381 poterit.
1197 1348 1235 1375 sic
1248 1348 1383 1377 inimicitia
1396 1351 1498 1378 anitnos
1513 1357 1618 1379 nostros
1628 1360 1784 1389 Oceupantc,

998 1392 1085 1419 omnia
1099 1393 1183 1420 facilia
1197 1398 1222 1420 et
1236 1395 1312 1421 obvia
1328 1401 1389 1422 sunt
1406 1396 1437 1423 iis
1450 1418 1456 1428 ,
1469 1397 1513 1430 qui
1533 1398 1615 1424 rixam
1630 1407 1726 1434 augere
1741 1409 1786 1428 vc-

998 1437 1056 1470 linl,
1073 1446 1131 1464 eum
1147 1439 1214 1465 bona
1231 1439 1339 1466 minittte
1350 1461 1356 1472 ,
1373 1441 1438 1466 mala
1454 1449 1516 1468 vero
1528 1443 1612 1469 solum
1633 1444 1783 1472 credantur.

998 1481 1146 1517 ideojubet
1157 1504 1163 1516 ,
1179 1484 1248 1511 dono
1266 1485 1298 1511 ad
1314 1485 1397 1512 altare
1410 1485 1519 1513 dimisso
1535 1488 1606 1521 prius
1621 1491 1783 1517 reconciliari

997 1527 1081 1561 fratri,
1095 1534 1123 1555 ut
1133 1529 1276 1563 discamus,
1289 1531 1310 1557 si
1323 1531 1347 1557 in
1360 1531 1405 1558 illo
1417 1536 1534 1567 tempore
1544 1535 1783 1563 reconciliationem

996 1574 1102 1602 differre
1121 1583 1172 1602 non
1188 1576 1280 1609 liceat,
1300 1577 1384 1604 multo
1404 1578 1490 1605 minus
1510 1579 1589 1607 licere
1605 1580 1630 1607 in
1648 1582 1717 1608 aliis.
1732 1583 1784 1609 Nos

996 1627 1059 1647 vero
1073 1621 1192 1655 symbola
1207 1621 1314 1656 quidem
1329 1630 1417 1649 rerum
1432 1628 1551 1651 tenemus
1564 1646 1570 1657 ,
1584 1633 1599 1652 ιι
1618 1627 1727 1654 veritate
1738 1635 1782 1653 au-

996 1670 1048 1693 tetn
1065 1666 1120 1700 ipsa
1135 1667 1292 1700 excidimus,
1308 1668 1370 1695 dum
1386 1676 1433 1695 nos
1445 1675 1506 1696 ante
1520 1670 1579 1697 doni
1591 1671 1696 1705 quidem
1708 1673 1783 1699 οΙ›Ι;ι-

995 1712 1093 1738 tioncm
1109 1717 1200 1739 mutuo
1214 1713 1408 1747 amplectimur,
1424 1714 1470 1741 sed
1486 1715 1560 1742 labiis
1578 1721 1676 1742 lauttun
1698 1722 1724 1744 ct
1737 1726 1784 1745 ore

995 1759 1020 1785 id
1034 1759 1145 1794 agimus.
1161 1761 1194 1785 At
1206 1767 1260 1786 non
1275 1759 1299 1786 id
1315 1760 1400 1787 solum
1412 1761 1467 1787 vult
1482 1761 1617 1794 Dominus,
1630 1763 1675 1788 sed
1689 1764 1783 1790 anima:

994 1804 1073 1831 etiam
1084 1805 1202 1832 osculum
1214 1809 1240 1831 et
1254 1805 1403 1839 amplexum
1415 1805 1502 1832 cordis
1514 1807 1633 1840 proximo
1647 1807 1719 1834 dari:
1733 1809 1783 1836 ltoc

994 1851 1067 1877 enim
1082 1858 1145 1878 vere
1166 1851 1289 1885 amplecti
1313 1851 1424 1884 dicitur;
1449 1852 1512 1878 illud
1534 1860 1595 1879 vero
1612 1854 1685 1888 quasi
1704 1861 1783 1882 scena

994 1896 1113 1931 quaedam
1134 1901 1160 1924 et
1179 1897 1250 1924 larva
1272 1897 1382 1924 dicenda
1403 1902 1459 1931 est,
1475 1898 1508 1924 ita
1528 1903 1554 1925 ut
1568 1899 1611 1933 qui
1629 1899 1667 1926 sic
1681 1901 1782 1927 oscula-

994 1946 1046 1975 tur,
1062 1943 1145 1976 magis
1160 1942 1242 1969 Deum
1257 1942 1342 1970 irritet
1356 1950 1433 1977 quam
1450 1943 1544 1978 placet.
1560 1944 1695 1972 Sinceram
1711 1947 1780 1973 enitn

992 1993 1019 2015 et
1033 1989 1164 2016 radicibus
1181 1989 1282 2015 firmam
1302 1989 1443 2016 amicitiam
1459 1990 1569 2024 requirit
1587 1999 1601 2018 a
1617 1992 1692 2019 nobis
1704 2014 1711 2025 ,
1728 2001 1780 2020 non

993 2033 1061 2061 hanc
1082 2034 1157 2068 cujus
1181 2035 1296 2069 speciem
1325 2039 1350 2062 et
1372 2035 1543 2062 simulacrum
1570 2037 1702 2071 quoddam
1727 2039 1781 2065 cir-

989 2079 1180 2112 ‘cumfcrimus,
1194 2080 1245 2106 vim
1268 2085 1354 2106 autem
1376 2088 1482 2107 onmem
1501 2083 1692 2113 exstinximus.
1712 2085 1781 2118 quod

992 2131 1019 2153 ct
1040 2127 1124 2160 ipsttm
1154 2125 1278 2153 iudicittm
1302 2130 1343 2153 est
1369 2134 1477 2158 eartun,
1499 2127 1593 2162 quibus
1616 2128 1779 2162 detinentur,

992 2171 1170 2205 iuiquitatum.
1187 2170 1254 2197 Nam
1265 2171 1382 2205 quoniam
1395 2171 1530 2198 abundavit
1544 2173 1673 2207 iniquitas,
1687 2174 1779 2208 inquit,

992 2216 1134 2251 refrigescet
1146 2216 1237 2242 caritas
1251 2216 1385 2242 multorum
1401 2215 1513 2251 (Matth.
1530 2217 1575 2244 24.
1599 2217 1661 2253 12).
1679 2219 1711 2246 Et
1726 2221 1781 2247 Iuro

991 2263 1092 2297 agimus
1104 2262 1234 2295 homines,
1247 2262 1342 2296 quibus
1353 2263 1460 2289 vetitum
1473 2267 1515 2290 est
1526 2264 1566 2291 vel
1580 2264 1667 2296 irasci,
1681 2266 1720 2291 vel
1734 2266 1782 2292 ini-

991 2308 1075 2335 micos
1091 2308 1187 2334 habere
1204 2308 1339 2342 quospiam
1357 2316 1363 2334 :
1379 2311 1425 2334 aut
1438 2308 1460 2334 si
1477 2308 1543 2335 forte
1563 2309 1708 2336 habeamus
1721 2331 1727 2341 ,
1747 2311 1779 2337 ad

991 2361 1072 2381 unum
1087 2357 1187 2380 tantum
1201 2352 1269 2380 diem
1284 2352 1382 2380 habere
1398 2354 1574 2386 permittimur
1591 2362 1597 2380 ε
1612 2354 1669 2385 Sol,
1686 2355 1779 2388 inquii,

991 2408 1040 2426 non
1057 2398 1152 2425 occidat
1167 2407 1242 2432 super
1256 2398 1413 2424 iracundiam
1426 2402 1530 2423 vestram
1547 2398 1554 2432 (
1567 2397 1660 2432 Ephea.
1676 2399 1702 2424 4.
1715 2399 1749 2425 ‘26
1759 2406 1779 2432 ).

991 2445 1081 2479 Neque
1103 2443 1146 2471 hic
1159 2443 1347 2475 consistimus,
1367 2442 1413 2469 sed
1433 2446 1460 2468 et
1476 2442 1585 2468 insidias
1603 2443 1647 2469 alii
1668 2443 1693 2469 in
1713 2444 1780 2470 alios

991 2490 1117 2517 struimus
1127 2509 1134 2521 ,
1152 2494 1178 2516 et
1192 2489 1279 2515 verbis
1291 2493 1318 2516 et
1330 2488 1411 2522 gestis
1426 2488 1523 2514 nostris
1541 2487 1660 2514 membra
1675 2489 1778 2523 propria

991 2535 1145 2562 mordentes
1153 2542 1183 2560 ac
1195 2534 1353 2560 devorantes
1365 2541 1371 2558 :
1384 2532 1454 2566 quod
1465 2532 1660 2566 utiqttcapertat
1672 2533 1781 2560 insaniae

992 2587 1039 2609 est.
1056 2581 1160 2608 Etenim
1183 2579 1342 2606 insanabiles
1363 2578 1543 2604 dannoniacos
1563 2582 1590 2605 et
1604 2577 1716 2605 furiosos
1731 2579 1780 2606 hoc

993 2628 1104 2655 maxime
1118 2627 1194 2660 signo
1207 2624 1395 2658 dignoscimus.
1415 2622 1483 2655 Quid
1495 2627 1583 2656 autem
1597 2623 1630 2650 dc
1644 2623 1700 2657 lege
1710 2625 1779 2651 circa

990 2673 1182 2705 adversarium,
1195 2671 1264 2698 circa
1278 2669 1440 2704 illi-gitimam
1454 2669 1704 2704 concupiscentiam,
1719 2677 1780 2696 oeu-

991 2719 1030 2746 los
1041 2717 1197 2752 impudicos,
1208 2715 1350 2742 amicitiam
1361 2714 1567 2741 irrationabilem
1579 2719 1605 2741 et
1615 2714 1778 2747 damnosam,

990 2764 1125 2792 dicemus?
1140 2762 1238 2789 Oculus
1251 2761 1322 2788 enitn
1342 2761 1436 2788 dexter
1454 2764 1480 2794 et
1500 2767 1594 2786 manus
1615 2760 1707 2786 dextra
1728 2769 1781 2787 non

990 2811 1059 2839 aliud
1075 2810 1150 2837 nobis
1164 2809 1348 2840 subindicant,
1365 2815 1443 2843 quam
1459 2815 1506 2834 eos
1520 2807 1562 2841 qui
1578 2807 1676 2834 damno
1689 2812 1780 2833 nostro

994 2865 1042 2885 nos
1053 2859 1151 2884 amant.
1165 2854 1217 2882 Lex
1230 2861 1293 2882 vero
1306 2853 1338 2882 de
1349 2852 1491 2888 repudiatis
1503 2853 1638 2886 uxoribus,
1649 2860 1662 2878 τι
1676 2852 1781 2887 quihus—
