2064 3115
313 106 324 115 ,.

293 104 344 146 se

294 169 355 188 nam
378 168 431 188 non
462 161 560 188 violata
587 164 614 186 et
640 159 800 186 Conculcata
826 157 981 191 frequenter
1009 155 1084 183 fuit?

331 208 358 234 ι.
378 206 443 234 Nam
459 207 530 240 leges
542 205 575 232 de
590 211 642 231 non
659 202 773 238 juraudo
786 201 915 228 erubesco
925 199 1044 235 proferre
1057 199 1084 225 in

296 253 424 285 medium,
437 259 488 278 non
499 251 585 278 solum
597 249 631 276 ob
641 249 804 284 juramenta,
818 246 865 275 sed
880 246 960 273 etiam
975 245 1010 272 ob
1023 252 1083 280 per-

294 299 361 333 juria
375 297 533 331 frequentia.
550 295 655 323 Etenim
674 294 697 322 si
710 294 811 329 jurare,
827 292 878 321 etsi
892 299 965 324 vere,
982 291 1083 318 crimen

294 348 345 376 est,
364 348 392 371 et
410 342 534 377 prmcepti
555 340 750 376 praevaricatio,
771 339 915 374 perjurium
938 337 982 365 ubi
1002 344 1084 372 pone-

294 390 374 416 mus?
388 389 452 417 Etsi
468 388 494 415 id
506 388 576 424 quod
589 392 624 414 est
637 392 664 415 et
679 395 730 414 non
740 386 845 414 excedit
861 385 966 421 (Matth.
982 385 1008 412 5.
1024 383 1082 419 57).

293 443 309 461 a
323 434 394 461 malo
411 438 462 466 est,
478 433 547 468 quod
561 433 612 460 hoc
621 433 701 460 etiam
715 435 868 466 exsuperat,
882 439 896 458 a
909 438 962 465 quo
977 429 1083 457 tandem

292 479 362 507 erit?
374 479 474 506 Deinde
488 487 552 507 vero
571 479 608 506 ait
621 487 629 506 :
645 478 674 506 Si
687 479 742 513 quis
755 483 778 504 te
796 477 943 513 percusserit
956 477 981 503 in
997 476 1084 503 dexte-

292 534 348 553 ram
371 525 514 558 maxillam,
535 529 650 552 conuerte
664 525 703 552 illi
723 529 746 551 et
760 523 864 551 alteram
876 531 885 550 .'
899 527 922 549 et
941 523 963 549 ei
977 523 1020 557 qui
1033 522 1084 549 vult

292 577 373 598 tecum
382 572 481 607 judicio
494 571 653 604 contendere,
668 576 692 597 et
712 570 822 597 tunicam
842 575 913 595 tttam
927 569 1022 600 tollere,
1044 568 1083 594 di-

292 619 361 644 mitte
375 619 398 644 ei
411 623 435 644 et
456 618 562 652 pallium
575 625 584 644 :
596 622 618 644 et
633 617 781 652 quicumque
799 620 823 642 te
836 614 1003 649 angnriauerit
1016 614 1084 640 mille

292 672 391 697 passus,
405 664 468 690 unde
479 672 535 690 cum
549 663 592 690 illo
603 668 626 689 et
640 663 701 689 duo.
718 661 768 695 Qui
781 663 842 696 petit
852 669 867 687 α
882 667 914 693 te,
929 660 962 687 da
975 661 996 687 ei
1010 668 1019 687 .'
1032 665 1055 687 et
1067 668 1084 686 α

292 711 388 737 volente
403 710 513 736 mutuari
527 719 542 736 α
557 715 589 740 ιε,
605 718 636 736 ne
655 709 776 736 averteris
793 707 898 745 (Matth.
913 708 940 735 5.
957 707 1002 735 59.
1025 707 1080 742 49.).

292 756 360 789 Quid
375 756 407 782 ad
424 756 480 782 hzec
502 755 553 782 diei
575 755 683 790 potest?
697 754 748 781 Pro
769 753 881 789 singulis
901 753 971 780 enim
995 753 1083 788 hujus-

293 801 363 828 modi
381 801 459 827 dictis
477 805 560 828 restat
573 801 658 827 solum
681 805 709 827 ut
723 800 844 832 lleamus,
864 803 892 826 et.
913 798 1013 833 pudore
1028 797 1083 825 suf-

292 847 434 874 fundamur
450 855 456 873 :
473 846 508 873 ita
524 854 556 873 ex
569 846 701 873 diametro
719 845 868 880 oppositam
889 845 958 871 viam
980 848 1082 871 sectati.

291 897 339 924 tes,
360 892 478 926 judieiis,
502 891 606 926 pugnis,
631 891 720 918 litibus
745 895 772 918 et
794 891 860 917 rixis
879 898 959 917 omne
978 894 1082 924 tempus

291 939 466 969 insumentes,
487 946 519 965 ne
534 937 669 964 minimam
684 936 789 972 quidem
802 941 848 963 aut
862 944 949 964 rerum
964 941 1010 963 aut
1023 944 1083 963 ver.

289 984 384 1010 borum
405 983 555 1010 molestiam
574 983 732 1015 toleramus,
755 982 801 1010 sed
817 982 858 1009 vel
878 988 927 1015 pro
940 981 1082 1009 levissimis

289 1028 444 1056 ferocimus.

325 1073 486 1109 Evangelica:
510 1074 568 1100 vita:
589 1073 718 1108 perfectio.
738 1087 774 1093 -—
793 1072 869 1106 Quod
893 1073 914 1100 si
942 1073 1080 1108 quospiam

289 1119 408 1154 proferre
424 1120 520 1155 possis,
544 1119 589 1154 qui
617 1119 698 1146 multa
719 1120 880 1154 pauperibus
894 1120 1039 1154 erogarint,
1054 1124 1082 1147 et

288 1171 380 1199 postea
403 1165 566 1201 paupertatis
589 1173 668 1192 causa
693 1165 719 1192 iu
742 1170 922 1201 contemptum
949 1166 1079 1197 venerint,

286 1211 480 1245 immmeraque
495 1210 562 1237 mala
579 1210 698 1245 perpessi
717 1211 780 1244 sint,
796 1218 895 1246 paucos
916 1211 1080 1238 rarissimos-

287 1263 339 1290 que
359 1255 424 1283 tales
447 1256 617 1288 numerabis;
636 1259 751 1283 attamen
776 1256 887 1289 nullum,
908 1257 1012 1291 qualem
1037 1257 1080 1285 hic

287 1301 472 1335 describimus,
486 1301 672 1337 philosophum
687 1301 810 1329 ostendes
825 1311 831 1328 :
845 1302 902 1329 lnec
916 1303 1013 1337 quippe
1027 1303 1078 1330 vita

288 1348 365 1382 longe
385 1347 468 1382 magis
487 1355 566 1382 quam
591 1347 633 1374 illa
652 1347 797 1382 spiritualis
819 1352 871 1374 est.
897 1347 988 1382 Neque
1007 1349 1078 1375 enim

287 1393 388 1427 azquale
403 1397 445 1419 est
466 1396 560 1426 sponte
579 1392 679 1426 largiri,
693 1397 720 1419 et
732 1392 855 1419 omnibus
873 1393 1014 1427 spoliatum
1030 1401 1077 1428 pa-

288 1438 385 1465 tienter
398 1437 477 1464 ferre.
493 1437 592 1472 Ecquid
606 1437 666 1464 dico
686 1437 774 1465 ferre?
789 1446 850 1465 nam
863 1438 934 1472 quod
955 1439 1078 1466 Christus

285 1483 352 1511 dixit
361 1483 411 1510 hoc
424 1483 500 1517 longe
517 1484 685 1518 prmstantius
699 1488 758 1510 est:
774 1483 903 1518 siquidem
919 1491 1008 1512 sermo
1021 1485 1078 1519 ejus

286 1529 411 1556 laesorum
427 1529 530 1556 animos
551 1529 585 1556 ab
598 1529 636 1555 ira
657 1533 750 1556 contra
764 1529 893 1557 laedentes
909 1537 993 1564 usque
1010 1530 1078 1557 adeo

286 1576 392 1607 avertit,
414 1579 443 1602 ut
457 1582 509 1601 non
532 1574 611 1601 modo
625 1575 659 1602 de
675 1575 758 1610 raptis
778 1576 905 1609 conqueri
921 1583 972 1602 non
995 1576 1076 1609 sinat,

286 1621 333 1648 sed
344 1621 424 1648 etiam
436 1629 477 1652 ea,
493 1628 553 1655 qua:
568 1621 658 1647 relicta
673 1625 745 1654 sunt,
761 1626 856 1655 sponte
870 1621 966 1648 ollcrrc
974 1621 1076 1656 jubcat,

284 1671 313 1693 et
330 1666 457 1700 majorem
480 1666 512 1692 ad
533 1666 601 1692 mala
624 1665 731 1693 ferenda
753 1666 914 1694 alacritatem
939 1667 1076 1702 exhibere,

287 1720 365 1746 quam
383 1712 418 1738 illi
431 1711 464 1738 ad
480 1711 615 1738 inferenda
631 1712 772 1738 insaniam.
784 1711 850 1738 Nam
864 1719 923 1739 cmn
939 1713 960 1739 is
971 1713 1015 1747 qui
1030 1713 1077 1740 lte-

288 1759 353 1786 dcre
366 1759 431 1792 vult,
452 1765 511 1785 eum
525 1766 604 1793 quem
621 1759 692 1785 laedit
706 1759 867 1793 paratiorem
879 1758 911 1785 ad
925 1759 1077 1793 patiendum

264 1827 267 1828 ,
287 1805 397 1836 invenit,
421 1811 500 1839 quam
524 1804 568 1831 ille
590 1805 721 1837 voluerat,
746 1808 774 1830 et
798 1810 937 1839 postquam
958 1804 1078 1840 implevit

287 1850 529 1884 concupiscentiam
543 1857 629 1882 suam,
644 1857 704 1876 eutn
717 1857 796 1884 quem
815 1849 930 1882 lzeserat,
944 1858 977 1877 ex
992 1851 1076 1877 abun-

287 1896 359 1922 danti
382 1895 454 1922 videt
474 1895 508 1922 ad
529 1895 579 1921 alia
604 1894 727 1929 patienda
755 1895 917 1929 proniorem,
937 1902 1077 1931 superatus

286 1942 415 1974 discedit,
445 1941 479 1969 de
509 1942 657 1969 tolerantia:
689 1941 869 1976 magnitudine
895 1942 1075 1976 erubescens,

288 1989 409 2024 quamvis
431 1987 497 2021 fera,
521 1988 641 2023 quamvis
663 1987 806 2014 immanius
830 1988 964 2022 quidpiam
987 1988 1076 2022 fuerit,

288 2035 452 2063 moderatior
471 2034 576 2061 tandem
599 2033 704 2066 evadet,
723 2039 864 2068 conspecta
884 2039 938 2062 tum
961 2037 1076 2070 nequitia

287 2089 346 2113 sua,
360 2084 414 2107 tum
437 2080 506 2107 illius
526 2080 622 2106 virtute
637 2087 684 2114 per
698 2079 793 2107 factam
817 2081 954 2116 utriusque
974 2090 1079 2117 compa-

287 2127 428 2153 rationem.
456 2126 530 2152 llane
552 2133 601 2160 ego
626 2133 697 2152 nunc
721 2134 812 2160 quatro
839 2127 917 2154 vitam
944 2136 1022 2163 quam
1050 2130 1076 2156 in

286 2172 431 2206 Scripturis
455 2176 555 2198 tantum
577 2171 738 2206 propositam
755 2173 842 2205 video,
858 2173 920 2201 alibi
934 2182 997 2202 vero
1010 2183 1076 2210 ope-

286 2218 358 2245 ribus
372 2218 517 2245 exhibitam
534 2225 674 2252 umquam.
691 2218 745 2246 Nec
758 2219 823 2246 mihi
837 2220 909 2248 dicas
924 2222 1076 2256 quempiam

286 2263 377 2290 ltesum
397 2262 530 2297 patienter
551 2263 659 2294 tulisse;
683 2263 708 2290 id
727 2265 798 2291 enim
815 2265 900 2299 potuit
913 2266 1017 2294 defectu
1039 2267 1076 2294 \i-

285 2308 353 2334 rium
364 2307 529 2342 contingere.
545 2307 592 2334 Siti
610 2308 689 2335 etiam
704 2317 766 2345 eun;
782 2311 938 2345 mqualibus,
954 2320 1021 2347 quos
1037 2314 1076 2340 ul-

283 2353 346 2379 cisci
366 2357 479 2387 poterat,
504 2352 529 2379 id
550 2353 710 2388 exhibuerit,
733 2359 761 2382 at
782 2364 834 2383 non
858 2365 891 2384 eo
909 2366 992 2393 usque
1013 2367 1075 2393 pro-

285 2399 375 2431 cessit,
401 2402 429 2425 ut
449 2399 507 2432 ejus
529 2401 771 2434 concupiscentiam
794 2409 943 2438 superaret,
969 2409 998 2432 et
1017 2405 1075 2440 plus

283 2450 363 2477 quam
377 2443 459 2470 vellet
474 2443 561 2478 daret,
574 2447 870 2484 magnanimitalemque
880 2457 965 2483 suam,
978 2456 1076 2485 prmler

284 2492 359 2522 rapta
383 2489 480 2517 additis
494 2490 608 2519 libenter
623 2493 692 2527 aliis,
713 2496 876 2523 ostenderet.
889 2497 966 2530 Quod
985 2503 1074 2525 autem

286 2533 329 2560 his
340 2534 419 2570 longe
432 2538 553 2571 superius
566 2543 617 2572 est,
631 2539 664 2566 ad
676 2540 815 2576 ipsumque
830 2543 958 2570 verticem
973 2545 1074 2578 pertin-

283 2580 333 2614 git,
353 2588 400 2608 eos
413 2582 459 2616 qui
479 2583 540 2610 talia
555 2589 646 2620 agunt,
663 2590 689 2612 et
703 2587 759 2614 sive
778 2587 804 2614 in
820 2589 950 2622 pecuniis,
971 2591 1026 2617 sive
1048 2592 1073 2618 in

283 2627 451 2662 corporibus.
479 2629 593 2665 aliisque
617 2632 740 2659 omnibus
761 2633 951 2662 documentum
976 2635 1075 2670 impor-

285 2677 353 2704 tant,
374 2673 400 2700 in
423 2674 580 2708 amicorum,
604 2677 657 2704 imo
671 2679 818 2706 amicorum
831 2681 1005 2715 genuinorum
1026 2691 1074 2709 nu-

285 2725 359 2745 mero
371 2721 535 2749 constituere
550 2722 630 2757 jussit
642 2723 772 2754 Christus.
787 2725 852 2753 Nam
867 2727 940 2760 dicit,
961 2729 1074 2763 rapienti

283 2767 310 2790 et
330 2763 461 2793 auferenti
484 2774 518 2794 ne
538 2768 624 2796 solum
646 2769 715 2797 dona
736 2771 788 2798 alia
811 2772 903 2805 addas,
929 2774 975 2801 sed
993 2775 1072 2802 etiam

282 2809 367 2844 ipsum
383 2811 620 2842 vehementissimo
641 2819 669 2843 et
687 2815 793 2845 sincero
805 2825 896 2846 amore
910 2819 998 2856 dilige.
1015 2821 1070 2852 llec

626 101 654 129 S.
673 99 812 128 .IOANNIS
832 95 1064 125 CllRYSOSTOMI
1081 95 1241 124 ARCHIEP.
1261 96 1531 124 CONSTANTINOP.

1880 97 1930 124 Ulli

1141 160 1219 184 sane,
1236 152 1286 180 hoc
1298 153 1434 180 declarare
1455 160 1515 180 cum
1531 152 1625 186 vellet,
1643 152 1681 180 ait
1702 161 1708 179 :
1729 151 1807 180 Orate
1825 162 1871 189 pro
1891 163 1933 180 cu.

1139 198 1319 225 lumniantibux
1327 207 1369 225 vos
1381 198 1454 234 (Luc.
1468 197 1495 226 6.
1505 198 1551 234 28)
1567 207 1573 225 :
1587 198 1657 233 quod
1672 206 1720 233 pro
1734 199 1799 226 solis
1810 199 1852 232 iis,
1864 207 1931 235 quos

1139 244 1281 271 admodum
1294 245 1439 280 diligimus,
1464 246 1552 272 facere
1569 245 1698 273 solemus.
1720 245 1760 273 Ne
1779 254 1843 274 vero
1856 253 1931 282 putes

1140 291 1199 319 huc
1211 291 1290 318 verba
1306 291 1478 326 hyperbolice
1492 291 1562 318 dicta
1580 291 1672 324 fuisse,
1688 299 1756 319 neve
1771 292 1930 321 diabolicam

1139 336 1247 363 Leucas
1267 335 1411 368 fallaciam,
1430 337 1560 364 rationem
1576 341 1603 364 et
1615 344 1724 364 causam
1739 344 1930 373 congruentem

1142 381 1215 409 dfert
1225 381 1266 408 his
1277 382 1366 409 verbis
1381 390 1388 408 :
1405 381 1434 409 Si
1447 382 1514 408 enim
1533 382 1673 409 dilexeritis
1688 391 1741 416 eos,
1755 384 1799 418 qui
1813 392 1856 410 vos
1868 384 1929 411 dili-

1137 433 1210 462 gunt,
1239 436 1315 463 quant
1337 428 1475 454 mercedem
1496 428 1611 455 habetis’
1632 436 1716 455 nonne
1737 429 1865 464 publicani
1888 430 1930 456 id-

1137 482 1221 508 .psum
1234 474 1347 509 faciunt?
1362 473 1393 500 Et
1411 474 1433 500 si
1448 473 1558 508 amplexi
1572 474 1670 509 [ueritis
1685 481 1737 506 eos,
1751 475 1794 509 qui
1815 483 1858 501 vos
1872 483 1929 501 am-

1138 521 1290 554 plectuntur,
1306 520 1367 555 quid
1381 520 1491 555 aniplius
1505 520 1611 555 facitis?
1625 529 1708 547 nonne
1729 525 1752 548 ει
1772 521 1864 548 ethnici
1883 522 1930 548 hoc

1138 567 1234 600 faciunt
1249 565 1323 602 (Luc.
1339 566 1364 594 6.
1381 566 1448 602 δὲῃ
1467 566 1532 594 Cum
1555 567 1634 601 igitur
1648 574 1662 594 a
1677 567 1833 602 publicanis,
1849 573 1930 602 atque

1137 613 1251 640 ethnicis
1266 612 1331 639 nihil
1349 612 1399 639 hac
1418 613 1443 639 in
1458 621 1487 639 re
1500 612 1665 645 differamus,
1679 613 1814 647 quomodo
1826 621 1840 640 a
1856 614 1927 641 luctu

1136 663 1163 685 et
1177 665 1191 684 a
1207 658 1330 693 lacrymis
1343 658 1540 693 temperemus?
1553 658 1605 685 Sed
1619 659 1718 685 utinam
1731 659 1782 686 hoc
1791 659 1928 687 dumtaxat

1136 704 1236 731 malum
1249 703 1356 730 adesset
1369 713 1376 731 :
1391 712 1462 731 nunc
1472 704 1544 731 enim
1558 709 1660 731 tantum
1676 705 1752 732 abest
1766 709 1794 731 ut
1807 705 1927 733 inimicos

1135 749 1286 784 diligamus,
1305 755 1334 776 ut
1347 750 1428 777 etiam
1452 757 1499 777 eos
1513 751 1557 785 qui
1580 758 1629 778 nos
1649 751 1762 785 diligunt
1774 759 1927 779 aversemur

1135 800 1163 822 et
1173 795 1234 822 odio
1247 795 1402 822 habeamus.
1414 794 1535 823 invidere
1546 804 1660 831 namque
1672 797 1734 829 illis,
1747 797 1835 824 verbis
1847 802 1926 831 atque

1135 842 1217 876 gestis
1230 841 1328 868 nostris
1344 841 1456 876 gloriam
1471 846 1499 869 et
1519 841 1614 869 famam
1634 842 1686 869 illis
1702 842 1816 874 auferre,
1832 843 1919 870 odien-

1136 888 1202 914 tium
1221 891 1248 914 et
1263 888 1441 914 aversantium
1461 893 1512 915 est.
1527 887 1563 914 Ita
1580 896 1632 914 non
1655 888 1741 915 solum
1759 889 1792 915 ab
1813 888 1926 916 etlmieis

1135 933 1201 960 nihil
1215 932 1372 966 dilferimus,
1390 933 1436 960 sed
1450 941 1480 960 ea
1506 933 1531 960 in
1553 941 1582 960 re
1597 933 1676 968 longe
1689 934 1781 968 pejore
1794 942 1873 968 quam
1888 934 1926 960 illi

1134 979 1232 1006 affectu
1243 987 1345 1006 sumus.
1365 980 1405 1006 Ac
1417 979 1539 1006 Christus
1550 979 1656 1014 quidem
1672 988 1720 1014 pro
1738 979 1926 1006 calumnianti-

1135 1025 1185 1052 bus
1205 1033 1283 1052 orare
1299 1025 1389 1059 jussit,
1411 1033 1460 1052 nos
1478 1030 1568 1052 autem
1583 1025 1659 1052 dolos
1676 1025 1876 1056 concinnamus,
1899 1030 1927 1052 et

1134 1070 1354 1097 maledicentibus
1370 1070 1529 1098 benedicere
1546 1071 1624 1106 jussi,
1647 1070 1756 1098 eosdem
1778 1071 1926 1098 innumeris

1133 1116 1283 1144 maledictis
1294 1124 1447 1143 oneramus.

1175 1162 1244 1189 Vana
1255 1162 1337 1198 gloria
1351 1162 1417 1189 bona
1431 1171 1508 1197 opera
1523 1162 1622 1189 inutilia
1641 1163 1732 1189 reddit.
1747 1177 1783 1182 —
1795 1162 1863 1196 Quid
1876 1162 1925 1190 hac

1131 1210 1266 1237 contraria
1281 1209 1377 1244 agendi
1399 1210 1504 1237 ratione
1525 1209 1720 1242 vehementius,
1736 1209 1800 1244 quid
1819 1210 1926 1244 gravius

1132 1255 1183 1282 hac
1205 1263 1310 1290 pugna,
1335 1263 1386 1290 qua
1411 1260 1503 1282 contra
1532 1255 1710 1290 lcgislatorem
1733 1255 1922 1288 decertamus,

1132 1301 1256 1328 omnibus
1281 1301 1337 1336 ejus
1352 1301 1490 1336 praeceptis
1503 1301 1608 1328 adversi
1630 1301 1750 1328 stantes?
1770 1301 1835 1327 Nam
1850 1309 1926 1328 vnum

1130 1347 1222 1381 gloria:
1245 1347 1423 1382 tyrannidem,
1450 1354 1529 1381 quam
1552 1347 1609 1381 ipse
1632 1346 1806 1381 sequentibus
1834 1347 1925 1374 verbis

1131 1392 1253 1424 destruit,
1266 1399 1314 1419 nos
1324 1393 1456 1424 auximus,
1469 1392 1532 1418 dum
1545 1399 1604 1419 eam
1618 1400 1671 1420 non
1684 1392 1709 1418 iu
1725 1399 1819 1427 preces
1833 1392 1923 1422 modo.

1128 1438 1229 1473 jejunia
1249 1444 1276 1466 et
1298 1439 1495 1472 rleemosynas,
1518 1438 1564 1465 sed
1586 1439 1612 1465 in
1636 1439 1686 1465 alia
1707 1446 1813 1473 quoque
1835 1439 1924 1465 omnia

1131 1484 1302 1518 indusimus,
1327 1485 1404 1519 eique
1427 1484 1486 1518 plus
1514 1492 1592 1519 quam
1617 1485 1687 1512 servi
1716 1485 1724 1500 ¹
1743 1484 1854 1519 quilibet
1875 1492 1924 1511 nos

1130 1531 1286 1565 subjicimus
1299 1539 1304 1556 :
1319 1537 1398 1565 quam
1412 1538 1479 1564 rem,
1500 1530 1570 1565 quod
1587 1530 1726 1557 manifesta
1742 1531 1864 1558 omnibus
1877 1531 1922 1562 sit,

1130 1582 1273 1610 prmtereo,
1299 1576 1348 1603 hoc
1367 1576 1482 1611 adjecto.
1506 1584 1600 1612 nempe
1623 1585 1655 1604 ex
1677 1577 1828 1604 hominibus
1845 1577 1922 1608 alios,

1131 1627 1270 1657 postquam
1290 1627 1410 1650 extremo
1427 1623 1590 1658 contemptui
1611 1631 1640 1650 se
1662 1622 1830 1655 dediderunt,
1853 1623 1924 1651 nulla

1128 1672 1263 1704 prmcepta
1276 1677 1389 1700 curare:
1405 1670 1471 1697 alios
1486 1677 1550 1697 vero
1564 1670 1694 1704 inlllispt‘l‘
1707 1670 1816 1704 obsequi
1830 1669 1924 1696 volen-

1131 1719 1180 1747 tes,
1203 1719 1230 1741 et
1243 1715 1330 1749 aliqua
1352 1723 1459 1743 servare
1473 1721 1603 1750 prtecepta
1626 1715 1774 1747 studentes,
1790 1715 1816 1741 in
1841 1715 1922 1746 idem,

1129 1765 1209 1796 atque
1225 1761 1272 1792 illi,
1285 1761 1472 1789 detrimentum
1495 1770 1584 1795 ruere,
1599 1762 1669 1796 quod
1683 1762 1766 1788 nolint
1781 1770 1854 1788 vana:
1867 1762 1923 1796 glo—

1129 1807 1176 1834 rite
1197 1807 1302 1835 vincula
1325 1808 1469 1843 deponere.
1493 1809 1526 1836 Et
1551 1809 1619 1836 alius
1643 1809 1749 1844 quidem
1773 1809 1923 1836 nullatenus

1129 1854 1327 1890 cleemosynam
1341 1860 1442 1890 erogat,
1457 1855 1501 1890 qui
1519 1860 1607 1882 autem
1623 1855 1714 1890 egenis
1728 1863 1834 1882 suorum
1848 1856 1922 1889 quae;

1129 1900 1190 1927 dam
1207 1901 1325 1935 largitur,
1341 1901 1388 1928 sed
1403 1909 1468 1927 vana
1483 1905 1621 1935 permotus
1634 1901 1727 1935 gloria,
1745 1909 1796 1927 non
1812 1900 1922 1928 meliore

1129 1946 1282 1974 conditione
1301 1951 1352 1977 est,
1371 1953 1450 1980 quam
1471 1946 1494 1973 is
1515 1946 1559 1981 qui
1583 1946 1649 1973 nihil
1668 1946 1751 1972 dedit.
1770 1946 1814 1973 Sic
1830 1953 1922 1973 omnes

1130 1992 1248 2027 undique
1269 1993 1295 2019 in
1315 1993 1425 2027 laqueos
1443 1999 1506 2019 suos
1526 1992 1617 2027 injecit
1639 1993 1779 2027 malignus.
1801 1992 1875 2025 Quod
1899 1992 1921 2019 si

1129 2038 1188 2072 quis
1208 2038 1258 2065 hoc
1273 2038 1461 2065 detrimentum
1475 2039 1559 2066 vitare
1575 2039 1668 2073 possit,
1690 2039 1806 2065 amentia
1827 2040 1920 2066 iterum

1129 2090 1277 2119 correptus,
1300 2085 1327 2111 in
1347 2085 1469 2112 eamdem
1484 2085 1587 2112 ruinatu
1605 2085 1712 2118 incidet,
1730 2085 1783 2112 imo
1805 2086 1829 2112 in
1844 2085 1921 2119 lange

1129 2130 1299 2164 graviorem:
1317 2138 1369 2156 ιιοιι
1393 2131 1480 2157 Solum
1502 2130 1585 2162 enim,
1608 2135 1637 2157 ut
1657 2136 1730 2163 ante,
1755 2138 1815 2158 eum
1838 2130 1921 2157 detri-

1129 2179 1219 2202 mento
1232 2176 1343 2208 recedit,
1360 2176 1408 2203 sed
1431 2183 1500 2203 novo
1513 2177 1592 2203 etiam
1607 2176 1717 2204 allectus
1731 2177 1809 2203 malo.
1826 2176 1921 2203 Multos

1129 2227 1178 2254 ego
1201 2221 1271 2253 novi,
1298 2221 1341 2255 qui
1359 2229 1411 2248 non
1434 2220 1476 2248 his
1497 2222 1582 2248 solum
1604 2222 1691 2249 causis
1711 2222 1850 2254 ducuntur,
1873 2222 1921 2249 sed

1129 2273 1221 2293 amore
1243 2267 1322 2293 etiam
1338 2267 1379 2294 vel
1391 2267 1550 2300 reverentia,
1567 2267 1660 2294 aliisve
1675 2267 1814 2299 similibus,
1829 2267 1920 2302 egenis

1128 2318 1205 2345 opem
1220 2319 1402 2346 procurantes,
1420 2321 1472 2339 non
1483 2318 1572 2340 autem
1585 2320 1618 2340 ex
1631 2313 1675 2340 Dei
1690 2314 1785 2340 timore
1797 2318 1842 2340 aut
1852 2306 1920 2347 prm—

1128 2361 1215 2391 ecpto.
1227 2357 1292 2384 Cum
1307 2357 1394 2392 itaque
1406 2363 1444 2385 tot
1457 2357 1609 2392 hujusmodi
1624 2358 1677 2385 sint
1688 2367 1747 2393 qua:
1760 2366 1839 2393 opera
1852 2358 1920 2385 bona

1128 2402 1298 2435 labefactent,
1313 2404 1372 2438 quis
1393 2411 1424 2430 ex
1445 2404 1489 2435 iis,
1507 2404 1553 2439 qui
1576 2404 1602 2431 in
1619 2403 1676 2430 hate
1698 2404 1766 2430 mala
1789 2403 1919 2436 incidunt,

1127 2448 1204 2476 facile
1219 2449 1315 2483 poterit
1330 2449 1442 2476 salutem
1457 2449 1602 2485 consequi?

1164 2495 1190 2522 5.
1205 2495 1272 2522 Illud
1287 2500 1375 2522 autem
1391 2495 1496 2531 (Matth.
1514 2496 1540 2523 6.
1554 2496 1587 2522 l2
1597 2497 1606 2530 )
1617 2517 1624 2529 ,
1639 2495 1744 2523 Dimitte
1756 2496 1826 2523 nobis
1839 2496 1920 2523 debita

1127 2546 1214 2568 nostra
1223 2561 1230 2573 ,
1246 2541 1311 2568 sicut
1321 2546 1344 2567 et
1356 2549 1402 2568 nos
1410 2541 1560 2568 dimittimus
1572 2542 1724 2568 debitoribus
1738 2543 1844 2574 nostris,
1859 2542 1918 2573 hoc,

1128 2586 1251 2620 inquam,
1267 2586 1326 2621 quis
1340 2594 1400 2613 cum
1424 2586 1519 2613 fiducia
1543 2587 1632 2614 dicat?
1648 2587 1761 2614 Etiamsi
1781 2588 1852 2614 cutim
1867 2595 1917 2614 ιιοιι

1128 2632 1255 2659 lzedamus
1274 2633 1415 2666 inimicos,
1437 2633 1533 2660 vulnus
1555 2638 1642 2660 tamen
1663 2634 1811 2661 insanabile
1831 2641 1919 2660 serva-

1127 2686 1196 2705 mus.
1206 2678 1327 2706 Christus
1337 2687 1401 2706 vero
1412 2687 1464 2707 non
1476 2685 1505 2706 ut
1515 2680 1551 2707 ita
1561 2680 1647 2707 solum
1659 2680 1824 2708 dimittamus
1834 2685 1918 2715 optat,

1127 2724 1174 2752 sed
1198 2729 1226 2751 ut
1247 2732 1294 2751 eos
1317 2725 1385 2752 inter
1409 2726 1509 2760 primos
1528 2726 1629 2753 amicos
1652 2734 1834 2754 numeremus.
1858 2725 1920 2752 ideo

1127 2770 1232 2806 itaque,
1253 2776 1281 2798 ut
1303 2772 1375 2806 prius
1389 2771 1460 2803 dixi,
1483 2781 1530 2807 ι·Γο
1550 2773 1580 2800 iis
1595 2780 1672 2800 orare
1685 2772 1773 2808 jussit.
1794 2771 1820 2800 Si
1840 2778 1919 2806 porro

1162 2830 1167 2844 '
1188 2833 1247 2861 vox,
1261 2829 1336 2861 servi,
1348 2828 1419 2854 deest
1431 2830 1455 2853 in
1467 2830 1532 2855 colb.
