2064 3115
203 100 250 129 601

204 158 268 189 nihil
284 157 390 193 quidem
414 155 506 188 lardas,
527 154 575 182 sed
588 153 723 181 averseris
734 173 741 186 ,
759 159 809 179 nec
823 151 927 187 placide
952 157 997 177 re-

204 205 301 239 spicias
311 225 318 236 ,
330 204 478 239 vulnuSque
490 203 516 229 iu
526 201 616 228 animo
626 207 768 228 conserves
778 219 787 233 ,
798 197 916 226 nondum
927 205 994 232 pra:-

205 254 311 285 ceptum
338 253 501 283 exsequutus
530 255 581 280 es,
605 246 675 282 quod
700 245 819 273 Christus
842 244 924 272 dedit.
946 242 999 270 Cur

206 303 271 330 ergo
288 295 373 322 Deum
389 295 432 326 iis,
448 293 529 328 quiin
545 298 570 320 te
585 291 764 327 peccaverint,
781 290 924 325 prepitium
940 296 999 317 esse

205 349 284 376 rogas
297 361 304 372 ,
317 348 377 367 cum
392 339 510 367 nondum
526 344 553 366 tu
569 339 634 373 ipsis
648 338 776 373 propitius
795 337 855 364 sis?
869 335 935 363 lllud
951 344 1000 362 au-

206 393 260 416 tem
283 387 398 415 irridens
418 387 525 422 quidam
548 386 698 420 sapientum
724 385 761 411 ait
777 393 783 411 :
801 383 883 410 Homo
905 381 1001 409 homini

206 438 335 461 conservat
351 433 414 460 iram
427 453 434 465 ,
449 437 472 459 ct
482 441 498 458 a
511 431 617 458 Domino
631 430 722 465 quierit
744 430 890 457 medelam?
905 429 1002 456 miseri-

207 480 321 508 cordiam
340 487 390 506 non
402 478 475 506 habet
495 486 554 512 erga
567 478 692 504 hominem
705 476 751 503 sibi
765 476 887 510 wqualem
898 495 906 508 ,
921 480 943 501 et
956 483 1001 509 pro

210 531 310 562 peccato
320 534 366 558 suo
378 524 515 560 precatur?
534 532 593 550 caro
606 532 663 550 cum
677 523 730 558 ipse.
742 523 774 549 sit
786 541 794 555 ,
810 528 892 549 servat
914 522 979 548 irati:
991 521 1002 548 ?

210 577 232 598 et
246 571 301 606 quis
323 570 500 605 propitiabitur
523 569 631 604 peccatis
651 569 706 602 ejus
723 567 823 602 (Ea-li.
838 570 886 597 28.
911 565 1002 601 5-5)ῗ

214 616 312 644 Vellem
325 616 379 650 jam
403 615 483 642 silere
501 619 528 641 et
551 614 684 642 sermonis
705 621 812 640 cursum
833 617 928 640 ststere
945 621 951 638 :
967 612 1003 638 ita

211 661 312 696 pudore
338 659 440 687 afﬁcior
453 679 461 693 ,
490 666 639 694 vereorque
661 658 771 686 ulterius
795 657 916 692 progredi
933 657 1004 684 :hoc

212 707 282 734 enim
294 707 403 739 bellum,
418 705 489 740 quod
504 705 636 731 movimus
647 708 739 731 contra
751 708 882 738 princepta
893 701 1003 735 Christi,

213 752 431 786 ininiicitiamque
458 749 727 782 irreconeiliabilem,
753 748 852 775 clarius
876 748 926 775 hoc
946 754 1002 774 ser~

212 806 291 825 mone
304 798 512 824 demonstratur.
528 795 581 823 Sed
602 795 664 830 quid
687 794 754 822 lucri
779 801 811 821 ex
832 793 937 821 silentio
953 801 1001 820 no-

213 849 285 877 stro,
300 844 379 872 rebus
395 843 459 878 ipsis
481 850 596 877 pugnam
612 842 685 868 illam
706 841 891 873 clamantibus,
910 843 937 867 et
959 840 1004 866 illo

212 891 256 926 qui
269 898 317 918 nos
325 890 490 925 judicaturus
502 893 553 921 est,
564 887 654 915 omnia
664 886 803 922 perspicue
815 890 1004 922 cognoscente,

212 938 256 965 vel
271 942 332 965 ante
345 944 434 964 rerum
452 935 596 962 eventum?
611 934 775 968 Prmceptum
795 933 857 960 illud
877 941 928 960 non
945 932 1006 960 the-

213 983 365 1011 saurizandi
381 983 406 1009 in
428 986 515 1012 terra,
541 980 588 1008 sed
613 981 638 1007 in
654 980 736 1012 cmlo,
763 979 868 1006 etiamsi
889 986 987 1014 paucos
997 974 1007 1012 ,”

214 1029 357 1056 nonnullos
371 1032 459 1060 tamen
473 1026 591 1061 reperias
603 1047 609 1058 ,
623 1026 668 1061 qui
680 1029 804 1053 accurate
821 1024 1006 1052 custodierint.

213 1074 279 1101 Nam
289 1074 377 1101 cancri
387 1080 491 1106 omnes,
501 1080 532 1099 ac
539 1072 560 1099 si
568 1071 731 1098 contrarium
741 1078 850 1105 prorsus
858 1070 1005 1103 audissent,

212 1119 333 1155 iussique
347 1122 437 1150 essent
448 1118 475 1145 in
490 1122 559 1145 terra
571 1117 751 1144 thesaurizare
762 1137 770 1150 ,
794 1116 904 1144 dimisso
917 1116 985 1143 caelo
998 1136 1005 1148 ,

215 1166 328 1194 terrenis
337 1165 460 1193 oumibus
468 1171 577 1199 prorsus
586 1163 733 1196 adhaerent,
744 1167 770 1190 et
779 1162 873 1190 insano
884 1162 1007 1196 pecunias

215 1211 357 1246 colligendi
377 1210 465 1237 studio
480 1214 612 1241 leuentur,
629 1209 765 1242 Deumque
779 1207 840 1234 odio
856 1207 985 1234 habentes
998 1227 1005 1239 ,

215 1265 365 1285 niamonam
379 1257 491 1291 diligunt
505 1263 512 1282 :
526 1255 589 1282 illud
605 1259 692 1281 autem
703 1275 710 1286 ,
736 1252 780 1280 Ne
795 1253 896 1280 solliciti
909 1253 963 1279 sitis
977 1251 1008 1278 de

215 1302 324 1334 crastino
340 1302 347 1317 ‘
370 1301 475 1337 (Matth.
491 1300 517 1328 6.
535 1300 580 1335 54)
592 1321 599 1333 ,
616 1299 750 1326 neminem
773 1299 814 1326 vel
836 1297 942 1325 audisse
966 1297 1006 1325 vel

216 1348 369 1383 amplexum
392 1354 453 1377 esse
476 1346 539 1374 novi
563 1346 597 1373 ob
627 1345 689 1373 ﬁdei
712 1349 810 1373 nostra:
839 1345 1005 1372 tenuitatem.

215 1393 380 1428 Quapropter
402 1392 452 1419 hoc
474 1397 635 1426 praeceptum
660 1398 714 1425 prae
740 1390 840 1425 pudore
855 1389 1007 1424 pra-teribo.

216 1438 360 1472 Oportebat
373 1437 481 1464 Christo
494 1444 552 1463 eam
567 1435 725 1463 sententiam
738 1435 895 1469 simpliciter
912 1435 1007 1462 ferenti

216 1482 294 1510 ﬁdem
310 1483 425 1515 habere;
441 1490 511 1510 nunc
524 1486 628 1514 autem,
645 1482 708 1509 licet
721 1481 816 1509 invicta
831 1481 969 1508 ratioelnia
980 1485 1007 1508 et

215 1529 336 1564 exempla
350 1528 443 1561 atl‘erat
454 1549 462 1562 ,
477 1528 565 1556 avium
579 1527 704 1555 videlicet
716 1533 742 1554 ct
756 1527 819 1554 foeni
831 1548 838 1560 ,
853 1527 902 1562 ipsi
918 1532 1006 1553 tamen

215 1583 271 1602 non
293 1575 445 1607 credimus;
473 1574 520 1602 sed
546 1573 771 1608 quemadmodum
798 1573 848 1608 ipsi
875 1573 1005 1608 gentiles,

216 1620 269 1647 imo
283 1619 395 1647 fortasse
412 1619 528 1647 timidius
541 1627 619 1654 quam
635 1619 690 1652 illi,
706 1619 755 1647 etsi
768 1626 815 1653 pro
829 1619 881 1646 illis
905 1618 1007 1652 precari

217 1666 433 1701 noujubeamur,
450 1673 558 1692 omnem
575 1666 600 1692 in
617 1665 658 1692 itis
675 1665 738 1700 ipsis
754 1665 834 1692 rebus
849 1664 1007 1692 sollicitudi-

217 1719 278 1739 nem
300 1711 488 1747 impendimus.
504 1711 560 1738 lloe
583 1711 682 1746 igitur,
704 1715 732 1737 ut
752 1710 822 1743 dixi,
846 1715 1006 1745 praeceptum

217 1766 277 1785 cum
293 1758 391 1786 rubore
403 1757 546 1793 praeteribo
558 1778 566 1790 ,
583 1762 610 1784 ct
630 1757 663 1784 ad
687 1757 824 1791 sequentia
843 1763 950 1790 pergam
961 1776 969 1789 ,
985 1757 1008 1782 si

218 1804 286 1832 forte
311 1812 359 1839 pro
382 1803 535 1838 huiusmodi
560 1803 662 1838 pudore
682 1803 796 1837 aliquam
811 1823 819 1835 ,
836 1803 876 1830 vel
901 1807 1007 1829 tenuem

218 1849 426 1877 consolationem
442 1849 584 1884 reperiam.
596 1848 664 1882 Quid
675 1856 738 1883 ergo
749 1848 814 1875 dicit
827 1848 939 1883 postea?
953 1847 1010 1875 Νο-

219 1895 260 1922 lite
268 1896 403 1931 judicare,
423 1900 451 1925 ut
466 1904 516 1922 non
535 1895 686 1930 judicemiui
700 1895 807 1930 (Matth.
822 1896 848 1922 7.
864 1894 901 1930 1).
928 1895 1008 1922 Puta-

219 1940 281 1969 bam
291 1949 340 1975 (εει)
355 1941 397 1968 hic
417 1948 459 1968 me
480 1940 594 1975 aliquam
610 1940 719 1975 pudoris
733 1941 945 1968 consolationem
965 1948 1009 1968 re-

219 1990 355 2021 perturum
368 1993 427 2014 esse
439 1994 446 2018 ;
469 1986 516 2013 sed
530 1986 607 2014 video
620 1986 739 2020 ejusdem
755 1987 862 2021 pudoris
875 1987 1009 2014 accessio-

220 2039 281 2061 nem
297 2039 351 2060 non
365 2031 513 2060 minimam.
528 2032 634 2059 Etenim
649 2032 753 2059 etiamsi
773 2032 839 2059 nihil
853 2032 924 2060 aliud
947 2033 1011 2060 mali

221 2077 375 2107 fecissemus
387 2097 394 2110 ,
406 2076 447 2105 vel
464 2077 513 2104 hoc
527 2085 608 2104 unum
623 2081 715 2112 posset
739 2085 788 2104 nos
811 2078 837 2104 in
861 2082 1011 2105 extremam

220 2122 370 2157 gehennam
382 2122 531 2155 abducere;
554 2123 590 2150 ita
612 2123 715 2150 scilicet
735 2123 884 2150 alienorum
900 2123 1012 2151 delicto-

221 2176 281 2196 rum
304 2169 392 2198 acerbi
412 2169 515 2203 judices
537 2169 679 2202 sedemus,
704 2169 767 2196 dum
792 2170 880 2197 trabes
906 2175 1012 2198 nostras

222 2215 384 2252 despicimus
400 2225 406 2243 :
421 2221 500 2251 atque
523 2216 550 2243 in
565 2216 659 2244 alienis
683 2217 788 2244 curiose
801 2217 967 2251 inquirendis
986 2221 1013 2244 et

221 2261 379 2290 damnandis
394 2266 447 2290 tota
461 2261 516 2289 vita
532 2261 697 2289 consumitur
709 2266 809 2289 nostra.
824 2263 863 2289 Ac
878 2263 1011 2290 nemiuem

222 2306 300 2334 facile
321 2301 458 2339 invenias,
482 2314 532 2334 nec
554 2307 709 2334 smcularem
725 2308 828 2341 virum,
852 2315 902 2335 nec
919 2316 1013 2335 mona-

222 2351 365 2385 chum,nec
372 2352 497 2380 clericum
505 2353 562 2386 ',ab
570 2353 621 2380 hac
628 2354 704 2388 culpa
713 2353 838 2380 liberum:
846 2354 948 2380 etiamsi
957 2358 1011 2381 tan-

223 2401 250 2424 ta
264 2397 434 2425 comminatio
447 2397 567 2432 adjacent
580 2407 588 2426 :
604 2397 636 2425 In
650 2407 699 2433 quo
720 2399 786 2426 enim
801 2399 900 2434 judicio
910 2399 1013 2435 judica-

224 2443 308 2470 veritis
322 2465 329 2477 ,
351 2444 547 2478 judicabimim',
589 2443 687 2479 inquit,
711 2450 735 2473 et
770 2446 797 2472 in
826 2454 875 2482 qua
896 2455 1014 2474 mensura

224 2489 303 2515 mensi
316 2489 426 2524 fueritis,
438 2490 580 2516 remetiatur
592 2491 659 2517 vobis
674 2489 779 2525 (Matth.
796 2491 822 2518 7.
834 2491 875 2527 2).
888 2492 1012 2519 Attamen

223 2542 286 2562 cum
300 2535 350 2562 hoc
365 2539 502 2569 peceatum
525 2539 625 2562 tantam
647 2543 779 2563 annexam
803 2544 927 2571 pmnam,
954 2538 1014 2564 nul-

225 2581 331 2616 lamque
355 2581 518 2616 voluptatem
546 2581 660 2615 habeat,
684 2590 784 2610 omnes
801 2583 826 2610 in
850 2583 900 2611 hoc
916 2584 1014 2612 malum

226 2625 377 2661 prmeipites
385 2627 527 2660 currimus,
537 2634 569 2655 ac
578 2627 600 2655 si
611 2627 638 2654 id
646 2627 839 2661 studeamus,in
846 2629 896 2657 hoc
903 2635 1014 2657 conten-

226 2671 323 2706 damus
332 2676 362 2703 ut
370 2679 424 2701 non
433 2679 567 2711 perunam
579 2672 677 2708 solum,
688 2673 735 2701 sed
745 2680 793 2708 per
804 2674 902 2703 multas
910 2682 1014 2711 quoque

256 2728 355 2764 1.0.9.65!-
364 2727 396 2764 ςίε
406 2728 556 2764 οναξςίηρνὲη
566 2728 631 2764 ωιβ-
644 2729 767 2764 malim
775 2729 804 2764 ρ’)
815 2729 873 2764 ﬁdei
881 2734 970 2764 nostra
981 2735 1016 2757 Ie-

222 2758 346 2796 nuﬂatem,
357 2760 447 2785 desunt
456 2758 483 2785 in
492 2758 557 2792 Coll).
571 2763 597 2784 et.
608 2761 632 2784 in
648 2759 729 2790 Savil.,
741 2761 785 2785 sed
796 2758 826 2786 ad
837 2763 928 2788 seriem
939 2764 1015 2795 perti—

223 2795 287 2815 uere
298 2789 417 2814 Videntur.

255 2818 266 2836 ί
282 2820 419 2846 Vet‘hamec
430 2819 554 2847 clericum,
563 2821 588 2845 in
598 2820 664 2845 colb.
677 2824 703 2845 et
714 2821 783 2846 savil.
793 2821 890 2849 desunt.

392 2861 523 2890 ΡΑτιιοι..
547 2861 604 2891 (in.
629 2861 752 2893 XLVII.

644 95 687 124 DE
706 92 981 126 COMl‘UNC’l‘lONE,
1001 89 1047 119 AD
1067 88 1281 119 DEMETRIUM.
1301 90 1366 119 ΠΒ.
1387 88 1407 118 l.

1788 92 1843 119 492

1052 148 1108 175 vias
1115 147 1141 174 in
1149 147 1278 183 geheunm
1286 148 1420 175 caminum
1430 146 1713 184 ingrcdiamurﬁeque
1721 147 1809 174 solum
1817 149 1843 176 in

1052 201 1082 220 ea
1091 200 1150 229 quae
1156 192 1290 221 laboriosa
1298 201 1359 222 esse
1367 193 1499 228 ridentur,
1507 194 1554 222 sed
1562 194 1641 222 etiam
1654 195 1662 210 ¹
1671 194 1698 222 iu
1707 194 1806 222 leviora
1814 195 1844 222 ilv

1053 239 1084 267 lis
1096 239 1219 268 similiter
1229 239 1380 273 incidimus,
1391 245 1418 268 et
1429 240 1487 269 [1:130
1495 245 1523 269 et
1540 241 1584 268 illa
1600 241 1699 276 pariter
1712 246 1843 276 transgre-

1052 285 1156 313 dientes
1173 293 1179 311 :
1193 292 1224 313 ac
1236 293 1284 320 per
1298 285 1365 313 levia
1381 286 1545 314 ostendimus
1557 307 1564 320 ,
1580 295 1628 315 nos
1647 287 1796 315 difﬁciliora
1812 288 1844 316 οι

1052 334 1246 365 contemptum,
1265 339 1317 358 non
1340 331 1374 359 ob
1387 334 1542 367 gravitatem
1565 338 1776 369 praeeptorum,
1792 342 1840 363 nor

1054 375 1193 412 perﬁcere.
1208 376 1286 410 Nam,
1302 377 1345 405 dic
1359 378 1444 411 mihi,
1461 379 1524 414 quid
1548 379 1647 407 laboris
1658 380 1728 408 inest
1743 381 1770 408 in
1791 388 1846 409 non

1054 421 1159 450 curioso
1174 422 1358 458 perquirendis
1371 424 1465 452 alienis
1478 426 1605 460 negotiis,
1620 431 1646 454 et
1659 426 1689 461 in
1707 435 1759 454 non
1772 427 1847 457 dam-

1055 467 1151 495 nandis
1165 469 1348 503 proximorum
1368 469 1491 497 delictis?
1509 471 1608 498 Contra
1623 468 1687 499 vero
1712 472 1848 500 laboratur

1055 521 1120 541 sane
1135 515 1162 542 in
1185 515 1289 542 curiosa
1314 515 1358 542 tali
1380 517 1571 550 perquisitione
1587 523 1613 546 et
1639 519 1665 546 in
1687 519 1789 553 judicio
1813 520 1847 547 de

1055 560 1115 588 aliis
1129 561 1249 588 ferendo.
1265 561 1328 594 Quis
1340 561 1419 596 igitur
1430 562 1486 592 hmc
1500 563 1621 597 audiens,
1636 564 1712 592 nobis
1723 573 1847 600 umquam

1056 606 1165 640 credat,
1180 607 1250 641 quod
1265 606 1368 634 scilicet
1382 615 1415 634 ex
1433 608 1546 643 segnitie
1556 629 1563 642 ,
1580 617 1633 636 non
1648 614 1736 638 autem
1752 611 1786 639 de
1808 612 1848 639 iu-

1056 652 1159 680 dustria
1173 659 1199 680 et
1220 653 1324 681 defectu
1346 654 1489 681 voluntatis
1509 655 1541 681 ad
1557 656 1783 689 prtevaricandum
1804 664 1849 684 ac-

1057 698 1202 725 cedamus?
1216 699 1281 726 Cum
1295 699 1366 726 enim
1379 708 1439 734 qua:
1459 700 1658 736 praecipiuntur,
1674 701 1742 729 levia
1760 707 1788 730 et
1808 702 1849 729 fa-

1057 745 1117 771 cilia
1132 749 1194 771 sunt
1208 745 1374 778 volentibus;
1396 754 1455 781 qua:
1469 752 1558 774 autem
1574 752 1706 780 velantur,
1720 748 1809 783 gravia
1822 753 1850 776 et

1058 790 1155 818 laboris
1171 791 1266 825 plena,
1283 799 1386 827 nosque
1406 796 1494 820 tamen
1508 793 1618 821 dimisso
1633 800 1776 829 prmcepto,
1791 803 1850 830 quas

1057 836 1139 864 vetita
1161 841 1223 864 sunt
1247 837 1381 866 facimus:
1397 846 1485 866 annon
1511 840 1689 868 contendendi
1711 848 1771 868 cum
1795 842 1852 870 Deo

1058 890 1147 916 causa,
1163 891 1212 910 nos
1225 885 1282 912 haec
1297 890 1405 919 peccata
1414 885 1555 913 admittere
1568 886 1658 914 dicent
1672 887 1794 915 inimici?
1808 889 1852 915 At-

1059 929 1129 956 enim
1144 929 1213 964 quod
1229 930 1294 957 nihil
1308 930 1407 957 laboris
1420 932 1560 965 prmceptis
1581 931 1681 959 Christi
1696 932 1777 966 insit,
1795 933 1852 968 ipse

1060 975 1242 1010 pronuntiavit
1266 975 1308 1003 his
1331 975 1439 1003 verbis:
1458 976 1549 1003 Tollite
1562 977 1656 1012 jugum
1677 985 1760 1004 meum
1778 985 1853 1013 super

1059 1028 1103 1047 uos
1116 1022 1226 1056 :jugum
1245 1021 1311 1048 enim
1328 1030 1410 1048 meum
1432 1030 1508 1049 suave
1522 1027 1559 1049 est
1579 1028 1601 1049 et
1616 1031 1680 1050 onus
1703 1032 1785 1050 meum
1801 1024 1853 1051 leve

1060 1067 1167 1103 (Matth.
1186 1069 1225 1095 li.
1237 1068 1293 1103 29).
1312 1068 1365 1096 Sed
1379 1076 1427 1095 nos
1440 1069 1589 1096 incredibili
1609 1070 1722 1104 segnitie
1743 1070 1771 1098 id
1790 1070 1853 1098 faci-

1061 1121 1120 1141 mus
1130 1134 1137 1146 ,
1152 1119 1181 1141 ut
1190 1122 1249 1149 quae
1264 1114 1331 1142 levia
1345 1119 1406 1141 sunt
1415 1134 1422 1148 ,
1434 1114 1524 1142 multis
1536 1115 1628 1150 gravia
1638 1120 1793 1150 appareant.

1098 1159 1175 1186 Levia
1191 1168 1236 1194 per
1249 1160 1378 1196 segnitiem
1388 1161 1474 1196 gravia
1486 1180 1493 1194 ,
1506 1167 1529 1188 et
1541 1161 1628 1196 gravia
1642 1169 1686 1197 per
1697 1162 1854 1189 alacritatem

1062 1206 1125 1232 levia
1135 1206 1392 1241 efﬁciuntur.—Sane
1405 1206 1428 1233 ci
1440 1207 1483 1241 qui
1491 1214 1598 1241 semper
1609 1206 1686 1234 otiari
1700 1212 1727 1234 et
1737 1207 1855 1235 dormire

1061 1252 1142 1286 velit,
1158 1252 1199 1279 vel
1214 1252 1271 1286 ipse
1290 1252 1364 1279 cibus
1387 1255 1414 1279 ct
1429 1257 1506 1286 potus
1520 1259 1629 1286 prorsus
1643 1258 1774 1280 onerosus
1795 1260 1855 1280 esse

1061 1298 1176 1331 videtur;
1197 1298 1242 1333 qui
1257 1305 1320 1326 vero
1335 1297 1443 1332 vigilant
1457 1302 1484 1324 et
1506 1297 1637 1325 excubant
1648 1319 1655 1331 ,
1675 1306 1710 1325 ne
1725 1297 1856 1326 mirabilia

1061 1344 1168 1379 quidem
1188 1347 1215 1371 et
1229 1343 1310 1371 ardua
1326 1343 1476 1378 refugiunt,
1498 1343 1546 1371 sed
1561 1351 1621 1371 cum
1642 1344 1738 1379 majori
1759 1343 1855 1372 ﬁducia

1063 1390 1121 1417 lucc
1130 1390 1237 1425 aggredi
1252 1389 1362 1423 audent,
1373 1397 1452 1424 quam
1461 1390 1527 1417 levia
1538 1397 1634 1424 segnes
1643 1394 1670 1417 et
1684 1390 1855 1418 somnolenti‘.

1061 1437 1133 1465 Nihil
1146 1438 1229 1471 enim,
1242 1437 1306 1464 nihil
1318 1437 1408 1472 utique
1417 1437 1453 1464 ita
1465 1435 1543 1464 facile
1557 1441 1617 1470 est,
1633 1437 1696 1472 quin
1710 1436 1854 1464 admodum

1061 1492 1142 1520 grave
1156 1488 1183 1512 et
1197 1492 1339 1512 onerosum
1355 1483 1450 1518 ingens
1465 1488 1557 1511 nostra
1570 1484 1699 1518 segnities
1712 1483 1854 1512 ostendat:

1063 1530 1288 1565 quemadmodum
1312 1530 1378 1557 nihil
1399 1529 1435 1556 ita
1457 1529 1553 1557 durum
1569 1533 1615 1557 aut
1634 1529 1760 1564 difﬁcile,
1784 1529 1857 1564 quod

1064 1584 1117 1604 non
1132 1576 1282 1603 sollicitudo
1297 1581 1324 1604 et
1346 1576 1469 1603 alacritas
1494 1575 1637 1602 admodum
1652 1574 1729 1603 facile
1751 1575 1856 1604 reddat;

1064 1623 1214 1656 Quidnam,
1239 1622 1281 1649 dic
1304 1622 1369 1649 mihi
1380 1642 1387 1654 ,
1403 1621 1542 1649 molestius
1555 1625 1630 1654 erat,
1645 1628 1723 1656 quam
1738 1620 1857 1656 quotidie

1065 1669 1227 1705 periclitari,
1242 1669 1296 1696 imo
1322 1668 1415 1703 capitis
1442 1668 1589 1703 perieulum
1608 1667 1718 1695 subire?
1732 1667 1857 1695 Attamen

1064 1715 1091 1742 id
1111 1715 1170 1743 leve
1188 1715 1295 1742 vocavit
1314 1714 1408 1742 beatus
1427 1713 1525 1741 Paulus
1547 1714 1588 1741 his
1606 1713 1714 1741 verbis:
1727 1712 1761 1740 Id
1777 1713 1857 1745 enim,

1064 1763 1132 1797 quod
1146 1761 1171 1788 in
1185 1761 1304 1797 prwsenti
1316 1765 1353 1788 est
1366 1764 1567 1788 montentaneum
1577 1765 1600 1787 ct
1613 1760 1665 1787 leve
1677 1759 1857 1792 tribulationis,

1063 1816 1142 1842 supra
1167 1806 1308 1834 modumin
1333 1806 1486 1833 sublimitate
1506 1810 1625 1833 ueternum
1646 1805 1734 1841 gloria
1758 1804 1857 1840 pondus

1063 1857 1181 1887 operatur
1202 1855 1228 1881 in
1245 1854 1318 1881 nobis
1329 1852 1507 1890 (2.Cor.4.17.
1519 1851 1574 1887 l8).
1595 1850 1662 1878 Nam
1675 1850 1725 1877 etsi
1749 1857 1793 1877 res
1808 1857 1857 1877 na-

1065 1904 1122 1926 tura
1137 1899 1226 1934 gravis
1241 1899 1295 1932 sit,
1311 1906 1359 1933 spe
1373 1904 1461 1926 tamen
1477 1898 1625 1925 futurorum
1636 1897 1704 1925 levis
1717 1897 1833 1924 efﬁcitur
1848 1904 1858 1925 πη

1063 1953 1142 1980 quam
1160 1945 1206 1971 ille
1222 1952 1329 1972 causam
1345 1945 1433 1979 posuit
1452 1944 1544 1972 dicens
1558 1953 1566 1971 :
1583 1943 1645 1971 Non
1663 1943 1858 1979 contemplanti-

1065 1991 1110 2017 bus
1124 1990 1195 2017 nobis
1207 1997 1263 2025 qum
1272 1990 1389 2016 videntur
1399 2010 1407 2022 ,
1423 1989 1468 2016 sed
1481 1997 1537 2024 qua:
1550 1997 1600 2016 non
1613 1988 1739 2016 videntur.

1061 2025 1065 2076 ξ
1101 2036 1127 2063 6.
1147 2036 1287 2063 Videamus
1303 2044 1361 2071 qua:
1373 2039 1521 2071 sequuntur
1535 2045 1542 2063 :
1557 2035 1645 2062 Nolite
1657 2056 1664 2069 ,
1680 2035 1766 2070 inquit
1777 2056 1784 2067 ,
1797 2035 1860 2062 dare

1064 2088 1152 2111 sancta
1164 2082 1268 2110 coitibus
1278 2103 1285 2116 ,
1300 2090 1379 2117 neque
1392 2083 1497 2110 mittatis
1521 2082 1674 2118 margaritas
1688 2086 1782 2109 uestras
1801 2087 1860 2109 ante

1065 2138 1155 2165 porcos
1181 2129 1288 2166 (Matth.
1304 2130 1330 2156 7.
1344 2129 1382 2163 6).
1397 2128 1475 2157 Certe
1500 2129 1621 2157 Christus
1648 2128 1717 2158 hanc
1733 2128 1860 2163 praecepti

1065 2183 1141 2204 more
1154 2176 1240 2211 legem
1253 2175 1337 2208 dedit,
1352 2183 1401 2203 nos
1412 2179 1500 2203 autem
1516 2183 1571 2210 prie
1585 2174 1657 2202 inani
1673 2174 1757 2209 gloria
1772 2178 1798 2201 et
1811 2174 1859 2201 abv

1066 2222 1145 2249 surda
1168 2222 1314 2248 ambitione
1329 2221 1379 2248 hoc
1393 2220 1456 2249 item
1478 2226 1641 2256 praeceptum
1657 2228 1762 2255 pessum
1782 2220 1858 2247 dedi-

1066 2275 1136 2300 mus,
1150 2267 1213 2295 dum
1227 2272 1397 2303 corruptores
1409 2287 1416 2300 ,
1429 2267 1589 2299 incredulos,
1606 2266 1781 2302 hominesque
1799 2274 1860 2294 sex-

1067 2316 1151 2344 centis
1163 2315 1234 2343 vitiis
1245 2320 1366 2348 onustos,
1382 2320 1482 2343 temere
1498 2320 1524 2342 et
1535 2314 1592 2342 sine
1605 2313 1729 2341 examine
1752 2313 1786 2340 ad
1801 2320 1861 2349 my-

1067 2363 1209 2391 steriorum
1224 2362 1452 2398 participationem
1477 2361 1643 2388 admittimus
1657 2379 1665 2393 ,
1677 2364 1705 2387 et
1717 2364 1859 2394 antequam

1067 2413 1218 2437 accuratam
1245 2409 1343 2437 mentis
1365 2407 1559 2443 sententiaeque
1586 2414 1642 2435 suae
1676 2406 1861 2442 probationem

1068 2455 1209 2487 dederint,
1231 2455 1320 2482 omnia
1342 2454 1394 2481 illis
1415 2453 1538 2489 dogmata
1558 2453 1726 2486 revelamus;
1746 2460 1778 2480 ac
1798 2452 1862 2480 licet

1068 2500 1198 2528 vestibula
1215 2500 1332 2527 nondum
1346 2499 1437 2526 videre
1449 2498 1593 2533 potuerint,
1607 2498 1749 2526 confestim
1770 2505 1819 2526 eos
1835 2498 1861 2525 in

1069 2548 1147 2583 adyta
1168 2547 1299 2574 ducimus.
1318 2546 1382 2578 Qua:
1401 2552 1481 2572 causa
1504 2544 1555 2572 fuit
1581 2549 1610 2572 ut
1632 2545 1740 2582 quidam
1763 2552 1796 2572 ex
1822 2545 1861 2571 sic

1069 2594 1178 2622 initiatis
1190 2593 1243 2620 cito
1253 2592 1401 2620 resilientes
1411 2613 1418 2625 ,
1435 2591 1572 2618 innumera
1583 2591 1652 2618 mala
1670 2591 1857 2627 perpetrarint.

1069 2640 1108 2668 Ac
1124 2648 1176 2668 non
1191 2640 1216 2666 in
1228 2639 1287 2666 aliis
1301 2643 1401 2665 tantum
1416 2658 1424 2671 ,
1437 2637 1483 2665 scd
1500 2638 1527 2664 in
1542 2638 1619 2665 nobis
1632 2638 1696 2673 ipsis
1710 2637 1859 2665 horribilis-

1070 2680 1166 2714 si’mum
1183 2686 1234 2712 hoc
1249 2689 1409 2720 prreceptum
1430 2684 1605 2718 despicimus,
1620 2684 1726 2719 quando
1750 2683 1858 2710 humore

1072 2733 1167 2761 talibus
1192 2731 1327 2767 mysteriis
1350 2729 1530 2765 participaturi
1544 2750 1552 2762 ,
1567 2729 1720 2763 impuritate
1733 2734 1761 2757 et
1774 2728 1858 2764 impu-

1106 2824 1114 2840 ί
1132 2824 1167 2849 sic
1177 2823 1245 2850 savtl.
1259 2826 1285 2848 et
1295 2821 1359 2847 Oolb.
1373 2825 1397 2847 tu
1409 2821 1490 2847 :uorel.
1502 2820 1582 2853 deest,
1593 2820 1671 2846 etiam.

1653 2864 1693 2894 23
