2064 3115
231 129 282 155 403

232 184 321 211 dentta
337 182 407 218 pleni
423 181 448 209 id
460 181 571 216 agimus.
583 179 636 206 Nec
651 179 694 206 illa
706 178 792 205 solum
806 181 937 212 prmcepta
948 197 955 208 ,
967 176 1014 204 sed

230 229 309 255 etiam
323 236 352 255 ca
366 235 425 262 qum.
451 230 596 261 sequuntur
608 225 641 251 ab
655 224 777 251 omnibus
796 222 889 249 violari
911 221 1013 248 videas.

231 274 296 300 Cum
321 273 392 300 enim
414 271 535 298 Christus
561 269 659 297 dixerit
679 277 685 296 :
709 268 878 302 Quacumque
892 266 966 293 vultis
988 270 1016 292 ut

233 319 328 352 faciant
342 318 410 344 vobis
428 316 540 343 homines
550 336 557 348 ,
578 315 614 341 ita
629 315 638 330 ¹
651 318 675 341 et
688 321 731 340 vos
745 313 819 348 facile
833 312 885 338 illis
907 310 1014 345 (Matth.

232 363 258 389 7.
275 363 320 397 12)
332 370 339 394 ς
355 369 404 389 nos
418 360 506 388 omnia
530 359 639 386 facimus
652 366 682 385 ea
693 378 700 390 ,
714 365 772 392 qua:
795 355 848 392 pati
871 356 994 382 nolumus
1004 377 1012 387 ,

232 415 263 435 ac
271 407 337 442 jussi
352 414 398 441 per
411 409 549 440 angustam
570 408 672 439 portam
687 404 786 430 intrare
800 423 808 435 ,
825 402 903 428 latam
918 400 1015 435 ubique

232 452 418 488 perquirimus.
449 450 524 484 Quod
547 456 625 484 porro
647 448 788 475 saeculares
811 446 916 481 quidam
947 446 1015 472 hanc

232 498 424 532 amplectantur
437 501 463 524 et
473 500 561 524 ament
571 516 578 528 ,
592 503 644 522 non
657 501 740 528 usque
762 493 827 520 adeo
842 491 936 519 mirum
951 495 991 518 est
1006 499 1013 523 ;

232 543 300 578 quod
316 547 403 569 autem
424 542 471 568 viri
485 541 529 575 qui
544 547 603 568 sese
615 536 786 567 ‘cruciﬁxisse
804 537 941 573 videntur,
956 543 1014 563 eam

235 589 292 623 plus
306 595 383 623 quam
398 587 434 614 illi
447 591 581 614 sectentur
592 606 599 618 ,
621 585 671 612 hoc
685 592 750 612 sane
769 589 903 618 stuporem
924 583 1015 617 ingen-

234 641 286 662 tem
301 634 377 662 affert
391 654 398 666 ,
416 633 469 660 imo
483 633 569 668 potius
583 632 713 667 :enigmati
728 630 821 658 similis
839 637 881 657 res
900 629 1013 656 videtur.

234 680 377 707 Monacltos
395 679 465 706 enim
481 677 669 713 propemodum
684 684 786 709 omnes,
801 676 822 702 si
838 675 869 702 ad
882 675 1013 710 quoddam

234 725 407 754 ministerium
418 724 509 751 venire
520 722 663 758 rogaveris,
675 721 733 749 ha‘c
744 721 831 749 statim
845 726 871 748 et
885 720 910 747 in
923 719 1015 754 primis

234 772 370 806 loquentes
383 770 475 797 audias
488 778 495 802 ;
513 769 678 797 sciscitantur
692 775 796 802 nempe.
818 774 879 793 num
893 766 926 792 ibi
941 767 1014 800 quie-

235 823 288 844 tem
314 815 431 843 invenire
457 814 620 849 poesint,et
642 821 703 840 ntnn
729 813 848 846 requiem
874 817 1015 845 procurare

235 862 318 897 possit
338 861 360 888 is
375 861 419 895 qui
440 860 614 887 accersitzac
633 858 703 884 ultro
717 857 835 891 citroque
845 856 942 891 quietis
964 862 1014 881 uo-

235 917 296 936 men
308 908 438 943 jactitant.
453 905 521 939 Quid
542 906 594 937 ais,
615 905 650 931 mi
665 904 764 931 homo?
782 903 806 930 in
823 907 893 928 arcta
906 901 947 928 via
974 901 1014 927 iu-

233 954 328 982 cedere
339 953 428 988 jussus
444 951 478 979 de
487 951 576 985 quiete
599 950 753 984 interrogas,
767 954 793 976 et
807 956 854 983 per
877 952 1013 982 angustam

233 1003 334 1034 portam
349 999 446 1025 intrare
456 997 546 1031 jussus
557 996 636 1022 latam
655 995 773 1030 qureris?
793 993 857 1028 quid
884 993 934 1020 hac
958 1000 1016 1026 per-

232 1045 355 1072 versitate
369 1042 486 1070 deterius
498 1042 509 1068 ?
521 1041 559 1068 Ne
569 1048 632 1068 vero
647 1046 722 1075 putes
747 1047 789 1066 me
803 1039 859 1066 hasc
881 1039 1014 1066 dicentem

232 1091 297 1117 alios
317 1089 510 1120 condemnare,
538 1094 593 1114 rem
628 1093 671 1113 me
694 1089 856 1120 spectantem
888 1083 1012 1110 narrabo.

267 1134 456 1169 Cltrysostomus
467 1133 500 1159 ad
510 1132 689 1158 monachorum
697 1130 857 1157 tabernacula
869 1129 969 1156 secedit.
978 1143 1015 1149 —

232 1180 297 1208 Cum
309 1187 393 1214 nuper
406 1186 455 1213 ego
467 1177 655 1209 decrevissem,
675 1176 766 1203 relicta
788 1175 864 1207 urbe,
876 1174 909 1201 ad
925 1173 1013 1201 taber-

232 1226 324 1254 nacula
337 1224 524 1252 monachorum
535 1221 662 1250 accedere
675 1242 682 1254 ,
694 1220 810 1248 sollicite
824 1219 973 1255 qurercbam
987 1223 1014 1246 ct

232 1270 384 1299 sciscitabar
394 1269 523 1296 undenam
539 1267 749 1295 necessariorum
763 1269 927 1293 commeatus
939 1265 1014 1292 adfu-

233 1320 307 1343 turus
329 1319 400 1343 esset
412 1334 420 1348 ,
435 1317 462 1341 et
477 1320 538 1340 num
561 1313 617 1339 tieri
633 1316 721 1347 posset
734 1315 762 1338 ut
781 1311 856 1345 panis
866 1317 960 1337 recens
983 1316 1014 1337 ac

233 1361 344 1389 diurnus
367 1359 566 1390 comederetur;
581 1366 614 1385 an
633 1357 692 1392 quis
719 1364 762 1384 me
785 1359 924 1383 coacturus
944 1359 1014 1382 esset

233 1407 326 1435 eodem
347 1405 383 1433 uti
394 1405 454 1432 oleo
468 1412 515 1439 pro
529 1403 636 1430 lucerna
647 1407 673 1429 et
688 1409 735 1436 pro
753 1400 813 1428 cibo
825 1409 832 1433 ;
844 1408 877 1427 an
898 1399 958 1434 quis
971 1406 1015 1426 me

232 1453 391 1488 impulsurus
403 1451 435 1478 ad
446 1451 569 1478 miseram
592 1449 754 1483 leguminum
773 1454 878 1480 escam;
893 1454 927 1474 an
949 1446 1016 1473 assi-

231 1504 355 1536 gnaturus
370 1503 436 1531 opus
456 1495 565 1528 dttrum,
584 1499 612 1521 ut
629 1498 670 1521 est
685 1493 785 1526 fodere,
809 1493 877 1528 ligna
899 1491 1013 1523 deferre,

232 1554 326 1582 aqualn
351 1547 529 1580 compertare,
543 1546 570 1572 et
581 1546 677 1571 caetera
692 1540 778 1567 omnia
800 1538 948 1577 huiusmodi
963 1539 1015 1564 mi—

234 1592 342 1620 nisteria
357 1595 403 1618 :et
422 1595 454 1618 ut
476 1590 626 1618 summatim
641 1589 726 1616 dicam
741 1609 748 1621 ,
770 1588 854 1615 multa
869 1587 902 1615 de
927 1587 1015 1622 quiete

233 1637 353 1671 corporis
366 1635 553 1670 percontabar.
568 1635 603 1662 At
616 1635 632 1661 ii
655 1634 699 1669 qui
713 1634 756 1661 vel
772 1633 919 1668 principum
935 1632 1014 1661 mini-

234 1683 314 1710 stctia
327 1702 335 1714 ,
346 1681 386 1709 vel
401 1681 563 1716 publicorum
578 1680 743 1714 negotiorum
757 1678 1013 1705 administrationem

233 1727 398 1762 suscipiunt,
418 1726 482 1753 nihil
507 1725 600 1753 horum
614 1725 799 1757 sciscitantur,
819 1723 866 1751 sed
892 1722 977 1750 solum
992 1721 1015 1749 si

234 1781 278 1801 res
292 1773 365 1800 lucro
380 1771 466 1799 futura
481 1771 528 1803 sit,
545 1771 629 1802 lucro,
643 1770 759 1805 inquam,
775 1768 914 1803 temporali
927 1777 934 1795 :
945 1767 1014 1802 quod

233 1820 255 1847 si
281 1819 332 1846 hoc
351 1825 458 1853 sperare
470 1817 592 1849 valeant,
609 1824 660 1843 non
683 1816 787 1843 labores
798 1836 805 1847 ,
816 1822 867 1842 non
878 1813 995 1849 pericula
1005 1833 1013 1847 ,

235 1874 287 1893 non
300 1865 484 1901 ignominiam,
501 1871 553 1891 non
576 1863 681 1891 servilia
702 1861 864 1894 ministeria,
881 1868 936 1888 non
955 1867 1016 1895 per-

235 1912 414 1947 egrinationes
431 1911 523 1945 longas
533 1908 543 1942 ,’
553 1917 605 1936 ιιοη
625 1909 775 1936 diuturnam
789 1907 816 1935 in
836 1906 886 1933 alia
908 1905 1016 1940 regione

237 1956 470 1984 commorationem
486 1975 493 1988 ,
507 1962 560 1982 non
583 1953 757 1981 contumelias
768 1972 775 1985 ,
790 1959 843 1979 ιιοιι
865 1951 1013 1982 cruciatus,

237 2011 289 2029 non
302 2007 448 2036 temporum
462 2000 650 2031 mutationem,
664 2006 716 2025 non
727 1997 873 2032 perieulum
882 2004 896 2022 a
910 1999 1016 2030 sperato

235 2048 289 2075 ﬁne
303 2046 442 2074 aberrandi
454 2066 461 2079 ,
475 2053 528 2073 non
541 2049 724 2080 praematurum
745 2047 857 2070 mortem
869 2062 877 2075 ,
891 2049 943 2069 non
971 2048 1015 2069 se-

236 2094 398 2130 parationem
417 2101 432 2120 a
455 2091 624 2123 domesticis,
647 2097 699 2117 non
714 2089 804 2116 uxoris
830 2092 858 2115 et
874 2088 1015 2115 liberorum

237 2139 416 2170 solitudinem,
431 2145 483 2165 non
495 2137 574 2164 aliam
586 2135 735 2171 quampiam
748 2133 932 2161 difﬁcultatem
944 2132 1017 2166 cogi-

238 2189 293 2212 tant
305 2193 313 2218 ;
334 2184 379 2212 sed
394 2183 565 2218 pecuniarum
576 2180 708 2216 cupidine,
724 2186 772 2206 ceu
785 2182 904 2205 amentes
918 2176 1015 2209 effecti,

236 2231 324 2258 omnia
338 2229 452 2257 subeunt
470 2227 538 2255 mala
550 2247 557 2260 ,
574 2233 632 2261 qua:
648 2225 681 2252 ad
697 2225 764 2252 hanc
789 2224 936 2251 conducere
954 2231 1018 2257 pos-

236 2277 298 2304 sint.
312 2275 366 2303 Nos
383 2278 470 2301 autent
483 2272 580 2307 quibus
598 2279 651 2298 non
665 2270 783 2304 pecunia:
797 2289 804 2301 .
821 2276 907 2303 neque
929 2273 997 2295 terra
1008 2288 1015 2301 ,

236 2322 284 2350 sed
308 2320 400 2347 ccclnm
420 2317 575 2354 proponitur
594 2321 620 2343 ct
640 2315 753 2342 ctelestia
778 2315 847 2341 bona
860 2335 867 2347 ,
894 2321 952 2348 quae
969 2320 1018 2340 nec

236 2367 329 2394 oculus
341 2365 425 2396 vidit,
448 2371 498 2391 nec
511 2363 583 2390 auris
603 2361 721 2393 audivit,
733 2367 782 2388 nec
796 2361 821 2386 in
843 2367 890 2387 cor
904 2359 1018 2386 hominis

241 2411 431 2443 ascenderunt,
444 2409 478 2436 de
492 2408 579 2443 quiete
593 2407 758 2435 sciscitantur
773 2415 779 2433 :
796 2413 879 2440 usque
895 2405 960 2432 adeo
974 2412 1018 2431 su-

239 2465 298 2484 mus
320 2456 371 2483 illis
385 2453 591 2482 miserabiliores
609 2457 636 2480 et
650 2452 794 2479 molliores.
809 2451 877 2485 Quid
899 2450 938 2477 ais
951 2470 959 2483 ,
982 2449 1018 2476 tui

240 2501 350 2530 homo‘?
361 2501 386 2528 in
393 2500 521 2528 etclumne
532 2498 684 2531 mittendus,
692 2498 727 2524 ibi
736 2505 843 2532 regnum
851 2500 1016 2530 accepturus.

242 2546 406 2583 percontaris
419 2553 452 2572 an
468 2544 530 2580 quid
545 2545 578 2571 sit
592 2543 702 2571 arduum
723 2542 750 2569 in
769 2542 809 2569 via
827 2546 854 2569 et
865 2540 1018 2576 pcregrinav

239 2594 312 2620 tione
326 2590 475 2626 huiusmodi
486 2611 493 2622 ,
505 2594 532 2617 et
548 2597 602 2617 non
627 2594 653 2616 te
677 2588 776 2623 pudet,
791 2596 843 2614 non
862 2586 995 2614 erubescis
1008 2605 1018 2619 .

239 2647 289 2667 nec
303 2643 330 2665 te
340 2637 389 2664 sub
403 2641 499 2664 terram
510 2634 635 2663 defodis?
649 2634 757 2662 Etiamsi
771 2633 857 2660 omnia
873 2654 880 2664 ,
898 2639 956 2666 quae
968 2631 1019 2658 ho-

240 2683 355 2712 minibus
377 2683 530 2716 contingere
544 2685 673 2717 possunt,
695 2680 762 2707 mala
789 2682 944 2710 occurrant,
963 2676 1020 2704 sive

241 2729 369 2761 convicia,
390 2729 445 2757 sive
457 2727 624 2755 contumelia:
637 2748 644 2759 ,
658 2726 714 2753 sive
736 2724 885 2759 ignominia:
898 2728 925 2751 et
941 2730 1019 2758 syco-

273 2798 281 2813 ι
298 2796 363 2821 Colh.
376 2797 461 2821 omittit
473 2796 513 2823 ita,
527 2799 551 2819 et
560 2795 628 2822 intra,
640 2800 689 2817 nos.

271 2828 282 2844 ³
299 2831 322 2852 Ιιι
332 2827 395 2852 Colb.
410 2828 493 2855 deest,
506 2826 537 2850 tui
549 2827 625 2849 homo.
905 2827 918 2835 ν

581 124 609 152 S.
629 121 767 150 JOANNIS
784 118 1020 148 CllltYSOSTOMl
1040 119 1196 146 ARCIIIEP.
1217 118 1482 147 CONSTANTINOP.

1803 122 1854 150 ιοι

1070 176 1205 211 phantim;
1222 184 1268 204 seu
1289 177 1407 211 gladius,
1423 176 1500 211 ignis.
1527 176 1642 209 ferrum,
1660 176 1732 209 ferre,
1748 177 1854 205 demcrv

1067 222 1176 253 siones;
1191 221 1246 248 sive
1262 221 1355 252 fames.
1372 222 1480 248 morbus
1494 226 1521 248 et
1545 221 1634 248 omnia
1652 229 1710 256 quae
1727 222 1761 249 ab
1780 222 1854 249 initio

1068 267 1095 293 in
1110 267 1159 294 hac
1174 268 1226 293 vita
1237 267 1548 302 continguntaeerbiora,
1565 274 1664 299 annon,
1682 275 1783 302 quaeso,
1798 267 1854 295 hme

1068 312 1191 339 irridebis
1204 317 1230 339 et
1241 312 1390 347 despicies?
1402 320 1435 339 an
1453 312 1486 339 de
1508 312 1560 339 illis
1573 313 1612 339 vel
1627 313 1765 340 minimum
1783 315 1855 349 cogi-

1068 357 1154 384 tabis?
1171 357 1271 392 Ecquid
1297 357 1447 391 hujusmodi
1461 357 1549 384 animo
1570 357 1713 390 stolidius,
1731 358 1793 392 quid
1814 360 1854 386 vi-

1069 403 1129 435 lius,
1143 403 1205 438 quid
1219 403 1360 430 miserius?
1371 402 1520 429 Czrlestium
1533 402 1667 429 desiderio
1680 407 1788 438 captum
1800 412 1852 431 non

1067 448 1126 476 dico
1151 453 1251 475 tantum
1275 448 1390 484 quietem
1413 455 1533 482 qua-rere
1556 455 1608 475 non
1621 448 1739 482 debere,
1755 449 1802 476 sed
1819 458 1853 477 ne

1066 494 1124 527 ejus
1137 494 1243 528 quidem
1258 495 1394 528 pratsentis
1410 493 1505 520 affectu
1525 494 1636 520 moveri.
1653 495 1792 526 Quomodo
1806 496 1852 522 ab-

1066 539 1173 566 Surdum
1191 546 1242 565 non
1257 538 1335 566 fuerit
1353 546 1416 571 eos,
1438 539 1482 573 qui
1496 538 1591 573 ineptis
1615 539 1749 567 amoribus
1762 544 1850 568 tenen-

1068 590 1120 616 tur,
1135 585 1229 611 amatis
1240 585 1274 611 ita
1288 593 1317 611 se
1332 589 1400 611 totos
1411 584 1508 611 dedere
1519 605 1526 617 ,
1539 589 1568 611 ut
1578 589 1675 618 praeter
1689 592 1735 612 eos
1747 593 1852 613 eorum-

1067 638 1119 664 que
1135 630 1297 657 consortium
1319 630 1384 656 nihil
1407 637 1498 656 eorum
1520 638 1579 664 qua:
1597 630 1623 656 in
1649 630 1698 657 hac
1714 630 1766 658 vita
1789 637 1851 659 sunt

1069 675 1138 709 (sunt
1153 680 1240 701 autem
1254 675 1321 701 bene
1333 674 1440 710 multa),
1456 675 1532 701 dulce
1553 675 1706 702 existiment
1719 684 1726 702 :
1740 684 1788 703 nos
1803 685 1850 703 atl-

1067 726 1130 752 tcm,
1147 721 1190 756 qui
1205 729 1256 748 non
1276 721 1364 755 inepto
1378 720 1492 755 quodam
1506 740 1513 753 ,
1529 720 1575 748 sed
1590 721 1707 748 omnium
1727 729 1851 756 supremo

1066 774 1157 794 amore
1170 773 1290 794 tenemur
1302 788 1308 798 ,
1326 775 1377 794 non
1400 767 1484 794 solum
1501 771 1656 801 prmscntem
1673 768 1787 802 quietem
1798 776 1850 796 non

1067 815 1212 849 despicere,
1227 815 1273 842 sed
1289 815 1367 842 etiam
1380 816 1516 842 absentem
1531 815 1682 851 requirere?

1102 862 1127 888 7.
1143 861 1252 888 Cwlestis
1267 862 1383 888 desiderii
1394 862 1431 888 vis
1445 862 1540 897 ingens.
1559 877 1595 883 —»-
1615 862 1708 889 Nullus
1722 862 1849 890 hactenus

1066 906 1201 933 carissime
1211 927 1218 939 ,
1243 907 1276 933 ita
1297 907 1440 933 cmlestium
1455 907 1585 934 desiderio
1599 912 1737 941 correptus
1750 913 1788 934 est
1798 928 1806 940 ,
1822 913 1851 934 ut

1065 951 1161 986 corripi
1178 959 1224 986 par
1237 956 1293 978 erat
1307 961 1313 978 :
1327 951 1442 987 alioquin
1455 959 1513 986 quae
1527 952 1614 986 gravia
1629 952 1751 979 videntur
1761 954 1848 984 esse‘.

1065 997 1185 1023 umbram
1198 997 1342 1031 judieasset
1359 1001 1386 1024 et
1404 997 1552 1024 irrisionem
1569 1005 1701 1032 magnam.
1717 997 1787 1025 Sane
1805 999 1849 1032 qui

1065 1042 1204 1076 pneseutia
1222 1042 1348 1076 suspicit,
1366 1049 1508 1076 numquam
1523 1041 1670 1069 futurorum
1685 1043 1847 1077 contempla-

1066 1088 1136 1114 tione
1147 1087 1311 1122 dignabitur:
1326 1087 1369 1122 qui
1382 1091 1470 1114 autem
1485 1088 1526 1114 illa
1537 1087 1657 1122 despicit,
1669 1092 1696 1115 et
1706 1089 1793 1115 omnia
1808 1089 1849 1116 ni-

1066 1132 1120 1159 hilo
1132 1133 1240 1160 meliora
1251 1140 1320 1165 esse,
1336 1140 1413 1167 quam
1429 1132 1535 1159 umbras
1547 1136 1573 1159 et
1588 1133 1689 1160 somnia
1703 1133 1845 1165 existimat,

1065 1178 1118 1204 cito
1137 1185 1231 1212 magna
1247 1177 1289 1204 illa
1308 1182 1336 1204 et
1360 1177 1506 1212 spiritualia
1528 1182 1694 1212 assequetur.
1724 1178 1758 1204 lis
1777 1177 1848 1205 enim

1065 1223 1160 1257 quibus
1171 1223 1268 1249 bonum
1282 1222 1349 1249 istud
1362 1230 1423 1250 vere
1436 1223 1569 1258 obtigerit,
1585 1227 1684 1250 tantam
1704 1223 1756 1250 vim
1772 1223 1848 1250 exhi—

1065 1269 1145 1300 bebit,
1161 1273 1285 1303 quantam
1298 1269 1365 1303 ignis
1379 1269 1404 1295 in
1419 1268 1502 1303 spinis
1519 1277 1525 1295 :
1539 1269 1588 1296 etsi
1604 1269 1748 1296 innumeris
1764 1269 1850 1296 homi-

1065 1321 1125 1340 nem
1141 1314 1269 1340 invenerit
1284 1313 1454 1348 prml'ocatum
1470 1314 1561 1347 malis,
1578 1314 1666 1340 multis
1679 1319 1847 1348 peccatorum

1066 1358 1191 1385 funiculis
1204 1358 1358 1385 obstrictum
1370 1379 1376 1390 ,
1392 1358 1564 1392 cupiditatum
1580 1358 1684 1385 flamma
1698 1359 1847 1391 incensum,

1066 1412 1160 1439 tnagno
1183 1404 1348 1432 smeularium
1370 1404 1535 1439 negotiortnu
1559 1404 1673 1431 tumultu
1698 1404 1847 1435 obsessum.

1065 1449 1153 1476 omnia
1178 1449 1220 1476 illa
1245 1457 1292 1476 ceu
1317 1449 1431 1484 quodatn
1455 1449 1558 1484 ﬂagello
1581 1450 1669 1477 statim
1692 1449 1801 1484 expulsa
1815 1450 1849 1476 ah

1065 1496 1151 1523 anima
1166 1496 1257 1530 procul
1271 1496 1361 1531 abigit.
1384 1497 1422 1523 Ac
1439 1496 1659 1531 quemadmodum
1673 1501 1763 1523 contra
1778 1496 1847 1523 venti

1066 1542 1171 1571 violenti
1196 1542 1320 1579 impetum
1341 1542 1426 1580 ριιιιις
1447 1543 1555 1579 exiguus
1569 1550 1710 1579 numquam
1725 1542 1847 1569 steterit.

1066 1591 1103 1618 sic
1124 1591 1298 1618 absurdarum
1319 1590 1592 1624 concupiscentiarum
1613 1588 1754 1616 multitudo
1773 1596 1847 1616 com-

1066 1635 1214 1671 punetinnis
1228 1636 1392 1670 ingruentem
1405 1635 1458 1662 vim
1472 1635 1542 1662 ferre
1554 1641 1606 1661 non
1620 1634 1717 1669 poterit
1727 1654 1734 1666 ,
1756 1633 1802 1660 sed
1815 1632 1848 1660 de

1066 1681 1154 1708 medio
1168 1681 1273 1708 tolletur
1287 1688 1318 1707 ac
1333 1680 1497 1715 dispergetur
1514 1679 1591 1707 citius
1615 1687 1696 1714 quam
1723 1676 1808 1713 pulvis
1822 1683 1849 1706 et

1068 1726 1165 1753 fumus.
1180 1725 1255 1759 Quod
1270 1726 1292 1752 si
1312 1733 1452 1759 corporum
1469 1732 1542 1752 amor
1557 1732 1640 1759 usque
1653 1724 1721 1751 adeo
1734 1724 1847 1751 animam

1066 1771 1092 1798 in
1111 1771 1265 1798 servitutem
1278 1770 1382 1805 redigit,
1397 1775 1425 1797 ut
1443 1771 1476 1797 ab
1490 1771 1612 1797 omnibus
1624 1777 1682 1797 eam
1697 1770 1790 1796 avellat
1800 1790 1807 1802 ,
1823 1775 1850 1795 cl

1067 1816 1150 1843 solius
1164 1816 1256 1843 amica:
1271 1815 1402 1850 tyrannidi
1425 1815 1593 1849 obstringat,
1619 1814 1681 1847 quid
1705 1822 1757 1841 non
1772 1813 1849 1841 faciat

1066 1861 1163 1889 Christi
1178 1869 1262 1893 amor,
1274 1865 1301 1888 et
1318 1861 1387 1888 illius
1402 1861 1537 1888 amittendi
1552 1861 1658 1888 melus?
1672 1859 1849 1893 Quemadmo-

1067 1907 1129 1934 dum
1139 1907 1210 1934 enim
1224 1906 1330 1934 difﬁcile
1343 1911 1383 1934 est
1395 1927 1402 1939 ,
1418 1906 1471 1933 imo
1483 1905 1540 1933 ﬁeri
1555 1905 1656 1940 nequit,
1668 1909 1696 1932 ut
1708 1912 1783 1939 aqum
1797 1905 1847 1930 mi-

1067 1956 1172 1980 sceatur
1184 1951 1252 1986 ignis
1267 1960 1274 1978 :
1290 1952 1325 1979 ita
1345 1958 1393 1978 nec
1405 1951 1565 1985 voluptatem
1579 1954 1607 1978 et
1620 1950 1849 1984 compunctioncm

1067 1998 1146 2025 simul
1167 2005 1261 2032 cogere
1282 2005 1440 2032 possumus;
1464 2004 1524 2024 nam
1548 1996 1605 2023 lucc
1626 1996 1757 2023 contraria
1777 2000 1849 2026 sunt,

1068 2050 1151 2078 seque
1167 2047 1258 2070 mutuo
1276 2043 1425 2070 destruunt.
1452 2042 1555 2069 Etenim
1575 2042 1632 2068 haec
1644 2041 1750 2076 quidem
1764 2040 1851 2075 laery-

1068 2081 1171 2116 marum
1185 2093 1212 2115 et
1232 2087 1411 2122 temperantia:
1426 2091 1511 2114 mater
1523 2092 1564 2114 est
1576 2107 1584 2119 ,
1606 2086 1650 2113 illa
1669 2093 1732 2113 vero
1744 2086 1812 2112 risus
1824 2090 1852 2112 et

1068 2135 1177 2162 insanias
1192 2143 1198 2160 :
1214 2133 1271 2161 lucc
1289 2133 1375 2161 levem
1389 2138 1416 2161 et
1426 2133 1476 2160 alis
1489 2134 1643 2160 instructam
1656 2132 1770 2159 animam
1785 2132 1849 2158 red-

1069 2180 1116 2210 dit,
1129 2180 1172 2206 illa
1186 2180 1293 2215 plumbo
1305 2179 1452 2214 graviorem
1466 2179 1613 2206 constituit.
1629 2178 1663 2205 Et
1673 2177 1724 2205 hoc
1735 2185 1787 2204 non
1799 2185 1849 2212 ego

1069 2225 1157 2252 verbis
1171 2224 1237 2251 meis
1249 2244 1257 2257 ,
1283 2224 1329 2252 sed
1345 2224 1401 2258 ejus
1413 2224 1458 2258 qui
1473 2223 1599 2258 praeclara
1615 2223 1764 2258 huiusmodi
1775 2222 1850 2256 cupi-

1069 2269 1151 2296 ditate
1165 2270 1313 2303 tenebatur,
1325 2269 1507 2296 demonstrare
1522 2269 1637 2295 tentabo.
1651 2268 1716 2301 Quis
1733 2267 1777 2295 ille
1788 2267 1850 2294 est?

1071 2315 1129 2349 lpse
1141 2321 1231 2342 amore
1243 2314 1340 2341 Christi
1354 2313 1478 2341 incensus
1490 2313 1587 2343 Paulus
1599 2333 1606 2345 ,
1620 2313 1664 2348 qui
1677 2313 1734 2348 ejus
1747 2312 1852 2339 deside-

1071 2360 1111 2387 rio
1127 2367 1209 2394 usqtte
1232 2359 1299 2386 adeo
1325 2359 1479 2386 vulneratus
1502 2363 1575 2391 erat,
1600 2363 1629 2385 ut
1646 2358 1679 2385 de
1692 2365 1765 2384 mora
1780 2362 1806 2384 et
1820 2357 1853 2384 de

1070 2404 1288 2439 peregrinationis
1300 2404 1378 2439 hujus
1390 2403 1562 2431 diuturnitate
1574 2403 1773 2438 ingemiscerct:
1785 2401 1854 2428 Nam

1070 2451 1112 2484 qui
1130 2458 1233 2483 sumus,
1257 2450 1357 2485 inquit,
1379 2450 1405 2476 in
1420 2450 1580 2476 tabernaculo
1601 2449 1648 2475 hac
1671 2448 1855 2483 ingemiscimus

1072 2495 1110 2530 (2.
1124 2494 1182 2522 Cor.
1197 2494 1262 2528 54)
1278 2493 1466 2522 :desiderabat
1478 2498 1566 2520 tamen
1589 2497 1616 2520 et
1633 2492 1754 2525 volebat,
1769 2491 1857 2518 adhuc

1072 2539 1115 2567 hic
1136 2547 1244 2567 manere
1265 2544 1373 2574 propter
1393 2538 1526 2566 Christum
1542 2547 1548 2565 :
1564 2537 1734 2569 Permanere,
1760 2537 1855 2570 inquit,

1072 2594 1111 2612 me
1120 2586 1146 2612 in
1165 2593 1239 2612 carne
1251 2585 1416 2611 necessarium
1430 2588 1531 2618 propter
1545 2590 1587 2610 vos
1601 2582 1730 2618 (Philipp.
1748 2582 1773 2609 L
1787 2581 1834 2615 24)
1848 2588 1856 2613 ;

1072 2631 1097 2658 id
1111 2635 1168 2663 est,
1185 2635 1213 2657 ut
1234 2630 1298 2657 ﬁdes
1317 2630 1343 2656 in
1359 2629 1493 2657 Christum
1509 2632 1658 2663 augeretur.
1682 2627 1744 2654 Ideo
1761 2625 1859 2653 {niuem

1104 2698 1113 2713 ι
1125 2696 1201 2725 colb.,
1211 2699 1273 2727 post,
1283 2694 1366 2727 gravia
1377 2694 1486 2727 videntur
1496 2700 1555 2723 esse,
1567 2692 1629 2727 legit
1636 2700 1644 2727 :_
1651 2693 1747 2727 umbras
1755 2693 1862 2727 judice:-

1073 2731 1107 2753 set
1118 2731 1139 2752 et
1150 2723 1455 2758 irtilsioqcrh"magnnm._l-;t
1467 2725 1566 2758 hacrum
1581 2723 1656 2749 vi»er
1674 2723 1749 2758 meis,
1755 2723 1799 2758 sed
1810 2723 1861 2753 ejus

1073 2758 1205 2792 qtn'trtagno
1217 2757 1259 2782 illo
1270 2755 1350 2792 furore
1361 2756 1492 2792 tenebatur,
1505 2755 1666 2792 demonstrare
1677 2755 1777 2792 (amabo.
1789 2757 1862 2778 tuter-

1074 2785 1153 2812 media
1160 2785 1221 2812 vero
1228 2785 1315 2816 omnia,
1325 2793 1380 2817 qua:
1387 2787 1506 2817 dimidiam
1514 2785 1630 2817 eolugmnze
1638 2788 1730 2817 partem
1737 2788 1861 2817 occupant.

1078 2825 1166 2850 nempe
1178 2824 1254 2850 usque
1266 2817 1296 2842 ad
1308 2815 1390 2847 verba,
1401 2816 1456 2847 Quis
1467 2816 1508 2842 illa
1517 2819 1551 2841 est
1562 2815 1572 2840 ?
1583 2815 1673 2840 ibidem
1683 2815 1860 2840 desiderantur.
