2064 3115
283 168 334 199 407

282 230 356 261 mihi,
379 227 497 263 ejusdem
523 227 559 254 illi
580 231 681 253 natura:
696 230 833 253 consortes
857 224 952 252 erant?
976 232 1065 251 annon

281 274 373 301 eadem
389 273 430 300 via
452 273 478 300 in
499 272 566 299 hanc
584 272 663 298 vitam
677 270 850 305 prodierant?
863 277 951 297 annon
972 270 1065 297 iisdem

281 319 347 346 cibis
370 318 461 345 nutriti
477 317 604 344 fuerant?
623 323 712 342 annon
734 316 856 342 euunlem
870 316 1066 350 respiraverant

280 363 491 391 uerem?nonne
511 362 604 389 iisdem
625 361 703 388 rebus
718 361 878 388 utebantur?
902 369 990 388 nonne
1004 362 1064 396 qui-

279 409 339 436 dam
352 409 467 443 ipsorum
483 415 580 435 uxores
591 407 720 434 duxerant
734 412 760 434 et
775 407 873 434 liberos
893 411 1065 442 susceperant

278 454 323 480 alii
339 461 402 480 vero
418 458 491 480 artes
505 453 645 480 sazculares
658 453 827 485 exercebant,
855 452 898 479 alii
916 452 1022 480 demum
1038 453 1064 480 in

280 499 364 533 ipsum
373 499 497 533 nequitia:
506 499 658 526 barathrum
667 498 768 533 delapsi
781 498 904 526 fuerant?
914 503 947 526 At
959 507 1061 534 magna,

278 545 392 579 inquies,
407 543 562 571 fruebantur
574 544 619 572 Dei
631 545 724 579 gratia.
736 544 790 572 Sed
802 545 824 571 si
837 544 943 580 quidem
954 545 1064 579 jubere-

278 598 339 617 rnur
361 594 480 617 mortuos
512 591 652 624 suscitare,
679 598 809 618 caecorum
832 591 924 618 oculos
947 591 1062 625 aper-ire,

279 635 398 670 leprosos
412 636 550 669 mundare,
562 636 670 663 claudos
680 637 790 672 erigere,
808 636 942 664 daemones
955 637 1060 672 ejicere.

277 681 398 716 aliosque
409 681 509 708 similes
519 681 626 708 morbos
633 688 736 712 sanare,
751 686 899 716 opportune
908 687 997 716 posset
1007 682 1063 709 hate

277 728 413 752 excusatio
426 725 539 760 proferri
556 735 562 752 :
582 726 622 752 sin
636 727 758 752 accurata
774 727 833 753 vita:
847 727 914 753 ratio
929 735 1062 762 propona-

279 777 321 798 tur
338 777 364 799 et
377 772 556 806 obsequentia:
578 772 716 803 eshibitio,
729 780 787 807 qua:
802 773 973 799 consonantia
994 773 1063 800 inter

278 817 327 843 hoc
342 821 368 844 ct
383 817 446 843 illud
455 817 466 837 ’ν

313 862 345 889 In
360 863 481 897 baptismo
496 863 603 898 gratiam
619 868 641 890 et
653 863 776 898 Spiritum
789 869 902 890 savctum
917 864 1060 898 recipimus.

277 924 311 928 —
320 909 423 936 Etenim
437 913 464 935 tu
477 910 556 936 etiarn
574 909 598 935 in
614 908 742 942 baptismo
752 909 838 936 divina
854 909 952 943 politus
965 917 992 936 es
1002 917 1062 944 gra-

277 954 312 980 tia
323 974 330 986 ,
345 961 375 981 ac
388 954 495 988 spiritus
507 954 637 988 particeps
649 952 740 986 fuisti,
755 954 859 981 etiamsi
875 962 927 981 non
941 959 969 981 ut
983 955 1058 989 signa

276 1001 368 1029 cderes
381 1022 387 1033 ,
402 1001 449 1028 sed
461 1007 588 1036 quantum
598 1001 661 1028 satis
675 1006 732 1028 erat
744 1001 777 1028 ad
790 1006 890 1028 rectum
913 1006 941 1027 et
953 1007 1062 1028 accura-

277 1053 331 1074 tum
345 1047 405 1074 vit:e
420 1047 568 1074 institutum
581 1055 587 1074 :
600 1047 635 1074 ita
651 1052 678 1074 ut
691 1046 822 1080 pernicies
836 1054 869 1073 es
884 1046 939 1073 sola
949 1045 1061 1080 segnitie

277 1098 366 1121 nostra
380 1093 514 1128 procedat.
531 1093 600 1121 Sane
613 1093 735 1120 Christus
751 1094 777 1120 in
788 1093 829 1120 die
846 1093 889 1120 illa
911 1101 965 1120 non
986 1093 1060 1128 signa

276 1140 415 1168 edentibus
429 1140 585 1174 simpliciter
606 1148 715 1167 munera
730 1139 794 1172 dat,
815 1139 861 1167 sed
882 1140 914 1167 iis
927 1139 970 1174 qui
987 1147 1060 1166 man-

276 1186 336 1212 data
350 1194 396 1212 sua
410 1191 472 1212 sunt
485 1186 639 1220 essequuti:
656 1193 715 1212 nam
728 1206 736 1218 ,
756 1185 842 1213 Venite
853 1206 859 1217 ,
877 1185 970 1219 inquit,
986 1186 1060 1212 bene-

278 1231 339 1258 dicti
355 1231 439 1258 Patris
450 1232 498 1258 mei
509 1252 516 1263 ,
539 1231 661 1266 possidete
674 1236 844 1266 pra'paratum
857 1231 922 1258 vobis
932 1239 1036 1266 regnum
1045 1239 1061 1256 a

278 1277 453 1303 constitutione
465 1277 551 1302 mundi
563 1297 570 1308 ,
586 1284 639 1303 non
653 1277 713 1310 quia
727 1276 853 1303 miracula
869 1276 999 1307 edidistis,
1014 1275 1061 1302 sed

277 1324 336 1357 quia
349 1323 438 1350 esurivi
452 1344 460 1355 ,
473 1328 496 1349 et
507 1323 610 1350 dedistis
624 1323 687 1349 mihi
699 1323 851 1348 manducare
862 1330 871 1354 ;
884 1322 950 1348 sitivi
961 1342 968 1354 ,
983 1326 1006 1348 et
1018 1323 1061 1353 de:

276 1369 348 1396 distis
362 1369 424 1395 mihi
438 1368 518 1396 bibere
529 1376 539 1400 ;
553 1369 642 1403 hospes
662 1376 740 1401 eram,
753 1373 775 1395 et
787 1368 921 1402 collegistis
935 1375 973 1394 me
987 1375 995 1398 ς
1011 1375 1059 1394 nu-

277 1414 336 1446 dus,
351 1419 374 1440 et
385 1414 518 1448 operuistis
530 1421 568 1439 me
578 1422 588 1446 ;
598 1413 713 1446 inﬁrmus
727 1413 766 1447 [ui
777 1433 784 1445 ,
800 1418 823 1439 et
833 1413 951 1439 visitastis
963 1421 1002 1438 me
1013 1420 1022 1443 ;
1035 1413 1060 1438 in

275 1469 374 1488 carcere
384 1468 462 1492 erant,
471 1464 494 1487 et
506 1460 606 1487 uenistis
619 1460 653 1486 ad
664 1467 702 1486 me
727 1459 736 1493 (
752 1458 843 1485 Matth.
854 1459 899 1486 ‘25.
912 1459 945 1485 54
956 1459 975 1493 ).
987 1459 1021 1485 Et
1035 1459 1059 1485 in

277 1505 483 1534 heatitudiuibus
502 1512 631 1539 nusquam
655 1505 729 1539 signa
742 1508 883 1539 operantes
897 1505 970 1538 ponit
984 1523 992 1536 ,
1013 1504 1059 1531 sed

277 1552 321 1586 qui
335 1551 415 1578 vitam
428 1550 510 1586 probe
520 1551 629 1578 ducunt.

312 1597 339 1624 9.
354 1597 513 1631 ltaquelicct
524 1597 568 1624 illa
579 1596 662 1632 gratia
678 1604 748 1624 nunc
763 1601 898 1624 contracta
910 1597 944 1623 sit
960 1617 967 1629 ,
985 1596 1009 1623 id
1025 1596 1060 1622 ni-

278 1644 314 1670 hil
324 1644 400 1670 nohis
408 1643 525 1670 nocebit:
539 1650 624 1677 neque
637 1643 697 1669 itide
708 1649 756 1669 nos
768 1650 894 1669 excusare
903 1641 1058 1676 poterimus,

276 1689 380 1724 quando
394 1688 539 1716 facinorum
554 1693 703 1716 nostrorum
718 1688 847 1714 rationem
869 1687 999 1714 dabimus.
1024 1687 1060 1714 Si-

277 1734 383 1769 quidem
399 1734 489 1761 bcatos
500 1733 559 1760 illos
573 1741 624 1760 non
643 1733 678 1761 ob
698 1733 772 1768 signa
788 1733 930 1759 miramur:
947 1740 1007 1759 nam
1017 1733 1059 1758 illa

276 1779 311 1807 ad
324 1779 440 1806 divinam
459 1786 566 1813 prorsus
585 1779 729 1813 potentiam
748 1779 755 1794 ¹
772 1779 914 1813 pertinent,
934 1777 979 1816 sed
989 1778 1059 1812 quod

277 1825 357 1852 vitam
363 1825 507 1859 angelicam
519 1824 686 1851 exhibuerint
697 1832 704 1849 :
715 1823 765 1850 hoc
777 1827 865 1850 autem
876 1830 935 1850 cum
944 1829 1060 1857 superno

278 1875 352 1904 nutu,
368 1871 447 1898 etiam
468 1870 571 1897 illorum
586 1869 712 1904 propositi
727 1876 793 1903 opus
811 1873 861 1896 est.
889 1868 922 1895 Et
935 1868 986 1895 hoc
1006 1875 1058 1895 non

277 1925 326 1951 ego
338 1917 409 1949 dion,
422 1916 468 1943 sed
489 1917 511 1943 is
525 1907 581 1950 ipse
594 1915 692 1943 Christi
716 1915 840 1942 imitator.
865 1914 978 1948 Quando
989 1915 1059 1942 enim

278 1962 413 1997 discipulis
426 1962 546 1989 scribens
560 1966 652 1988 contra
667 1961 900 1996 pseudoapostolos
915 1960 1060 1988 contende-

276 2008 319 2034 bat
334 2027 342 2039 ,
358 2011 385 2034 ut
399 2007 541 2034 discrimen
557 2007 625 2033 inter
636 2006 773 2041 probatum
796 2009 823 2032 et
846 2005 993 2039 improbum
1009 2005 1059 2032 mi-

278 2053 416 2079 uistcriurn
430 2052 587 2084 declararet,
605 2059 656 2078 non
669 2059 682 2076 a
695 2051 776 2085 signis
788 2071 794 2083 ,
816 2050 862 2077 scd
882 2050 916 2077 ab
934 2050 1060 2084 operibus

277 2098 302 2125 id
316 2098 427 2125 faciebat
441 2099 482 2125 his
495 2097 582 2125 verbis
597 2106 604 2124 :
621 2096 732 2123 Ministri
745 2096 838 2123 Christi
853 2101 908 2122 sunt
919 2097 966 2123 ?'ut
978 2097 1060 2124 minus

277 2145 376 2178 sapiens
386 2144 451 2175 dico,
468 2144 525 2179 plus
536 2150 580 2178 ego
595 2150 603 2169 :
616 2142 642 2168 in
657 2142 783 2168 laboribus
794 2141 919 2176 plurimis,
935 2142 960 2169 in
972 2150 1058 2169 carce-

277 2189 343 2216 ribus
355 2189 532 2220 abundantius,
548 2188 574 2214 t'n
590 2188 671 2222 plagis
683 2195 760 2222 supra
773 2187 886 2220 modum,
901 2188 926 2214 in
941 2188 1060 2215 mortibus

277 2237 417 2269 frequenter
431 2242 440 2260 :
450 2243 465 2260 a
477 2233 574 2260 Iudaeis
585 2233 715 2268 quinquies
729 2233 903 2267 quadragenas
917 2242 966 2260 una
977 2234 1059 2260 minus

275 2280 369 2314 accepi,
385 2284 421 2306 ter
434 2279 510 2313 uirgis
521 2287 600 2305 ccesus
612 2287 668 2304 sum
680 2299 687 2311 ,
700 2279 774 2306 semel
790 2279 917 2313 lapidatus
929 2289 984 2306 sunt
1001 2301 1008 2312 ,
1024 2286 1060 2306 tcr

277 2325 438 2359 naufragium
452 2323 498 2358 feci
511 2343 518 2355 ,
533 2329 604 2350 nocte
616 2328 638 2349 et
649 2323 689 2350 die
699 2323 723 2350 in
736 2325 861 2359 profundo
876 2326 952 2351 muris
963 2325 1000 2360 [ni
1011 2333 1020 2351 :
1032 2326 1058 2352 in

276 2370 404 2395 itineribus
417 2370 559 2403 frequenter
570 2389 578 2401 ,
590 2368 706 2402 periculis
723 2369 856 2403 ﬂuminum
868 2390 877 2403 ,
894 2370 1009 2403 periculis
1021 2371 1057 2396 la-

278 2419 387 2444 tronum,
400 2413 517 2447 periculis
530 2421 560 2440 ea:
571 2421 668 2448 genere.
680 2414 797 2448 periculis
807 2422 838 2442 ex
847 2414 961 2450 gentibus
976 2436 983 2445 ,
998 2416 1060 2449 peri-

273 2459 338 2486 culis
351 2459 378 2484 iu
398 2459 496 2484 ciritatc
509 2479 516 2490 ,
538 2459 652 2493 pcricnlis
671 2460 697 2486 in
719 2461 872 2493 solitudine,
898 2461 1014 2494 periculis
1034 2462 1060 2488 in

278 2504 351 2535 mari,
364 2503 480 2537 periculis
490 2504 515 2530 in
529 2504 600 2538 falsis
613 2505 752 2539 fratribus:
766 2506 791 2532 in
804 2505 888 2532 labore
898 2511 922 2532 et
936 2514 1058 2539 (erumna,

279 2549 305 2574 in
320 2548 410 2583 vigiliis
431 2549 588 2582 frequenter,
603 2549 629 2575 in
641 2551 709 2584 fame
727 2555 750 2577 et
764 2550 806 2576 siti
820 2570 827 2581 ,
845 2551 870 2576 in
888 2551 995 2585 jejuniis
1009 2551 1059 2584 fre-

275 2598 392 2627 quenter,
409 2593 435 2620 in
456 2594 549 2628 frigore
559 2598 583 2620 et
594 2594 716 2621 nuditate.
730 2594 828 2621 Prcter
840 2595 884 2621 illa
899 2603 954 2628 qua:
964 2596 1058 2622 extrin-

277 2646 347 2664 secus
356 2643 422 2669 sunt,
431 2639 551 2665 instantia
562 2647 616 2666 mea
625 2639 782 2674 quotidiana,
793 2641 934 2667 sollicitudo
947 2642 1058 2668 omnium

282 2683 462 2711 Ecclesiarum.
478 2684 540 2718 Qui;
560 2685 723 2718 inﬁrmatur,
739 2690 762 2712 ct
784 2693 828 2720 ego
850 2694 899 2712 non
919 2687 1033 2720 inﬁrmor
1047 2688 1058 2713 ἵ)

275 2731 330 2762 quis
340 2731 535 2764 scandalizatur,
547 2735 621 2765 etego
634 2739 682 2757 non
696 2740 755 2757 uror
767 2731 804 2766 ('2.
816 2732 874 2759 Cor.
889 2733 930 2759 Η.
942 2733 1038 2768 2329)
1047 2734 1058 2758 ‘l

280 2774 339 2802 Ideo
352 2782 401 2810 ego
415 2776 552 2810 apostolos
565 2776 692 2809 admiror,
707 2780 797 2810 utpote
813 2778 855 2811 qui
870 2777 926 2805 sine
933 2779 1057 2813 operibus

305 2863 313 2879 ¹
326 2864 431 2895 Quidam,
439 2864 550 2898 gratiam.

633 170 662 197 S.
681 169 819 197 JUANNIS
837 167 1071 196 CHRYSOSTOMI
1090 168 1245 197 ARCHIEP.
1265 171 1526 204 CONSTANTINOP.

1851 184 1901 212 408

1121 233 1168 259 per
1176 226 1400 262 dispensationem
1406 233 1546 266 quamdam
1561 233 1634 269 signa
1647 235 1774 265 exhibere
1782 232 1902 268 concessi

1118 276 1191 318 sunt,
1205 280 1256 299 non
1271 274 1349 301 modo
1364 282 1415 302 non
1428 276 1596 306 admirabiles
1612 299 1619 311 ,
1633 280 1680 307 sed
1696 281 1776 309 etiam
1793 285 1900 318 reprobi

1119 315 1216 343 fuerint
1229 338 1237 350 ,
1253 323 1280 345 ut
1292 319 1409 347 declarat
1421 321 1541 350 Christus
1553 323 1594 351 his
1605 325 1692 353 verbis
1707 335 1714 353 :
1728 327 1805 355 Multi
1817 315 1900 357 dicent

1118 362 1180 388 mihi
1197 363 1222 389 in
1237 363 1279 390 die
1294 365 1340 391 illa
1351 385 1359 398 ,
1371 365 1479 394 Domine
1494 388 1501 399 ,
1526 368 1634 396 Domine
1647 391 1654 402 ,
1669 379 1752 399 nonne
1765 373 1790 400 in
1804 375 1902 402 nomine
1932 383 1936 385 ’

1117 414 1159 435 tuo
1170 409 1380 444 prop/letavimus,
1391 417 1414 439 et
1430 413 1456 440 in
1469 414 1569 441 nomine
1581 419 1622 442 tuo
1636 416 1759 444 dtemonia
1772 419 1899 454 ejccimus,

1117 459 1141 480 et
1154 456 1180 481 in
1195 457 1294 483 nomine
1315 462 1357 484 tuo
1382 459 1484 486 virtutes
1504 461 1595 488 multas
1619 463 1750 497 fecimus?
1774 464 1807 491 Et
1819 466 1900 493 dicam

1117 500 1167 526 illis
1179 509 1187 527 :
1199 501 1314 528 Rccedite
1327 511 1342 529 a
1353 511 1392 530 me
1405 511 1490 531 omnes
1510 506 1554 539 qui
1566 507 1706 540 operamini
1720 509 1877 543 iniquitatem
1891 520 1900 542 ;

1117 553 1252 580 numquam
1267 548 1323 574 novi
1337 555 1379 575 vos
1393 548 1497 584 (Matth.
1507 551 1534 576 7.
1544 551 1589 577 ea.
1602 551 1658 587 ‘25).
1676 553 1775 582 Idcirco
1787 555 1901 590 discipu-

1117 591 1156 617 los
1170 591 1208 618 sic
1228 593 1350 620 monebat
1364 602 1370 619 :
1398 593 1486 621 Nolite
1498 595 1609 630 gaudere
1622 598 1681 631 quia
1695 598 1819 626 dtemonia
1833 601 1901 628 vobis

1116 636 1292 670 subjiciuntur,
1305 638 1349 664 sed
1363 639 1422 672 quia
1436 640 1537 666 nomina
1545 646 1625 667 vestra
1636 642 1729 676 scripta
1739 649 1796 670 sunt
1809 645 1834 671 in
1848 653 1898 672 cc-

1115 681 1146 708 lis
1157 681 1232 717 (Luc.
1249 682 1293 711 10,
1309 683 1365 718 20).
1375 683 1433 711 Vita
1442 685 1512 712 enim
1525 686 1607 719 proba
1616 687 1695 714 etiam
1710 688 1898 722 illisdestituta,

1115 734 1228 754 coronas
1242 728 1352 762 accipiet
1364 749 1372 761 ,
1397 737 1444 757 nec
1458 730 1591 765 quidpiam
1607 732 1694 760 minus
1708 733 1814 761 habebit
1827 735 1896 768 quod

1115 773 1166 799 illis
1179 778 1268 800 careat
1281 784 1286 800 :
1308 775 1360 801 vita
1375 780 1463 802 autem
1473 776 1560 811 iniqua
1573 785 1606 805 ne
1618 785 1679 805 cum
1693 779 1775 813 signis
1789 780 1896 814 quidem

1114 819 1271 853 supplicium
1286 819 1402 855 eﬂ‘ugere
1419 822 1526 856 poterit.
1542 821 1632 857 Itaque
1644 830 1838 858 supervacanea
1859 830 1900 852 est

1115 865 1157 891 illa
1173 865 1294 900 loquendi
1313 867 1401 898 ratio;
1427 875 1476 895 nec
1498 874 1597 897 tantum
1611 877 1806 904 supervacanea
1819 891 1828 904 .
1852 871 1899 898 sed

1113 910 1193 937 etiam
1207 912 1365 945 periculosa,
1380 920 1438 947 qua:
1447 915 1537 942 multis
1549 914 1735 943 hmreticorum
1748 924 1826 944 ansas
1833 925 1899 952 pra:-

1114 955 1179 982 bere
1207 957 1298 990 possit.
1319 957 1384 984 Nam
1409 958 1431 984 si
1455 958 1493 985 illi
1515 967 1567 986 non
1593 967 1624 987 ex
1642 961 1777 995 proposito
1798 969 1846 989 suo
1861 962 1900 989 sic

1114 1002 1248 1030 mirabiles
1261 1004 1417 1036 evasissent,
1434 1004 1480 1031 sed
1492 1012 1539 1039 per
1551 1005 1649 1032 Christi
1660 1007 1771 1040 gratiam
1783 1011 1895 1039 tantum,

1114 1047 1177 1082 quid
1190 1047 1316 1082 impediat
1329 1050 1470 1083 quominus
1484 1058 1577 1077 omnes
1591 1051 1656 1078 tales
1669 1051 1816 1079 efficiantur
1829 1054 1841 1078 Υ

1150 1092 1238 1120 Gratia
1257 1102 1357 1130 operam
1380 1100 1491 1121 nostram
1504 1096 1613 1130 requirit.
1627 1111 1661 1116 —-
1673 1096 1761 1124 Gratia
1779 1105 1893 1132 namque

1114 1139 1163 1166 nisi
1185 1147 1293 1174 operam
1308 1144 1426 1167 nostram
1445 1141 1517 1175 prius
1538 1141 1705 1176 requireret,
1718 1142 1856 1169 confertim
1872 1143 1897 1170 iu

1113 1185 1230 1212 omnium
1250 1185 1352 1212 animas
1364 1185 1446 1213 eﬂ‘usa
1468 1191 1556 1214 esset:
1572 1195 1657 1221 neque
1677 1187 1748 1214 enim
1772 1195 1899 1222 persona~

1113 1237 1171 1256 rum
1194 1234 1318 1265 acceptor
1337 1235 1378 1258 est
1403 1231 1481 1258 Deus.
1506 1231 1557 1259 Sed
1577 1233 1638 1266 quia
1652 1239 1758 1267 cperant
1782 1238 1898 1259 nostram

1113 1276 1222 1311 requirit
1235 1297 1242 1308 ,
1258 1276 1317 1304 ideo
1329 1277 1395 1304 alios
1408 1277 1514 1312 quidem
1527 1277 1646 1312 sequitur
1657 1283 1683 1305 et
1695 1286 1753 1305 cum
1770 1278 1822 1305 illis
1837 1286 1898 1312 pcr-

1114 1326 1203 1349 manet
1216 1342 1222 1354 ,
1238 1323 1272 1350 ab
1284 1322 1343 1350 aliis
1356 1323 1461 1355 evolat,
1481 1323 1596 1358 reliquos
1609 1328 1696 1350 autem
1712 1332 1744 1351 ne
1769 1332 1784 1350 ιι
1800 1325 1897 1358 princi-

1113 1367 1157 1401 pio
1180 1367 1286 1402 quidem
1310 1368 1424 1402 attingit.
1448 1368 1523 1402 Quod
1548 1376 1612 1395 vero
1635 1369 1796 1404 propositum
1825 1370 1899 1404 prius

1112 1416 1260 1444 scrutatus,
1274 1413 1312 1440 sic
1322 1414 1433 1447 gratiam
1447 1413 1548 1440 dederit
1569 1414 1638 1440 Deus
1649 1434 1656 1445 ,
1673 1418 1815 1448 antequam
1833 1414 1895 1441 hea-

1113 1461 1155 1484 tus
1170 1457 1214 1484 ille
1227 1457 1362 1492 quidpiam
1376 1457 1495 1485 mirabile
1515 1458 1678 1485 exhibuisset
1689 1479 1696 1490 ,
1711 1459 1772 1485 audi
1787 1459 1849 1493 quid
1864 1459 1899 1486 de

1112 1503 1158 1531 illo
1169 1504 1238 1531 dicat
1253 1512 1261 1531 :
1290 1504 1338 1530 Vas
1359 1504 1484 1531 electionis
1500 1510 1536 1531 est
1559 1505 1620 1530 mihi
1633 1525 1640 1536 ,
1656 1510 1683 1530 ut
1704 1509 1782 1539 portet
1808 1513 1897 1530 nomen

1112 1558 1194 1576 nteant
1209 1558 1293 1576 coram
1304 1550 1418 1585 gentibus
1433 1555 1457 1576 ct
1469 1550 1566 1584 regibus
1584 1554 1606 1576 et
1624 1550 1691 1576 omni
1712 1558 1801 1585 genere
1813 1548 1897 1576 Israel

1112 1595 1180 1630 (Act.
1192 1596 1219 1623 9.
1232 1595 1287 1630 15).
1302 1595 1363 1622 Hzec
1375 1596 1457 1630 gratia
1472 1595 1588 1622 nondum
1599 1600 1728 1629 praesente
1741 1595 1894 1622 testiﬁcatus

1112 1647 1153 1668 est
1167 1642 1204 1674 is,
1217 1641 1261 1676 qui
1272 1641 1352 1668 corda
1366 1645 1456 1667 nostra
1467 1645 1608 1667 scrutatur.
1623 1640 1661 1667 Ne
1677 1641 1764 1674 itaque
1777 1644 1895 1667 nosmet-

1113 1688 1185 1722 ipsos
1198 1687 1371 1722 deeipiamus,
1388 1687 1494 1718 dilecti,
1509 1687 1628 1713 dicentes
1644 1694 1696 1713 non
1711 1694 1788 1721 posse
1803 1694 1896 1720 quem-

1113 1733 1181 1767 piam
1191 1732 1264 1759 Pauli
1276 1732 1388 1759 similem
1403 1738 1471 1759 esse.
1482 1731 1587 1759 Etenim
1601 1737 1726 1766 quantum
1739 1732 1771 1767 ad
1784 1732 1894 1766 gratiam

1111 1779 1217 1813 quidem
1236 1783 1263 1806 et
1285 1779 1357 1813 signa
1383 1786 1434 1805 non
1457 1778 1524 1805 alter
1543 1778 1640 1805 Paulus
1662 1782 1752 1812 postea
1773 1778 1832 1809 erit,
1849 1778 1895 1804 sed

1112 1829 1238 1860 rp.antum
1256 1824 1288 1851 ad
1308 1825 1368 1851 vita:
1382 1818 1546 1858 diligentiam
1560 1845 1566 1856 ,
1583 1824 1702 1858 quisquis
1716 1824 1827 1850 voluerit
1845 1823 1895 1849 hn-

1109 1870 1223 1905 jusmodi
1244 1877 1305 1897 esse
1328 1870 1424 1904 poterit
1440 1878 1446 1896 :
1461 1869 1530 1904 quod
1554 1870 1576 1896 si
1599 1869 1665 1897 tales
1675 1877 1803 1904 nusquam
1825 1869 1895 1896 exsi-

1112 1920 1201 1948 stant,
1215 1924 1247 1942 es
1262 1923 1295 1942 eo
1307 1915 1377 1950 quod
1391 1915 1476 1942 nolint
1489 1919 1591 1942 tantum
1602 1914 1740 1946 contingit.
1753 1915 1787 1940 At
1805 1914 1896 1941 nescio

1112 1961 1244 1996 quomodo
1258 1961 1283 1987 in
1298 1960 1365 1987 hanc
1374 1961 1563 1987 absurditatem
1576 1960 1700 1994 delapsus
1711 1960 1806 1992 sim,ut
1822 1959 1896 1987 Pauli

1112 2008 1212 2034 similes
1235 2014 1304 2033 nunc
1326 2007 1468 2041 requiram,
1483 2013 1541 2032 cum
1565 2013 1614 2032 nec
1634 2006 1713 2032 tertio
1734 2013 1783 2032 nec
1804 2010 1896 2039 quarto

1113 2058 1173 2086 post
1186 2053 1257 2079 illum
1272 2051 1354 2086 gradu
1377 2051 1478 2086 positos
1494 2050 1583 2078 videre
1596 2058 1702 2085 queam,
1721 2050 1781 2077 Ideo
1801 2058 1897 2084 nempe

1113 2098 1472 2134 lugendum,laincntandum
1485 2102 1510 2125 et
1531 2096 1705 2132 plangendum
1727 2101 1767 2124 est
1780 2104 1832 2124 non
1846 2104 1895 2122 una

1113 2145 1153 2171 vel
1167 2145 1249 2172 altera
1261 2145 1304 2171 die
1317 2165 1324 2177 ,
1339 2144 1386 2171 sed
1400 2151 1446 2178 per
1459 2148 1540 2170 totam
1553 2143 1633 2170 vitam
1647 2152 1653 2169 :
1666 2151 1724 2169 nam
1736 2143 1757 2169 si
1772 2142 1831 2176 quis
1847 2142 1896 2168 hoc

1112 2198 1142 2216 se
1163 2190 1241 2216 modo
1263 2190 1387 2216 affectant
1409 2189 1575 2223 praestiterit,
1599 2196 1651 2215 non
1677 2188 1752 2215 facile
1771 2187 1896 2221 deinceps

1113 2235 1241 2269 peccabit.
1254 2234 1328 2268 Quod
1355 2236 1377 2261 si
1404 2234 1445 2261 his
1470 2241 1522 2261 non
1538 2234 1631 2260 credas
1658 2233 1753 2264 dictis,
1778 2233 1896 2267 lugentes

1113 2280 1251 2307 considera
1270 2287 1327 2312 eos,
1342 2280 1386 2314 qui
1399 2279 1470 2306 luctu
1485 2279 1604 2306 saeculari
1619 2279 1787 2311 cruciantur;
1799 2286 1851 2304 non
1864 2287 1896 2305 ex

1113 2326 1290 2353 multitudinis
1303 2333 1413 2353 nurnero
1424 2346 1432 2358 ,
1456 2333 1540 2360 nequc
1553 2333 1644 2353 eorum
1657 2346 1664 2356 ,
1679 2326 1721 2360 qui
1737 2325 1895 2351 laboriosam

1113 2372 1192 2398 vitam
1210 2371 1321 2403 ducunt,
1336 2370 1382 2398 sed
1404 2378 1436 2397 ex
1456 2377 1566 2397 numero
1587 2369 1758 2397 delicatorum
1771 2369 1895 2401 illorum,

1113 2416 1157 2450 qui
1170 2415 1234 2443 nihil
1249 2416 1320 2442 aliud
1342 2419 1457 2448 norunt,
1475 2422 1554 2449 quam
1577 2414 1694 2441 delicias.
1717 2414 1747 2440 lli
1761 2414 1830 2440 enim
1845 2434 1852 2444 ,
1871 2413 1895 2439 hl

1113 2461 1156 2495 qui
1172 2460 1292 2488 ebrietati
1305 2464 1332 2487 ct
1345 2460 1430 2486 ventri
1445 2459 1562 2492 strident,
1578 2459 1623 2493 qui
1637 2458 1745 2492 prandia
1765 2465 1848 2491 usque
1863 2457 1896 2484 ad

1113 2513 1253 2539 vesperum
1276 2505 1442 2540 producunt,
1459 2509 1486 2532 et
1509 2512 1599 2532 coenas
1620 2504 1652 2530 ad
1673 2504 1786 2531 mediam
1813 2511 1897 2537 usque

1114 2554 1218 2577 noctem
1233 2570 1240 2581 ,
1256 2550 1300 2584 qui
1316 2550 1401 2576 aliena
1414 2551 1537 2584 rapiunt,
1554 2550 1596 2584 qui
1609 2557 1694 2583 neque
1706 2549 1813 2584 pauperi
1823 2569 1830 2580 ,
1847 2557 1896 2575 nc-

1113 2602 1165 2629 que
1176 2595 1270 2626 vidum,
1287 2602 1371 2629 neque
1386 2595 1456 2628 inopi
1473 2598 1600 2629 parcunt,
1614 2594 1659 2628 qui
1679 2601 1798 2628 magnam
1822 2593 1897 2620 exhi-

1114 2639 1178 2666 bent
1186 2640 1379 2672 crudelitatem,
1388 2640 1410 2666 si
1423 2639 1528 2673 quando
1541 2639 1612 2665 luctu
1625 2638 1696 2672 gravi
1709 2639 1896 2673 corripiantur,

1114 2684 1158 2718 qui
1174 2684 1256 2718 possit
1279 2685 1392 2710 animam
1415 2683 1534 2710 funditus
1557 2690 1665 2710 movere
1683 2686 1710 2709 ct
1728 2682 1895 2717 perturbare,

1115 2734 1176 2756 tunc
1191 2730 1279 2756 missis
1292 2730 1343 2756 illis
1358 2729 1521 2764 voluptuosis
1534 2729 1663 2763 iniquisve
1676 2728 1877 2763 cogitationibus
1887 2746 1896 2760 ,

1115 2775 1140 2800 in
1157 2774 1374 2809 philosophorum
1390 2775 1468 2801 vitam
1481 2782 1510 2801 se
1527 2775 1698 2807 transferunt,
1715 2774 1896 2805 severitatem,

1115 2819 1232 2853 vigilias,
1249 2820 1319 2846 humi
1345 2819 1511 2847 cubationem
1524 2840 1531 2851 ,
1547 2820 1732 2851 tolerantiam,
1745 2819 1872 2853 jejunium
1886 2839 1895 2852 ,

1116 2864 1258 2899 silentium,
1275 2863 1441 2898 modestiam,
1453 2865 1636 2897 humilitatem,
1653 2862 1894 2898 humanitatemque
