2064 3115
211 170 263 199 409

211 227 350 263 plurimam
357 230 483 254 exercent
494 234 500 253 :
511 233 541 253 ac
554 225 615 253 licet
628 226 713 252 aliena
722 232 816 260 rapere
823 224 935 256 soleant,
945 231 992 250 sua

211 278 273 299 tunc
290 271 391 305 placide
404 271 550 306 largiuntur
564 280 570 298 :
586 271 690 299 etiamsi
700 271 759 305 quis
773 277 865 297 eorum
879 269 956 296 bonis
968 273 995 296 et

211 317 300 344 domui
322 317 368 343 toti
384 317 470 351 ignem
484 317 615 351 subjicere
628 316 701 348 velit,
718 323 770 343 non
782 319 992 343 commoventur.

208 361 304 388 Multos
327 369 376 396 ego
401 362 462 388 novi
489 366 548 396 post
575 362 771 389 carissimorum
803 361 992 394 amissionem,

208 410 300 437 relicta
321 411 388 438 urbe
408 410 518 445 ejusque
543 410 699 442 commodis,
713 410 738 436 in
762 416 825 444 agro
849 409 926 436 sedes
946 415 994 443 po-

209 459 294 486 suisse
304 479 310 490 ,
328 458 446 493 aliosque
461 464 542 492 prope
554 456 739 483 defunctorum
760 455 899 490 sepulchra
921 459 991 482 stru-

209 505 259 532 ctis
270 504 385 536 :edibus,
399 504 434 531 ibi
455 504 536 531 vitam
556 503 695 530 clausisse.
711 502 807 529 Verum
819 501 852 528 de
866 501 906 528 his
916 501 991 528 alias.

208 550 292 578 Porro
313 550 398 577 donec
420 550 507 577 luctus
528 548 758 584 perseveraverit,
775 547 844 574 nulla
869 547 933 581 ipsis
951 551 993 574 est

207 595 378 631 prmsentium
402 595 411 611 ¹
426 595 514 628 ratio;
540 602 632 621 verum
659 594 777 620 insanam
804 593 875 620 illam
895 593 992 619 solliei-

208 641 326 668 tndinem
338 661 345 673 ,
359 646 437 675 quam
453 639 486 666 de
498 638 633 666 servandis
648 643 675 666 et
689 637 841 673 colligendis
860 637 989 673 pecuniis,

207 685 241 713 de
250 685 408 720 acquirenda
420 685 538 719 potentia
552 689 578 711 et
590 684 673 719 gloria
695 684 764 718 apud
783 683 989 717 multitudinem,

207 738 255 758 ceu
266 730 396 766 quoddam
421 731 520 758 frenum
535 735 580 758 aut
595 731 656 757 fumi
680 730 771 757 florem
795 730 917 757 mceroris
932 730 990 764 igne

207 777 394 803 comburentes
406 797 414 809 ,
430 777 463 803 ab
476 776 565 803 animo
586 783 634 802 suo
656 773 812 810 repudium;
828 776 853 802 in
876 780 990 802 tantam-

206 829 257 857 que
271 827 335 850 tunc
349 822 543 857 philosophiam
569 829 644 849 mens
656 829 746 849 eorum
761 829 790 849 se
804 820 945 852 transfert,
961 823 990 847 ut

206 869 239 896 de
253 870 312 896 vitm
335 869 513 904 voluptatibus
530 875 563 895 ne
577 869 656 895 verba
674 868 780 902 quidem
800 867 885 893 facere
897 874 989 902 quem-

206 915 275 948 piam
301 914 451 948 patiantur;
471 913 518 940 sed
539 913 627 940 omnia
640 934 647 945 ,
663 921 721 947 qua:
743 911 768 939 iri
786 912 888 939 deliciis
911 917 1004 939 antea-

206 964 298 991 erant,
321 959 413 986 odiosa
436 963 498 986 tunc
524 963 550 985 et
572 959 666 985 acerba
681 957 819 985 videantur
834 966 840 983 :
857 964 988 991 nemoque

208 1009 268 1032 tunc
295 1006 350 1032 sive
370 1005 586 1036 domesticorum,
602 1005 658 1031 sive
681 1004 827 1031 amicorum
852 1003 886 1031 de
908 1004 988 1031 rebus

206 1051 284 1085 hujus
299 1051 399 1082 mundi,
412 1050 454 1078 vel
472 1050 615 1076 admodum
628 1050 791 1083 urgentibus,
803 1057 894 1076 vocem
908 1050 987 1076 emit-

205 1100 260 1123 tere
274 1095 384 1128 audeat;
399 1095 445 1122 sed
460 1095 546 1121 omnia
560 1094 740 1128 repudiantur,
756 1098 782 1121 et
795 1094 986 1128 philosophicis

204 1142 370 1168 sermonibus
383 1142 479 1168 cedunt
492 1150 498 1168 :
510 1141 647 1176 animaque
662 1145 740 1174 tunc,
756 1140 882 1176 magistro
896 1141 966 1168 luctu
977 1161 984 1174 ,

203 1195 252 1214 ceu
269 1187 294 1213 in
311 1194 386 1214 sacro
398 1186 512 1221 quodam
534 1186 592 1213 loco
615 1186 724 1213 docetur
744 1186 864 1213 humana:
885 1191 985 1213 natura:

201 1232 328 1260 vilitatem
342 1253 349 1266 ,
364 1233 500 1267 prmscntis
519 1232 608 1260 scecnli
631 1233 784 1259 brevitatem
796 1253 802 1264 ,
819 1233 984 1260 Stecularium

203 1287 290 1306 rerum
311 1280 557 1313 corruptibilitatcm
584 1285 610 1307 et
633 1279 849 1312 instabilitatcm,
873 1287 959 1307 secum
974 1280 984 1295 ί

203 1331 288 1350 rerum
300 1332 358 1358 qua:
377 1329 505 1359 geruntur
520 1324 695 1351 histrioniam.
718 1325 791 1351 Tunc
814 1331 923 1359 magnus
937 1332 983 1359 pc-

203 1369 338 1395 cuniarum
363 1373 529 1404 contemptus
542 1391 548 1402 ,
568 1370 607 1396 ira
633 1370 751 1403 tollitur,
767 1371 875 1397 ambitio
896 1371 985 1404 despi-

201 1414 269 1441 citur
284 1424 291 1442 :
307 1423 355 1441 nec
368 1415 435 1442 livor
446 1423 575 1450 occupare
588 1436 594 1447 ,
611 1423 660 1442 nec
681 1417 831 1450 arrogantia
844 1417 910 1443 ultra
925 1425 982 1443 mo-

200 1461 261 1487 dmn
276 1462 407 1489 extollere
420 1467 506 1496 potest
531 1470 590 1489 eum
602 1483 608 1494 ,
622 1463 665 1498 qui
686 1462 758 1489 luctu
773 1463 895 1490 atteritur
908 1473 914 1490 :
931 1471 982 1490 non

199 1507 408 1541 concupiscentia
424 1507 547 1535 lascivum
570 1508 702 1540 incendit;
719 1508 765 1536 sed
790 1508 840 1535 illis
861 1509 982 1537 omnibus

199 1551 294 1587 fugatis
307 1574 314 1586 ,
338 1561 387 1580 una
407 1555 493 1581 solum
516 1555 639 1589 cogitatio
655 1555 772 1586 obtinet,
789 1563 847 1589 qua:
865 1555 981 1583 defuncti

198 1599 339 1633 imaginem
367 1600 547 1628 indesinenter
572 1602 648 1628 oll'ert
672 1611 678 1628 :
703 1602 753 1629 hoc
775 1602 864 1631 cibus.
881 1607 980 1637 petits,

198 1650 305 1670 somnus
317 1664 324 1676 ,
338 1644 460 1679 voluptas
473 1666 481 1678 ,
509 1646 613 1680 requies
625 1667 632 1678 ,
649 1647 795 1673 consolatio
816 1647 915 1676 multa:
932 1648 981 1676 hoc

197 1688 279 1722 gloria
293 1709 300 1722 ,
317 1689 413 1716 divitia:
424 1711 430 1722 ,
445 1691 561 1724 potentia
573 1712 579 1723 ,
598 1691 728 1725 voluptas.

233 1735 276 1762 10.
297 1735 339 1762 Sic
353 1743 400 1762 nos
419 1740 553 1770 oporteret
568 1736 690 1763 amissam
714 1737 803 1771 lugere
816 1738 926 1765 Salutem
948 1745 980 1765 ne

197 1779 258 1813 quid
280 1780 392 1814 amplius
404 1779 490 1807 dicam
506 1789 512 1807 :
526 1781 583 1807 desi
595 1781 659 1808 lcrio
685 1781 729 1808 illo
746 1787 819 1808 tanto
841 1789 868 1808 et
885 1783 979 1809 alacri-

197 1828 250 1850 tate
271 1831 337 1859 opus
364 1825 458 1852 esset’
480 1833 571 1852 omnes
585 1826 688 1852 oculum
710 1828 805 1853 mentis
827 1827 889 1854 illuc
913 1827 978 1854 diri-

196 1876 276 1902 gere,
292 1869 402 1904 ejusque
421 1871 576 1897 memoriam
598 1876 624 1898 et
647 1871 756 1898 formam
781 1873 898 1899 omnium
921 1873 979 1900 loco

196 1914 271 1941 nobis
282 1922 349 1941 esse.
362 1915 436 1942 Nunc
448 1920 535 1942 autem
546 1917 590 1950 qui
604 1917 671 1943 filios
680 1922 705 1944 et
716 1926 812 1945 uxores
822 1919 976 1953 amiserunt,

195 1958 259 1985 nihil
282 1959 351 1986 aliud
371 1960 398 1986 in
424 1965 513 1987 mente
538 1967 660 1993 versant,
676 1971 754 1997 quam
779 1967 806 1991 ut
829 1965 976 1992 ablatorum

195 2003 321 2038 imagines
346 2005 395 2036 sibi
417 2006 567 2040 confingant
582 2015 588 2032 :
603 2015 652 2034 nos
671 2013 776 2042 autem,
799 2011 842 2045 qui
869 2019 976 2046 regnum

196 2049 319 2076 ca'lorum
335 2050 497 2084 perdidimus
514 2071 521 2084 ,
537 2052 623 2079 omnia
645 2053 731 2087 potius
743 2075 749 2087 ,
765 2063 842 2089 quam
856 2056 919 2083 illud
933 2065 978 2084 co-

195 2093 318 2127 gitamus.
333 2096 370 2122 Ac
385 2096 488 2122 illorum
503 2097 608 2132 quidem
623 2106 700 2125 neruo
721 2100 769 2126 etsi
801 2101 873 2137 regio
885 2103 919 2130 sit
929 2111 974 2138 ge-

196 2147 273 2171 nere,
289 2140 320 2167 dc
341 2141 411 2168 luctu
433 2142 511 2169 solito
528 2144 684 2176 erubescet;
700 2145 746 2172 sed
761 2145 833 2172 humi
853 2147 956 2173 sedebit
968 2168 975 2179 ,

194 2182 288 2210 acerbe
304 2184 418 2219 lugebit,
435 2190 534 2214 vestem
548 2188 678 2220 mutabit,
690 2190 791 2224 aliaque
805 2191 904 2224 omnia,
919 2200 976 2226 qua:

195 2227 344 2262 bujusmodi
356 2232 500 2259 crueiatum
514 2234 685 2267 eomitantur,
701 2243 794 2270 magna
809 2245 868 2264 cum
883 2238 976 2265 alacri-

195 2277 247 2300 tate
261 2274 325 2302 ferct
341 2285 348 2303 :
364 2285 415 2303 non
431 2278 555 2312 cogitabit
569 2280 601 2306 de
622 2280 776 2308 educatione
787 2304 794 2314 ,
809 2283 842 2310 de
857 2285 976 2318 corporis

195 2317 293 2351 habitu,
306 2327 357 2346 non
368 2321 401 2349 de
412 2322 514 2349 morbis
527 2324 571 2358 qui
586 2324 620 2351 ab
634 2325 762 2359 ejusmodi
774 2329 897 2355 :crumuis
906 2317 976 2357 Vacci-

195 2362 258 2389 dere
271 2370 397 2398 possunt,
414 2367 460 2393 sed
482 2369 568 2394 omnia
592 2369 732 2397 admodum
755 2371 831 2399 facile
851 2373 927 2400 feret.
944 2375 976 2401 Et

196 2407 250 2435 hmc
264 2417 315 2437 non
329 2411 407 2439 modo
421 2412 479 2445 viri,
495 2413 540 2441 sed
555 2414 632 2441 etiam
647 2417 836 2450 muliercs,etsi
848 2420 923 2448 valde
934 2421 974 2448 in-

195 2454 287 2486 ﬁrmae,
299 2457 434 2491 exhibent,
446 2459 538 2494 hisque
551 2462 629 2488 etiam
645 2463 754 2498 majora.
763 2465 815 2492 Nos
830 2471 916 2494 autem
931 2469 975 2502 qui

195 2507 246 2528 non
258 2500 326 2528 filios
337 2523 344 2535 ,
362 2510 415 2529 non
431 2512 527 2532 uxores
539 2525 545 2537 ,
562 2506 609 2533 sed
626 2507 720 2535 animm
742 2510 886 2543 perniciem
903 2500 976 2547 luge-

195 2553 262 2578 mus,
278 2548 381 2582 anima,
394 2550 501 2585 inquam
514 2573 520 2584 ,
535 2561 587 2580 non
606 2554 710 2588 alienae,
725 2556 770 2583 sed
792 2562 898 2591 nostrm,
913 2567 974 2586 eor-

195 2592 264 2624 poris
284 2593 492 2624 imbecillitatem
519 2598 651 2633 fingimus,
666 2601 803 2636 victusque
824 2603 972 2630 mollitiem.

195 2638 279 2672 Alqt'e
301 2640 401 2668 utinam
421 2641 464 2669 hic
486 2648 537 2670 stet
558 2646 657 2672 malum
673 2655 679 2673 :
694 2651 720 2674 at
745 2656 778 2675 nc
801 2649 843 2675 illa
868 2649 973 2684 quidem

225 2714 234 2747 ξ
249 2717 304 2743 tox.
316 2717 476 2747 praemium,
489 2718 560 2744 deest
571 2719 595 2744 in
605 2720 670 2746 coll).

224 2744 235 2778 ξ
252 2747 274 2768 tn
284 2744 359 2778 Colb“
372 2744 561 2778 magnw'sceme.

194 2805 216 2829 in
225 2773 335 2830 33:13:21,
347 2773 405 2807 opus
412 2773 480 2810 Esset,
487 2780 575 2805 desunt
585 2780 610 2805 in
620 2781 694 2812 Culb.,
706 2787 730 2807 et
741 2789 805 2813 mox,
817 2784 890 2813 nobis,
905 2784 976 2810 deest

651 168 694 195 DE
708 164 978 199 COMPUNCTIONE,
996 165 1043 192 AD
1063 161 1271 196 DEMETRIUM.
1285 168 1347 196 LIB.
1367 168 1388 197 Ι.

1777 175 1828 202 410

1048 221 1159 263 facimus
1172 245 1178 256 ,
1193 224 1218 252 in
1229 225 1323 261 quibus
1337 226 1456 262 corporis
1471 235 1550 263 opere
1563 236 1616 256 non
1628 236 1745 264 egemus.
1760 230 1827 264 Quid

1046 269 1133 300 enim.
1148 270 1190 297 die
1205 272 1267 298 mihi
1280 292 1287 305 ,
1300 274 1420 308 corporis
1437 274 1536 302 viribus
1559 283 1627 310 opus
1646 281 1704 310 est,
1721 278 1828 312 quando

1046 321 1093 341 cor
1106 320 1243 344 conterere
1256 317 1383 346 debemus
1394 340 1401 352 ,
1417 327 1477 346 cum
1492 320 1584 355 vigiles
1594 321 1697 356 precari
1711 327 1827 358 oportet,

1045 367 1104 386 cum
1118 366 1225 395 peccata
1238 363 1396 397 recogilare,
1412 366 1587 399 arrogantiam
1601 372 1625 394 et
1640 371 1769 395 tumorem
1782 368 1828 396 de-

1046 412 1144 439 ponere
1154 426 1161 439 ,
1178 411 1293 435 mentem
1308 409 1477 443 deprimere?
1492 411 1553 439 [hec
1567 413 1664 448 quippe
1678 419 1756 447 sunt,
1768 422 1828 449 qua:

1045 450 1127 477 Deum
1142 452 1217 479 nobis
1230 453 1349 487 placant,
1363 461 1412 482 nec
1425 457 1508 484 multo
1523 462 1602 492 egent
1614 459 1714 486 labore.
1737 459 1828 494 Neque

1045 500 1133 524 tamen
1154 497 1210 525 huic
1230 500 1349 527 facimus.
1364 500 1455 535 Neque
1477 503 1547 529 enim
1572 503 1613 530 hic
1636 505 1708 532 solus
1725 509 1766 532 est
1787 505 1826 532 lu-

1044 542 1121 576 gendi
1133 543 1235 575 modus,
1248 545 1270 571 si
1283 552 1360 572 sacco
1370 547 1546 582 accingamur,
1561 549 1587 575 in
1601 549 1761 578 domuncula
1777 558 1825 578 nos

1044 589 1196 617 claudamus
1209 611 1216 623 ,
1232 591 1273 618 vel
1286 592 1311 619 in
1327 593 1444 620 tenebris
1456 594 1595 621 sedeamus
1605 615 1613 628 ,
1627 596 1674 623 sed
1685 596 1707 623 si
1720 596 1826 625 assiduo

1044 636 1199 662 memoriam
1213 636 1368 664 delictorum
1387 638 1602 667 eircumferamus
1614 660 1621 672 ,
1635 642 1824 670 conscientiam

1043 682 1243 716 examinemus,
1273 683 1322 710 viae
1346 683 1535 719 longitudinem
1561 686 1712 721 frequenter
1733 689 1824 714 metia-

1044 734 1114 759 mur,
1126 734 1251 762 qnantum
1267 729 1368 757 Scilicet
1382 737 1395 756 a
1411 738 1493 765 regno
1506 731 1631 759 ca'lorum
1643 732 1780 759 distemus.
1795 733 1824 761 Et

1043 773 1192 806 quomodo,
1206 774 1323 808 inquies,
1338 776 1388 802 hoc
1401 776 1457 803 fieri
1468 777 1584 810 poterit?
1598 777 1653 809 Qua
1669 778 1791 805 ratione?
1803 778 1825 805 si

1041 818 1188 852 gehennam
1211 825 1316 854 semper
1337 828 1391 855 prae
1413 822 1496 849 oculis
1518 822 1678 856 habeamus,
1695 831 1744 850 nec
1772 831 1824 852 non

1041 863 1149 897 angelos
1162 864 1258 899 ubique
1274 866 1391 893 locorum
1411 870 1473 893 tunc
1485 867 1679 900 discurrentes,
1695 872 1774 902 atque
1792 877 1824 896 ex

1041 909 1164 936 universo
1185 909 1249 937 orbe
1268 917 1458 946 congregantes
1483 919 1530 939 eos
1555 914 1600 947 qui
1625 913 1650 940 in
1675 914 1824 947 gehennam

1040 953 1186 980 abducendi
1198 959 1259 981 sunt
1271 963 1277 981 :
1293 955 1315 982 si
1326 956 1472 990 cogitemus
1483 957 1562 984 etiam
1576 962 1702 992 quantum
1714 958 1823 992 malum,

1039 998 1159 1032 gehcnua
1171 1000 1301 1033 seposita,
1318 1001 1420 1028 excludi
1437 1009 1450 1027 a
1462 1009 1544 1037 regno
1561 1003 1697 1030 caelorum.
1719 1004 1822 1032 Etenim

1039 1046 1141 1072 etiamsi
1164 1046 1234 1074 nulla
1259 1053 1329 1074 esset
1352 1048 1420 1083 ignis
1433 1049 1503 1076 illius
1517 1050 1703 1083 comminatio,
1719 1051 1822 1080 etiamsl

1039 1089 1197 1118 immortalia
1212 1094 1338 1127 supplicia
1353 1102 1405 1121 non
1422 1102 1470 1121 uos
1490 1100 1639 1129 manerent,
1655 1096 1720 1123 illud
1736 1097 1821 1124 solum

1038 1137 1106 1170 quod
1127 1137 1292 1165 abalienandi
1316 1146 1434 1167 essemus
1455 1147 1468 1166 a
1482 1139 1597 1174 Christo,
1613 1146 1751 1169 mansueto
1766 1143 1821 1176 illo,

1037 1187 1064 1209 et
1085 1183 1220 1210 hominum
1247 1188 1384 1218 amatore,
1409 1186 1453 1220 qui
1471 1186 1587 1220 seipsum
1612 1195 1660 1222 pro
1684 1188 1760 1215 nobis
1788 1189 1820 1215 ad

1038 1233 1150 1256 mortem
1165 1230 1282 1263 tradidit,
1296 1234 1324 1258 ct
1343 1231 1431 1258 omnia
1448 1239 1540 1266 passus
1553 1236 1603 1266 est,
1620 1237 1648 1260 ut
1667 1240 1716 1260 nos
1728 1234 1762 1261 ab
1775 1234 1820 1261 illo

1037 1275 1166 1309 supplicio
1176 1276 1311 1309 liberaret,
1322 1282 1348 1303 et
1359 1269 1430 1303 Patri
1444 1284 1492 1304 suo
1503 1278 1697 1310 reconciliaret,
1711 1278 1755 1313 qui
1774 1286 1820 1313 per

1036 1320 1132 1348 delicta
1149 1326 1237 1348 nostra
1253 1322 1335 1356 ipsius
1348 1323 1444 1350 inimici
1460 1331 1584 1356 eramus,
1600 1324 1702 1351 etiamsi
1718 1332 1732 1350 a
1744 1325 1820 1352 bonis

1038 1366 1089 1392 illis
1103 1367 1260 1400 prOpOSlliS,
1275 1367 1452 1394 ineliabilibus
1473 1373 1499 1395 et
1521 1369 1714 1396 immortalibus
1726 1390 1734 1402 ,
1749 1370 1820 1396 exci—

1035 1411 1110 1437 dere‘
1124 1419 1177 1437 non
1204 1411 1380 1445 deberemus;
1397 1413 1459 1439 illud
1471 1434 1478 1446 ,
1493 1414 1598 1448 inquam
1611 1435 1618 1447 ,
1633 1415 1719 1442 solum
1747 1417 1818 1442 omni

1035 1455 1166 1489 supplicio
1177 1456 1261 1490 majus
1269 1462 1318 1488 est,
1332 1456 1480 1492 sufiicitque
1493 1458 1525 1485 ad
1536 1459 1702 1485 excitandum
1716 1460 1819 1487 animas

1035 1505 1150 1533 nostras,
1167 1506 1193 1528 et
1209 1502 1418 1536 persuadendum
1441 1508 1468 1530 ut
1483 1510 1589 1537 semper
1612 1504 1728 1538 vigilent.
1751 1504 1816 1531 Nam

1034 1547 1056 1573 si
1078 1547 1119 1573 vel
1141 1553 1200 1573 cum
1227 1547 1340 1582 legimus
1358 1548 1509 1582 exemplum
1532 1548 1647 1583 quinque
1668 1549 1816 1584 virginum,

1034 1599 1067 1626 qu
1077 1599 1098 1619 ιε
1113 1593 1163 1619 olei
1181 1592 1288 1626 penuria
1303 1597 1376 1620 extra
1389 1593 1478 1627 sponsi
1493 1593 1640 1620 cubiculum
1651 1594 1772 1627 exclusit,
1783 1594 1817 1621 de

1034 1638 1139 1664 illarum
1155 1638 1301 1665 infortunio
1314 1638 1422 1672 perinde
1437 1642 1516 1673 atque
1532 1639 1583 1666 illa:
1596 1639 1716 1667 dolemus
1737 1644 1816 1674 atque

1035 1684 1189 1714 turbamur;
1216 1684 1237 1710 si
1265 1684 1412 1718 cogitemus
1439 1691 1487 1710 nos
1513 1684 1585 1718 ipsos
1612 1684 1645 1711 ob
1676 1685 1814 1719 segnitiem

1033 1733 1149 1756 nostram
1166 1729 1278 1763 idipsum
1289 1736 1414 1763 passuros
1427 1736 1495 1761 esse,
1512 1729 1570 1763 quis
1584 1730 1618 1756 ita
1631 1730 1749 1764 lapideus
1763 1730 1815 1758 erit

1033 1779 1072 1806 ut,
1086 1775 1173 1801 anima
1187 1782 1292 1808 semper
1307 1774 1357 1801 hoc
1379 1775 1500 1809 exemplo
1519 1776 1664 1808 concitata,
1681 1776 1706 1802 in
1729 1776 1813 1810 negli-

1031 1820 1147 1853 gentiam
1175 1820 1271 1846 cadat‘!
1293 1820 1448 1847 Poteramus
1463 1820 1569 1854 quidem
1584 1828 1734 1849 sermonem
1755 1823 1814 1849 lon-

1030 1867 1089 1900 gius
1108 1865 1252 1900 producere
1262 1886 1269 1898 ,
1285 1865 1332 1892 sed
1346 1866 1407 1900 quia
1422 1865 1578 1893 obedienti:e
1600 1867 1683 1901 gratia
1705 1867 1790 1894 solum
1805 1888 1813 1900 ,

1030 1915 1055 1938 ct
1070 1918 1121 1936 non
1133 1910 1182 1936 alia
1191 1910 1225 1937 de
1239 1917 1317 1937 causa
1329 1910 1384 1937 haec
1393 1918 1407 1936 a
1418 1910 1494 1937 nobis
1503 1910 1570 1937 dicta
1581 1916 1653 1943 sunt,
1666 1912 1813 1946 plusquam

1031 1955 1095 1982 satis
1109 1959 1197 1981 erunt.
1214 1955 1277 1982 Nam
1294 1955 1374 1989 probe
1389 1956 1449 1982 novi
1466 1959 1490 1982 te
1505 1956 1716 1989 compunctionis
1730 1957 1812 1983 virtu-

1030 2005 1082 2028 tem
1101 2000 1216 2034 perfecte
1234 2005 1325 2028 tenere
1337 2021 1344 2032 ,
1359 2005 1385 2027 et
1402 2001 1460 2028 aliis
1474 2009 1532 2027 eam
1547 2008 1624 2035 posse
1636 2002 1674 2028 vel
1691 2002 1811 2029 silentem

1030 2047 1145 2078 tradere,
1160 2047 1181 2073 si
1193 2047 1291 2074 vellent
1306 2051 1406 2073 tantum
1420 2047 1452 2073 ad
1468 2048 1549 2074 breve
1568 2052 1669 2082 tempus
1683 2056 1742 2075 cum
1760 2050 1814 2082 pie—

1030 2096 1082 2118 tate
1108 2096 1151 2119 tua
1173 2092 1277 2123 vivere,
1292 2092 1425 2126 vitamque
1439 2092 1508 2119 illam
1535 2092 1686 2119 crucifixam
1710 2093 1810 2121 videre.

1028 2137 1065 2164 Ita
1081 2143 1124 2169 nt,
1139 2145 1160 2164 sx
1176 2138 1256 2165 Vt'llnl
1271 2139 1302 2169 ii,
1316 2139 1359 2173 qui
1376 2146 1446 2164 nunc
1460 2139 1569 2170 vivunt,
1582 2139 1812 2173 eompunctioncm

1028 2183 1163 2216 ediscere,
1193 2183 1225 2209 ad
1252 2183 1427 2210 habitaculum
1450 2188 1523 2210 tuum
1548 2191 1576 2210 se
1591 2183 1744 2215 Conferant;
1769 2187 1812 2219 qui

1029 2237 1091 2255 vero
1112 2234 1172 2263 post
1191 2229 1270 2256 futuri
1288 2234 1364 2262 sunt,
1379 2233 1453 2263 gesta
1470 2233 1512 2256 tua
1532 2229 1653 2262 audiant,
1670 2235 1812 2263 oporteat:

1028 2282 1149 2308 magnam
1178 2275 1247 2301 enim
1278 2274 1309 2300 ad
1339 2274 1363 2300 id
1385 2282 1462 2308 opem
1490 2274 1628 2301 allaturam
1662 2282 1722 2301 esse
1750 2280 1813 2308 puto

1028 2321 1069 2347 vel
1089 2321 1149 2347 vitm
1173 2325 1224 2347 tum
1254 2321 1443 2347 narrationem.
1466 2321 1664 2354 Quamobrem,
1686 2321 1810 2353 obsecro,

1028 2367 1100 2393 vices
1128 2366 1192 2392 mihi
1222 2367 1371 2400 rependas,
1398 2373 1541 2400 precesque
1571 2371 1629 2393 tuas
1654 2368 1680 2394 in
1712 2375 1813 2395 merce-

1028 2412 1087 2439 dem
1112 2413 1227 2445 tribuas;
1244 2413 1278 2439 ita
1300 2418 1328 2440 ut
1343 2420 1394 2440 non
1421 2413 1500 2440 modo
1515 2414 1548 2440 de
1562 2415 1763 2448 compunctioue
1775 2415 1812 2441 lo-

1027 2465 1104 2492 quar,
1119 2458 1165 2485 sed
1178 2463 1204 2485 et
1215 2466 1270 2485 rem
1291 2459 1375 2492 ipsam
1391 2459 1516 2492 operibus
1527 2458 1677 2486 exhibeam.
1689 2459 1812 2492 Quando-

1028 2503 1134 2537 quidem
1149 2503 1269 2530 doctrina
1282 2504 1339 2530 sine
1349 2511 1430 2537 opcre
1444 2510 1496 2530 non
1508 2504 1586 2531 modo
1597 2504 1662 2531 nihil
1675 2505 1753 2538 lucri,
1765 2505 1812 2533 sed

1028 2549 1107 2575 etiam
1123 2549 1308 2576 detrimentum
1331 2557 1454 2584 magnum
1468 2554 1495 2576 et
1508 2550 1757 2577 condemnationem
1771 2551 1811 2577 af-

1030 2593 1080 2621 fert
1092 2595 1115 2621 ei
1127 2615 1134 2626 ,
1151 2595 1194 2628 qui
1207 2602 1265 2621 eum
1282 2599 1353 2621 tanta
1367 2595 1488 2621 Socordia
1502 2595 1582 2622 vitam
1597 2596 1703 2622 ordinat
1723 2603 1810 2623 suam.

1031 2638 1039 2654 ¹
1060 2639 1120 2665 Non
1134 2640 1210 2671 enim,
1236 2639 1335 2673 inquit,
1354 2640 1434 2666 onmis
1456 2641 1497 2674 qui
1514 2641 1575 2667 dicit
1589 2641 1667 2673 mihi,
1682 2640 1807 2674 Domine,

1032 2684 1139 2711 Domine
1150 2705 1157 2717 ,
1171 2685 1214 2710 sed
1228 2684 1269 2719 qui
1284 2684 1366 2711 fecerit
1380 2689 1403 2712 et
1416 2685 1542 2718 docuerit,
1558 2687 1599 2713 In'c
1616 2694 1722 2721 magnus
1735 2694 1811 2713 voca-

1033 2729 1098 2756 bitur
1112 2730 1138 2756 in
1151 2738 1226 2764 regna
1241 2730 1359 2757 cwlarum
1372 2731 1474 2766 (Matth.
1486 2733 1597 2761 7.9Lct
1609 2731 1705 2765 5.19).

1062 2815 1069 2829 ι
1088 2816 1138 2837 Haec
1153 2818 1229 2844 usque
1238 2812 1266 2837 ad
1278 2812 1349 2837 ﬁnem
1361 2812 1449 2837 desunt
1460 2812 1484 2837 in
1494 2811 1562 2838 savii.
