  <div class='ocr_page' id='page_1' title='image "/cluster/home/n/w/nwhite01/storage/ocr_20150623/47-48/njp.32101077772612/373.png"; bbox 0 0 2076 3122; ppageno 0'>
   <div class='ocr_carea' id='block_1_1' title="bbox 267 132 1533 167">
    <p class='ocr_par' dir='ltr' id='par_1_1' title="bbox 267 132 1533 167">
     <span class='ocr_line' id='line_1_1' title="bbox 267 132 1533 167; baseline 0.006 -8"><span class='ocrx_word' id='word_1_1' title='bbox 267 132 313 159; x_wconf 58' lang='lat' dir='ltr'><strong>ill</strong></span> <span class='ocrx_word' id='word_1_2' title='bbox 632 132 661 160; x_wconf 83' lang='lat' dir='ltr'><strong>S.</strong></span> <span class='ocrx_word' id='word_1_3' title='bbox 680 133 818 161; x_wconf 80' lang='lat' dir='ltr'><strong>JOANNIS</strong></span> <span class='ocrx_word' id='word_1_4' title='bbox 835 134 1071 164; x_wconf 77' lang='lat' dir='ltr'><strong>CHRYSOSTOMI</strong></span> <span class='ocrx_word' id='word_1_5' title='bbox 1090 136 1247 164; x_wconf 80' lang='lat' dir='ltr'><strong>ARCIIIEP.</strong></span> <span class='ocrx_word' id='word_1_6' title='bbox 1267 137 1533 167; x_wconf 73' lang='lat' dir='ltr'><strong>CONSTANTINOP.</strong></span> 
     </span>
    </p>
   </div>
   <div class='ocr_carea' id='block_1_2' title="bbox 656 203 1510 334">
    <p class='ocr_par' dir='ltr' id='par_1_2' title="bbox 656 203 1510 334">
     <span class='ocr_line' id='line_1_2' title="bbox 656 203 1510 334; baseline 0.004 -26"><span class='ocrx_word' id='word_1_7' title='bbox 656 238 793 308; x_wconf 86' lang='lat' dir='ltr'><strong>AD</strong></span> <span class='ocrx_word' id='word_1_8' title='bbox 846 203 1510 334; x_wconf 46' lang='lat' dir='ltr'><strong>STELECH—I—U—M,</strong></span> 
     </span>
    </p>
   </div>
   <div class='ocr_carea' id='block_1_3' title="bbox 839 350 1313 388">
    <p class='ocr_par' dir='ltr' id='par_1_3' title="bbox 839 350 1313 388">
     <span class='ocr_line' id='line_1_3' title="bbox 839 350 1313 388; baseline 0.002 -8"><span class='ocrx_word' id='word_1_9' title='bbox 839 350 891 381; x_wconf 84' lang='lat' dir='ltr'><strong>ET</strong></span> <span class='ocrx_word' id='word_1_10' title='bbox 912 351 964 380; x_wconf 90' lang='lat' dir='ltr'><strong>DE</strong></span> <span class='ocrx_word' id='word_1_11' title='bbox 985 350 1313 388; x_wconf 81' lang='lat' dir='ltr'><strong>COMPUNCTIONE,</strong></span> 
     </span>
    </p>
   </div>
   <div class='ocr_carea' id='block_1_4' title="bbox 697 412 1437 478">
    <p class='ocr_par' dir='ltr' id='par_1_4' title="bbox 697 412 1437 478">
     <span class='ocr_line' id='line_1_4' title="bbox 697 412 1437 478; baseline 0.003 -2"><span class='ocrx_word' id='word_1_12' title='bbox 697 412 936 477; x_wconf 83' lang='lat' dir='ltr'><em>LIBER</em></span> <span class='ocrx_word' id='word_1_13' title='bbox 976 423 1376 478; x_wconf 78' lang='lat' dir='ltr'><strong>SECUNDUS</strong></span> <span class='ocrx_word' id='word_1_14' title='bbox 1401 426 1437 478; x_wconf 83' lang='grc'><strong>¹.</strong></span> 
     </span>
    </p>
   </div>
   <div class='ocr_carea' id='block_1_5' title="bbox 863 521 1189 566">
    <p class='ocr_par' dir='ltr' id='par_1_5' title="bbox 863 521 1189 566">
     <span class='ocr_line' id='line_1_5' title="bbox 863 521 1189 566; baseline 0.009 -42"><span class='ocrx_word' id='word_1_15' title='bbox 863 521 866 524; x_wconf 84' lang='grc'><strong>,</strong></span> <span class='ocrx_word' id='word_1_16' title='bbox 951 525 1189 566; x_wconf 48' lang='lat' dir='ltr'><strong>MM</strong></span> 
     </span>
    </p>
   </div>
   <div class='ocr_carea' id='block_1_6' title="bbox 294 611 1041 650">
    <p class='ocr_par' dir='ltr' id='par_1_6' title="bbox 294 611 1041 650">
     <span class='ocr_line' id='line_1_6' title="bbox 294 611 1041 650; baseline -0.008 -7"><span class='ocrx_word' id='word_1_17' title='bbox 294 617 319 644; x_wconf 82' lang='lat' dir='ltr'><strong>t.</strong></span> <span class='ocrx_word' id='word_1_18' title='bbox 340 616 373 643; x_wconf 84' lang='lat' dir='ltr'><strong>Et</strong></span> <span class='ocrx_word' id='word_1_19' title='bbox 387 613 519 650; x_wconf 90' lang='lat' dir='ltr'><strong>quomodo</strong></span> <span class='ocrx_word' id='word_1_20' title='bbox 531 613 589 642; x_wconf 80' lang='lat' dir='ltr'><strong>fieri</strong></span> <span class='ocrx_word' id='word_1_21' title='bbox 604 614 696 648; x_wconf 66' lang='lat' dir='ltr'><strong>possit,</strong></span> <span class='ocrx_word' id='word_1_22' title='bbox 712 617 803 640; x_wconf 88' lang='lat' dir='ltr'><strong>sancte</strong></span> <span class='ocrx_word' id='word_1_23' title='bbox 817 612 864 640; x_wconf 86' lang='lat' dir='ltr'><strong>Dei</strong></span> <span class='ocrx_word' id='word_1_24' title='bbox 876 612 967 645; x_wconf 88' lang='lat' dir='ltr'><strong>homo,</strong></span> <span class='ocrx_word' id='word_1_25' title='bbox 981 611 1041 638; x_wconf 87' lang='lat' dir='ltr'><strong>Ste-</strong></span> 
     </span>
    </p>
   </div>
   <div class='ocr_carea' id='block_1_7' title="bbox 258 657 1043 696">
    <p class='ocr_par' dir='ltr' id='par_1_7' title="bbox 258 657 1043 696">
     <span class='ocr_line' id='line_1_7' title="bbox 258 657 1043 696; baseline -0.008 -7"><span class='ocrx_word' id='word_1_26' title='bbox 258 662 336 694; x_wconf 90' lang='lat' dir='ltr'><strong>lechi,</strong></span> <span class='ocrx_word' id='word_1_27' title='bbox 351 661 420 696; x_wconf 90' lang='lat' dir='ltr'><strong>quod</strong></span> <span class='ocrx_word' id='word_1_28' title='bbox 433 662 558 694; x_wconf 84' lang='lat' dir='ltr'><strong>imperas,</strong></span> <span class='ocrx_word' id='word_1_29' title='bbox 573 664 601 687; x_wconf 91' lang='lat' dir='ltr'><strong>ut</strong></span> <span class='ocrx_word' id='word_1_30' title='bbox 611 659 644 686; x_wconf 88' lang='lat' dir='ltr'><strong>ab</strong></span> <span class='ocrx_word' id='word_1_31' title='bbox 655 659 740 686; x_wconf 87' lang='lat' dir='ltr'><strong>anima</strong></span> <span class='ocrx_word' id='word_1_32' title='bbox 752 659 787 685; x_wconf 90' lang='lat' dir='ltr'><strong>ita</strong></span> <span class='ocrx_word' id='word_1_33' title='bbox 796 657 900 684; x_wconf 86' lang='lat' dir='ltr'><strong>inﬁrma</strong></span> <span class='ocrx_word' id='word_1_34' title='bbox 913 662 940 684; x_wconf 90' lang='lat' dir='ltr'><strong>et</strong></span> <span class='ocrx_word' id='word_1_35' title='bbox 951 658 1043 692; x_wconf 77' lang='lat' dir='ltr'><strong>frigida</strong></span> 
     </span>
    </p>
   </div>
   <div class='ocr_carea' id='block_1_8' title="bbox 259 703 1042 741">
    <p class='ocr_par' dir='ltr' id='par_1_8' title="bbox 259 703 1042 741">
     <span class='ocr_line' id='line_1_8' title="bbox 259 703 1042 741; baseline -0.005 -7"><span class='ocrx_word' id='word_1_36' title='bbox 259 707 291 734; x_wconf 90' lang='lat' dir='ltr'><strong>de</strong></span> <span class='ocrx_word' id='word_1_37' title='bbox 305 706 507 741; x_wconf 86' lang='lat' dir='ltr'><strong>eompunctione</strong></span> <span class='ocrx_word' id='word_1_38' title='bbox 521 711 657 732; x_wconf 90' lang='lat' dir='ltr'><strong>sermones</strong></span> <span class='ocrx_word' id='word_1_39' title='bbox 671 703 802 731; x_wconf 77' lang='lat' dir='ltr'><strong>edantur?</strong></span> <span class='ocrx_word' id='word_1_40' title='bbox 815 704 882 730; x_wconf 85' lang='lat' dir='ltr'><strong>Puto</strong></span> <span class='ocrx_word' id='word_1_41' title='bbox 895 703 964 730; x_wconf 90' lang='lat' dir='ltr'><strong>enim</strong></span> <span class='ocrx_word' id='word_1_42' title='bbox 976 710 1042 737; x_wconf 90' lang='lat' dir='ltr'><strong>opus</strong></span> 
     </span>
    </p>
   </div>
   <div class='ocr_carea' id='block_1_9' title="bbox 258 750 1039 787">
    <p class='ocr_par' dir='ltr' id='par_1_9' title="bbox 258 750 1039 787">
     <span class='ocr_line' id='line_1_9' title="bbox 258 750 1039 787; baseline -0.004 -7"><span class='ocrx_word' id='word_1_43' title='bbox 258 761 317 780; x_wconf 89' lang='lat' dir='ltr'><strong>esse</strong></span> <span class='ocrx_word' id='word_1_44' title='bbox 324 760 395 786; x_wconf 90' lang='lat' dir='ltr'><strong>eum,</strong></span> <span class='ocrx_word' id='word_1_45' title='bbox 404 752 448 787; x_wconf 90' lang='lat' dir='ltr'><strong>qui</strong></span> <span class='ocrx_word' id='word_1_46' title='bbox 463 752 488 779; x_wconf 95' lang='lat' dir='ltr'><strong>in</strong></span> <span class='ocrx_word' id='word_1_47' title='bbox 501 751 550 778; x_wconf 89' lang='lat' dir='ltr'><strong>hac</strong></span> <span class='ocrx_word' id='word_1_48' title='bbox 561 751 671 779; x_wconf 84' lang='lat' dir='ltr'><strong>materia</strong></span> <span class='ocrx_word' id='word_1_49' title='bbox 684 751 781 786; x_wconf 88' lang='lat' dir='ltr'><strong>aliquid</strong></span> <span class='ocrx_word' id='word_1_50' title='bbox 791 751 852 778; x_wconf 92' lang='lat' dir='ltr'><strong>boni</strong></span> <span class='ocrx_word' id='word_1_51' title='bbox 862 750 981 778; x_wconf 85' lang='lat' dir='ltr'><strong>dicturus</strong></span> <span class='ocrx_word' id='word_1_52' title='bbox 989 755 1039 782; x_wconf 88' lang='lat' dir='ltr'><strong>est,</strong></span> 
     </span>
    </p>
   </div>
   <div class='ocr_carea' id='block_1_10' title="bbox 258 795 1040 832">
    <p class='ocr_par' dir='ltr' id='par_1_10' title="bbox 258 795 1040 832">
     <span class='ocr_line' id='line_1_10' title="bbox 258 795 1040 832; baseline -0.005 -7"><span class='ocrx_word' id='word_1_53' title='bbox 258 806 312 832; x_wconf 79' lang='lat' dir='ltr'><strong>pra:</strong></span> <span class='ocrx_word' id='word_1_54' title='bbox 332 798 454 825; x_wconf 90' lang='lat' dir='ltr'><strong>omnibus</strong></span> <span class='ocrx_word' id='word_1_55' title='bbox 473 797 532 824; x_wconf 84' lang='lat' dir='ltr'><strong>aliis</strong></span> <span class='ocrx_word' id='word_1_56' title='bbox 553 796 604 823; x_wconf 89' lang='lat' dir='ltr'><strong>hoc</strong></span> <span class='ocrx_word' id='word_1_57' title='bbox 623 796 710 823; x_wconf 84' lang='lat' dir='ltr'><strong>studio</strong></span> <span class='ocrx_word' id='word_1_58' title='bbox 725 797 735 812; x_wconf 78' lang='grc'><em>³</em></span> <span class='ocrx_word' id='word_1_59' title='bbox 751 796 852 823; x_wconf 82' lang='lat' dir='ltr'><strong>fervere</strong></span> <span class='ocrx_word' id='word_1_60' title='bbox 869 800 895 822; x_wconf 83' lang='lat' dir='ltr'><strong>et</strong></span> <span class='ocrx_word' id='word_1_61' title='bbox 917 795 1040 828; x_wconf 87' lang='lat' dir='ltr'><strong>incendi,</strong></span> 
     </span>
    </p>
   </div>
   <div class='ocr_carea' id='block_1_11' title="bbox 257 841 1041 877">
    <p class='ocr_par' dir='ltr' id='par_1_11' title="bbox 257 841 1041 877">
     <span class='ocr_line' id='line_1_11' title="bbox 257 841 1041 877; baseline -0.003 -7"><span class='ocrx_word' id='word_1_62' title='bbox 257 844 293 873; x_wconf 81' lang='lat' dir='ltr'><strong>ita</strong></span> <span class='ocrx_word' id='word_1_63' title='bbox 306 847 333 869; x_wconf 93' lang='lat' dir='ltr'><strong>ut</strong></span> <span class='ocrx_word' id='word_1_64' title='bbox 344 842 423 870; x_wconf 88' lang='lat' dir='ltr'><strong>verba</strong></span> <span class='ocrx_word' id='word_1_65' title='bbox 433 850 491 877; x_wconf 69' lang='lat' dir='ltr'><strong>qua:</strong></span> <span class='ocrx_word' id='word_1_66' title='bbox 501 842 637 876; x_wconf 86' lang='lat' dir='ltr'><strong>proferunt</strong></span> <span class='ocrx_word' id='word_1_67' title='bbox 647 841 769 869; x_wconf 87' lang='lat' dir='ltr'><strong>candenti</strong></span> <span class='ocrx_word' id='word_1_68' title='bbox 781 841 850 868; x_wconf 90' lang='lat' dir='ltr'><strong>ferro</strong></span> <span class='ocrx_word' id='word_1_69' title='bbox 860 841 1041 868; x_wconf 77' lang='lat' dir='ltr'><strong>vehementius</strong></span> 
     </span>
    </p>
   </div>
   <div class='ocr_carea' id='block_1_12' title="bbox 256 886 1040 916">
    <p class='ocr_par' dir='ltr' id='par_1_12' title="bbox 256 886 1040 916">
     <span class='ocr_line' id='line_1_12' title="bbox 256 886 1040 916; baseline -0.004 0"><span class='ocrx_word' id='word_1_70' title='bbox 256 890 282 916; x_wconf 91' lang='lat' dir='ltr'><strong>in</strong></span> <span class='ocrx_word' id='word_1_71' title='bbox 298 889 446 916; x_wconf 88' lang='lat' dir='ltr'><strong>auditorum</strong></span> <span class='ocrx_word' id='word_1_72' title='bbox 467 888 569 915; x_wconf 87' lang='lat' dir='ltr'><strong>animos</strong></span> <span class='ocrx_word' id='word_1_73' title='bbox 592 887 708 914; x_wconf 89' lang='lat' dir='ltr'><strong>incidere</strong></span> <span class='ocrx_word' id='word_1_74' title='bbox 730 887 842 914; x_wconf 88' lang='lat' dir='ltr'><strong>valeant.</strong></span> <span class='ocrx_word' id='word_1_75' title='bbox 856 886 937 914; x_wconf 85' lang='lat' dir='ltr'><strong>Nobis</strong></span> <span class='ocrx_word' id='word_1_76' title='bbox 952 892 1040 913; x_wconf 90' lang='lat' dir='ltr'><strong>autem</strong></span> 
     </span>
    </p>
   </div>
   <div class='ocr_carea' id='block_1_13' title="bbox 257 932 1040 970">
    <p class='ocr_par' dir='ltr' id='par_1_13' title="bbox 257 932 1040 970">
     <span class='ocr_line' id='line_1_13' title="bbox 257 932 1040 970; baseline -0.004 -9"><span class='ocrx_word' id='word_1_77' title='bbox 257 935 324 970; x_wconf 76' lang='lat' dir='ltr'><strong>ignis</strong></span> <span class='ocrx_word' id='word_1_78' title='bbox 339 932 487 968; x_wconf 86' lang='lat' dir='ltr'><strong>hujusmodi</strong></span> <span class='ocrx_word' id='word_1_79' title='bbox 502 940 554 960; x_wconf 92' lang='lat' dir='ltr'><strong>non</strong></span> <span class='ocrx_word' id='word_1_80' title='bbox 574 932 668 964; x_wconf 89' lang='lat' dir='ltr'><strong>adest,</strong></span> <span class='ocrx_word' id='word_1_81' title='bbox 685 932 732 960; x_wconf 89' lang='lat' dir='ltr'><strong>sed</strong></span> <span class='ocrx_word' id='word_1_82' title='bbox 747 933 835 959; x_wconf 91' lang='lat' dir='ltr'><strong>otnnia</strong></span> <span class='ocrx_word' id='word_1_83' title='bbox 851 933 975 959; x_wconf 82' lang='lat' dir='ltr'><strong>interiora</strong></span> <span class='ocrx_word' id='word_1_84' title='bbox 992 939 1040 958; x_wconf 88' lang='lat' dir='ltr'><strong>uo-</strong></span> 
     </span>
    </p>
   </div>
   <div class='ocr_carea' id='block_1_14' title="bbox 256 976 1041 1012">
    <p class='ocr_par' dir='ltr' id='par_1_14' title="bbox 256 976 1041 1012">
     <span class='ocr_line' id='line_1_14' title="bbox 256 976 1041 1012; baseline -0.004 -6"><span class='ocrx_word' id='word_1_85' title='bbox 256 984 309 1006; x_wconf 89' lang='lat' dir='ltr'><strong>stra</strong></span> <span class='ocrx_word' id='word_1_86' title='bbox 328 982 389 1006; x_wconf 89' lang='lat' dir='ltr'><strong>sunt</strong></span> <span class='ocrx_word' id='word_1_87' title='bbox 407 978 473 1005; x_wconf 91' lang='lat' dir='ltr'><strong>cinis</strong></span> <span class='ocrx_word' id='word_1_88' title='bbox 488 982 515 1005; x_wconf 89' lang='lat' dir='ltr'><strong>et</strong></span> <span class='ocrx_word' id='word_1_89' title='bbox 530 977 625 1012; x_wconf 84' lang='lat' dir='ltr'><strong>pulvis.</strong></span> <span class='ocrx_word' id='word_1_90' title='bbox 642 976 779 1004; x_wconf 88' lang='lat' dir='ltr'><strong>Undenam</strong></span> <span class='ocrx_word' id='word_1_91' title='bbox 792 997 799 1009; x_wconf 91' lang='lat'><strong>,</strong></span> <span class='ocrx_word' id='word_1_92' title='bbox 815 977 858 1004; x_wconf 87' lang='lat' dir='ltr'><strong>dic</strong></span> <span class='ocrx_word' id='word_1_93' title='bbox 875 977 936 1004; x_wconf 91' lang='lat' dir='ltr'><strong>mihi</strong></span> <span class='ocrx_word' id='word_1_94' title='bbox 950 997 956 1007; x_wconf 86' lang='lat'><strong>,</strong></span> <span class='ocrx_word' id='word_1_95' title='bbox 972 977 1041 1003; x_wconf 83' lang='lat' dir='ltr'><strong>unde</strong></span> 
     </span>
    </p>
   </div>
   <div class='ocr_carea' id='block_1_15' title="bbox 258 1022 1039 1057">
    <p class='ocr_par' dir='ltr' id='par_1_15' title="bbox 258 1022 1039 1057">
     <span class='ocr_line' id='line_1_15' title="bbox 258 1022 1039 1057; baseline -0.004 -6"><span class='ocrx_word' id='word_1_96' title='bbox 258 1025 390 1052; x_wconf 85' lang='lat' dir='ltr'><strong>flammam</strong></span> <span class='ocrx_word' id='word_1_97' title='bbox 401 1024 575 1051; x_wconf 79' lang='lat' dir='ltr'><strong>accendamus</strong></span> <span class='ocrx_word' id='word_1_98' title='bbox 586 1024 668 1053; x_wconf 87' lang='lat' dir='ltr'><strong>illam,</strong></span> <span class='ocrx_word' id='word_1_99' title='bbox 677 1030 737 1050; x_wconf 91' lang='lat' dir='ltr'><strong>cum</strong></span> <span class='ocrx_word' id='word_1_100' title='bbox 747 1030 831 1057; x_wconf 90' lang='lat' dir='ltr'><strong>neque</strong></span> <span class='ocrx_word' id='word_1_101' title='bbox 841 1022 952 1049; x_wconf 83' lang='lat' dir='ltr'><strong>scintilla</strong></span> <span class='ocrx_word' id='word_1_102' title='bbox 961 1022 1039 1055; x_wconf 81' lang='lat' dir='ltr'><strong>adsit,</strong></span> 
     </span>
    </p>
   </div>
   <div class='ocr_carea' id='block_1_16' title="bbox 257 1068 1041 1105">
    <p class='ocr_par' dir='ltr' id='par_1_16' title="bbox 257 1068 1041 1105">
     <span class='ocr_line' id='line_1_16' title="bbox 257 1068 1041 1105; baseline -0.005 -7"><span class='ocrx_word' id='word_1_103' title='bbox 257 1078 342 1104; x_wconf 88' lang='lat' dir='ltr'><strong>neque</strong></span> <span class='ocrx_word' id='word_1_104' title='bbox 360 1070 429 1105; x_wconf 86' lang='lat' dir='ltr'><strong>ligna</strong></span> <span class='ocrx_word' id='word_1_105' title='bbox 442 1069 595 1104; x_wconf 87' lang='lat' dir='ltr'><strong>subjaccant</strong></span> <span class='ocrx_word' id='word_1_106' title='bbox 606 1090 613 1102; x_wconf 90' lang='lat'><strong>,</strong></span> <span class='ocrx_word' id='word_1_107' title='bbox 630 1076 715 1103; x_wconf 89' lang='lat' dir='ltr'><strong>neque</strong></span> <span class='ocrx_word' id='word_1_108' title='bbox 728 1068 835 1103; x_wconf 78' lang='lat' dir='ltr'><strong>spiritus</strong></span> <span class='ocrx_word' id='word_1_109' title='bbox 847 1068 879 1095; x_wconf 91' lang='lat' dir='ltr'><strong>ad</strong></span> <span class='ocrx_word' id='word_1_110' title='bbox 894 1069 964 1095; x_wconf 85' lang='lat' dir='ltr'><strong>illam</strong></span> <span class='ocrx_word' id='word_1_111' title='bbox 981 1075 1041 1102; x_wconf 78' lang='lat' dir='ltr'><strong>per-</strong></span> 
     </span>
    </p>
   </div>
   <div class='ocr_carea' id='block_1_17' title="bbox 256 1113 1039 1148">
    <p class='ocr_par' dir='ltr' id='par_1_17' title="bbox 256 1113 1039 1148">
     <span class='ocr_line' id='line_1_17' title="bbox 256 1113 1039 1148; baseline -0.004 -6"><span class='ocrx_word' id='word_1_112' title='bbox 256 1115 367 1142; x_wconf 84' lang='lat' dir='ltr'><strong>llandam</strong></span> <span class='ocrx_word' id='word_1_113' title='bbox 374 1114 505 1145; x_wconf 92' lang='lat' dir='ltr'><strong>adveniat,</strong></span> <span class='ocrx_word' id='word_1_114' title='bbox 513 1113 689 1148; x_wconf 77' lang='lat' dir='ltr'><strong>obcaliginem</strong></span> <span class='ocrx_word' id='word_1_115' title='bbox 696 1113 706 1128; x_wconf 91' lang='grc'><strong><em>³</em></strong></span> <span class='ocrx_word' id='word_1_116' title='bbox 713 1121 808 1147; x_wconf 82' lang='lat' dir='ltr'><strong>nempe</strong></span> <span class='ocrx_word' id='word_1_117' title='bbox 815 1113 885 1140; x_wconf 83' lang='lat' dir='ltr'><strong>illam</strong></span> <span class='ocrx_word' id='word_1_118' title='bbox 895 1113 1039 1148; x_wconf 76' lang='lat' dir='ltr'><strong>ingentem,</strong></span> 
     </span>
    </p>
   </div>
   <div class='ocr_carea' id='block_1_18' title="bbox 255 1159 1040 1196">
    <p class='ocr_par' dir='ltr' id='par_1_18' title="bbox 255 1159 1040 1196">
     <span class='ocr_line' id='line_1_18' title="bbox 255 1159 1040 1196; baseline -0.003 -9"><span class='ocrx_word' id='word_1_119' title='bbox 255 1169 332 1196; x_wconf 90' lang='lat' dir='ltr'><strong>quatn</strong></span> <span class='ocrx_word' id='word_1_120' title='bbox 354 1161 392 1187; x_wconf 89' lang='lat' dir='ltr'><strong>vis</strong></span> <span class='ocrx_word' id='word_1_121' title='bbox 415 1164 583 1195; x_wconf 76' lang='lat' dir='ltr'><strong>peccatorum</strong></span> <span class='ocrx_word' id='word_1_122' title='bbox 604 1159 699 1186; x_wconf 76' lang='lat' dir='ltr'><strong>anima:</strong></span> <span class='ocrx_word' id='word_1_123' title='bbox 719 1164 816 1186; x_wconf 71' lang='lat' dir='ltr'><strong>nostrm</strong></span> <span class='ocrx_word' id='word_1_124' title='bbox 832 1159 1040 1194; x_wconf 77' lang='lat' dir='ltr'><strong>obtendit‘lEgo</strong></span> 
     </span>
    </p>
   </div>
   <div class='ocr_carea' id='block_1_19' title="bbox 255 1204 1037 1241">
    <p class='ocr_par' dir='ltr' id='par_1_19' title="bbox 255 1204 1037 1241">
     <span class='ocr_line' id='line_1_19' title="bbox 255 1204 1037 1241; baseline -0.003 -8"><span class='ocrx_word' id='word_1_125' title='bbox 255 1207 360 1241; x_wconf 86' lang='lat' dir='ltr'><strong>quidem</strong></span> <span class='ocrx_word' id='word_1_126' title='bbox 377 1214 428 1232; x_wconf 90' lang='lat' dir='ltr'><strong>non</strong></span> <span class='ocrx_word' id='word_1_127' title='bbox 442 1205 513 1238; x_wconf 89' lang='lat' dir='ltr'><strong>novi,</strong></span> <span class='ocrx_word' id='word_1_128' title='bbox 529 1205 575 1232; x_wconf 81' lang='lat' dir='ltr'><strong>sed</strong></span> <span class='ocrx_word' id='word_1_129' title='bbox 591 1209 664 1232; x_wconf 89' lang='lat' dir='ltr'><strong>tuum</strong></span> <span class='ocrx_word' id='word_1_130' title='bbox 679 1209 720 1231; x_wconf 89' lang='lat' dir='ltr'><strong>est</strong></span> <span class='ocrx_word' id='word_1_131' title='bbox 734 1204 832 1237; x_wconf 85' lang='lat' dir='ltr'><strong>dicere,</strong></span> <span class='ocrx_word' id='word_1_132' title='bbox 847 1204 891 1239; x_wconf 87' lang='lat' dir='ltr'><strong>qui</strong></span> <span class='ocrx_word' id='word_1_133' title='bbox 905 1204 1019 1238; x_wconf 84' lang='lat' dir='ltr'><strong>imperas</strong></span> <span class='ocrx_word' id='word_1_134' title='bbox 1030 1225 1037 1237; x_wconf 92' lang='lat'><strong>,</strong></span> 
     </span>
    </p>
   </div>
   <div class='ocr_carea' id='block_1_20' title="bbox 255 1249 1041 1287">
    <p class='ocr_par' dir='ltr' id='par_1_20' title="bbox 255 1249 1041 1287">
     <span class='ocr_line' id='line_1_20' title="bbox 255 1249 1041 1287; baseline -0.001 -10"><span class='ocrx_word' id='word_1_135' title='bbox 255 1260 307 1287; x_wconf 84' lang='lat' dir='ltr'><strong>quo</strong></span> <span class='ocrx_word' id='word_1_136' title='bbox 319 1256 394 1286; x_wconf 86' lang='lat' dir='ltr'><strong>pacto</strong></span> <span class='ocrx_word' id='word_1_137' title='bbox 403 1251 504 1286; x_wconf 88' lang='lat' dir='ltr'><strong>jttssunt</strong></span> <span class='ocrx_word' id='word_1_138' title='bbox 516 1256 588 1277; x_wconf 92' lang='lat' dir='ltr'><strong>tuum</strong></span> <span class='ocrx_word' id='word_1_139' title='bbox 600 1251 624 1277; x_wconf 93' lang='lat' dir='ltr'><strong>in</strong></span> <span class='ocrx_word' id='word_1_140' title='bbox 634 1257 700 1284; x_wconf 93' lang='lat' dir='ltr'><strong>opus</strong></span> <span class='ocrx_word' id='word_1_141' title='bbox 710 1249 845 1284; x_wconf 89' lang='lat' dir='ltr'><strong>procedat,</strong></span> <span class='ocrx_word' id='word_1_142' title='bbox 857 1254 883 1276; x_wconf 92' lang='lat' dir='ltr'><strong>et</strong></span> <span class='ocrx_word' id='word_1_143' title='bbox 892 1257 1041 1284; x_wconf 82' lang='lat' dir='ltr'><strong>congruen-</strong></span> 
     </span>
    </p>
   </div>
   <div class='ocr_carea' id='block_1_21' title="bbox 255 1295 1039 1331">
    <p class='ocr_par' dir='ltr' id='par_1_21' title="bbox 255 1295 1039 1331">
     <span class='ocr_line' id='line_1_21' title="bbox 255 1295 1039 1331; baseline -0.001 -7"><span class='ocrx_word' id='word_1_144' title='bbox 255 1303 307 1325; x_wconf 86' lang='lat' dir='ltr'><strong>tem</strong></span> <span class='ocrx_word' id='word_1_145' title='bbox 324 1298 402 1324; x_wconf 87' lang='lat' dir='ltr'><strong>linem</strong></span> <span class='ocrx_word' id='word_1_146' title='bbox 417 1301 581 1331; x_wconf 84' lang='lat' dir='ltr'><strong>asscquatur.</strong></span> <span class='ocrx_word' id='word_1_147' title='bbox 599 1295 653 1323; x_wconf 82' lang='lat' dir='ltr'><strong>Nos</strong></span> <span class='ocrx_word' id='word_1_148' title='bbox 670 1301 743 1323; x_wconf 85' lang='lat' dir='ltr'><strong>certe</strong></span> <span class='ocrx_word' id='word_1_149' title='bbox 756 1296 850 1330; x_wconf 66' lang='lat' dir='ltr'><strong>linguae</strong></span> <span class='ocrx_word' id='word_1_150' title='bbox 862 1295 1039 1330; x_wconf 74' lang='lat' dir='ltr'><strong>praebebimus</strong></span> 
     </span>
    </p>
   </div>
   <div class='ocr_carea' id='block_1_22' title="bbox 255 1341 1037 1375">
    <p class='ocr_par' dir='ltr' id='par_1_22' title="bbox 255 1341 1037 1375">
     <span class='ocr_line' id='line_1_22' title="bbox 255 1341 1037 1375; baseline -0.003 -6"><span class='ocrx_word' id='word_1_151' title='bbox 255 1343 430 1370; x_wconf 81' lang='lat' dir='ltr'><strong>ministerium</strong></span> <span class='ocrx_word' id='word_1_152' title='bbox 442 1350 448 1374; x_wconf 88' lang='lat'><strong>;</strong></span> <span class='ocrx_word' id='word_1_153' title='bbox 466 1346 492 1368; x_wconf 94' lang='lat' dir='ltr'><strong>tu</strong></span> <span class='ocrx_word' id='word_1_154' title='bbox 506 1349 569 1368; x_wconf 89' lang='lat' dir='ltr'><strong>vero</strong></span> <span class='ocrx_word' id='word_1_155' title='bbox 582 1348 692 1375; x_wconf 84' lang='lat' dir='ltr'><strong>precare</strong></span> <span class='ocrx_word' id='word_1_156' title='bbox 704 1348 775 1374; x_wconf 86' lang='lat' dir='ltr'><strong>eum,</strong></span> <span class='ocrx_word' id='word_1_157' title='bbox 790 1341 834 1375; x_wconf 93' lang='lat' dir='ltr'><strong>qui</strong></span> <span class='ocrx_word' id='word_1_158' title='bbox 849 1345 924 1367; x_wconf 86' lang='lat' dir='ltr'><strong>sanat</strong></span> <span class='ocrx_word' id='word_1_159' title='bbox 938 1341 1037 1368; x_wconf 91' lang='lat' dir='ltr'><strong>contri-</strong></span> 
     </span>
    </p>
   </div>
   <div class='ocr_carea' id='block_1_23' title="bbox 255 1386 1037 1424">
    <p class='ocr_par' dir='ltr' id='par_1_23' title="bbox 255 1386 1037 1424">
     <span class='ocr_line' id='line_1_23' title="bbox 255 1386 1037 1424; baseline -0.003 -10"><span class='ocrx_word' id='word_1_160' title='bbox 255 1392 296 1415; x_wconf 84' lang='lat' dir='ltr'><strong>tus</strong></span> <span class='ocrx_word' id='word_1_161' title='bbox 316 1388 397 1414; x_wconf 89' lang='lat' dir='ltr'><strong>corde</strong></span> <span class='ocrx_word' id='word_1_162' title='bbox 407 1408 414 1420; x_wconf 91' lang='lat'><strong>,</strong></span> <span class='ocrx_word' id='word_1_163' title='bbox 427 1388 470 1422; x_wconf 93' lang='lat' dir='ltr'><strong>qui</strong></span> <span class='ocrx_word' id='word_1_164' title='bbox 485 1387 530 1414; x_wconf 90' lang='lat' dir='ltr'><strong>dat</strong></span> <span class='ocrx_word' id='word_1_165' title='bbox 548 1386 722 1424; x_wconf 84' lang='lat' dir='ltr'><strong>pusillanimis</strong></span> <span class='ocrx_word' id='word_1_166' title='bbox 737 1386 960 1420; x_wconf 81' lang='lat' dir='ltr'><strong>longanimitatem</strong></span> <span class='ocrx_word' id='word_1_167' title='bbox 971 1406 977 1417; x_wconf 91' lang='lat'><strong>,</strong></span> <span class='ocrx_word' id='word_1_168' title='bbox 993 1386 1037 1420; x_wconf 85' lang='lat' dir='ltr'><strong>qui</strong></span> 
     </span>
    </p>
   </div>
   <div class='ocr_carea' id='block_1_24' title="bbox 255 1432 1039 1468">
    <p class='ocr_par' dir='ltr' id='par_1_24' title="bbox 255 1432 1039 1468">
     <span class='ocr_line' id='line_1_24' title="bbox 255 1432 1039 1468; baseline -0.003 -8"><span class='ocrx_word' id='word_1_169' title='bbox 255 1434 362 1461; x_wconf 80' lang='lat' dir='ltr'><strong>suscitat</strong></span> <span class='ocrx_word' id='word_1_170' title='bbox 372 1434 404 1460; x_wconf 91' lang='lat' dir='ltr'><strong>de</strong></span> <span class='ocrx_word' id='word_1_171' title='bbox 419 1439 487 1460; x_wconf 91' lang='lat' dir='ltr'><strong>terra</strong></span> <span class='ocrx_word' id='word_1_172' title='bbox 502 1441 653 1468; x_wconf 81' lang='lat' dir='ltr'><strong>pauperem,</strong></span> <span class='ocrx_word' id='word_1_173' title='bbox 666 1438 693 1459; x_wconf 94' lang='lat' dir='ltr'><strong>ut</strong></span> <span class='ocrx_word' id='word_1_174' title='bbox 707 1432 777 1459; x_wconf 91' lang='lat' dir='ltr'><strong>hunc</strong></span> <span class='ocrx_word' id='word_1_175' title='bbox 787 1432 812 1459; x_wconf 89' lang='lat' dir='ltr'><strong>in</strong></span> <span class='ocrx_word' id='word_1_176' title='bbox 828 1432 904 1459; x_wconf 88' lang='lat' dir='ltr'><strong>nobis</strong></span> <span class='ocrx_word' id='word_1_177' title='bbox 916 1432 1039 1459; x_wconf 88' lang='lat' dir='ltr'><strong>incendat</strong></span> 
     </span>
    </p>
   </div>
   <div class='ocr_carea' id='block_1_25' title="bbox 254 1478 1039 1516">
    <p class='ocr_par' dir='ltr' id='par_1_25' title="bbox 254 1478 1039 1516">
     <span class='ocr_line' id='line_1_25' title="bbox 254 1478 1039 1516; baseline -0.004 -8"><span class='ocrx_word' id='word_1_178' title='bbox 254 1482 350 1516; x_wconf 71' lang='lat' dir='ltr'><strong>ignem,</strong></span> <span class='ocrx_word' id='word_1_179' title='bbox 362 1481 405 1515; x_wconf 89' lang='lat' dir='ltr'><strong>qui</strong></span> <span class='ocrx_word' id='word_1_180' title='bbox 418 1480 558 1507; x_wconf 78' lang='lat' dir='ltr'><strong>humanam</strong></span> <span class='ocrx_word' id='word_1_181' title='bbox 572 1487 678 1506; x_wconf 90' lang='lat' dir='ltr'><strong>omnem</strong></span> <span class='ocrx_word' id='word_1_182' title='bbox 687 1479 869 1506; x_wconf 78' lang='lat' dir='ltr'><strong>inﬁrmitatem</strong></span> <span class='ocrx_word' id='word_1_183' title='bbox 883 1478 950 1515; x_wconf 75' lang='lat' dir='ltr'><strong>solet</strong></span> <span class='ocrx_word' id='word_1_184' title='bbox 960 1479 1039 1506; x_wconf 86' lang='lat' dir='ltr'><strong>absu-</strong></span> 
     </span>
    </p>
   </div>
   <div class='ocr_carea' id='block_1_26' title="bbox 254 1523 1037 1559">
    <p class='ocr_par' dir='ltr' id='par_1_26' title="bbox 254 1523 1037 1559">
     <span class='ocr_line' id='line_1_26' title="bbox 254 1523 1037 1559; baseline -0.004 -6"><span class='ocrx_word' id='word_1_185' title='bbox 254 1534 338 1557; x_wconf 87' lang='lat' dir='ltr'><strong>mere,</strong></span> <span class='ocrx_word' id='word_1_186' title='bbox 350 1533 380 1552; x_wconf 87' lang='lat' dir='ltr'><strong>ac</strong></span> <span class='ocrx_word' id='word_1_187' title='bbox 391 1533 524 1558; x_wconf 90' lang='lat' dir='ltr'><strong>somnum,</strong></span> <span class='ocrx_word' id='word_1_188' title='bbox 537 1525 675 1559; x_wconf 84' lang='lat' dir='ltr'><strong>segnitiem</strong></span> <span class='ocrx_word' id='word_1_189' title='bbox 689 1524 894 1559; x_wconf 78' lang='lat' dir='ltr'><strong>gravitatemque</strong></span> <span class='ocrx_word' id='word_1_190' title='bbox 905 1523 1037 1550; x_wconf 89' lang='lat' dir='ltr'><strong>carnalem</strong></span> 
     </span>
    </p>
   </div>
   <div class='ocr_carea' id='block_1_27' title="bbox 254 1570 1036 1606">
    <p class='ocr_par' dir='ltr' id='par_1_27' title="bbox 254 1570 1036 1606">
     <span class='ocr_line' id='line_1_27' title="bbox 254 1570 1036 1606; baseline 0 -10"><span class='ocrx_word' id='word_1_191' title='bbox 254 1571 429 1606; x_wconf 77' lang='lat' dir='ltr'><strong>pnescindere</strong></span> <span class='ocrx_word' id='word_1_192' title='bbox 443 1591 450 1602; x_wconf 92' lang='lat'><strong>,</strong></span> <span class='ocrx_word' id='word_1_193' title='bbox 463 1571 609 1605; x_wconf 64' lang='lat' dir='ltr'><strong>animatque</strong></span> <span class='ocrx_word' id='word_1_194' title='bbox 621 1571 676 1597; x_wconf 92' lang='lat' dir='ltr'><strong>alas</strong></span> <span class='ocrx_word' id='word_1_195' title='bbox 691 1570 723 1597; x_wconf 86' lang='lat' dir='ltr'><strong>ad</strong></span> <span class='ocrx_word' id='word_1_196' title='bbox 737 1570 829 1597; x_wconf 72' lang='lat' dir='ltr'><strong>cmlum</strong></span> <span class='ocrx_word' id='word_1_197' title='bbox 845 1570 970 1598; x_wconf 84' lang='lat' dir='ltr'><strong>sublimes</strong></span> <span class='ocrx_word' id='word_1_198' title='bbox 983 1570 1036 1597; x_wconf 92' lang='lat' dir='ltr'><strong>cri-</strong></span> 
     </span>
    </p>
   </div>
   <div class='ocr_carea' id='block_1_28' title="bbox 252 1617 1037 1652">
    <p class='ocr_par' dir='ltr' id='par_1_28' title="bbox 252 1617 1037 1652">
     <span class='ocr_line' id='line_1_28' title="bbox 252 1617 1037 1652; baseline 0.001 -8"><span class='ocrx_word' id='word_1_199' title='bbox 252 1625 315 1652; x_wconf 78' lang='lat' dir='ltr'><strong>gcre</strong></span> <span class='ocrx_word' id='word_1_200' title='bbox 329 1626 335 1644; x_wconf 75' lang='grc' dir='ltr'>ε</span> <span class='ocrx_word' id='word_1_201' title='bbox 351 1618 384 1644; x_wconf 90' lang='lat' dir='ltr'><strong>ab</strong></span> <span class='ocrx_word' id='word_1_202' title='bbox 403 1618 445 1644; x_wconf 92' lang='lat' dir='ltr'><strong>illa</strong></span> <span class='ocrx_word' id='word_1_203' title='bbox 459 1622 547 1644; x_wconf 79' lang='lat' dir='ltr'><strong>autern</strong></span> <span class='ocrx_word' id='word_1_204' title='bbox 567 1617 656 1651; x_wconf 89' lang='lat' dir='ltr'><strong>apside</strong></span> <span class='ocrx_word' id='word_1_205' title='bbox 668 1639 674 1649; x_wconf 92' lang='lat'><strong>,</strong></span> <span class='ocrx_word' id='word_1_206' title='bbox 689 1625 737 1644; x_wconf 90' lang='lat' dir='ltr'><strong>ceu</strong></span> <span class='ocrx_word' id='word_1_207' title='bbox 751 1626 783 1645; x_wconf 80' lang='lat' dir='ltr'><strong>ex</strong></span> <span class='ocrx_word' id='word_1_208' title='bbox 798 1618 912 1652; x_wconf 87' lang='lat' dir='ltr'><strong>quodam</strong></span> <span class='ocrx_word' id='word_1_209' title='bbox 931 1618 1037 1645; x_wconf 75' lang='lat' dir='ltr'><strong>excelso</strong></span> 
     </span>
    </p>
   </div>
   <div class='ocr_carea' id='block_1_29' title="bbox 253 1662 1036 1696">
    <p class='ocr_par' dir='ltr' id='par_1_29' title="bbox 253 1662 1036 1696">
     <span class='ocr_line' id='line_1_29' title="bbox 253 1662 1036 1696; baseline 0.001 -7"><span class='ocrx_word' id='word_1_210' title='bbox 253 1663 367 1695; x_wconf 86' lang='lat' dir='ltr'><strong>vertice,</strong></span> <span class='ocrx_word' id='word_1_211' title='bbox 383 1670 488 1689; x_wconf 87' lang='lat' dir='ltr'><strong>onmem</strong></span> <span class='ocrx_word' id='word_1_212' title='bbox 503 1662 512 1677; x_wconf 70' lang='lat'>‘</span> <span class='ocrx_word' id='word_1_213' title='bbox 524 1662 639 1689; x_wconf 89' lang='lat' dir='ltr'><strong>ostendit</strong></span> <span class='ocrx_word' id='word_1_214' title='bbox 658 1663 795 1696; x_wconf 75' lang='lat' dir='ltr'><strong>prmsenlis</strong></span> <span class='ocrx_word' id='word_1_215' title='bbox 815 1663 875 1689; x_wconf 81' lang='lat' dir='ltr'><strong>vitae</strong></span> <span class='ocrx_word' id='word_1_216' title='bbox 896 1664 1036 1690; x_wconf 78' lang='lat' dir='ltr'><strong>vanitatem</strong></span> 
     </span>
    </p>
   </div>
   <div class='ocr_carea' id='block_1_30' title="bbox 253 1707 1036 1742">
    <p class='ocr_par' dir='ltr' id='par_1_30' title="bbox 253 1707 1036 1742">
     <span class='ocr_line' id='line_1_30' title="bbox 253 1707 1036 1742; baseline 0 -7"><span class='ocrx_word' id='word_1_217' title='bbox 253 1708 460 1742; x_wconf 87' lang='lat' dir='ltr'><strong>cmemitamque</strong></span> <span class='ocrx_word' id='word_1_218' title='bbox 470 1707 595 1741; x_wconf 87' lang='lat' dir='ltr'><strong>speciem.</strong></span> <span class='ocrx_word' id='word_1_219' title='bbox 608 1708 656 1740; x_wconf 88' lang='lat' dir='ltr'><strong>Qui</strong></span> <span class='ocrx_word' id='word_1_220' title='bbox 668 1708 738 1735; x_wconf 91' lang='lat' dir='ltr'><strong>enim</strong></span> <span class='ocrx_word' id='word_1_221' title='bbox 752 1708 906 1741; x_wconf 87' lang='lat' dir='ltr'><strong>nequeilluc</strong></span> <span class='ocrx_word' id='word_1_222' title='bbox 919 1709 1036 1742; x_wconf 83' lang='lat' dir='ltr'><strong>avolare,</strong></span> 
     </span>
    </p>
   </div>
   <div class='ocr_carea' id='block_1_31' title="bbox 254 1753 1035 1788">
    <p class='ocr_par' dir='ltr' id='par_1_31' title="bbox 254 1753 1035 1788">
     <span class='ocr_line' id='line_1_31' title="bbox 254 1753 1035 1788; baseline -0.001 -8"><span class='ocrx_word' id='word_1_223' title='bbox 254 1762 338 1788; x_wconf 84' lang='lat' dir='ltr'><strong>neque</strong></span> <span class='ocrx_word' id='word_1_224' title='bbox 351 1754 376 1780; x_wconf 88' lang='lat' dir='ltr'><strong>itt</strong></span> <span class='ocrx_word' id='word_1_225' title='bbox 391 1754 433 1780; x_wconf 88' lang='lat' dir='ltr'><strong>illa</strong></span> <span class='ocrx_word' id='word_1_226' title='bbox 448 1753 550 1787; x_wconf 81' lang='lat' dir='ltr'><strong>specula</strong></span> <span class='ocrx_word' id='word_1_227' title='bbox 564 1753 657 1780; x_wconf 90' lang='lat' dir='ltr'><strong>sedere</strong></span> <span class='ocrx_word' id='word_1_228' title='bbox 671 1755 771 1787; x_wconf 88' lang='lat' dir='ltr'><strong>potuit,</strong></span> <span class='ocrx_word' id='word_1_229' title='bbox 787 1755 809 1780; x_wconf 92' lang='lat' dir='ltr'><strong>is</strong></span> <span class='ocrx_word' id='word_1_230' title='bbox 824 1761 908 1787; x_wconf 86' lang='lat' dir='ltr'><strong>neque</strong></span> <span class='ocrx_word' id='word_1_231' title='bbox 922 1758 1018 1780; x_wconf 79' lang='lat' dir='ltr'><strong>terram</strong></span> <span class='ocrx_word' id='word_1_232' title='bbox 1028 1773 1035 1786; x_wconf 92' lang='lat'><strong>,</strong></span> 
     </span>
    </p>
   </div>
   <div class='ocr_carea' id='block_1_32' title="bbox 254 1798 1037 1833">
    <p class='ocr_par' dir='ltr' id='par_1_32' title="bbox 254 1798 1037 1833">
     <span class='ocr_line' id='line_1_32' title="bbox 254 1798 1037 1833; baseline -0.001 -8"><span class='ocrx_word' id='word_1_233' title='bbox 254 1807 338 1833; x_wconf 89' lang='lat' dir='ltr'><strong>neque</strong></span> <span class='ocrx_word' id='word_1_234' title='bbox 359 1803 462 1825; x_wconf 84' lang='lat' dir='ltr'><strong>terrena</strong></span> <span class='ocrx_word' id='word_1_235' title='bbox 484 1798 587 1832; x_wconf 81' lang='lat' dir='ltr'><strong>negotia</strong></span> <span class='ocrx_word' id='word_1_236' title='bbox 602 1799 622 1830; x_wconf 81' lang='grc'><strong>⁵,</strong></span> <span class='ocrx_word' id='word_1_237' title='bbox 649 1802 676 1824; x_wconf 87' lang='grc' dir='ltr'><strong>ιιι</strong></span> <span class='ocrx_word' id='word_1_238' title='bbox 695 1798 783 1825; x_wconf 77' lang='lat' dir='ltr'><strong>videre</strong></span> <span class='ocrx_word' id='word_1_239' title='bbox 802 1805 850 1832; x_wconf 88' lang='lat' dir='ltr'><strong>par</strong></span> <span class='ocrx_word' id='word_1_240' title='bbox 869 1802 910 1825; x_wconf 85' lang='lat' dir='ltr'><strong>est</strong></span> <span class='ocrx_word' id='word_1_241' title='bbox 922 1818 929 1831; x_wconf 92' lang='lat'><strong>,</strong></span> <span class='ocrx_word' id='word_1_242' title='bbox 949 1798 1037 1825; x_wconf 86' lang='lat' dir='ltr'><strong>videre</strong></span> 
     </span>
    </p>
   </div>
   <div class='ocr_carea' id='block_1_33' title="bbox 254 1843 1037 1880">
    <p class='ocr_par' dir='ltr' id='par_1_33' title="bbox 254 1843 1037 1880">
     <span class='ocr_line' id='line_1_33' title="bbox 254 1843 1037 1880; baseline -0.001 -9"><span class='ocrx_word' id='word_1_243' title='bbox 254 1849 349 1880; x_wconf 78' lang='lat' dir='ltr'><strong>potest.</strong></span> <span class='ocrx_word' id='word_1_244' title='bbox 363 1845 429 1878; x_wconf 89' lang='lat' dir='ltr'><strong>Quia</strong></span> <span class='ocrx_word' id='word_1_245' title='bbox 443 1845 512 1871; x_wconf 90' lang='lat' dir='ltr'><strong>enim</strong></span> <span class='ocrx_word' id='word_1_246' title='bbox 527 1845 606 1871; x_wconf 90' lang='lat' dir='ltr'><strong>multa</strong></span> <span class='ocrx_word' id='word_1_247' title='bbox 622 1849 697 1877; x_wconf 83' lang='lat' dir='ltr'><strong>stitit,</strong></span> <span class='ocrx_word' id='word_1_248' title='bbox 711 1852 769 1879; x_wconf 72' lang='lat' dir='ltr'><strong>qua:</strong></span> <span class='ocrx_word' id='word_1_249' title='bbox 784 1844 850 1871; x_wconf 84' lang='lat' dir='ltr'><strong>visui</strong></span> <span class='ocrx_word' id='word_1_250' title='bbox 865 1844 986 1871; x_wconf 81' lang='lat' dir='ltr'><strong>tenebras</strong></span> <span class='ocrx_word' id='word_1_251' title='bbox 998 1843 1037 1871; x_wconf 84' lang='lat' dir='ltr'><strong>of-</strong></span> 
     </span>
    </p>
   </div>
   <div class='ocr_carea' id='block_1_34' title="bbox 255 1890 1037 1925">
    <p class='ocr_par' dir='ltr' id='par_1_34' title="bbox 255 1890 1037 1925">
     <span class='ocr_line' id='line_1_34' title="bbox 255 1890 1037 1925; baseline -0.001 -7"><span class='ocrx_word' id='word_1_252' title='bbox 255 1892 375 1924; x_wconf 82' lang='lat' dir='ltr'><strong>fundunt,</strong></span> <span class='ocrx_word' id='word_1_253' title='bbox 392 1891 473 1918; x_wconf 82' lang='lat' dir='ltr'><strong>amita</strong></span> <span class='ocrx_word' id='word_1_254' title='bbox 488 1899 546 1925; x_wconf 70' lang='lat' dir='ltr'><strong>qum</strong></span> <span class='ocrx_word' id='word_1_255' title='bbox 558 1891 674 1917; x_wconf 86' lang='lat' dir='ltr'><strong>auditum</strong></span> <span class='ocrx_word' id='word_1_256' title='bbox 691 1890 805 1921; x_wconf 84' lang='lat' dir='ltr'><strong>turbant,</strong></span> <span class='ocrx_word' id='word_1_257' title='bbox 822 1890 904 1917; x_wconf 88' lang='lat' dir='ltr'><strong>multa</strong></span> <span class='ocrx_word' id='word_1_258' title='bbox 917 1898 974 1924; x_wconf 78' lang='lat' dir='ltr'><strong>qum</strong></span> <span class='ocrx_word' id='word_1_259' title='bbox 989 1891 1037 1917; x_wconf 88' lang='lat' dir='ltr'><strong>lin—</strong></span> 
     </span>
    </p>
   </div>
   <div class='ocr_carea' id='block_1_35' title="bbox 253 1935 1036 1971">
    <p class='ocr_par' dir='ltr' id='par_1_35' title="bbox 253 1935 1036 1971">
     <span class='ocr_line' id='line_1_35' title="bbox 253 1935 1036 1971; baseline -0.001 -8"><span class='ocrx_word' id='word_1_260' title='bbox 253 1945 329 1971; x_wconf 80' lang='lat' dir='ltr'><strong>guam</strong></span> <span class='ocrx_word' id='word_1_261' title='bbox 343 1936 515 1970; x_wconf 67' lang='lat' dir='ltr'><strong>prtepcdiunt,</strong></span> <span class='ocrx_word' id='word_1_262' title='bbox 533 1940 637 1970; x_wconf 82' lang='lat' dir='ltr'><strong>oportet</strong></span> <span class='ocrx_word' id='word_1_263' title='bbox 650 1943 721 1967; x_wconf 89' lang='lat' dir='ltr'><strong>eum,</strong></span> <span class='ocrx_word' id='word_1_264' title='bbox 735 1935 769 1962; x_wconf 87' lang='lat' dir='ltr'><strong>ab</strong></span> <span class='ocrx_word' id='word_1_265' title='bbox 783 1935 853 1962; x_wconf 88' lang='lat' dir='ltr'><strong>omni</strong></span> <span class='ocrx_word' id='word_1_266' title='bbox 869 1936 980 1962; x_wconf 88' lang='lat' dir='ltr'><strong>tumultu</strong></span> <span class='ocrx_word' id='word_1_267' title='bbox 995 1940 1036 1962; x_wconf 57' lang='lat' dir='ltr'><strong>at.</strong></span> 
     </span>
    </p>
   </div>
   <div class='ocr_carea' id='block_1_36' title="bbox 253 1981 1034 2017">
    <p class='ocr_par' dir='ltr' id='par_1_36' title="bbox 253 1981 1034 2017">
     <span class='ocr_line' id='line_1_36' title="bbox 253 1981 1034 2017; baseline 0.001 -10"><span class='ocrx_word' id='word_1_268' title='bbox 253 1991 304 2017; x_wconf 90' lang='lat' dir='ltr'><strong>que</strong></span> <span class='ocrx_word' id='word_1_269' title='bbox 318 1982 388 2009; x_wconf 87' lang='lat' dir='ltr'><strong>futno</strong></span> <span class='ocrx_word' id='word_1_270' title='bbox 399 1982 565 2014; x_wconf 88' lang='lat' dir='ltr'><strong>subductum,</strong></span> <span class='ocrx_word' id='word_1_271' title='bbox 580 1982 612 2008; x_wconf 91' lang='lat' dir='ltr'><strong>ad</strong></span> <span class='ocrx_word' id='word_1_272' title='bbox 627 1982 696 2008; x_wconf 84' lang='lat' dir='ltr'><strong>illam</strong></span> <span class='ocrx_word' id='word_1_273' title='bbox 718 1981 885 2008; x_wconf 79' lang='lat' dir='ltr'><strong>solitudinem</strong></span> <span class='ocrx_word' id='word_1_274' title='bbox 898 1981 1034 2014; x_wconf 86' lang='lat' dir='ltr'><strong>secedere,</strong></span> 
     </span>
    </p>
   </div>
   <div class='ocr_carea' id='block_1_37' title="bbox 251 2028 1037 2063">
    <p class='ocr_par' dir='ltr' id='par_1_37' title="bbox 251 2028 1037 2063">
     <span class='ocr_line' id='line_1_37' title="bbox 251 2028 1037 2063; baseline -0.001 -8"><span class='ocrx_word' id='word_1_275' title='bbox 251 2029 295 2055; x_wconf 80' lang='lat' dir='ltr'><strong>ubi</strong></span> <span class='ocrx_word' id='word_1_276' title='bbox 310 2036 402 2063; x_wconf 81' lang='lat' dir='ltr'><strong>magna</strong></span> <span class='ocrx_word' id='word_1_277' title='bbox 418 2028 604 2063; x_wconf 85' lang='lat' dir='ltr'><strong>tranquillitas,</strong></span> <span class='ocrx_word' id='word_1_278' title='bbox 617 2035 679 2062; x_wconf 89' lang='lat' dir='ltr'><strong>pttra</strong></span> <span class='ocrx_word' id='word_1_279' title='bbox 691 2028 829 2060; x_wconf 86' lang='lat' dir='ltr'><strong>serenitas,</strong></span> <span class='ocrx_word' id='word_1_280' title='bbox 840 2028 965 2055; x_wconf 90' lang='lat' dir='ltr'><strong>tumultus</strong></span> <span class='ocrx_word' id='word_1_281' title='bbox 977 2029 1037 2055; x_wconf 93' lang='lat' dir='ltr'><strong>nul-</strong></span> 
     </span>
    </p>
   </div>
   <div class='ocr_carea' id='block_1_38' title="bbox 253 2074 1036 2102">
    <p class='ocr_par' dir='ltr' id='par_1_38' title="bbox 253 2074 1036 2102">
     <span class='ocr_line' id='line_1_38' title="bbox 253 2074 1036 2102; baseline 0.003 -2"><span class='ocrx_word' id='word_1_282' title='bbox 253 2075 309 2102; x_wconf 88' lang='lat' dir='ltr'><strong>lus:</strong></span> <span class='ocrx_word' id='word_1_283' title='bbox 323 2075 369 2101; x_wconf 87' lang='lat' dir='ltr'><strong>sed</strong></span> <span class='ocrx_word' id='word_1_284' title='bbox 383 2075 450 2101; x_wconf 90' lang='lat' dir='ltr'><strong>oculi</strong></span> <span class='ocrx_word' id='word_1_285' title='bbox 465 2074 491 2101; x_wconf 88' lang='lat' dir='ltr'><strong>itt</strong></span> <span class='ocrx_word' id='word_1_286' title='bbox 503 2082 582 2100; x_wconf 90' lang='lat' dir='ltr'><strong>untun</strong></span> <span class='ocrx_word' id='word_1_287' title='bbox 601 2074 645 2100; x_wconf 93' lang='lat' dir='ltr'><strong>Dei</strong></span> <span class='ocrx_word' id='word_1_288' title='bbox 660 2081 777 2101; x_wconf 88' lang='lat' dir='ltr'><strong>amorem</strong></span> <span class='ocrx_word' id='word_1_289' title='bbox 788 2074 798 2089; x_wconf 75' lang='grc' dir='ltr'><strong>θ</strong></span> <span class='ocrx_word' id='word_1_290' title='bbox 810 2075 902 2101; x_wconf 89' lang='lat' dir='ltr'><strong>intenti</strong></span> <span class='ocrx_word' id='word_1_291' title='bbox 919 2082 969 2101; x_wconf 89' lang='lat' dir='ltr'><strong>non</strong></span> <span class='ocrx_word' id='word_1_292' title='bbox 985 2075 1036 2102; x_wconf 88' lang='lat' dir='ltr'><strong>alio</strong></span> 
     </span>
    </p>
   </div>
   <div class='ocr_carea' id='block_1_39' title="bbox 253 2119 1037 2153">
    <p class='ocr_par' dir='ltr' id='par_1_39' title="bbox 253 2119 1037 2153">
     <span class='ocr_line' id='line_1_39' title="bbox 253 2119 1037 2153; baseline 0.003 -7"><span class='ocrx_word' id='word_1_293' title='bbox 253 2119 397 2153; x_wconf 81' lang='lat' dir='ltr'><strong>declinant,</strong></span> <span class='ocrx_word' id='word_1_294' title='bbox 414 2127 490 2147; x_wconf 85' lang='lat' dir='ltr'><strong>aures</strong></span> <span class='ocrx_word' id='word_1_295' title='bbox 505 2127 567 2146; x_wconf 89' lang='lat' dir='ltr'><strong>vero</strong></span> <span class='ocrx_word' id='word_1_296' title='bbox 581 2119 753 2151; x_wconf 70' lang='lat' dir='ltr'><strong>inconcussze,</strong></span> <span class='ocrx_word' id='word_1_297' title='bbox 770 2120 813 2146; x_wconf 91' lang='lat' dir='ltr'><strong>uni</strong></span> <span class='ocrx_word' id='word_1_298' title='bbox 829 2124 929 2146; x_wconf 87' lang='lat' dir='ltr'><strong>tantum</strong></span> <span class='ocrx_word' id='word_1_299' title='bbox 942 2121 980 2148; x_wconf 90' lang='lat' dir='ltr'><strong>rei</strong></span> <span class='ocrx_word' id='word_1_300' title='bbox 993 2129 1037 2148; x_wconf 62' lang='grc' dir='ltr'><strong>ναι</strong></span> 
     </span>
    </p>
   </div>
   <div class='ocr_carea' id='block_1_40' title="bbox 253 2165 1036 2199">
    <p class='ocr_par' dir='ltr' id='par_1_40' title="bbox 253 2165 1036 2199">
     <span class='ocr_line' id='line_1_40' title="bbox 253 2165 1036 2199; baseline 0.003 -8"><span class='ocrx_word' id='word_1_301' title='bbox 253 2169 323 2195; x_wconf 89' lang='lat' dir='ltr'><strong>cant,</strong></span> <span class='ocrx_word' id='word_1_302' title='bbox 335 2172 430 2199; x_wconf 82' lang='lat' dir='ltr'><strong>nempe</strong></span> <span class='ocrx_word' id='word_1_303' title='bbox 440 2165 588 2192; x_wconf 87' lang='lat' dir='ltr'><strong>divinorum</strong></span> <span class='ocrx_word' id='word_1_304' title='bbox 600 2165 763 2199; x_wconf 83' lang='lat' dir='ltr'><strong>eloquioruut</strong></span> <span class='ocrx_word' id='word_1_305' title='bbox 774 2165 883 2198; x_wconf 91' lang='lat' dir='ltr'><strong>auditui,</strong></span> <span class='ocrx_word' id='word_1_306' title='bbox 896 2170 923 2193; x_wconf 91' lang='lat' dir='ltr'><strong>ct</strong></span> <span class='ocrx_word' id='word_1_307' title='bbox 933 2167 1036 2194; x_wconf 82' lang='lat' dir='ltr'><strong>suavis-</strong></span> 
     </span>
    </p>
   </div>
   <div class='ocr_carea' id='block_1_41' title="bbox 252 2209 1034 2245">
    <p class='ocr_par' dir='ltr' id='par_1_41' title="bbox 252 2209 1034 2245">
     <span class='ocr_line' id='line_1_41' title="bbox 252 2209 1034 2245; baseline 0.004 -9"><span class='ocrx_word' id='word_1_308' title='bbox 252 2210 326 2236; x_wconf 66' lang='lat' dir='ltr'><strong>sima:</strong></span> <span class='ocrx_word' id='word_1_309' title='bbox 340 2210 520 2244; x_wconf 89' lang='lat' dir='ltr'><strong>spiritualique</strong></span> <span class='ocrx_word' id='word_1_310' title='bbox 532 2209 670 2236; x_wconf 77' lang='lat' dir='ltr'><strong>audienda:</strong></span> <span class='ocrx_word' id='word_1_311' title='bbox 683 2210 857 2244; x_wconf 63' lang='lat' dir='ltr'><strong>symphonia),</strong></span> <span class='ocrx_word' id='word_1_312' title='bbox 871 2219 929 2245; x_wconf 80' lang='lat' dir='ltr'><strong>qua:</strong></span> <span class='ocrx_word' id='word_1_313' title='bbox 941 2213 1034 2245; x_wconf 88' lang='lat' dir='ltr'><strong>semel,</strong></span> 
     </span>
    </p>
   </div>
   <div class='ocr_carea' id='block_1_42' title="bbox 250 2255 1035 2292">
    <p class='ocr_par' dir='ltr' id='par_1_42' title="bbox 250 2255 1035 2292">
     <span class='ocr_line' id='line_1_42' title="bbox 250 2255 1035 2292; baseline 0.005 -10"><span class='ocrx_word' id='word_1_314' title='bbox 250 2261 328 2289; x_wconf 82' lang='lat' dir='ltr'><strong>capto</strong></span> <span class='ocrx_word' id='word_1_315' title='bbox 342 2255 431 2282; x_wconf 81' lang='lat' dir='ltr'><strong>animo</strong></span> <span class='ocrx_word' id='word_1_316' title='bbox 442 2275 449 2288; x_wconf 92' lang='lat'><strong>,</strong></span> <span class='ocrx_word' id='word_1_317' title='bbox 465 2259 536 2282; x_wconf 87' lang='lat' dir='ltr'><strong>tanta</strong></span> <span class='ocrx_word' id='word_1_318' title='bbox 556 2255 579 2282; x_wconf 91' lang='lat' dir='ltr'><strong>vi</strong></span> <span class='ocrx_word' id='word_1_319' title='bbox 597 2255 747 2282; x_wconf 83' lang='lat' dir='ltr'><strong>dominatur</strong></span> <span class='ocrx_word' id='word_1_320' title='bbox 758 2276 765 2287; x_wconf 88' lang='lat'><strong>,</strong></span> <span class='ocrx_word' id='word_1_321' title='bbox 782 2261 809 2282; x_wconf 92' lang='lat' dir='ltr'><strong>ut</strong></span> <span class='ocrx_word' id='word_1_322' title='bbox 828 2257 870 2283; x_wconf 84' lang='lat' dir='ltr'><strong>illa</strong></span> <span class='ocrx_word' id='word_1_323' title='bbox 891 2263 1035 2292; x_wconf 86' lang='lat' dir='ltr'><strong>pertractus</strong></span> 
     </span>
    </p>
   </div>
   <div class='ocr_carea' id='block_1_43' title="bbox 253 2300 1034 2337">
    <p class='ocr_par' dir='ltr' id='par_1_43' title="bbox 253 2300 1034 2337">
     <span class='ocr_line' id='line_1_43' title="bbox 253 2300 1034 2337; baseline 0.006 -11"><span class='ocrx_word' id='word_1_324' title='bbox 253 2300 364 2327; x_wconf 87' lang='lat' dir='ltr'><strong>tnclodia</strong></span> <span class='ocrx_word' id='word_1_325' title='bbox 380 2308 465 2334; x_wconf 87' lang='lat' dir='ltr'><strong>neque</strong></span> <span class='ocrx_word' id='word_1_326' title='bbox 478 2300 581 2333; x_wconf 90' lang='lat' dir='ltr'><strong>cibum,</strong></span> <span class='ocrx_word' id='word_1_327' title='bbox 597 2308 683 2335; x_wconf 89' lang='lat' dir='ltr'><strong>neque</strong></span> <span class='ocrx_word' id='word_1_328' title='bbox 697 2305 795 2335; x_wconf 88' lang='lat' dir='ltr'><strong>potum,</strong></span> <span class='ocrx_word' id='word_1_329' title='bbox 813 2310 898 2337; x_wconf 87' lang='lat' dir='ltr'><strong>neqtte</strong></span> <span class='ocrx_word' id='word_1_330' title='bbox 913 2311 1034 2332; x_wconf 88' lang='lat' dir='ltr'><strong>sommun</strong></span> 
     </span>
    </p>
   </div>
   <div class='ocr_carea' id='block_1_44' title="bbox 251 2346 1035 2386">
    <p class='ocr_par' dir='ltr' id='par_1_44' title="bbox 251 2346 1035 2386">
     <span class='ocr_line' id='line_1_44' title="bbox 251 2346 1035 2386; baseline 0.009 -14"><span class='ocrx_word' id='word_1_331' title='bbox 251 2353 310 2372; x_wconf 92' lang='lat' dir='ltr'><strong>cum</strong></span> <span class='ocrx_word' id='word_1_332' title='bbox 326 2346 457 2380; x_wconf 83' lang='lat' dir='ltr'><strong>voluptate</strong></span> <span class='ocrx_word' id='word_1_333' title='bbox 471 2347 566 2381; x_wconf 86' lang='lat' dir='ltr'><strong>capiat.</strong></span> <span class='ocrx_word' id='word_1_334' title='bbox 578 2346 668 2380; x_wconf 83' lang='lat' dir='ltr'><strong>Itaque</strong></span> <span class='ocrx_word' id='word_1_335' title='bbox 679 2355 727 2374; x_wconf 88' lang='lat' dir='ltr'><strong>nec</strong></span> <span class='ocrx_word' id='word_1_336' title='bbox 740 2350 905 2376; x_wconf 67' lang='lat' dir='ltr'><strong>saecularium</strong></span> <span class='ocrx_word' id='word_1_337' title='bbox 918 2353 1035 2386; x_wconf 77' lang='lat' dir='ltr'><strong>negotio-</strong></span> 
     </span>
    </p>
   </div>
   <div class='ocr_carea' id='block_1_45' title="bbox 252 2392 1035 2428">
    <p class='ocr_par' dir='ltr' id='par_1_45' title="bbox 252 2392 1035 2428">
     <span class='ocr_line' id='line_1_45' title="bbox 252 2392 1035 2428; baseline 0.009 -11"><span class='ocrx_word' id='word_1_338' title='bbox 252 2399 309 2418; x_wconf 88' lang='lat' dir='ltr'><strong>rum</strong></span> <span class='ocrx_word' id='word_1_339' title='bbox 323 2392 461 2423; x_wconf 89' lang='lat' dir='ltr'><strong>tumultus,</strong></span> <span class='ocrx_word' id='word_1_340' title='bbox 474 2399 558 2426; x_wconf 89' lang='lat' dir='ltr'><strong>neque</strong></span> <span class='ocrx_word' id='word_1_341' title='bbox 571 2393 746 2426; x_wconf 88' lang='lat' dir='ltr'><strong>corporalium</strong></span> <span class='ocrx_word' id='word_1_342' title='bbox 760 2394 835 2422; x_wconf 90' lang='lat' dir='ltr'><strong>turba</strong></span> <span class='ocrx_word' id='word_1_343' title='bbox 849 2403 946 2428; x_wconf 87' lang='lat' dir='ltr'><strong>rerum,</strong></span> <span class='ocrx_word' id='word_1_344' title='bbox 961 2401 1035 2424; x_wconf 90' lang='lat' dir='ltr'><strong>teno-</strong></span> 
     </span>
    </p>
   </div>
   <div class='ocr_carea' id='block_1_46' title="bbox 253 2436 1034 2469">
    <p class='ocr_par' dir='ltr' id='par_1_46' title="bbox 253 2436 1034 2469">
     <span class='ocr_line' id='line_1_46' title="bbox 253 2436 1034 2469; baseline 0.009 -7"><span class='ocrx_word' id='word_1_345' title='bbox 253 2443 309 2462; x_wconf 89' lang='lat' dir='ltr'><strong>rem</strong></span> <span class='ocrx_word' id='word_1_346' title='bbox 330 2436 402 2463; x_wconf 89' lang='lat' dir='ltr'><strong>illum</strong></span> <span class='ocrx_word' id='word_1_347' title='bbox 421 2436 540 2463; x_wconf 80' lang='lat' dir='ltr'><strong>relaxare</strong></span> <span class='ocrx_word' id='word_1_348' title='bbox 557 2437 650 2464; x_wconf 82' lang='lat' dir='ltr'><strong>valeat.</strong></span> <span class='ocrx_word' id='word_1_349' title='bbox 667 2438 706 2465; x_wconf 87' lang='lat' dir='ltr'><strong>Ad</strong></span> <span class='ocrx_word' id='word_1_350' title='bbox 722 2442 819 2466; x_wconf 89' lang='lat' dir='ltr'><strong>tantatn</strong></span> <span class='ocrx_word' id='word_1_351' title='bbox 833 2441 902 2467; x_wconf 90' lang='lat' dir='ltr'><strong>ettitn</strong></span> <span class='ocrx_word' id='word_1_352' title='bbox 916 2442 925 2457; x_wconf 91' lang='grc'>⁷</span> <span class='ocrx_word' id='word_1_353' title='bbox 939 2443 1034 2469; x_wconf 69' lang='lat' dir='ltr'><strong>anima:</strong></span> 
     </span>
    </p>
   </div>
   <div class='ocr_carea' id='block_1_47' title="bbox 250 2481 1033 2521">
    <p class='ocr_par' dir='ltr' id='par_1_47' title="bbox 250 2481 1033 2521">
     <span class='ocr_line' id='line_1_47' title="bbox 250 2481 1033 2521; baseline 0.011 -14"><span class='ocrx_word' id='word_1_354' title='bbox 250 2481 436 2508; x_wconf 78' lang='lat' dir='ltr'><strong>sublimitatem</strong></span> <span class='ocrx_word' id='word_1_355' title='bbox 452 2481 548 2509; x_wconf 69' lang='lat' dir='ltr'><strong>inﬁma:</strong></span> <span class='ocrx_word' id='word_1_356' title='bbox 565 2482 642 2517; x_wconf 88' lang='lat' dir='ltr'><strong>hujus</strong></span> <span class='ocrx_word' id='word_1_357' title='bbox 663 2485 823 2518; x_wconf 85' lang='lat' dir='ltr'><strong>tempestatis</strong></span> <span class='ocrx_word' id='word_1_358' title='bbox 839 2488 963 2521; x_wconf 85' lang='lat' dir='ltr'><strong>strepitus</strong></span> <span class='ocrx_word' id='word_1_359' title='bbox 981 2497 1033 2516; x_wconf 89' lang='lat' dir='ltr'><strong>tton</strong></span> 
     </span>
    </p>
   </div>
   <div class='ocr_carea' id='block_1_48' title="bbox 279 2563 1033 2601">
    <p class='ocr_par' dir='ltr' id='par_1_48' title="bbox 279 2563 1033 2601">
     <span class='ocr_line' id='line_1_48' title="bbox 279 2563 1033 2601; baseline 0.02 -15"><span class='ocrx_word' id='word_1_360' title='bbox 279 2563 288 2578; x_wconf 81' lang='grc'>¹</span> <span class='ocrx_word' id='word_1_361' title='bbox 303 2563 399 2601; x_wconf 55' lang='lat' dir='ltr'><strong>titulus</strong></span> <span class='ocrx_word' id='word_1_362' title='bbox 409 2565 436 2601; x_wconf 72' lang='lat' dir='ltr'><strong>in</strong></span> <span class='ocrx_word' id='word_1_363' title='bbox 455 2566 520 2601; x_wconf 67' lang='lat' dir='ltr'><strong>Colb.</strong></span> <span class='ocrx_word' id='word_1_364' title='bbox 532 2568 575 2601; x_wconf 83' lang='lat' dir='ltr'><strong>sic,</strong></span> <span class='ocrx_word' id='word_1_365' title='bbox 588 2569 700 2601; x_wconf 74' lang='lat' dir='ltr'><strong>Eiusdem</strong></span> <span class='ocrx_word' id='word_1_366' title='bbox 719 2572 752 2596; x_wconf 81' lang='lat' dir='ltr'><strong>ad</strong></span> <span class='ocrx_word' id='word_1_367' title='bbox 765 2571 904 2598; x_wconf 76' lang='lat' dir='ltr'><strong>stelecllium</strong></span> <span class='ocrx_word' id='word_1_368' title='bbox 915 2575 945 2599; x_wconf 86' lang='lat' dir='ltr'><strong>de</strong></span> <span class='ocrx_word' id='word_1_369' title='bbox 966 2580 1033 2601; x_wconf 70' lang='lat' dir='ltr'><strong>(mn-</strong></span> 
     </span>
    </p>
   </div>
   <div class='ocr_carea' id='block_1_49' title="bbox 245 2597 1032 2653">
    <p class='ocr_par' dir='ltr' id='par_1_49' title="bbox 245 2597 1032 2653">
     <span class='ocr_line' id='line_1_49' title="bbox 245 2597 1032 2653; baseline 0.02 -37"><span class='ocrx_word' id='word_1_370' title='bbox 393 2599 417 2619; x_wconf 87' lang='lat' dir='ltr'><strong>ta</strong></span> <span class='ocrx_word' id='word_1_371' title='bbox 425 2597 505 2628; x_wconf 80' lang='lat' dir='ltr'><strong>Savil.,</strong></span> <span class='ocrx_word' id='word_1_372' title='bbox 517 2597 677 2631; x_wconf 80' lang='lat' dir='ltr'><strong>chrysostomi</strong></span> <span class='ocrx_word' id='word_1_373' title='bbox 694 2602 726 2626; x_wconf 82' lang='lat' dir='ltr'><strong>ad</strong></span> <span class='ocrx_word' id='word_1_374' title='bbox 736 2603 878 2628; x_wconf 63' lang='lat' dir='ltr'><strong>stola-Itium</strong></span> <span class='ocrx_word' id='word_1_375' title='bbox 888 2597 956 2631; x_wconf 58' lang='lat' dir='ltr'><strong>etde</strong></span> <span class='ocrx_word' id='word_1_376' title='bbox 964 2597 1032 2632; x_wconf 59' lang='lat'><strong>86;};-</strong></span> 
     </span>
    </p>
   </div>
   <div class='ocr_carea' id='block_1_50' title="bbox 294 2631 378 2649">
    <p class='ocr_par' dir='ltr' id='par_1_50' title="bbox 294 2631 378 2649">
     <span class='ocr_line' id='line_1_50' title="bbox 294 2631 378 2649; baseline 0.012 -1"><span class='ocrx_word' id='word_1_377' title='bbox 294 2631 378 2649; x_wconf 71' lang='lat' dir='ltr'><strong>CHOIIP.</strong></span> 
     </span>
    </p>
   </div>
   <div class='ocr_carea' id='block_1_51' title="bbox 279 2655 1019 2693">
    <p class='ocr_par' dir='ltr' id='par_1_51' title="bbox 279 2655 1019 2693">
     <span class='ocr_line' id='line_1_51' title="bbox 279 2655 1019 2693; baseline 0.022 -16"><span class='ocrx_word' id='word_1_378' title='bbox 279 2655 288 2693; x_wconf 61' lang='grc' dir='ltr'><strong>ξ</strong></span> <span class='ocrx_word' id='word_1_379' title='bbox 303 2656 425 2693; x_wconf 40' lang='grc' dir='ltr'><strong>μιιιιεοπει.</strong></span> <span class='ocrx_word' id='word_1_380' title='bbox 448 2659 597 2693; x_wconf 77' lang='lat' dir='ltr'><strong>invenimus,</strong></span> <span class='ocrx_word' id='word_1_381' title='bbox 616 2660 660 2686; x_wconf 82' lang='lat' dir='ltr'><strong>ltoc</strong></span> <span class='ocrx_word' id='word_1_382' title='bbox 671 2663 766 2693; x_wconf 83' lang='lat' dir='ltr'><strong>studto;</strong></span> <span class='ocrx_word' id='word_1_383' title='bbox 781 2665 824 2689; x_wconf 81' lang='lat' dir='ltr'><strong>sed</strong></span> <span class='ocrx_word' id='word_1_384' title='bbox 839 2666 904 2691; x_wconf 75' lang='lat' dir='ltr'><strong>Coll).</strong></span> <span class='ocrx_word' id='word_1_385' title='bbox 915 2670 941 2691; x_wconf 86' lang='lat' dir='ltr'><strong>et</strong></span> <span class='ocrx_word' id='word_1_386' title='bbox 951 2668 1019 2693; x_wconf 78' lang='lat' dir='ltr'><strong>savii.</strong></span> 
     </span>
    </p>
   </div>
   <div class='ocr_carea' id='block_1_52' title="bbox 247 2683 1030 2720">
    <p class='ocr_par' dir='ltr' id='par_1_52' title="bbox 247 2683 1030 2720">
     <span class='ocr_line' id='line_1_52' title="bbox 520 2683 1030 2699; baseline 0.022 -17"><span class='ocrx_word' id='word_1_387' title='bbox 520 2691 524 2695; x_wconf 39' lang='lat' dir='ltr'><strong>I</strong></span> <span class='ocrx_word' id='word_1_388' title='bbox 589 2683 597 2690; x_wconf 74' lang='lat'><strong>,</strong></span> <span class='ocrx_word' id='word_1_389' title='bbox 616 2683 657 2686; x_wconf 51' lang='grc' dir='ltr'><strong>η--</strong></span> <span class='ocrx_word' id='word_1_390' title='bbox 671 2683 763 2695; x_wconf 41' lang='lat' dir='ltr'><strong>&quot;mm,</strong></span> <span class='ocrx_word' id='word_1_391' title='bbox 781 2683 824 2689; x_wconf 61' lang='grc' dir='ltr'><strong>η..</strong></span> <span class='ocrx_word' id='word_1_392' title='bbox 839 2683 904 2691; x_wconf 62' lang='lat' dir='ltr'><strong>Wa...</strong></span> <span class='ocrx_word' id='word_1_393' title='bbox 915 2683 941 2691; x_wconf 71' lang='grc' dir='ltr'><strong>ν.</strong></span> <span class='ocrx_word' id='word_1_394' title='bbox 951 2683 1030 2699; x_wconf 63' lang='grc' dir='ltr'><strong>,κυιη</strong></span> 
     </span>
     <span class='ocr_line' id='line_1_53' title="bbox 247 2684 619 2720; baseline 0.027 -13"><span class='ocrx_word' id='word_1_395' title='bbox 247 2684 288 2720; x_wconf 60' lang='lat' dir='ltr'><strong>hoc</strong></span> <span class='ocrx_word' id='word_1_396' title='bbox 301 2686 414 2720; x_wconf 61' lang='lat' dir='ltr'><strong>pulchro;</strong></span> <span class='ocrx_word' id='word_1_397' title='bbox 426 2689 536 2720; x_wconf 85' lang='lat' dir='ltr'><strong>subaudi,</strong></span> <span class='ocrx_word' id='word_1_398' title='bbox 542 2697 619 2716; x_wconf 75' lang='lat' dir='ltr'><strong>sensu.</strong></span> 
     </span>
    </p>
   </div>
   <div class='ocr_carea' id='block_1_53' title="bbox 277 2715 540 2748">
    <p class='ocr_par' dir='ltr' id='par_1_53' title="bbox 277 2715 540 2748">
     <span class='ocr_line' id='line_1_54' title="bbox 277 2715 540 2748; baseline 0.027 -10"><span class='ocrx_word' id='word_1_399' title='bbox 277 2715 286 2748; x_wconf 59' lang='grc' dir='ltr'><em>ξ</em></span> <span class='ocrx_word' id='word_1_400' title='bbox 303 2719 326 2739; x_wconf 86' lang='grc' dir='ltr'><strong>ιιι</strong></span> <span class='ocrx_word' id='word_1_401' title='bbox 335 2715 411 2748; x_wconf 72' lang='lat' dir='ltr'><strong>t.olh.,</strong></span> <span class='ocrx_word' id='word_1_402' title='bbox 418 2715 540 2748; x_wconf 68' lang='lat' dir='ltr'><strong>nudarent.</strong></span> 
     </span>
    </p>
   </div>
   <div class='ocr_carea' id='block_1_54' title="bbox 278 2744 755 2779">
    <p class='ocr_par' dir='ltr' id='par_1_54' title="bbox 278 2744 755 2779">
     <span class='ocr_line' id='line_1_55' title="bbox 278 2744 755 2779; baseline 0.021 -10"><span class='ocrx_word' id='word_1_403' title='bbox 278 2744 288 2779; x_wconf 63' lang='grc' dir='ltr'><strong>ξ</strong></span> <span class='ocrx_word' id='word_1_404' title='bbox 306 2747 368 2777; x_wconf 78' lang='lat' dir='ltr'><strong>Apud</strong></span> <span class='ocrx_word' id='word_1_405' title='bbox 379 2744 453 2779; x_wconf 60' lang='grc' dir='ltr'><strong>θύω,</strong></span> <span class='ocrx_word' id='word_1_406' title='bbox 466 2756 558 2776; x_wconf 76' lang='lat' dir='ltr'><strong>omnem</strong></span> <span class='ocrx_word' id='word_1_407' title='bbox 569 2752 634 2777; x_wconf 82' lang='lat' dir='ltr'><strong>nobis</strong></span> <span class='ocrx_word' id='word_1_408' title='bbox 645 2755 755 2779; x_wconf 73' lang='lat' dir='ltr'><strong>ostendit.</strong></span> 
     </span>
    </p>
   </div>
   <div class='ocr_carea' id='block_1_55' title="bbox 276 2777 999 2815">
    <p class='ocr_par' dir='ltr' id='par_1_55' title="bbox 276 2777 999 2815">
     <span class='ocr_line' id='line_1_56' title="bbox 276 2777 999 2815; baseline 0.024 -16"><span class='ocrx_word' id='word_1_409' title='bbox 276 2777 285 2815; x_wconf 61' lang='grc' dir='ltr'><strong><em>ς</em></strong></span> <span class='ocrx_word' id='word_1_410' title='bbox 302 2780 356 2815; x_wconf 62' lang='grc' dir='ltr'><strong>μεως</strong></span> <span class='ocrx_word' id='word_1_411' title='bbox 366 2777 450 2815; x_wconf 49' lang='lat' dir='ltr'><strong>verba;</strong></span> <span class='ocrx_word' id='word_1_412' title='bbox 461 2786 535 2812; x_wconf 81' lang='lat' dir='ltr'><strong>neque</strong></span> <span class='ocrx_word' id='word_1_413' title='bbox 542 2786 637 2815; x_wconf 78' lang='lat' dir='ltr'><strong>terrena</strong></span> <span class='ocrx_word' id='word_1_414' title='bbox 649 2777 754 2815; x_wconf 41' lang='lat' dir='ltr'><strong>net/eti};</strong></span> <span class='ocrx_word' id='word_1_415' title='bbox 763 2786 835 2812; x_wconf 81' lang='lat' dir='ltr'><strong>habet</strong></span> <span class='ocrx_word' id='word_1_416' title='bbox 846 2788 912 2813; x_wconf 87' lang='lat' dir='ltr'><strong>solus</strong></span> <span class='ocrx_word' id='word_1_417' title='bbox 918 2790 999 2815; x_wconf 70' lang='lat' dir='ltr'><strong>Morel.</strong></span> 
     </span>
    </p>
   </div>
   <div class='ocr_carea' id='block_1_56' title="bbox 274 2806 816 2843">
    <p class='ocr_par' dir='ltr' id='par_1_56' title="bbox 274 2806 816 2843">
     <span class='ocr_line' id='line_1_57' title="bbox 274 2806 816 2843; baseline 0.022 -13"><span class='ocrx_word' id='word_1_418' title='bbox 274 2806 285 2843; x_wconf 66' lang='grc' dir='ltr'><strong>ξ</strong></span> <span class='ocrx_word' id='word_1_419' title='bbox 302 2810 325 2843; x_wconf 74' lang='lat' dir='ltr'><strong>tu</strong></span> <span class='ocrx_word' id='word_1_420' title='bbox 336 2806 525 2843; x_wconf 24' lang='lat' dir='ltr'><strong>colhqlegtmus,</strong></span> <span class='ocrx_word' id='word_1_421' title='bbox 538 2813 561 2836; x_wconf 82' lang='lat' dir='ltr'><strong>iu</strong></span> <span class='ocrx_word' id='word_1_422' title='bbox 571 2806 816 2843; x_wconf 45' lang='lat' dir='ltr'><strong>mltum&#39;tii‘ériiiééliﬁl</strong></span> 
     </span>
    </p>
   </div>
   <div class='ocr_carea' id='block_1_57' title="bbox 274 2837 633 2872">
    <p class='ocr_par' dir='ltr' id='par_1_57' title="bbox 274 2837 633 2872">
     <span class='ocr_line' id='line_1_58' title="bbox 274 2837 633 2872; baseline 0.019 -10"><span class='ocrx_word' id='word_1_423' title='bbox 274 2837 284 2853; x_wconf 84' lang='lat'>&#39;</span> <span class='ocrx_word' id='word_1_424' title='bbox 304 2841 360 2870; x_wconf 77' lang='lat' dir='ltr'><strong>Vox,</strong></span> <span class='ocrx_word' id='word_1_425' title='bbox 371 2837 524 2872; x_wconf 46' lang='lat' dir='ltr'><strong>euintfdecst&#39;</strong></span> <span class='ocrx_word' id='word_1_426' title='bbox 533 2844 557 2868; x_wconf 89' lang='lat' dir='ltr'><strong>iu</strong></span> <span class='ocrx_word' id='word_1_427' title='bbox 569 2844 633 2869; x_wconf 76' lang='lat' dir='ltr'><strong>Coll).</strong></span> 
     </span>
    </p>
   </div>
   <div class='ocr_carea' id='block_1_58' title="bbox 1096 613 1882 654">
    <p class='ocr_par' dir='ltr' id='par_1_58' title="bbox 1096 613 1882 654">
     <span class='ocr_line' id='line_1_59' title="bbox 1096 613 1882 654; baseline 0.017 -15"><span class='ocrx_word' id='word_1_428' title='bbox 1096 613 1220 648; x_wconf 73' lang='lat' dir='ltr'><strong>pertingit</strong></span> <span class='ocrx_word' id='word_1_429' title='bbox 1230 623 1236 646; x_wconf 82' lang='lat'><strong>;</strong></span> <span class='ocrx_word' id='word_1_430' title='bbox 1247 622 1336 642; x_wconf 85' lang='lat' dir='ltr'><strong>verum</strong></span> <span class='ocrx_word' id='word_1_431' title='bbox 1344 616 1565 650; x_wconf 86' lang='lat' dir='ltr'><strong>quemadmodum</strong></span> <span class='ocrx_word' id='word_1_432' title='bbox 1575 618 1602 651; x_wconf 90' lang='lat' dir='ltr'><strong>ii,</strong></span> <span class='ocrx_word' id='word_1_433' title='bbox 1610 620 1654 654; x_wconf 91' lang='lat' dir='ltr'><strong>qui</strong></span> <span class='ocrx_word' id='word_1_434' title='bbox 1662 620 1694 647; x_wconf 91' lang='lat' dir='ltr'><strong>ad</strong></span> <span class='ocrx_word' id='word_1_435' title='bbox 1705 621 1845 651; x_wconf 75' lang='lat' dir='ltr'><strong>altissnmos</strong></span> <span class='ocrx_word' id='word_1_436' title='bbox 1852 632 1882 652; x_wconf 82' lang='lat' dir='ltr'><strong>se</strong></span> 
     </span>
    </p>
   </div>
   <div class='ocr_carea' id='block_1_59' title="bbox 1099 660 1880 705">
    <p class='ocr_par' dir='ltr' id='par_1_59' title="bbox 1099 660 1880 705">
     <span class='ocr_line' id='line_1_60' title="bbox 1099 660 1880 705; baseline 0.017 -20"><span class='ocrx_word' id='word_1_437' title='bbox 1099 660 1236 688; x_wconf 86' lang='lat' dir='ltr'><strong>contulere</strong></span> <span class='ocrx_word' id='word_1_438' title='bbox 1246 666 1360 696; x_wconf 85' lang='lat' dir='ltr'><strong>montes,</strong></span> <span class='ocrx_word' id='word_1_439' title='bbox 1373 663 1437 690; x_wconf 87' lang='lat' dir='ltr'><strong>nihil</strong></span> <span class='ocrx_word' id='word_1_440' title='bbox 1446 671 1537 691; x_wconf 86' lang='lat' dir='ltr'><strong>eorum</strong></span> <span class='ocrx_word' id='word_1_441' title='bbox 1549 665 1639 692; x_wconf 89' lang='lat' dir='ltr'><strong>vident</strong></span> <span class='ocrx_word' id='word_1_442' title='bbox 1648 666 1688 694; x_wconf 85' lang='lat' dir='ltr'><strong>vel</strong></span> <span class='ocrx_word' id='word_1_443' title='bbox 1696 667 1813 700; x_wconf 87' lang='lat' dir='ltr'><strong>audiunt,</strong></span> <span class='ocrx_word' id='word_1_444' title='bbox 1822 678 1880 705; x_wconf 65' lang='lat' dir='ltr'><strong>qua</strong></span> 
     </span>
    </p>
   </div>
   <div class='ocr_carea' id='block_1_60' title="bbox 1101 704 1880 743">
    <p class='ocr_par' dir='ltr' id='par_1_60' title="bbox 1101 704 1880 743">
     <span class='ocr_line' id='line_1_61' title="bbox 1101 704 1880 743; baseline 0.015 -13"><span class='ocrx_word' id='word_1_445' title='bbox 1101 704 1126 730; x_wconf 93' lang='lat' dir='ltr'><strong>in</strong></span> <span class='ocrx_word' id='word_1_446' title='bbox 1141 705 1205 732; x_wconf 83' lang='lat' dir='ltr'><strong>urbe</strong></span> <span class='ocrx_word' id='word_1_447' title='bbox 1219 711 1346 740; x_wconf 76' lang='lat' dir='ltr'><strong>geruntur</strong></span> <span class='ocrx_word' id='word_1_448' title='bbox 1358 708 1400 736; x_wconf 85' lang='lat' dir='ltr'><strong>vel</strong></span> <span class='ocrx_word' id='word_1_449' title='bbox 1412 708 1546 743; x_wconf 88' lang='lat' dir='ltr'><strong>dicuntur,</strong></span> <span class='ocrx_word' id='word_1_450' title='bbox 1561 711 1607 738; x_wconf 88' lang='lat' dir='ltr'><strong>sed</strong></span> <span class='ocrx_word' id='word_1_451' title='bbox 1620 711 1760 740; x_wconf 90' lang='lat' dir='ltr'><strong>obscurum</strong></span> <span class='ocrx_word' id='word_1_452' title='bbox 1775 714 1880 742; x_wconf 69' lang='lat' dir='ltr'><strong>dumtao</strong></span> 
     </span>
    </p>
   </div>
   <div class='ocr_carea' id='block_1_61' title="bbox 1098 751 1881 790">
    <p class='ocr_par' dir='ltr' id='par_1_61' title="bbox 1098 751 1881 790">
     <span class='ocr_line' id='line_1_62' title="bbox 1098 751 1881 790; baseline 0.014 -14"><span class='ocrx_word' id='word_1_453' title='bbox 1098 754 1144 776; x_wconf 79' lang='lat' dir='ltr'><strong>xat</strong></span> <span class='ocrx_word' id='word_1_454' title='bbox 1161 754 1189 778; x_wconf 91' lang='lat' dir='ltr'><strong>et</strong></span> <span class='ocrx_word' id='word_1_455' title='bbox 1206 751 1376 786; x_wconf 88' lang='lat' dir='ltr'><strong>injucundnm</strong></span> <span class='ocrx_word' id='word_1_456' title='bbox 1388 753 1396 770; x_wconf 89' lang='grc'>¹</span> <span class='ocrx_word' id='word_1_457' title='bbox 1407 754 1550 787; x_wconf 86' lang='lat' dir='ltr'><strong>clamorem</strong></span> <span class='ocrx_word' id='word_1_458' title='bbox 1567 756 1692 790; x_wconf 88' lang='lat' dir='ltr'><strong>audiunt,</strong></span> <span class='ocrx_word' id='word_1_459' title='bbox 1711 759 1881 788; x_wconf 78' lang='lat' dir='ltr'><strong>stridentibus</strong></span> 
     </span>
    </p>
   </div>
   <div class='ocr_carea' id='block_1_62' title="bbox 1100 796 1879 836">
    <p class='ocr_par' dir='ltr' id='par_1_62' title="bbox 1100 796 1879 836">
     <span class='ocr_line' id='line_1_63' title="bbox 1100 796 1879 836; baseline 0.015 -15"><span class='ocrx_word' id='word_1_460' title='bbox 1100 796 1187 830; x_wconf 87' lang='lat' dir='ltr'><strong>vcspis</strong></span> <span class='ocrx_word' id='word_1_461' title='bbox 1202 797 1285 824; x_wconf 92' lang='lat' dir='ltr'><strong>nihilo</strong></span> <span class='ocrx_word' id='word_1_462' title='bbox 1299 799 1458 832; x_wconf 87' lang='lat' dir='ltr'><strong>suaviorem,</strong></span> <span class='ocrx_word' id='word_1_463' title='bbox 1473 800 1511 827; x_wconf 88' lang='lat' dir='ltr'><strong>sic</strong></span> <span class='ocrx_word' id='word_1_464' title='bbox 1525 801 1551 832; x_wconf 88' lang='lat' dir='ltr'><strong>ii,</strong></span> <span class='ocrx_word' id='word_1_465' title='bbox 1567 802 1611 836; x_wconf 90' lang='lat' dir='ltr'><strong>qui</strong></span> <span class='ocrx_word' id='word_1_466' title='bbox 1626 810 1640 828; x_wconf 89' lang='lat' dir='ltr'><strong>a</strong></span> <span class='ocrx_word' id='word_1_467' title='bbox 1654 803 1822 833; x_wconf 85' lang='lat' dir='ltr'><strong>saecularibus</strong></span> <span class='ocrx_word' id='word_1_468' title='bbox 1837 813 1879 832; x_wconf 90' lang='lat' dir='ltr'><strong>re-</strong></span> 
     </span>
    </p>
   </div>
   <div class='ocr_carea' id='block_1_63' title="bbox 1096 841 1880 884">
    <p class='ocr_par' dir='ltr' id='par_1_63' title="bbox 1096 841 1880 884">
     <span class='ocr_line' id='line_1_64' title="bbox 1096 841 1880 884; baseline 0.013 -17"><span class='ocrx_word' id='word_1_469' title='bbox 1096 841 1146 868; x_wconf 91' lang='lat' dir='ltr'><strong>bus</strong></span> <span class='ocrx_word' id='word_1_470' title='bbox 1168 849 1227 869; x_wconf 88' lang='lat' dir='ltr'><strong>esse</strong></span> <span class='ocrx_word' id='word_1_471' title='bbox 1251 842 1415 871; x_wconf 86' lang='lat' dir='ltr'><strong>abduxerunt</strong></span> <span class='ocrx_word' id='word_1_472' title='bbox 1438 849 1466 872; x_wconf 85' lang='lat' dir='ltr'><strong>et</strong></span> <span class='ocrx_word' id='word_1_473' title='bbox 1486 845 1519 872; x_wconf 88' lang='lat' dir='ltr'><strong>ad</strong></span> <span class='ocrx_word' id='word_1_474' title='bbox 1541 847 1685 880; x_wconf 88' lang='lat' dir='ltr'><strong>spiritualis</strong></span> <span class='ocrx_word' id='word_1_475' title='bbox 1709 849 1880 884; x_wconf 71' lang='lat' dir='ltr'><strong>pllilOSttpltltu</strong></span> 
     </span>
    </p>
   </div>
   <div class='ocr_carea' id='block_1_64' title="bbox 1087 888 1879 930">
    <p class='ocr_par' dir='ltr' id='par_1_64' title="bbox 1087 888 1879 930">
     <span class='ocr_line' id='line_1_65' title="bbox 1087 888 1879 930; baseline 0.013 -18"><span class='ocrx_word' id='word_1_476' title='bbox 1087 893 1220 914; x_wconf 87' lang='lat' dir='ltr'><strong>.cacumen</strong></span> <span class='ocrx_word' id='word_1_477' title='bbox 1235 888 1391 915; x_wconf 87' lang='lat' dir='ltr'><strong>advolarunt</strong></span> <span class='ocrx_word' id='word_1_478' title='bbox 1401 910 1408 921; x_wconf 85' lang='lat'><strong>,</strong></span> <span class='ocrx_word' id='word_1_479' title='bbox 1425 890 1488 917; x_wconf 86' lang='lat' dir='ltr'><strong>nihil</strong></span> <span class='ocrx_word' id='word_1_480' title='bbox 1506 898 1597 918; x_wconf 89' lang='lat' dir='ltr'><strong>eormn</strong></span> <span class='ocrx_word' id='word_1_481' title='bbox 1613 900 1672 926; x_wconf 72' lang='lat' dir='ltr'><strong>qute</strong></span> <span class='ocrx_word' id='word_1_482' title='bbox 1685 894 1754 928; x_wconf 88' lang='lat' dir='ltr'><strong>apud</strong></span> <span class='ocrx_word' id='word_1_483' title='bbox 1769 902 1817 922; x_wconf 89' lang='lat' dir='ltr'><strong>nos</strong></span> <span class='ocrx_word' id='word_1_484' title='bbox 1831 903 1879 930; x_wconf 77' lang='lat' dir='ltr'><strong>ge-</strong></span> 
     </span>
    </p>
   </div>
   <div class='ocr_carea' id='block_1_65' title="bbox 1096 935 1880 975">
    <p class='ocr_par' dir='ltr' id='par_1_65' title="bbox 1096 935 1880 975">
     <span class='ocr_line' id='line_1_66' title="bbox 1096 935 1880 975; baseline 0.013 -17"><span class='ocrx_word' id='word_1_485' title='bbox 1096 937 1190 959; x_wconf 88' lang='lat' dir='ltr'><strong>runtur</strong></span> <span class='ocrx_word' id='word_1_486' title='bbox 1209 941 1289 960; x_wconf 89' lang='lat' dir='ltr'><strong>sensu</strong></span> <span class='ocrx_word' id='word_1_487' title='bbox 1314 935 1477 970; x_wconf 87' lang='lat' dir='ltr'><strong>percipiunt;</strong></span> <span class='ocrx_word' id='word_1_488' title='bbox 1502 945 1598 971; x_wconf 90' lang='lat' dir='ltr'><strong>corpus</strong></span> <span class='ocrx_word' id='word_1_489' title='bbox 1622 939 1691 966; x_wconf 85' lang='lat' dir='ltr'><strong>enim</strong></span> <span class='ocrx_word' id='word_1_490' title='bbox 1715 944 1741 966; x_wconf 89' lang='lat' dir='ltr'><strong>et</strong></span> <span class='ocrx_word' id='word_1_491' title='bbox 1761 942 1880 975; x_wconf 87' lang='lat' dir='ltr'><strong>corporis</strong></span> 
     </span>
    </p>
   </div>
   <div class='ocr_carea' id='block_1_66' title="bbox 1097 977 1880 1017">
    <p class='ocr_par' dir='ltr' id='par_1_66' title="bbox 1097 977 1880 1017">
     <span class='ocr_line' id='line_1_67' title="bbox 1097 977 1880 1017; baseline 0.011 -14"><span class='ocrx_word' id='word_1_492' title='bbox 1097 983 1199 1009; x_wconf 87' lang='lat' dir='ltr'><strong>sensus,</strong></span> <span class='ocrx_word' id='word_1_493' title='bbox 1211 977 1296 1006; x_wconf 84' lang='lat' dir='ltr'><strong>donec</strong></span> <span class='ocrx_word' id='word_1_494' title='bbox 1306 980 1392 1007; x_wconf 87' lang='lat' dir='ltr'><strong>aninta</strong></span> <span class='ocrx_word' id='word_1_495' title='bbox 1404 981 1472 1008; x_wconf 88' lang='lat' dir='ltr'><strong>circa</strong></span> <span class='ocrx_word' id='word_1_496' title='bbox 1484 987 1580 1008; x_wconf 88' lang='lat' dir='ltr'><strong>terram</strong></span> <span class='ocrx_word' id='word_1_497' title='bbox 1593 989 1721 1017; x_wconf 84' lang='lat' dir='ltr'><strong>versatur,</strong></span> <span class='ocrx_word' id='word_1_498' title='bbox 1735 985 1880 1013; x_wconf 80' lang='lat' dir='ltr'><strong>innumeris</strong></span> 
     </span>
    </p>
   </div>
   <div class='ocr_carea' id='block_1_67' title="bbox 1096 1022 1878 1062">
    <p class='ocr_par' dir='ltr' id='par_1_67' title="bbox 1096 1022 1878 1062">
     <span class='ocr_line' id='line_1_68' title="bbox 1096 1022 1878 1062; baseline 0.01 -14"><span class='ocrx_word' id='word_1_499' title='bbox 1096 1022 1167 1048; x_wconf 84' lang='lat' dir='ltr'><strong>illam</strong></span> <span class='ocrx_word' id='word_1_500' title='bbox 1189 1023 1300 1051; x_wconf 88' lang='lat' dir='ltr'><strong>vinculis</strong></span> <span class='ocrx_word' id='word_1_501' title='bbox 1321 1026 1524 1061; x_wconf 81' lang='lat' dir='ltr'><strong>constringunt,</strong></span> <span class='ocrx_word' id='word_1_502' title='bbox 1547 1028 1726 1062; x_wconf 78' lang='lat' dir='ltr'><strong>gravissimam</strong></span> <span class='ocrx_word' id='word_1_503' title='bbox 1749 1029 1878 1057; x_wconf 79' lang='lat' dir='ltr'><strong>tluxarutn</strong></span> 
     </span>
    </p>
   </div>
   <div class='ocr_carea' id='block_1_68' title="bbox 1097 1067 1878 1107">
    <p class='ocr_par' dir='ltr' id='par_1_68' title="bbox 1097 1067 1878 1107">
     <span class='ocr_line' id='line_1_69' title="bbox 1097 1067 1878 1107; baseline 0.009 -14"><span class='ocrx_word' id='word_1_504' title='bbox 1097 1067 1259 1102; x_wconf 83' lang='lat' dir='ltr'><strong>voluptatum</strong></span> <span class='ocrx_word' id='word_1_505' title='bbox 1275 1073 1458 1104; x_wconf 85' lang='lat' dir='ltr'><strong>tempestatem</strong></span> <span class='ocrx_word' id='word_1_506' title='bbox 1473 1071 1586 1106; x_wconf 88' lang='lat' dir='ltr'><strong>undique</strong></span> <span class='ocrx_word' id='word_1_507' title='bbox 1598 1073 1759 1107; x_wconf 80' lang='lat' dir='ltr'><strong>colligentes.</strong></span> <span class='ocrx_word' id='word_1_508' title='bbox 1774 1074 1878 1101; x_wconf 83' lang='lat' dir='ltr'><strong>Etenim</strong></span> 
     </span>
    </p>
   </div>
   <div class='ocr_carea' id='block_1_69' title="bbox 1094 1113 1878 1152">
    <p class='ocr_par' dir='ltr' id='par_1_69' title="bbox 1094 1113 1878 1152">
     <span class='ocr_line' id='line_1_70' title="bbox 1094 1113 1878 1152; baseline 0.008 -13"><span class='ocrx_word' id='word_1_509' title='bbox 1094 1113 1208 1147; x_wconf 90' lang='lat' dir='ltr'><strong>auditus,</strong></span> <span class='ocrx_word' id='word_1_510' title='bbox 1218 1114 1299 1148; x_wconf 86' lang='lat' dir='ltr'><strong>visus,</strong></span> <span class='ocrx_word' id='word_1_511' title='bbox 1313 1119 1406 1148; x_wconf 88' lang='lat' dir='ltr'><strong>tacttts,</strong></span> <span class='ocrx_word' id='word_1_512' title='bbox 1418 1116 1543 1144; x_wconf 83' lang='lat' dir='ltr'><strong>odoratus</strong></span> <span class='ocrx_word' id='word_1_513' title='bbox 1556 1122 1581 1144; x_wconf 93' lang='lat' dir='ltr'><strong>et</strong></span> <span class='ocrx_word' id='word_1_514' title='bbox 1595 1118 1692 1152; x_wconf 80' lang='lat' dir='ltr'><strong>lingua,</strong></span> <span class='ocrx_word' id='word_1_515' title='bbox 1708 1124 1878 1146; x_wconf 81' lang='lat' dir='ltr'><strong>externorum</strong></span> 
     </span>
    </p>
   </div>
   <div class='ocr_carea' id='block_1_70' title="bbox 1095 1159 1879 1198">
    <p class='ocr_par' dir='ltr' id='par_1_70' title="bbox 1095 1159 1879 1198">
     <span class='ocr_line' id='line_1_71' title="bbox 1095 1159 1879 1198; baseline 0.009 -14"><span class='ocrx_word' id='word_1_516' title='bbox 1095 1159 1223 1186; x_wconf 89' lang='lat' dir='ltr'><strong>malorum</strong></span> <span class='ocrx_word' id='word_1_517' title='bbox 1233 1160 1344 1198; x_wconf 75' lang='lat' dir='ltr'><strong>plurima</strong></span> <span class='ocrx_word' id='word_1_518' title='bbox 1354 1161 1380 1188; x_wconf 94' lang='lat' dir='ltr'><strong>in</strong></span> <span class='ocrx_word' id='word_1_519' title='bbox 1390 1161 1459 1188; x_wconf 86' lang='lat' dir='ltr'><strong>illaut</strong></span> <span class='ocrx_word' id='word_1_520' title='bbox 1469 1162 1604 1189; x_wconf 89' lang='lat' dir='ltr'><strong>inducunt.</strong></span> <span class='ocrx_word' id='word_1_521' title='bbox 1614 1163 1678 1190; x_wconf 90' lang='lat' dir='ltr'><strong>Cum</strong></span> <span class='ocrx_word' id='word_1_522' title='bbox 1688 1171 1751 1190; x_wconf 79' lang='lat' dir='ltr'><strong>vero</strong></span> <span class='ocrx_word' id='word_1_523' title='bbox 1759 1164 1879 1191; x_wconf 70' lang='lat' dir='ltr'><strong>sublimis</strong></span> 
     </span>
    </p>
   </div>
   <div class='ocr_carea' id='block_1_71' title="bbox 1093 1204 1878 1242">
    <p class='ocr_par' dir='ltr' id='par_1_71' title="bbox 1093 1204 1878 1242">
     <span class='ocr_line' id='line_1_72' title="bbox 1093 1204 1878 1242; baseline 0.008 -12"><span class='ocrx_word' id='word_1_524' title='bbox 1093 1204 1217 1238; x_wconf 88' lang='lat' dir='ltr'><strong>efﬁcitur,</strong></span> <span class='ocrx_word' id='word_1_525' title='bbox 1233 1209 1259 1232; x_wconf 91' lang='lat' dir='ltr'><strong>et</strong></span> <span class='ocrx_word' id='word_1_526' title='bbox 1272 1206 1354 1232; x_wconf 90' lang='lat' dir='ltr'><strong>otium</strong></span> <span class='ocrx_word' id='word_1_527' title='bbox 1367 1214 1443 1234; x_wconf 90' lang='lat' dir='ltr'><strong>sutnn</strong></span> <span class='ocrx_word' id='word_1_528' title='bbox 1458 1207 1491 1234; x_wconf 86' lang='lat' dir='ltr'><strong>ad</strong></span> <span class='ocrx_word' id='word_1_529' title='bbox 1504 1208 1650 1242; x_wconf 89' lang='lat' dir='ltr'><strong>spiritualia</strong></span> <span class='ocrx_word' id='word_1_530' title='bbox 1664 1209 1802 1241; x_wconf 78' lang='lat' dir='ltr'><strong>Convertit,</strong></span> <span class='ocrx_word' id='word_1_531' title='bbox 1816 1214 1878 1236; x_wconf 87' lang='lat' dir='ltr'><strong>tunc</strong></span> 
     </span>
    </p>
   </div>
   <div class='ocr_carea' id='block_1_72' title="bbox 1094 1249 1878 1286">
    <p class='ocr_par' dir='ltr' id='par_1_72' title="bbox 1094 1249 1878 1286">
     <span class='ocr_line' id='line_1_73' title="bbox 1094 1249 1878 1286; baseline 0.009 -11"><span class='ocrx_word' id='word_1_532' title='bbox 1094 1249 1220 1284; x_wconf 81' lang='lat' dir='ltr'><strong>malignas</strong></span> <span class='ocrx_word' id='word_1_533' title='bbox 1235 1250 1408 1285; x_wconf 77' lang='lat' dir='ltr'><strong>cogitationes</strong></span> <span class='ocrx_word' id='word_1_534' title='bbox 1421 1252 1540 1286; x_wconf 80' lang='lat' dir='ltr'><strong>ingressu</strong></span> <span class='ocrx_word' id='word_1_535' title='bbox 1554 1258 1628 1280; x_wconf 88' lang='lat' dir='ltr'><strong>arcet</strong></span> <span class='ocrx_word' id='word_1_536' title='bbox 1640 1262 1646 1279; x_wconf 89' lang='lat'><strong><em>:</em></strong></span> <span class='ocrx_word' id='word_1_537' title='bbox 1658 1262 1709 1280; x_wconf 90' lang='lat' dir='ltr'><strong>non</strong></span> <span class='ocrx_word' id='word_1_538' title='bbox 1725 1262 1818 1281; x_wconf 80' lang='lat' dir='ltr'><strong>sensus</strong></span> <span class='ocrx_word' id='word_1_539' title='bbox 1830 1255 1878 1282; x_wconf 90' lang='lat' dir='ltr'><strong>ob-</strong></span> 
     </span>
    </p>
   </div>
   <div class='ocr_carea' id='block_1_73' title="bbox 1094 1295 1876 1331">
    <p class='ocr_par' dir='ltr' id='par_1_73' title="bbox 1094 1295 1876 1331">
     <span class='ocr_line' id='line_1_74' title="bbox 1094 1295 1876 1331; baseline 0.008 -10"><span class='ocrx_word' id='word_1_540' title='bbox 1094 1299 1194 1329; x_wconf 89' lang='lat' dir='ltr'><strong>turans,</strong></span> <span class='ocrx_word' id='word_1_541' title='bbox 1207 1295 1253 1322; x_wconf 90' lang='lat' dir='ltr'><strong>sed</strong></span> <span class='ocrx_word' id='word_1_542' title='bbox 1265 1304 1357 1323; x_wconf 92' lang='lat' dir='ltr'><strong>eorum</strong></span> <span class='ocrx_word' id='word_1_543' title='bbox 1369 1298 1549 1331; x_wconf 86' lang='lat' dir='ltr'><strong>operationem</strong></span> <span class='ocrx_word' id='word_1_544' title='bbox 1565 1298 1597 1325; x_wconf 89' lang='lat' dir='ltr'><strong>ad</strong></span> <span class='ocrx_word' id='word_1_545' title='bbox 1609 1299 1794 1326; x_wconf 85' lang='lat' dir='ltr'><strong>sublimitatem</strong></span> <span class='ocrx_word' id='word_1_546' title='bbox 1808 1301 1876 1328; x_wconf 85' lang='lat' dir='ltr'><strong>illam</strong></span> 
     </span>
    </p>
   </div>
   <div class='ocr_carea' id='block_1_74' title="bbox 1094 1340 1878 1379">
    <p class='ocr_par' dir='ltr' id='par_1_74' title="bbox 1094 1340 1878 1379">
     <span class='ocr_line' id='line_1_75' title="bbox 1094 1340 1878 1379; baseline 0.008 -13"><span class='ocrx_word' id='word_1_547' title='bbox 1094 1340 1244 1367; x_wconf 87' lang='lat' dir='ltr'><strong>traducens.</strong></span> <span class='ocrx_word' id='word_1_548' title='bbox 1256 1341 1483 1374; x_wconf 85' lang='lat' dir='ltr'><strong>Quemadmodum</strong></span> <span class='ocrx_word' id='word_1_549' title='bbox 1494 1344 1564 1370; x_wconf 90' lang='lat' dir='ltr'><strong>enim</strong></span> <span class='ocrx_word' id='word_1_550' title='bbox 1575 1343 1682 1370; x_wconf 89' lang='lat' dir='ltr'><strong>domina</strong></span> <span class='ocrx_word' id='word_1_551' title='bbox 1694 1345 1812 1379; x_wconf 66' lang='lat' dir='ltr'><strong>qua‘dam</strong></span> <span class='ocrx_word' id='word_1_552' title='bbox 1825 1345 1878 1372; x_wconf 88' lang='lat' dir='ltr'><strong>for-</strong></span> 
     </span>
    </p>
   </div>
   <div class='ocr_carea' id='block_1_75' title="bbox 1094 1385 1876 1424">
    <p class='ocr_par' dir='ltr' id='par_1_75' title="bbox 1094 1385 1876 1424">
     <span class='ocr_line' id='line_1_76' title="bbox 1094 1385 1876 1424; baseline 0.006 -13"><span class='ocrx_word' id='word_1_553' title='bbox 1094 1385 1226 1412; x_wconf 82' lang='lat' dir='ltr'><strong>midabilis</strong></span> <span class='ocrx_word' id='word_1_554' title='bbox 1236 1391 1263 1413; x_wconf 90' lang='lat' dir='ltr'><strong>et</strong></span> <span class='ocrx_word' id='word_1_555' title='bbox 1273 1394 1375 1419; x_wconf 87' lang='lat' dir='ltr'><strong>severa,</strong></span> <span class='ocrx_word' id='word_1_556' title='bbox 1387 1395 1445 1421; x_wconf 72' lang='lat' dir='ltr'><strong>quze</strong></span> <span class='ocrx_word' id='word_1_557' title='bbox 1454 1393 1612 1422; x_wconf 80' lang='lat' dir='ltr'><strong>unguentum</strong></span> <span class='ocrx_word' id='word_1_558' title='bbox 1623 1390 1712 1416; x_wconf 87' lang='lat' dir='ltr'><strong>condit</strong></span> <span class='ocrx_word' id='word_1_559' title='bbox 1724 1391 1876 1424; x_wconf 86' lang='lat' dir='ltr'><strong>pretiosum,</strong></span> 
     </span>
    </p>
   </div>
   <div class='ocr_carea' id='block_1_76' title="bbox 1092 1429 1878 1465">
    <p class='ocr_par' dir='ltr' id='par_1_76' title="bbox 1092 1429 1878 1465">
     <span class='ocr_line' id='line_1_77' title="bbox 1092 1429 1878 1465; baseline 0.008 -10"><span class='ocrx_word' id='word_1_560' title='bbox 1092 1429 1246 1465; x_wconf 75' lang='lat' dir='ltr'><strong>magnisque</strong></span> <span class='ocrx_word' id='word_1_561' title='bbox 1254 1432 1401 1465; x_wconf 89' lang='lat' dir='ltr'><strong>sumptibus</strong></span> <span class='ocrx_word' id='word_1_562' title='bbox 1411 1440 1442 1459; x_wconf 92' lang='lat' dir='ltr'><strong>ac</strong></span> <span class='ocrx_word' id='word_1_563' title='bbox 1453 1433 1593 1460; x_wconf 89' lang='lat' dir='ltr'><strong>multorutn</strong></span> <span class='ocrx_word' id='word_1_564' title='bbox 1607 1434 1725 1461; x_wconf 86' lang='lat' dir='ltr'><strong>manibus</strong></span> <span class='ocrx_word' id='word_1_565' title='bbox 1742 1435 1774 1461; x_wconf 90' lang='lat' dir='ltr'><strong>ad</strong></span> <span class='ocrx_word' id='word_1_566' title='bbox 1788 1435 1878 1462; x_wconf 84' lang='lat' dir='ltr'><strong>condi-</strong></span> 
     </span>
    </p>
   </div>
   <div class='ocr_carea' id='block_1_77' title="bbox 1092 1476 1875 1514">
    <p class='ocr_par' dir='ltr' id='par_1_77' title="bbox 1092 1476 1875 1514">
     <span class='ocr_line' id='line_1_78' title="bbox 1092 1476 1875 1514; baseline 0.008 -12"><span class='ocrx_word' id='word_1_567' title='bbox 1092 1480 1178 1502; x_wconf 83' lang='lat' dir='ltr'><strong>turam</strong></span> <span class='ocrx_word' id='word_1_568' title='bbox 1198 1484 1265 1511; x_wconf 89' lang='lat' dir='ltr'><strong>opus</strong></span> <span class='ocrx_word' id='word_1_569' title='bbox 1285 1476 1379 1513; x_wconf 83' lang='lat' dir='ltr'><strong>habet,</strong></span> <span class='ocrx_word' id='word_1_570' title='bbox 1396 1479 1505 1506; x_wconf 88' lang='lat' dir='ltr'><strong>ancillas</strong></span> <span class='ocrx_word' id='word_1_571' title='bbox 1524 1480 1654 1506; x_wconf 83' lang='lat' dir='ltr'><strong>suscitans</strong></span> <span class='ocrx_word' id='word_1_572' title='bbox 1672 1486 1699 1507; x_wconf 90' lang='lat' dir='ltr'><strong>et</strong></span> <span class='ocrx_word' id='word_1_573' title='bbox 1716 1489 1854 1508; x_wconf 73' lang='lat' dir='ltr'><strong>accersens</strong></span> <span class='ocrx_word' id='word_1_574' title='bbox 1868 1502 1875 1514; x_wconf 90' lang='lat'><strong>,</strong></span> 
     </span>
    </p>
   </div>
   <div class='ocr_carea' id='block_1_78' title="bbox 1092 1518 1876 1559">
    <p class='ocr_par' dir='ltr' id='par_1_78' title="bbox 1092 1518 1876 1559">
     <span class='ocr_line' id='line_1_79' title="bbox 1092 1518 1876 1559; baseline 0.009 -13"><span class='ocrx_word' id='word_1_575' title='bbox 1092 1518 1170 1547; x_wconf 88' lang='lat' dir='ltr'><strong>aliam</strong></span> <span class='ocrx_word' id='word_1_576' title='bbox 1188 1521 1263 1555; x_wconf 91' lang='lat' dir='ltr'><strong>jubet</strong></span> <span class='ocrx_word' id='word_1_577' title='bbox 1281 1527 1397 1549; x_wconf 86' lang='lat' dir='ltr'><strong>aromata</strong></span> <span class='ocrx_word' id='word_1_578' title='bbox 1413 1523 1528 1550; x_wconf 90' lang='lat' dir='ltr'><strong>nondtttn</strong></span> <span class='ocrx_word' id='word_1_579' title='bbox 1543 1525 1567 1551; x_wconf 92' lang='lat' dir='ltr'><strong>in</strong></span> <span class='ocrx_word' id='word_1_580' title='bbox 1582 1533 1647 1559; x_wconf 88' lang='lat' dir='ltr'><strong>opus</strong></span> <span class='ocrx_word' id='word_1_581' title='bbox 1662 1525 1775 1553; x_wconf 86' lang='lat' dir='ltr'><strong>admissa</strong></span> <span class='ocrx_word' id='word_1_582' title='bbox 1790 1527 1876 1553; x_wconf 85' lang='lat' dir='ltr'><strong>cribro</strong></span> 
     </span>
    </p>
   </div>
   <div class='ocr_carea' id='block_1_79' title="bbox 1090 1567 1876 1603">
    <p class='ocr_par' dir='ltr' id='par_1_79' title="bbox 1090 1567 1876 1603">
     <span class='ocr_line' id='line_1_80' title="bbox 1090 1567 1876 1603; baseline 0.008 -11"><span class='ocrx_word' id='word_1_583' title='bbox 1090 1573 1247 1599; x_wconf 82' lang='lat' dir='ltr'><strong>secernere,</strong></span> <span class='ocrx_word' id='word_1_584' title='bbox 1263 1567 1340 1594; x_wconf 88' lang='lat' dir='ltr'><strong>aliam</strong></span> <span class='ocrx_word' id='word_1_585' title='bbox 1355 1574 1459 1603; x_wconf 90' lang='lat' dir='ltr'><strong>arrepta</strong></span> <span class='ocrx_word' id='word_1_586' title='bbox 1483 1569 1584 1596; x_wconf 90' lang='lat' dir='ltr'><strong>bilanee</strong></span> <span class='ocrx_word' id='word_1_587' title='bbox 1597 1575 1625 1597; x_wconf 88' lang='lat' dir='ltr'><strong>et</strong></span> <span class='ocrx_word' id='word_1_588' title='bbox 1639 1575 1735 1597; x_wconf 84' lang='lat' dir='ltr'><strong>statera</strong></span> <span class='ocrx_word' id='word_1_589' title='bbox 1755 1577 1876 1598; x_wconf 81' lang='lat' dir='ltr'><strong>accurate</strong></span> 
     </span>
    </p>
   </div>
   <div class='ocr_carea' id='block_1_80' title="bbox 1090 1611 1875 1650">
    <p class='ocr_par' dir='ltr' id='par_1_80' title="bbox 1090 1611 1875 1650">
     <span class='ocr_line' id='line_1_81' title="bbox 1090 1611 1875 1650; baseline 0.005 -11"><span class='ocrx_word' id='word_1_590' title='bbox 1090 1611 1220 1647; x_wconf 88' lang='lat' dir='ltr'><strong>dispicere</strong></span> <span class='ocrx_word' id='word_1_591' title='bbox 1233 1620 1266 1640; x_wconf 91' lang='lat' dir='ltr'><strong>ne</strong></span> <span class='ocrx_word' id='word_1_592' title='bbox 1280 1613 1338 1648; x_wconf 88' lang='lat' dir='ltr'><strong>plus</strong></span> <span class='ocrx_word' id='word_1_593' title='bbox 1353 1615 1393 1641; x_wconf 83' lang='lat' dir='ltr'><strong>vel</strong></span> <span class='ocrx_word' id='word_1_594' title='bbox 1410 1613 1495 1642; x_wconf 87' lang='lat' dir='ltr'><strong>minus</strong></span> <span class='ocrx_word' id='word_1_595' title='bbox 1508 1623 1585 1650; x_wconf 89' lang='lat' dir='ltr'><strong>quam</strong></span> <span class='ocrx_word' id='word_1_596' title='bbox 1600 1624 1647 1650; x_wconf 88' lang='lat' dir='ltr'><strong>par</strong></span> <span class='ocrx_word' id='word_1_597' title='bbox 1662 1621 1701 1643; x_wconf 90' lang='lat' dir='ltr'><strong>est</strong></span> <span class='ocrx_word' id='word_1_598' title='bbox 1717 1617 1741 1643; x_wconf 91' lang='lat' dir='ltr'><strong>iu</strong></span> <span class='ocrx_word' id='word_1_599' title='bbox 1756 1617 1875 1643; x_wconf 83' lang='lat' dir='ltr'><strong>conditu-</strong></span> 
     </span>
    </p>
   </div>
   <div class='ocr_carea' id='block_1_81' title="bbox 1090 1658 1875 1695">
    <p class='ocr_par' dir='ltr' id='par_1_81' title="bbox 1090 1658 1875 1695">
     <span class='ocr_line' id='line_1_82' title="bbox 1090 1658 1875 1695; baseline 0.006 -11"><span class='ocrx_word' id='word_1_600' title='bbox 1090 1665 1146 1684; x_wconf 88' lang='lat' dir='ltr'><strong>ram</strong></span> <span class='ocrx_word' id='word_1_601' title='bbox 1167 1658 1310 1686; x_wconf 75' lang='lat' dir='ltr'><strong>admissum</strong></span> <span class='ocrx_word' id='word_1_602' title='bbox 1328 1659 1425 1694; x_wconf 78' lang='lat' dir='ltr'><strong>justam</strong></span> <span class='ocrx_word' id='word_1_603' title='bbox 1446 1669 1595 1688; x_wconf 74' lang='lat' dir='ltr'><strong>mensuram</strong></span> <span class='ocrx_word' id='word_1_604' title='bbox 1617 1663 1724 1695; x_wconf 87' lang='lat' dir='ltr'><strong>perdat,</strong></span> <span class='ocrx_word' id='word_1_605' title='bbox 1739 1663 1816 1690; x_wconf 72' lang='lat' dir='ltr'><strong>aliam</strong></span> <span class='ocrx_word' id='word_1_606' title='bbox 1831 1671 1875 1689; x_wconf 89' lang='lat' dir='ltr'><strong>cu-</strong></span> 
     </span>
    </p>
   </div>
   <div class='ocr_carea' id='block_1_82' title="bbox 1089 1704 1874 1742">
    <p class='ocr_par' dir='ltr' id='par_1_82' title="bbox 1089 1704 1874 1742">
     <span class='ocr_line' id='line_1_83' title="bbox 1089 1704 1874 1742; baseline 0.008 -12"><span class='ocrx_word' id='word_1_607' title='bbox 1089 1711 1170 1737; x_wconf 89' lang='lat' dir='ltr'><strong>qucre</strong></span> <span class='ocrx_word' id='word_1_608' title='bbox 1183 1712 1241 1738; x_wconf 79' lang='lat' dir='ltr'><strong>qua:</strong></span> <span class='ocrx_word' id='word_1_609' title='bbox 1254 1704 1389 1739; x_wconf 81' lang='lat' dir='ltr'><strong>coquenda</strong></span> <span class='ocrx_word' id='word_1_610' title='bbox 1405 1712 1476 1739; x_wconf 84' lang='lat' dir='ltr'><strong>sunt,</strong></span> <span class='ocrx_word' id='word_1_611' title='bbox 1491 1707 1568 1733; x_wconf 86' lang='lat' dir='ltr'><strong>aliam</strong></span> <span class='ocrx_word' id='word_1_612' title='bbox 1585 1712 1670 1734; x_wconf 89' lang='lat' dir='ltr'><strong>terere</strong></span> <span class='ocrx_word' id='word_1_613' title='bbox 1683 1716 1740 1742; x_wconf 79' lang='lat' dir='ltr'><strong>qua:</strong></span> <span class='ocrx_word' id='word_1_614' title='bbox 1756 1709 1874 1741; x_wconf 85' lang='lat' dir='ltr'><strong>terenda,</strong></span> 
     </span>
    </p>
   </div>
   <div class='ocr_carea' id='block_1_83' title="bbox 1089 1747 1873 1786">
    <p class='ocr_par' dir='ltr' id='par_1_83' title="bbox 1089 1747 1873 1786">
     <span class='ocr_line' id='line_1_84' title="bbox 1089 1747 1873 1786; baseline 0.01 -13"><span class='ocrx_word' id='word_1_615' title='bbox 1089 1747 1160 1774; x_wconf 91' lang='lat' dir='ltr'><strong>illam</strong></span> <span class='ocrx_word' id='word_1_616' title='bbox 1170 1748 1221 1775; x_wconf 86' lang='lat' dir='ltr'><strong>alia</strong></span> <span class='ocrx_word' id='word_1_617' title='bbox 1233 1749 1291 1776; x_wconf 88' lang='lat' dir='ltr'><strong>aliis</strong></span> <span class='ocrx_word' id='word_1_618' title='bbox 1303 1751 1486 1783; x_wconf 88' lang='lat' dir='ltr'><strong>commiscere,</strong></span> <span class='ocrx_word' id='word_1_619' title='bbox 1497 1752 1568 1778; x_wconf 76' lang='lat' dir='ltr'><strong>illam</strong></span> <span class='ocrx_word' id='word_1_620' title='bbox 1580 1761 1639 1779; x_wconf 85' lang='lat' dir='ltr'><strong>cuin</strong></span> <span class='ocrx_word' id='word_1_621' title='bbox 1650 1754 1782 1780; x_wconf 88' lang='lat' dir='ltr'><strong>alabastro</strong></span> <span class='ocrx_word' id='word_1_622' title='bbox 1792 1760 1873 1786; x_wconf 85' lang='lat' dir='ltr'><strong>stare,</strong></span> 
     </span>
    </p>
   </div>
   <div class='ocr_carea' id='block_1_84' title="bbox 1089 1793 1871 1832">
    <p class='ocr_par' dir='ltr' id='par_1_84' title="bbox 1089 1793 1871 1832">
     <span class='ocr_line' id='line_1_85' title="bbox 1089 1793 1871 1832; baseline 0.009 -13"><span class='ocrx_word' id='word_1_623' title='bbox 1089 1793 1165 1820; x_wconf 88' lang='lat' dir='ltr'><strong>aliam</strong></span> <span class='ocrx_word' id='word_1_624' title='bbox 1180 1802 1238 1820; x_wconf 90' lang='lat' dir='ltr'><strong>cum</strong></span> <span class='ocrx_word' id='word_1_625' title='bbox 1254 1795 1306 1821; x_wconf 90' lang='lat' dir='ltr'><strong>alio</strong></span> <span class='ocrx_word' id='word_1_626' title='bbox 1319 1802 1382 1822; x_wconf 90' lang='lat' dir='ltr'><strong>vase</strong></span> <span class='ocrx_word' id='word_1_627' title='bbox 1392 1816 1400 1828; x_wconf 88' lang='lat'><strong>,</strong></span> <span class='ocrx_word' id='word_1_628' title='bbox 1413 1796 1492 1822; x_wconf 84' lang='lat' dir='ltr'><strong>aliam</strong></span> <span class='ocrx_word' id='word_1_629' title='bbox 1507 1797 1576 1824; x_wconf 85' lang='lat' dir='ltr'><strong>aliud</strong></span> <span class='ocrx_word' id='word_1_630' title='bbox 1590 1798 1723 1832; x_wconf 87' lang='lat' dir='ltr'><strong>quidpiam</strong></span> <span class='ocrx_word' id='word_1_631' title='bbox 1743 1804 1853 1826; x_wconf 87' lang='lat' dir='ltr'><strong>tractare</strong></span> <span class='ocrx_word' id='word_1_632' title='bbox 1865 1807 1871 1813; x_wconf 90' lang='grc'><strong>·</strong></span> 
     </span>
    </p>
   </div>
   <div class='ocr_carea' id='block_1_85' title="bbox 1089 1839 1872 1879">
    <p class='ocr_par' dir='ltr' id='par_1_85' title="bbox 1089 1839 1872 1879">
     <span class='ocr_line' id='line_1_86' title="bbox 1089 1839 1872 1879; baseline 0.01 -15"><span class='ocrx_word' id='word_1_633' title='bbox 1089 1839 1179 1873; x_wconf 87' lang='lat' dir='ltr'><strong>sicque</strong></span> <span class='ocrx_word' id='word_1_634' title='bbox 1192 1847 1283 1866; x_wconf 87' lang='lat' dir='ltr'><strong>carum</strong></span> <span class='ocrx_word' id='word_1_635' title='bbox 1298 1845 1399 1868; x_wconf 88' lang='lat' dir='ltr'><strong>mentes</strong></span> <span class='ocrx_word' id='word_1_636' title='bbox 1413 1842 1489 1868; x_wconf 88' lang='lat' dir='ltr'><strong>simul</strong></span> <span class='ocrx_word' id='word_1_637' title='bbox 1503 1847 1529 1869; x_wconf 88' lang='lat' dir='ltr'><strong>et</strong></span> <span class='ocrx_word' id='word_1_638' title='bbox 1541 1851 1632 1870; x_wconf 88' lang='lat' dir='ltr'><strong>tnanus</strong></span> <span class='ocrx_word' id='word_1_639' title='bbox 1643 1845 1715 1878; x_wconf 91' lang='lat' dir='ltr'><strong>operi</strong></span> <span class='ocrx_word' id='word_1_640' title='bbox 1728 1845 1872 1879; x_wconf 80' lang='lat' dir='ltr'><strong>applicans,</strong></span> 
     </span>
    </p>
   </div>
   <div class='ocr_carea' id='block_1_86' title="bbox 1090 1882 1874 1926">
    <p class='ocr_par' dir='ltr' id='par_1_86' title="bbox 1090 1882 1874 1926">
     <span class='ocr_line' id='line_1_87' title="bbox 1090 1882 1874 1926; baseline 0.01 -16"><span class='ocrx_word' id='word_1_641' title='bbox 1090 1882 1154 1910; x_wconf 89' lang='lat' dir='ltr'><strong>nihil</strong></span> <span class='ocrx_word' id='word_1_642' title='bbox 1169 1887 1302 1920; x_wconf 88' lang='lat' dir='ltr'><strong>corrumpi</strong></span> <span class='ocrx_word' id='word_1_643' title='bbox 1324 1887 1404 1919; x_wconf 84' lang='lat' dir='ltr'><strong>sinit,</strong></span> <span class='ocrx_word' id='word_1_644' title='bbox 1421 1895 1526 1922; x_wconf 82' lang='lat' dir='ltr'><strong>semper</strong></span> <span class='ocrx_word' id='word_1_645' title='bbox 1543 1889 1684 1923; x_wconf 83' lang='lat' dir='ltr'><strong>insistens,</strong></span> <span class='ocrx_word' id='word_1_646' title='bbox 1699 1898 1750 1917; x_wconf 85' lang='lat' dir='ltr'><strong>non</strong></span> <span class='ocrx_word' id='word_1_647' title='bbox 1767 1892 1874 1926; x_wconf 86' lang='lat' dir='ltr'><strong>permit-</strong></span> 
     </span>
    </p>
   </div>
   <div class='ocr_carea' id='block_1_87' title="bbox 1093 1933 1874 1968">
    <p class='ocr_par' dir='ltr' id='par_1_87' title="bbox 1093 1933 1874 1968">
     <span class='ocr_line' id='line_1_88' title="bbox 1093 1933 1874 1968; baseline 0.01 -12"><span class='ocrx_word' id='word_1_648' title='bbox 1093 1935 1150 1956; x_wconf 91' lang='lat' dir='ltr'><strong>tens</strong></span> <span class='ocrx_word' id='word_1_649' title='bbox 1164 1935 1237 1957; x_wconf 63' lang='lat' dir='ltr'><strong>extra</strong></span> <span class='ocrx_word' id='word_1_650' title='bbox 1253 1933 1351 1966; x_wconf 82' lang='lat' dir='ltr'><strong>vagari,</strong></span> <span class='ocrx_word' id='word_1_651' title='bbox 1361 1939 1405 1960; x_wconf 88' lang='lat' dir='ltr'><strong>aut</strong></span> <span class='ocrx_word' id='word_1_652' title='bbox 1419 1934 1470 1961; x_wconf 87' lang='lat' dir='ltr'><strong>alio</strong></span> <span class='ocrx_word' id='word_1_653' title='bbox 1483 1940 1618 1968; x_wconf 86' lang='lat' dir='ltr'><strong>aspectum</strong></span> <span class='ocrx_word' id='word_1_654' title='bbox 1633 1936 1763 1963; x_wconf 82' lang='lat' dir='ltr'><strong>divertere</strong></span> <span class='ocrx_word' id='word_1_655' title='bbox 1777 1945 1783 1962; x_wconf 85' lang='lat'><strong>:</strong></span> <span class='ocrx_word' id='word_1_656' title='bbox 1797 1938 1835 1963; x_wconf 91' lang='lat' dir='ltr'><strong>sic</strong></span> <span class='ocrx_word' id='word_1_657' title='bbox 1848 1942 1874 1964; x_wconf 86' lang='lat' dir='ltr'><strong>et</strong></span> 
     </span>
    </p>
   </div>
   <div class='ocr_carea' id='block_1_88' title="bbox 1089 1975 1874 2016">
    <p class='ocr_par' dir='ltr' id='par_1_88' title="bbox 1089 1975 1874 2016">
     <span class='ocr_line' id='line_1_89' title="bbox 1089 1975 1874 2016; baseline 0.01 -15"><span class='ocrx_word' id='word_1_658' title='bbox 1089 1975 1176 2002; x_wconf 90' lang='lat' dir='ltr'><strong>anima</strong></span> <span class='ocrx_word' id='word_1_659' title='bbox 1192 1977 1334 2010; x_wconf 86' lang='lat' dir='ltr'><strong>pretiosum</strong></span> <span class='ocrx_word' id='word_1_660' title='bbox 1350 1977 1400 2005; x_wconf 90' lang='lat' dir='ltr'><strong>hoc</strong></span> <span class='ocrx_word' id='word_1_661' title='bbox 1419 1985 1579 2014; x_wconf 78' lang='lat' dir='ltr'><strong>unguentum</strong></span> <span class='ocrx_word' id='word_1_662' title='bbox 1597 1989 1763 2015; x_wconf 63' lang='lat' dir='ltr'><strong>pricparans,</strong></span> <span class='ocrx_word' id='word_1_663' title='bbox 1779 1990 1874 2016; x_wconf 87' lang='lat' dir='ltr'><strong>nempe</strong></span> 
     </span>
    </p>
   </div>
   <div class='ocr_carea' id='block_1_89' title="bbox 1089 2023 1872 2061">
    <p class='ocr_par' dir='ltr' id='par_1_89' title="bbox 1089 2023 1872 2061">
     <span class='ocr_line' id='line_1_90' title="bbox 1089 2023 1872 2061; baseline 0.008 -13"><span class='ocrx_word' id='word_1_664' title='bbox 1089 2023 1318 2056; x_wconf 89' lang='lat' dir='ltr'><strong>compunctionem</strong></span> <span class='ocrx_word' id='word_1_665' title='bbox 1331 2044 1338 2057; x_wconf 92' lang='lat'><strong>,</strong></span> <span class='ocrx_word' id='word_1_666' title='bbox 1359 2031 1453 2052; x_wconf 88' lang='lat' dir='ltr'><strong>sensus</strong></span> <span class='ocrx_word' id='word_1_667' title='bbox 1471 2025 1505 2052; x_wconf 89' lang='lat' dir='ltr'><strong>ad</strong></span> <span class='ocrx_word' id='word_1_668' title='bbox 1524 2027 1637 2061; x_wconf 83' lang='lat' dir='ltr'><strong>scipsam</strong></span> <span class='ocrx_word' id='word_1_669' title='bbox 1653 2032 1763 2060; x_wconf 87' lang='lat' dir='ltr'><strong>evocat,</strong></span> <span class='ocrx_word' id='word_1_670' title='bbox 1781 2035 1872 2054; x_wconf 87' lang='lat' dir='ltr'><strong>eorum</strong></span> 
     </span>
    </p>
   </div>
   <div class='ocr_carea' id='block_1_90' title="bbox 1090 2068 1874 2108">
    <p class='ocr_par' dir='ltr' id='par_1_90' title="bbox 1090 2068 1874 2108">
     <span class='ocr_line' id='line_1_91' title="bbox 1090 2068 1874 2108; baseline 0.008 -14"><span class='ocrx_word' id='word_1_671' title='bbox 1090 2068 1268 2100; x_wconf 68' lang='lat' dir='ltr'><strong>pratseindeus</strong></span> <span class='ocrx_word' id='word_1_672' title='bbox 1288 2070 1435 2104; x_wconf 81' lang='lat' dir='ltr'><strong>segnitiem.</strong></span> <span class='ocrx_word' id='word_1_673' title='bbox 1460 2071 1487 2098; x_wconf 88' lang='lat' dir='ltr'><strong>Si</strong></span> <span class='ocrx_word' id='word_1_674' title='bbox 1508 2071 1614 2106; x_wconf 87' lang='lat' dir='ltr'><strong>quando</strong></span> <span class='ocrx_word' id='word_1_675' title='bbox 1632 2078 1719 2100; x_wconf 87' lang='lat' dir='ltr'><strong>autem</strong></span> <span class='ocrx_word' id='word_1_676' title='bbox 1739 2075 1874 2108; x_wconf 72' lang='lat' dir='ltr'><strong>contingat</strong></span> 
     </span>
    </p>
   </div>
   <div class='ocr_carea' id='block_1_91' title="bbox 1089 2113 1872 2154">
    <p class='ocr_par' dir='ltr' id='par_1_91' title="bbox 1089 2113 1872 2154">
     <span class='ocr_line' id='line_1_92' title="bbox 1089 2113 1872 2154; baseline 0.009 -15"><span class='ocrx_word' id='word_1_677' title='bbox 1089 2113 1160 2140; x_wconf 68' lang='lat' dir='ltr'><strong>illam</strong></span> <span class='ocrx_word' id='word_1_678' title='bbox 1177 2114 1202 2140; x_wconf 91' lang='lat' dir='ltr'><strong>in</strong></span> <span class='ocrx_word' id='word_1_679' title='bbox 1218 2122 1246 2142; x_wconf 88' lang='lat' dir='ltr'><strong>se</strong></span> <span class='ocrx_word' id='word_1_680' title='bbox 1259 2122 1414 2143; x_wconf 87' lang='lat' dir='ltr'><strong>conversam</strong></span> <span class='ocrx_word' id='word_1_681' title='bbox 1432 2117 1565 2151; x_wconf 83' lang='lat' dir='ltr'><strong>quidpiam</strong></span> <span class='ocrx_word' id='word_1_682' title='bbox 1578 2126 1669 2145; x_wconf 90' lang='lat' dir='ltr'><strong>eorum</strong></span> <span class='ocrx_word' id='word_1_683' title='bbox 1684 2120 1799 2154; x_wconf 75' lang='lat' dir='ltr'><strong>cogitare</strong></span> <span class='ocrx_word' id='word_1_684' title='bbox 1814 2128 1872 2154; x_wconf 72' lang='lat' dir='ltr'><strong>qum</strong></span> 
     </span>
    </p>
   </div>
   <div class='ocr_carea' id='block_1_92' title="bbox 1088 2157 1871 2198">
    <p class='ocr_par' dir='ltr' id='par_1_92' title="bbox 1088 2157 1871 2198">
     <span class='ocr_line' id='line_1_93' title="bbox 1088 2157 1871 2198; baseline 0.008 -14"><span class='ocrx_word' id='word_1_685' title='bbox 1088 2157 1121 2184; x_wconf 89' lang='lat' dir='ltr'><strong>ad</strong></span> <span class='ocrx_word' id='word_1_686' title='bbox 1135 2158 1292 2192; x_wconf 87' lang='lat' dir='ltr'><strong>probitatem</strong></span> <span class='ocrx_word' id='word_1_687' title='bbox 1308 2165 1334 2187; x_wconf 91' lang='lat' dir='ltr'><strong>et</strong></span> <span class='ocrx_word' id='word_1_688' title='bbox 1349 2160 1393 2187; x_wconf 88' lang='lat' dir='ltr'><strong>Dei</strong></span> <span class='ocrx_word' id='word_1_689' title='bbox 1409 2161 1531 2195; x_wconf 90' lang='lat' dir='ltr'><strong>placitum</strong></span> <span class='ocrx_word' id='word_1_690' title='bbox 1548 2167 1684 2196; x_wconf 89' lang='lat' dir='ltr'><strong>spectant,</strong></span> <span class='ocrx_word' id='word_1_691' title='bbox 1700 2171 1793 2190; x_wconf 88' lang='lat' dir='ltr'><strong>sensus</strong></span> <span class='ocrx_word' id='word_1_692' title='bbox 1806 2172 1871 2198; x_wconf 87' lang='lat' dir='ltr'><strong>ope-</strong></span> 
     </span>
    </p>
   </div>
   <div class='ocr_carea' id='block_1_93' title="bbox 1088 2204 1871 2242">
    <p class='ocr_par' dir='ltr' id='par_1_93' title="bbox 1088 2204 1871 2242">
     <span class='ocr_line' id='line_1_94' title="bbox 1088 2204 1871 2242; baseline 0.008 -12"><span class='ocrx_word' id='word_1_693' title='bbox 1088 2204 1190 2232; x_wconf 87' lang='lat' dir='ltr'><strong>ratione</strong></span> <span class='ocrx_word' id='word_1_694' title='bbox 1200 2212 1247 2232; x_wconf 86' lang='lat' dir='ltr'><strong>sua</strong></span> <span class='ocrx_word' id='word_1_695' title='bbox 1258 2213 1356 2233; x_wconf 87' lang='lat' dir='ltr'><strong>vacuos</strong></span> <span class='ocrx_word' id='word_1_696' title='bbox 1365 2207 1517 2240; x_wconf 86' lang='lat' dir='ltr'><strong>constituit;</strong></span> <span class='ocrx_word' id='word_1_697' title='bbox 1532 2215 1564 2234; x_wconf 93' lang='lat' dir='ltr'><strong>ne</strong></span> <span class='ocrx_word' id='word_1_698' title='bbox 1576 2208 1637 2242; x_wconf 89' lang='lat' dir='ltr'><strong>qttid</strong></span> <span class='ocrx_word' id='word_1_699' title='bbox 1647 2216 1871 2242; x_wconf 85' lang='lat' dir='ltr'><strong>supervacaneum</strong></span> 
     </span>
    </p>
   </div>
   <div class='ocr_carea' id='block_1_94' title="bbox 1088 2249 1871 2289">
    <p class='ocr_par' dir='ltr' id='par_1_94' title="bbox 1088 2249 1871 2289">
     <span class='ocr_line' id='line_1_95' title="bbox 1088 2249 1871 2289; baseline 0.009 -14"><span class='ocrx_word' id='word_1_700' title='bbox 1088 2249 1272 2284; x_wconf 89' lang='lat' dir='ltr'><strong>intempestive</strong></span> <span class='ocrx_word' id='word_1_701' title='bbox 1297 2252 1451 2281; x_wconf 88' lang='lat' dir='ltr'><strong>inducentes</strong></span> <span class='ocrx_word' id='word_1_702' title='bbox 1466 2274 1474 2286; x_wconf 92' lang='lat'><strong>,</strong></span> <span class='ocrx_word' id='word_1_703' title='bbox 1501 2254 1630 2281; x_wconf 79' lang='lat' dir='ltr'><strong>intentam</strong></span> <span class='ocrx_word' id='word_1_704' title='bbox 1657 2255 1871 2289; x_wconf 83' lang='lat' dir='ltr'><strong>tranquillitatem</strong></span> 
     </span>
    </p>
   </div>
   <div class='ocr_carea' id='block_1_95' title="bbox 1087 2296 1873 2332">
    <p class='ocr_par' dir='ltr' id='par_1_95' title="bbox 1087 2296 1873 2332">
     <span class='ocr_line' id='line_1_96' title="bbox 1087 2296 1873 2332; baseline 0.009 -12"><span class='ocrx_word' id='word_1_705' title='bbox 1087 2296 1250 2329; x_wconf 85' lang='lat' dir='ltr'><strong>perturbent.</strong></span> <span class='ocrx_word' id='word_1_706' title='bbox 1265 2297 1352 2329; x_wconf 84' lang='lat' dir='ltr'><strong>Quare</strong></span> <span class='ocrx_word' id='word_1_707' title='bbox 1364 2298 1386 2324; x_wconf 90' lang='lat' dir='ltr'><strong>si</strong></span> <span class='ocrx_word' id='word_1_708' title='bbox 1401 2305 1479 2324; x_wconf 89' lang='lat' dir='ltr'><strong>voces</strong></span> <span class='ocrx_word' id='word_1_709' title='bbox 1491 2299 1614 2332; x_wconf 87' lang='lat' dir='ltr'><strong>auribus,</strong></span> <span class='ocrx_word' id='word_1_710' title='bbox 1628 2300 1776 2332; x_wconf 87' lang='lat' dir='ltr'><strong>spectacula</strong></span> <span class='ocrx_word' id='word_1_711' title='bbox 1788 2301 1873 2327; x_wconf 88' lang='lat' dir='ltr'><strong>oculis</strong></span> 
     </span>
    </p>
   </div>
   <div class='ocr_carea' id='block_1_96' title="bbox 1087 2340 1871 2379">
    <p class='ocr_par' dir='ltr' id='par_1_96' title="bbox 1087 2340 1871 2379">
     <span class='ocr_line' id='line_1_97' title="bbox 1087 2340 1871 2379; baseline 0.008 -13"><span class='ocrx_word' id='word_1_712' title='bbox 1087 2340 1224 2373; x_wconf 85' lang='lat' dir='ltr'><strong>accidant,</strong></span> <span class='ocrx_word' id='word_1_713' title='bbox 1249 2341 1313 2368; x_wconf 86' lang='lat' dir='ltr'><strong>nihil</strong></span> <span class='ocrx_word' id='word_1_714' title='bbox 1336 2342 1534 2376; x_wconf 91' lang='lat' dir='ltr'><strong>intromittitur,</strong></span> <span class='ocrx_word' id='word_1_715' title='bbox 1557 2344 1667 2379; x_wconf 77' lang='lat' dir='ltr'><strong>singulis</strong></span> <span class='ocrx_word' id='word_1_716' title='bbox 1690 2345 1871 2373; x_wconf 90' lang='lat' dir='ltr'><strong>membrorum</strong></span> 
     </span>
    </p>
   </div>
   <div class='ocr_carea' id='block_1_97' title="bbox 1087 2385 1871 2424">
    <p class='ocr_par' dir='ltr' id='par_1_97' title="bbox 1087 2385 1871 2424">
     <span class='ocr_line' id='line_1_98' title="bbox 1087 2385 1871 2424; baseline 0.01 -14"><span class='ocrx_word' id='word_1_717' title='bbox 1087 2385 1283 2418; x_wconf 87' lang='lat' dir='ltr'><strong>operationibus</strong></span> <span class='ocrx_word' id='word_1_718' title='bbox 1298 2387 1330 2413; x_wconf 87' lang='lat' dir='ltr'><strong>ad</strong></span> <span class='ocrx_word' id='word_1_719' title='bbox 1344 2387 1459 2414; x_wconf 82' lang='lat' dir='ltr'><strong>animam</strong></span> <span class='ocrx_word' id='word_1_720' title='bbox 1478 2389 1623 2415; x_wconf 88' lang='lat' dir='ltr'><strong>conversis.</strong></span> <span class='ocrx_word' id='word_1_721' title='bbox 1638 2389 1738 2424; x_wconf 84' lang='lat' dir='ltr'><strong>Ecquid</strong></span> <span class='ocrx_word' id='word_1_722' title='bbox 1754 2398 1832 2418; x_wconf 86' lang='lat' dir='ltr'><strong>voces</strong></span> <span class='ocrx_word' id='word_1_723' title='bbox 1846 2397 1871 2418; x_wconf 88' lang='lat' dir='ltr'><strong>et</strong></span> 
     </span>
    </p>
   </div>
   <div class='ocr_carea' id='block_1_98' title="bbox 1086 2432 1870 2468">
    <p class='ocr_par' dir='ltr' id='par_1_98' title="bbox 1086 2432 1870 2468">
     <span class='ocr_line' id='line_1_99' title="bbox 1086 2432 1870 2468; baseline 0.006 -11"><span class='ocrx_word' id='word_1_724' title='bbox 1086 2432 1233 2464; x_wconf 88' lang='lat' dir='ltr'><strong>speetaeula</strong></span> <span class='ocrx_word' id='word_1_725' title='bbox 1245 2439 1375 2465; x_wconf 88' lang='lat' dir='ltr'><strong>memoro,</strong></span> <span class='ocrx_word' id='word_1_726' title='bbox 1384 2441 1443 2460; x_wconf 90' lang='lat' dir='ltr'><strong>cum</strong></span> <span class='ocrx_word' id='word_1_727' title='bbox 1455 2434 1530 2460; x_wconf 91' lang='lat' dir='ltr'><strong>multi</strong></span> <span class='ocrx_word' id='word_1_728' title='bbox 1542 2434 1566 2460; x_wconf 94' lang='lat' dir='ltr'><strong>in</strong></span> <span class='ocrx_word' id='word_1_729' title='bbox 1578 2434 1626 2461; x_wconf 90' lang='lat' dir='ltr'><strong>hoc</strong></span> <span class='ocrx_word' id='word_1_730' title='bbox 1639 2435 1714 2468; x_wconf 86' lang='lat' dir='ltr'><strong>positi</strong></span> <span class='ocrx_word' id='word_1_731' title='bbox 1726 2440 1805 2468; x_wconf 88' lang='lat' dir='ltr'><strong>statu,</strong></span> <span class='ocrx_word' id='word_1_732' title='bbox 1818 2444 1870 2463; x_wconf 72' lang='lat' dir='ltr'><strong>non</strong></span> 
     </span>
    </p>
   </div>
   <div class='ocr_carea' id='block_1_99' title="bbox 1087 2475 1870 2516">
    <p class='ocr_par' dir='ltr' id='par_1_99' title="bbox 1087 2475 1870 2516">
     <span class='ocr_line' id='line_1_100' title="bbox 1087 2475 1870 2516; baseline 0.011 -15"><span class='ocrx_word' id='word_1_733' title='bbox 1087 2475 1166 2503; x_wconf 91' lang='lat' dir='ltr'><strong>modo</strong></span> <span class='ocrx_word' id='word_1_734' title='bbox 1181 2481 1370 2510; x_wconf 60' lang='lat' dir='ltr'><strong>praetereuntes</strong></span> <span class='ocrx_word' id='word_1_735' title='bbox 1384 2486 1490 2511; x_wconf 84' lang='lat' dir='ltr'><strong>coram,</strong></span> <span class='ocrx_word' id='word_1_736' title='bbox 1506 2480 1553 2507; x_wconf 88' lang='lat' dir='ltr'><strong>sed</strong></span> <span class='ocrx_word' id='word_1_737' title='bbox 1569 2481 1647 2507; x_wconf 88' lang='lat' dir='ltr'><strong>etiam</strong></span> <span class='ocrx_word' id='word_1_738' title='bbox 1664 2488 1692 2508; x_wconf 92' lang='lat' dir='ltr'><strong>se</strong></span> <span class='ocrx_word' id='word_1_739' title='bbox 1707 2481 1870 2516; x_wconf 76' lang='lat' dir='ltr'><strong>exagitantes</strong></span> 
     </span>
    </p>
   </div>
   <div class='ocr_carea' id='block_1_100' title="bbox 1086 2521 1869 2558">
    <p class='ocr_par' dir='ltr' id='par_1_100' title="bbox 1086 2521 1869 2558">
     <span class='ocr_line' id='line_1_101' title="bbox 1086 2521 1869 2558; baseline 0.011 -13"><span class='ocrx_word' id='word_1_740' title='bbox 1086 2527 1138 2546; x_wconf 87' lang='lat' dir='ltr'><strong>non</strong></span> <span class='ocrx_word' id='word_1_741' title='bbox 1153 2521 1286 2548; x_wconf 86' lang='lat' dir='ltr'><strong>sentiant?</strong></span> <span class='ocrx_word' id='word_1_742' title='bbox 1300 2521 1383 2549; x_wconf 89' lang='lat' dir='ltr'><strong>Tanta</strong></span> <span class='ocrx_word' id='word_1_743' title='bbox 1395 2524 1491 2558; x_wconf 86' lang='lat' dir='ltr'><strong>quippe</strong></span> <span class='ocrx_word' id='word_1_744' title='bbox 1506 2529 1546 2551; x_wconf 90' lang='lat' dir='ltr'><strong>est</strong></span> <span class='ocrx_word' id='word_1_745' title='bbox 1559 2526 1654 2552; x_wconf 81' lang='lat' dir='ltr'><strong>animae</strong></span> <span class='ocrx_word' id='word_1_746' title='bbox 1668 2526 1763 2558; x_wconf 77' lang='lat' dir='ltr'><strong>virtus,</strong></span> <span class='ocrx_word' id='word_1_747' title='bbox 1780 2532 1806 2553; x_wconf 91' lang='lat' dir='ltr'><strong>ut</strong></span> <span class='ocrx_word' id='word_1_748' title='bbox 1822 2536 1869 2554; x_wconf 88' lang='lat' dir='ltr'><strong>vo-</strong></span> 
     </span>
    </p>
   </div>
   <div class='ocr_carea' id='block_1_101' title="bbox 1086 2564 1869 2605">
    <p class='ocr_par' dir='ltr' id='par_1_101' title="bbox 1086 2564 1869 2605">
     <span class='ocr_line' id='line_1_102' title="bbox 1086 2564 1869 2605; baseline 0.011 -14"><span class='ocrx_word' id='word_1_749' title='bbox 1086 2564 1149 2592; x_wconf 88' lang='lat' dir='ltr'><strong>lenti</strong></span> <span class='ocrx_word' id='word_1_750' title='bbox 1163 2565 1239 2593; x_wconf 87' lang='lat' dir='ltr'><strong>facilc</strong></span> <span class='ocrx_word' id='word_1_751' title='bbox 1252 2567 1287 2593; x_wconf 86' lang='lat' dir='ltr'><strong>sit</strong></span> <span class='ocrx_word' id='word_1_752' title='bbox 1300 2567 1326 2594; x_wconf 91' lang='lat' dir='ltr'><strong>in</strong></span> <span class='ocrx_word' id='word_1_753' title='bbox 1342 2573 1410 2595; x_wconf 89' lang='lat' dir='ltr'><strong>terra</strong></span> <span class='ocrx_word' id='word_1_754' title='bbox 1425 2569 1531 2604; x_wconf 88' lang='lat' dir='ltr'><strong>quidem</strong></span> <span class='ocrx_word' id='word_1_755' title='bbox 1547 2571 1645 2598; x_wconf 89' lang='lat' dir='ltr'><strong>versari</strong></span> <span class='ocrx_word' id='word_1_756' title='bbox 1657 2591 1665 2603; x_wconf 92' lang='lat'><strong>,</strong></span> <span class='ocrx_word' id='word_1_757' title='bbox 1681 2572 1726 2599; x_wconf 88' lang='lat' dir='ltr'><strong>sed</strong></span> <span class='ocrx_word' id='word_1_758' title='bbox 1739 2593 1747 2605; x_wconf 88' lang='lat'><strong>,</strong></span> <span class='ocrx_word' id='word_1_759' title='bbox 1761 2580 1792 2599; x_wconf 88' lang='lat' dir='ltr'><strong>ac</strong></span> <span class='ocrx_word' id='word_1_760' title='bbox 1804 2574 1827 2600; x_wconf 86' lang='lat' dir='ltr'><strong>si</strong></span> <span class='ocrx_word' id='word_1_761' title='bbox 1844 2573 1869 2600; x_wconf 88' lang='lat' dir='ltr'><strong>itt</strong></span> 
     </span>
    </p>
   </div>
   <div class='ocr_carea' id='block_1_102' title="bbox 1085 2610 1869 2651">
    <p class='ocr_par' dir='ltr' id='par_1_102' title="bbox 1085 2610 1869 2651">
     <span class='ocr_line' id='line_1_103' title="bbox 1085 2610 1869 2651; baseline 0.013 -16"><span class='ocrx_word' id='word_1_762' title='bbox 1085 2610 1152 2636; x_wconf 77' lang='lat' dir='ltr'><strong>caelo</strong></span> <span class='ocrx_word' id='word_1_763' title='bbox 1166 2610 1266 2644; x_wconf 88' lang='lat' dir='ltr'><strong>sedeat,</strong></span> <span class='ocrx_word' id='word_1_764' title='bbox 1281 2612 1346 2639; x_wconf 92' lang='lat' dir='ltr'><strong>nihil</strong></span> <span class='ocrx_word' id='word_1_765' title='bbox 1357 2620 1448 2640; x_wconf 89' lang='lat' dir='ltr'><strong>eorum</strong></span> <span class='ocrx_word' id='word_1_766' title='bbox 1459 2621 1518 2648; x_wconf 76' lang='lat' dir='ltr'><strong>qua:</strong></span> <span class='ocrx_word' id='word_1_767' title='bbox 1531 2616 1557 2642; x_wconf 92' lang='lat' dir='ltr'><strong>in</strong></span> <span class='ocrx_word' id='word_1_768' title='bbox 1573 2621 1640 2643; x_wconf 87' lang='lat' dir='ltr'><strong>terra</strong></span> <span class='ocrx_word' id='word_1_769' title='bbox 1652 2622 1778 2651; x_wconf 83' lang='lat' dir='ltr'><strong>geruntur</strong></span> <span class='ocrx_word' id='word_1_770' title='bbox 1789 2626 1869 2645; x_wconf 78' lang='lat' dir='ltr'><strong>sensu</strong></span> 
     </span>
    </p>
   </div>
   <div class='ocr_carea' id='block_1_103' title="bbox 1085 2654 1232 2688">
    <p class='ocr_par' dir='ltr' id='par_1_103' title="bbox 1085 2654 1232 2688">
     <span class='ocr_line' id='line_1_104' title="bbox 1085 2654 1232 2688; baseline 0.007 -8"><span class='ocrx_word' id='word_1_771' title='bbox 1085 2654 1232 2688; x_wconf 85' lang='lat' dir='ltr'><strong>percipere.</strong></span> 
     </span>
    </p>
   </div>
   <div class='ocr_carea' id='block_1_104' title="bbox 1119 2698 1869 2739">
    <p class='ocr_par' dir='ltr' id='par_1_104' title="bbox 1119 2698 1869 2739">
     <span class='ocr_line' id='line_1_105' title="bbox 1119 2698 1869 2739; baseline 0.013 -15"><span class='ocrx_word' id='word_1_772' title='bbox 1119 2698 1145 2724; x_wconf 72' lang='grc'><strong>2.</strong></span> <span class='ocrx_word' id='word_1_773' title='bbox 1167 2699 1238 2726; x_wconf 83' lang='lat' dir='ltr'><strong>Talis</strong></span> <span class='ocrx_word' id='word_1_774' title='bbox 1252 2705 1307 2727; x_wconf 89' lang='lat' dir='ltr'><strong>crat</strong></span> <span class='ocrx_word' id='word_1_775' title='bbox 1321 2700 1413 2729; x_wconf 87' lang='lat' dir='ltr'><strong>beatus</strong></span> <span class='ocrx_word' id='word_1_776' title='bbox 1427 2702 1539 2736; x_wconf 81' lang='lat' dir='ltr'><strong>Paulus,</strong></span> <span class='ocrx_word' id='word_1_777' title='bbox 1555 2705 1599 2739; x_wconf 89' lang='lat' dir='ltr'><strong>qui</strong></span> <span class='ocrx_word' id='word_1_778' title='bbox 1614 2706 1706 2733; x_wconf 89' lang='lat' dir='ltr'><strong>mediis</strong></span> <span class='ocrx_word' id='word_1_779' title='bbox 1720 2707 1746 2734; x_wconf 92' lang='lat' dir='ltr'><strong>in</strong></span> <span class='ocrx_word' id='word_1_780' title='bbox 1761 2707 1869 2735; x_wconf 91' lang='lat' dir='ltr'><strong>urbibus</strong></span> 
     </span>
    </p>
   </div>
   <div class='ocr_carea' id='block_1_105' title="bbox 1083 2748 1868 2786">
    <p class='ocr_par' dir='ltr' id='par_1_105' title="bbox 1083 2748 1868 2786">
     <span class='ocr_line' id='line_1_106' title="bbox 1083 2748 1868 2786; baseline 0.013 -17"><span class='ocrx_word' id='word_1_781' title='bbox 1083 2750 1210 2775; x_wconf 85' lang='lat' dir='ltr'><strong>versans,</strong></span> <span class='ocrx_word' id='word_1_782' title='bbox 1230 2748 1331 2772; x_wconf 72' lang='lat' dir='ltr'><strong>tantum</strong></span> <span class='ocrx_word' id='word_1_783' title='bbox 1349 2754 1364 2773; x_wconf 89' lang='lat' dir='ltr'><strong>a</strong></span> <span class='ocrx_word' id='word_1_784' title='bbox 1384 2748 1559 2779; x_wconf 80' lang='lat' dir='ltr'><strong>praesentibus</strong></span> <span class='ocrx_word' id='word_1_785' title='bbox 1580 2751 1690 2785; x_wconf 76' lang='lat' dir='ltr'><strong>aberat,</strong></span> <span class='ocrx_word' id='word_1_786' title='bbox 1709 2757 1835 2786; x_wconf 92' lang='lat' dir='ltr'><strong>quantum</strong></span> <span class='ocrx_word' id='word_1_787' title='bbox 1854 2761 1868 2779; x_wconf 85' lang='lat' dir='ltr'><strong>a</strong></span> 
     </span>
    </p>
   </div>
   <div class='ocr_carea' id='block_1_106' title="bbox 1083 2791 1867 2831">
    <p class='ocr_par' dir='ltr' id='par_1_106' title="bbox 1083 2791 1867 2831">
     <span class='ocr_line' id='line_1_107' title="bbox 1083 2791 1867 2831; baseline 0.011 -15"><span class='ocrx_word' id='word_1_788' title='bbox 1083 2795 1247 2816; x_wconf 89' lang='lat' dir='ltr'><strong>mortuorum</strong></span> <span class='ocrx_word' id='word_1_789' title='bbox 1268 2791 1441 2820; x_wconf 87' lang='lat' dir='ltr'><strong>cadaveribus</strong></span> <span class='ocrx_word' id='word_1_790' title='bbox 1463 2793 1597 2823; x_wconf 90' lang='lat' dir='ltr'><strong>absutnus.</strong></span> <span class='ocrx_word' id='word_1_791' title='bbox 1612 2797 1677 2824; x_wconf 75' lang='lat' dir='ltr'><strong>Cum</strong></span> <span class='ocrx_word' id='word_1_792' title='bbox 1697 2797 1767 2825; x_wconf 86' lang='lat' dir='ltr'><strong>enim</strong></span> <span class='ocrx_word' id='word_1_793' title='bbox 1783 2797 1867 2831; x_wconf 83' lang='lat' dir='ltr'><strong>diett,</strong></span> 
     </span>
    </p>
   </div>
   <div class='ocr_carea' id='block_1_107' title="bbox 1118 2856 1534 2890">
    <p class='ocr_par' dir='ltr' id='par_1_107' title="bbox 1118 2856 1534 2890">
     <span class='ocr_line' id='line_1_108' title="bbox 1118 2856 1534 2890; baseline 0.022 -13"><span class='ocrx_word' id='word_1_794' title='bbox 1118 2856 1125 2869; x_wconf 90' lang='grc'>¹</span> <span class='ocrx_word' id='word_1_795' title='bbox 1143 2859 1178 2879; x_wconf 81' lang='lat' dir='ltr'><strong>sic</strong></span> <span class='ocrx_word' id='word_1_796' title='bbox 1189 2856 1268 2887; x_wconf 81' lang='lat' dir='ltr'><strong>savil.,</strong></span> <span class='ocrx_word' id='word_1_797' title='bbox 1281 2857 1323 2881; x_wconf 89' lang='lat' dir='ltr'><strong>sed</strong></span> <span class='ocrx_word' id='word_1_798' title='bbox 1335 2858 1412 2890; x_wconf 87' lang='lat' dir='ltr'><strong>colb.,</strong></span> <span class='ocrx_word' id='word_1_799' title='bbox 1424 2859 1534 2886; x_wconf 69' lang='lat' dir='ltr'><strong>debilem.</strong></span> 
     </span>
    </p>
   </div>
  </div>
