2076 3122
225 110 276 136 M3

227 165 291 191 Mihi
306 164 413 192 mumtus
426 165 562 200 cruciﬁxus
573 171 608 192 est
623 166 632 199 (
645 166 730 193 Colat.
744 167 771 195 6.
786 167 837 203 Μ)
850 188 857 200 ,
872 167 940 195 hanc
954 176 1009 196 me-

226 213 310 236 morat
323 210 559 247 insensibilitatem,
577 212 630 239 imo
644 213 730 246 potius
744 221 795 240 non
810 213 876 241 hanc
890 218 990 243 tantum
1001 236 1008 248 ,

224 255 270 282 sed
280 255 357 282 aliam
372 256 460 288 talem,
476 262 504 283 ut
515 256 611 291 duplex
622 258 666 284 illa
677 257 764 285 fuerit.
776 258 833 286 Non
843 259 914 287 enim
924 260 1009 287 solum

224 300 299 332 dixit,
312 300 375 327 Mihi
386 301 494 328 niundus
502 302 637 336 cruciﬁxus
648 308 694 336 est,
705 303 740 330 ita
751 308 778 330 ut
790 309 881 338 postea
889 305 1008 339 tacuerit,

223 346 269 372 sed
285 354 332 381 per
351 347 504 380 adjunctum
524 348 601 374 aliam
622 349 777 383 signiﬁcavit
794 350 901 383 dicens,
917 350 951 376 Et
965 359 1010 386 ego

223 391 328 418 mundo.
342 391 436 427 Magna
450 397 521 420 certe
536 393 702 428 philosophia
715 399 764 426 est,
779 400 870 428 putare
883 395 1008 422 mundum

223 443 282 463 esse
296 441 439 469 mortuum,
456 438 502 471 sed
519 438 595 472 longe
610 439 705 473 major,
720 447 781 474 erga
795 439 920 468 mundum
935 440 1009 475 quasi

223 486 355 508 mortuum
371 482 494 510 affectum
510 491 579 510 esse.
595 483 670 516 Quod
685 484 772 518 itaque
784 485 882 512 Paulus
892 485 1010 512 declara-

222 527 259 554 vit
273 527 424 565 hujusmodi
437 533 477 556 est
489 538 496 556 :
508 529 571 556 dicit
584 529 654 556 enim
669 537 720 556 non
734 537 762 557 se
778 535 877 557 tantum
891 531 982 558 abesse
993 539 1008 558 a

223 573 398 608 praesentibus
409 593 416 606 ,
431 578 557 608 quantum
575 574 691 601 viventes
704 582 718 601 a
731 576 851 608 mortuis,
868 576 913 602 sed
927 584 1009 610 quan-

223 623 278 645 tum
299 618 396 644 mortui
410 626 424 644 a
440 619 562 646 mortuis.
579 619 626 652 Qui
643 620 713 646 enim
727 620 806 653 vivit,
820 621 922 647 etiamsi
937 629 1008 648 mor-

222 668 295 690 tuum
309 671 359 689 non
373 664 552 698 concupiscat,
564 669 590 691 at
603 665 654 691 alio
668 665 746 692 modo
760 666 851 698 sentit,
865 666 921 693 sive
931 667 1009 693 mire-

222 712 265 735 tur
277 709 400 742 prostrati
415 709 650 743 pulchritudinem,
662 710 717 737 sive
731 711 816 745 ipsum
827 711 967 738 miseretur
978 719 1008 739 ac

222 753 341 788 deploret
358 763 363 781 :
379 760 498 782 mortuus
511 759 598 782 autem
611 763 672 790 erga
692 760 823 783 mortuum
840 764 872 783 ne
888 757 931 783 tali
947 757 1006 791 qui-

222 797 282 825 dem
294 798 388 826 aﬁ‘ectu
399 803 448 826 est.
459 799 514 826 lloc
525 800 603 834 igitur
613 801 748 828 declarare
758 809 819 828 cum
831 802 919 834 vellet,
933 807 1006 836 post-

221 846 299 877 quam
313 843 425 876 dixerat,
441 844 506 871 Mihi
519 845 626 871 numdus
639 846 773 879 cruci/imus
788 851 837 879 est,
850 846 960 880 addidit,
974 847 1006 874 Et

221 896 266 923 ego
274 889 376 915 mundo.
386 889 466 924 Vides
477 897 554 924 quam
563 891 640 925 longe
651 891 743 918 aberat
751 891 783 918 ab
792 892 866 924 orbe,
876 893 1008 927 quomodo

225 933 251 960 in
266 939 335 961 terra
346 935 471 969 gradiens
481 935 515 962 ad
529 936 613 971 ipsum
627 937 784 963 trausilierat
795 937 850 964 caeli
865 938 1008 965 verticem?

259 981 337 1008 Pauli
351 990 411 1016 erga
426 981 554 1009 Christum
568 991 639 1009 (tutor
654 984 728 1009 cazlos
743 991 826 1010 omnes
845 985 1007 1011 transcendit.

221 1027 307 1055 ~Ne
329 1028 392 1055 mihi
416 1036 611 1056 commemores
634 1030 764 1064 montium
786 1030 933 1062 cacumina,
955 1038 1007 1057 non

221 1074 314 1107 saltus,
336 1081 389 1101 non
409 1074 500 1107 valles,
523 1082 575 1101 non
595 1075 763 1102 solitudinem
787 1075 898 1108 inviam;
922 1083 1008 1110 neque

221 1120 292 1147 enim
308 1120 364 1148 haec
385 1121 441 1148 sola
456 1121 520 1148 satis
537 1125 598 1148 sunt
617 1121 648 1147 ad
663 1122 758 1148 anima:
779 1122 919 1148 tumultum
934 1122 1007 1149 aule-

226 1166 347 1199 rendum,
363 1167 409 1194 sed
428 1167 470 1194 illa
485 1159 609 1201 opusnest
626 1167 741 1198 ﬁannna,
757 1175 835 1202 quam
849 1167 968 1195 Christus
982 1168 1007 1194 in

225 1212 299 1239 Pauli
314 1213 399 1239 anima
412 1213 541 1244 incendit;
561 1213 653 1240 beatus
667 1218 755 1240 autem
771 1213 814 1240 ille
829 1220 876 1247 per
886 1213 1008 1247 spiritua-

222 1257 275 1284 lem
292 1258 358 1284 hanc
371 1258 557 1294 cogitationem
572 1258 654 1293 ipsam
667 1257 739 1291 fovit,
750 1262 775 1285 et
783 1258 816 1284 ad
833 1263 930 1285 tantam
944 1258 1007 1285 sub-

222 1301 360 1330 limitatem
383 1303 494 1336 extulit,
523 1308 551 1330 ut
572 1310 632 1330 eum
655 1311 669 1330 a
695 1308 764 1330 terra
790 1303 932 1338 incepisset
946 1323 952 1335 ,
975 1303 1007 1329 ad

225 1347 309 1382 ipsum
321 1348 413 1375 ctelum
430 1349 576 1383 perligerit,
592 1349 644 1375 imo
665 1353 692 1375 et
710 1349 742 1375 ad
757 1350 849 1375 cmlum
873 1350 917 1376 illo
931 1357 1009 1383 supe-

223 1394 288 1426 rius,
303 1398 329 1421 et
344 1394 376 1420 ad
392 1394 462 1420 aliud
479 1395 574 1421 iterum
591 1402 596 1419 :
612 1395 668 1427 ipse
681 1401 795 1428 namque
811 1402 893 1428 usque
907 1394 938 1420 ad
955 1398 1008 1420 ter-

224 1440 286 1467 tium
305 1439 398 1467 etclam
420 1444 510 1474 raptus
529 1443 569 1466 est
587 1448 594 1465 :
611 1447 686 1466 amor
707 1444 795 1466 autem
816 1439 875 1474 ejus
897 1444 923 1466 et
945 1447 1008 1474 erga

222 1485 354 1512 Christum
376 1485 482 1512 dilectio
498 1493 549 1511 non
571 1489 625 1512 tres
643 1484 740 1517 solum,
758 1484 803 1511 scd
818 1492 910 1511 omnes
930 1485 1008 1511 etiam

222 1531 301 1558 carlos
314 1530 486 1558 transcendit.
497 1530 561 1557 Nam
574 1538 685 1564 corpore
699 1530 803 1564 quidem
817 1530 927 1564 pusillus
940 1535 1008 1564 erat,

223 1577 340 1611 nihilque
353 1577 469 1611 amplius
487 1584 565 1611 quam
586 1584 634 1603 nos
648 1577 673 1603 in
694 1577 742 1603 hac
762 1584 790 1603 rc
804 1576 895 1602 habuit
910 1585 916 1601 :
933 1576 1010 1610 spiri-

223 1622 286 1649 tuali
306 1626 395 1649 autem
419 1621 515 1649 atl'ectu
542 1629 635 1648 omnes
660 1622 705 1656 qui
732 1621 758 1648 in
781 1627 849 1647 terra
872 1625 1010 1647 versantur

223 1667 344 1694 homines
360 1667 438 1702 longo
454 1667 593 1694 intervallo
609 1667 752 1701 superavit.
770 1667 859 1701 Neque
873 1667 971 1693 errabit
988 1668 1009 1693 si

223 1713 282 1747 quis
304 1717 424 1743 sanctmn
441 1713 514 1740 illum
529 1713 598 1739 circa
619 1721 674 1740 rem
689 1712 757 1739 hanc
772 1713 885 1747 imagine
899 1713 942 1739 tali
962 1720 1009 1739 cx-

223 1758 321 1793 primat
342 1768 349 1785 :
369 1758 590 1793 quemadmodum
615 1758 636 1784 si
661 1757 766 1784 ﬂamma
787 1758 907 1792 quardam
929 1763 1009 1785 totam

224 1809 301 1831 terra:
310 1803 475 1838 superﬁciem
490 1811 632 1838 occupans,
644 1808 669 1830 et
684 1803 708 1830 in
720 1803 801 1829 altum
815 1803 880 1830 elata
896 1803 1010 1837 undique

225 1849 357 1876 ctelestem
373 1849 491 1885 apsidem
512 1852 662 1883 prattereat,
687 1853 714 1876 et
736 1856 823 1875 aerem
843 1856 923 1883 supra
939 1848 1009 1875 illam

227 1895 341 1930 positum
357 1894 515 1929 pervadens,
530 1894 587 1921 sive
601 1902 647 1921 aer
661 1894 705 1921 ille
719 1894 767 1927 sit,
783 1895 839 1921 sive
853 1894 924 1921 aliud
935 1893 1011 1928 quid-

224 1941 299 1973 libet,
328 1940 512 1967 intermedium
533 1940 645 1967 duorum
665 1941 789 1967 ca:lorum
811 1940 871 1974 igne
891 1939 1008 1973 repleat;

224 1995 310 2022 neque
323 1987 365 2014 hic
375 1994 481 2021 cursum
492 1987 577 2018 sistat,
590 1985 636 2013 sed
649 1986 680 2012 ad
695 1986 799 2013 tertium
811 1986 890 2012 etiam
901 1989 1010 2019 repente

224 2035 377 2063 transmcet,
394 2031 535 2066 omniaque
551 2039 631 2057 unum
646 2038 740 2065 rogum
758 2030 866 2063 efﬁciat,
881 2034 959 2056 tanta:
973 2029 1010 2056 la.

224 2076 344 2110 titudinis
358 2081 482 2111 quautam
496 2075 577 2103 habet
590 2075 713 2103 universa
729 2080 809 2107 terra,
825 2079 903 2102 tantae
920 2075 1010 2102 altitu-

224 2122 304 2156 dinis,
320 2127 446 2158 quantum
461 2122 539 2157 spatii
551 2129 566 2148 a
580 2121 658 2149 tertio
673 2121 738 2148 caelo
753 2120 786 2147 ad
801 2127 849 2147 uos
861 2127 944 2154 usque
958 2124 1010 2147 est.

224 2168 262 2197 No
274 2169 312 2202 sic
323 2169 430 2204 quidem
445 2174 508 2204 puto
521 2168 564 2196 vel
583 2171 685 2202 partem
705 2166 894 2202 aliquantulam
912 2166 1011 2193 amoris

222 2214 282 2249 ‘ejus
301 2222 343 2241 me
362 2215 537 2249 expressisse.
552 2213 627 2247 Quod
641 2218 728 2241 autem
749 2213 808 2240 hccc
828 2220 880 2240 non
893 2212 947 2239 sint
965 2219 1012 2246 per

226 2260 386 2296 hyperbolen
402 2260 482 2293 dicta,
499 2260 590 2288 videre
610 2260 708 2294 poterit
722 2259 841 2294 quisquis
858 2267 889 2286 ea
905 2259 1010 2293 legerit,

225 2313 282 2341 quzr
304 2306 336 2333 ad
365 2306 528 2339 Demetrium
554 2307 646 2334 eadem
672 2306 706 2333 de
728 2314 757 2333 re
780 2306 944 2340 scripsimus.
969 2305 1013 2333 Sic

225 2356 329 2387 oportet
340 2351 476 2380 Christum
489 2359 589 2384 amare.
605 2352 644 2384 sic
657 2359 672 2379 a
686 2352 765 2385 rebus
779 2351 952 2386 prmsentibus
965 2351 1012 2378 ab-

225 2398 328 2427 sistere.
345 2397 422 2425 Tales
435 2402 511 2431 erant
524 2402 676 2427 sanctorum
691 2397 881 2432 prophetarum
894 2396 992 2423 anima:
1002 2416 1011 2429 ,

225 2444 338 2478 ideoque
347 2444 412 2472 alios
422 2447 582 2479 acceperunt
592 2444 694 2471 oculos.
707 2443 777 2471 Sane
787 2443 856 2478 quod
868 2443 904 2470 illi
917 2450 931 2470 a
942 2450 1012 2478 pra:-

225 2489 344 2517 sentibns
363 2496 393 2517 se
409 2494 590 2525 segregarem,
611 2489 637 2516 id
657 2489 760 2516 illorum
783 2489 926 2523 diligentia:
945 2495 1012 2523 Opus

225 2538 282 2561 erat
296 2543 303 2561 :
316 2534 386 2569 quod
399 2542 464 2562 vero
478 2539 569 2570 postea
581 2534 626 2561 alii
646 2534 697 2561 sibi
711 2534 878 2568 aperirentur
897 2533 929 2560 ad
944 2532 1013 2560 tutu-

226 2588 315 2608 rorum
337 2581 588 2616 contemplationem
606 2581 688 2614 oculi,
710 2579 773 2607 illud
791 2579 896 2607 demum
914 2579 1012 2606 divina:

227 2626 318 2661 gratiae
329 2630 397 2653 erat.
412 2626 484 2654 Talis
502 2630 560 2654 erat
574 2625 695 2657 Elisteus,
710 2625 754 2661 qui
769 2628 907 2659 postquam
922 2623 1012 2651 omnia

226 2672 364 2700 saecularia
380 2672 512 2707 despexit,
528 2671 603 2706 regni
622 2671 735 2698 caelestis
750 2678 841 2701 amore
853 2674 944 2705 captus
959 2673 1010 2702 est,

230 2717 422 2753 prmsentiaque
434 2717 525 2745 omnia
543 2716 654 2751 respuit,
670 2724 782 2752 regnum
794 2723 900 2750 nempe,
917 2719 1011 2750 poten-

228 2767 301 2795 uam,
320 2763 431 2798 gloriam
454 2767 482 2792 et.
501 2763 629 2790 honorem
652 2763 684 2790 ab
703 2762 827 2790 omnibus
846 2761 1009 2794 exhibitum;

227 2808 292 2836 vidit
307 2816 339 2837 ea
351 2811 409 2846 qtae
424 2809 511 2837 nullus
524 2816 648 2844 umquam
667 2809 785 2843 viderat,
807 2812 923 2836 montem
939 2811 1010 2835 mte-

665 111 708 139 DE
727 112 997 148 COMPUNCTIONE,
1017 114 1062 142 AD
1081 114 1305 143 STELEClllUM.
1326 114 1389 145 LIB.
1410 114 1442 146 ll.

1795 116 1844 143 4H

1063 176 1151 203 grum,
1166 177 1291 204 equorum
1308 170 1457 204 igneorum.
1472 177 1595 197 curruum
1608 167 1619 202 .”
1632 170 1794 205 militumque
1808 172 1844 198 si-

1062 213 1162 240 milium
1174 215 1290 241 exercitu
1303 219 1435 249 opertum.
1447 214 1512 243 Nam
1524 215 1566 250 qui
1580 215 1720 250 prmsentia
1730 215 1843 247 admira-

1062 264 1121 292 tur,
1149 259 1296 287 futurorum
1323 261 1547 295 contemplatione
1577 268 1720 295 numquam
1750 261 1844 295 dignus

1063 304 1200 332 habebitur
1215 313 1221 331 :
1238 305 1282 340 qui
1297 310 1384 332 autem
1401 306 1442 333 illa
1458 306 1581 341 despicit,
1596 311 1623 334 et
1637 306 1720 335 nihilo
1733 307 1844 334 meliora

1062 354 1136 383 putat
1155 350 1246 376 umbra
1269 355 1295 377 et
1314 351 1430 384 somnio,
1448 352 1500 378 cito
1520 359 1614 387 magna
1637 352 1680 379 illa
1699 352 1844 386 spiritualia

1061 400 1246 429 consequetur.
1258 396 1474 431 Quandoquidem
1488 403 1514 424 et
1527 405 1575 425 nos
1587 397 1691 427 divitias
1704 398 1767 425 viris
1779 405 1843 425 con-

1060 444 1183 474 gruentes
1194 440 1252 467 ﬁliis
1261 442 1358 469 nostris
1371 442 1535 475 exhibemus,
1547 450 1606 470 cum
1618 443 1676 472 illos
1690 443 1762 470 viros
1772 450 1843 477 esse,

1061 488 1087 511 et
1100 485 1210 518 puerilia
1225 486 1313 512 omnia
1328 486 1464 520 despicere
1477 486 1597 514 videmus
1611 496 1618 514 :
1633 487 1758 521 quamdiu
1773 488 1843 516 enim

1061 530 1105 558 illa
1126 531 1265 563 mirantur,
1289 531 1329 558 bis
1350 531 1408 559 illos
1426 531 1547 566 indignos
1566 532 1734 559 arbitramur.
1749 533 1843 561 Anima

1061 575 1156 609 quippe
1171 583 1230 609 qua:
1244 583 1323 609 parva
1335 579 1362 602 et
1376 576 1512 602 saecularia
1525 576 1662 610 despicere
1675 584 1726 613 non
1740 575 1841 608 didicit,

1060 620 1176 647 caelestia
1199 621 1288 647 mirari
1312 628 1365 647 non
1389 621 1501 655 poterit;
1527 621 1636 655 parique
1655 621 1734 648 modo
1756 622 1778 648 si
1799 621 1842 648 illa

1060 666 1180 698 miretur,
1196 674 1248 692 non
1261 666 1354 700 poterit
1369 666 1426 693 hare
1440 674 1492 693 non
1508 666 1628 693 irridere.
1645 666 1700 693 lloc
1714 671 1740 693 et
1753 666 1843 694 beatus

1041 711 1157 747 “Paulus
1177 712 1282 739 dicebat
1306 721 1312 739 :
1331 720 1489 746 quamquam
1510 713 1581 739 enim
1604 711 1702 739 dictum
1725 712 1789 739 illud
1811 712 1844 742 de

1042 752 1045 755 ’
1061 756 1228 790 dogmatibus
1250 756 1379 790 prolatum
1395 761 1447 790 est,
1466 761 1614 791 opportune
1634 762 1720 784 tamen
1739 757 1771 787 de
1785 765 1844 783 mo-

1060 801 1133 828 ribus
1147 806 1172 828 et
1183 801 1216 828 de
1229 801 1306 832 donis
1317 801 1419 829 dicatur
1434 810 1440 828 :
1453 802 1575 833 Animalis
1590 801 1664 829 homo
1677 810 1726 830 non
1741 803 1845 836 percipit

1059 855 1089 874 ea
1099 855 1154 880 qua:
1167 852 1222 873 sunt
1235 846 1345 881 Spiritus
1357 846 1404 874 Dei
1415 847 1451 882 (1.
1468 847 1526 877 Cor.
1542 847 1569 874 2.
1585 847 1640 882 14).

1095 893 1120 919 5.
1137 891 1220 921 David
1242 893 1367 920 Christum
1389 893 1504 920 ardenter
1524 894 1632 921 amabat.
1646 908 1682 913 —
1697 893 1732 921 Ut
1754 894 1842 928 itaque

1059 937 1189 970 dicebam,
1213 938 1416 967 sollicitudinem
1439 939 1622 972 requiramus,
1647 946 1699 966 non
1724 938 1843 966 locorum

1061 988 1172 1015 tantum,
1188 983 1234 1010 sed
1254 984 1333 1011 etiam
1349 984 1475 1018 propositi
1492 992 1498 1010 :
1515 988 1593 1018 atque
1607 988 1668 1012 ante
1681 984 1769 1013 omnia
1785 985 1844 1012 ani-

1061 1036 1130 1056 mam
1144 1027 1270 1054 ducamus
1284 1028 1308 1055 iu
1326 1028 1410 1063 ipsam
1427 1035 1478 1055 non
1493 1028 1636 1058 habitatam
1653 1033 1761 1056 terram.
1778 1030 1844 1065 Cum

1060 1073 1105 1103 tali
1117 1080 1230 1107 namque
1244 1074 1325 1104 animi
1339 1074 1435 1101 allecto
1448 1074 1541 1101 beatus
1554 1074 1646 1106 David,
1661 1075 1753 1103 urbem
1771 1074 1844 1102 inco-

1060 1117 1117 1144 lens
1129 1122 1155 1144 et
1169 1126 1278 1152 regnum
1293 1118 1479 1146 administrans
1494 1118 1655 1154 inﬁnitisque
1668 1119 1845 1147 circumdatus

1060 1163 1141 1196 curis,
1154 1164 1289 1190 ardentius
1298 1172 1376 1198 quam
1388 1164 1415 1196 ii,
1430 1165 1474 1199 qui
1488 1164 1656 1192 solitudinem
1669 1169 1843 1199 occuparunt,

1061 1209 1144 1235 amori
1160 1209 1257 1235 Christi
1278 1209 1438 1237 adhmrebat.
1462 1210 1605 1246 Laerymas
1619 1211 1690 1238 enim
1705 1211 1781 1244 illas,
1796 1219 1844 1246 ge-

1061 1253 1159 1285 mitus,
1189 1259 1213 1281 et
1239 1254 1317 1282 ﬁctus
1344 1255 1386 1282 die
1411 1260 1541 1290 nocteque
1566 1256 1674 1290 etfusos,
1698 1257 1742 1284 vix
1762 1265 1843 1284 unum

1061 1299 1160 1326 duosve
1173 1307 1277 1332 eorum,
1293 1300 1338 1334 qui
1353 1308 1423 1327 nunc
1434 1300 1553 1329 cruciﬁxi
1567 1306 1645 1335 sunt,
1660 1300 1788 1329 exhibere
1802 1302 1844 1329 vi-

1061 1345 1179 1376 deamus,
1194 1345 1217 1371 si
1239 1350 1325 1372 tamen
1341 1346 1469 1380 quispiam
1491 1347 1646 1382 reperiatur.
1662 1347 1753 1382 Neque
1774 1349 1843 1376 enim

1061 1389 1140 1417 ﬁctus
1154 1395 1253 1418 tantum
1269 1392 1455 1420 considerandi
1469 1397 1540 1425 sunt,
1557 1394 1603 1421 sed
1618 1394 1676 1429 quis
1690 1395 1750 1422 illos
1764 1395 1844 1423 cmit-

1062 1439 1128 1462 teret
1141 1435 1280 1470 diligenter
1300 1438 1500 1471 perspiciamus.
1516 1438 1574 1466 Non
1591 1439 1659 1467 idem
1675 1444 1716 1467 est
1730 1441 1755 1467 iu
1772 1445 1843 1469 tanta

1061 1480 1187 1515 dignitate
1199 1482 1324 1515 positum,
1337 1483 1369 1510 ab
1383 1483 1504 1510 omnibus
1519 1483 1611 1513 honori
1625 1485 1753 1519 habitum,
1766 1494 1844 1520 quem

1061 1534 1140 1553 nemo
1162 1527 1297 1561 increpare
1319 1532 1418 1562 posset,
1443 1528 1586 1561 humiliari,
1611 1530 1745 1557 incurvari
1764 1538 1846 1566 seque

1061 1573 1146 1608 ipsum
1163 1581 1307 1605 macerare,
1323 1578 1401 1608 atque
1420 1574 1470 1601 hoc
1492 1574 1577 1608 ipsqu
1598 1574 1686 1603 facere
1705 1575 1789 1611 illum.
1803 1575 1846 1603 cui

1061 1619 1126 1646 nihil
1147 1619 1239 1646 horum
1262 1624 1403 1653 competat.
1425 1619 1560 1656 Siquidem
1584 1621 1665 1649 multa
1685 1629 1733 1648 rex
1755 1621 1845 1653 habet.

1061 1673 1119 1699 qum
1136 1665 1221 1698 ipsum
1240 1665 1272 1692 ad
1294 1673 1352 1693 sese
1370 1664 1556 1695 etl‘underi‘dum
1578 1667 1719 1700 adducant,
1734 1675 1846 1702 qumque

1061 1709 1207 1744 impediant
1221 1711 1362 1744 quominus
1384 1711 1498 1747 animum
1517 1711 1623 1746 colligat
1638 1719 1723 1738 suam.
1741 1712 1847 1747 Diurnis

1062 1763 1176 1789 namque
1190 1755 1291 1782 deliciis
1307 1759 1333 1782 et
1347 1751 1475 1783 conviviis
1487 1756 1654 1790 dissolvitur,
1667 1764 1697 1783 ac
1711 1758 1799 1784 mollis
1811 1757 1846 1784 ef-

1062 1799 1159 1831 ﬁcitur,
1177 1800 1283 1826 intlatur
1297 1801 1413 1835 polentia
1429 1809 1476 1828 sua
1493 1805 1520 1829 et
1534 1802 1559 1828 in
1574 1798 1753 1836 arrogantiam
1767 1802 1846 1831 επιπ-

1063 1848 1125 1870 tur:
1143 1844 1215 1884 ilhnn
1227 1845 1318 1879 gloria:
1334 1853 1407 1872 amor
1422 1846 1483 1878 urit,
1506 1854 1557 1873 nec
1581 1847 1669 1874 minus
1691 1855 1844 1882 corporum,

1062 1890 1178 1924 potentia
1201 1891 1316 1924 genitus,
1331 1895 1357 1918 et
1371 1892 1484 1918 nutritus
1503 1891 1615 1919 deliciis.
1632 1892 1672 1919 Ad
1688 1892 1745 1920 hinc
1768 1897 1845 1921 cura—

1062 1943 1119 1962 rum
1136 1936 1254 1963 turbines
1274 1936 1359 1970 ipsum
1375 1937 1489 1972 undique
1508 1937 1664 1965 invadentes
1682 1946 1734 1964 non
1749 1937 1846 1971 minus,

1063 1988 1140 2015 quam
1163 1981 1200 2008 illi
1222 1981 1266 2008 alii
1287 1981 1407 2014 allectus,
1431 1983 1513 2017 ipsius
1533 1983 1650 2010 animum
1672 1984 1846 2018 perturbant:

1062 2034 1144 2061 quare
1157 2034 1190 2059 ne
1205 2027 1343 2054 niinimum
1357 2027 1462 2060 quidem
1477 2029 1645 2063 compunctio
1660 2029 1758 2057 aditum
1772 2030 1848 2057 inve-

1062 2072 1121 2100 nire
1134 2072 1230 2106 poterit
1245 2077 1282 2099 tot
1297 2073 1487 2101 munitionibus
1502 2073 1608 2108 repulsa
1621 2082 1628 2100 :
1644 2082 1716 2109 a‘gre
1734 2082 1848 2110 namque

1062 2118 1103 2145 vel
1124 2118 1149 2144 in
1170 2118 1257 2144 anima
1275 2118 1316 2146 his
1336 2118 1455 2146 obicibus
1478 2119 1559 2147 libera
1580 2119 1632 2147 hoc
1649 2119 1746 2153 bonum
1768 2119 1849 2148 inseri

1063 2167 1161 2198 potest.
1186 2164 1307 2191 Privatus
1330 2168 1419 2191 autem
1440 2163 1520 2191 Immo
1545 2164 1696 2201 hujusmodi
1721 2164 1849 2200 tumultus

1064 2215 1158 2243 expers
1179 2209 1287 2236 omnino
1311 2213 1362 2241 est,
1388 2209 1439 2236 nisi
1465 2209 1499 2236 sit
1523 2209 1664 2236 admodum
1691 2215 1847 2243 perversns;

1063 2255 1235 2291 quamobrem
1249 2262 1308 2282 cum
1322 2254 1417 2282 minori
1432 2254 1586 2282 difﬁcultate
1600 2255 1697 2290 poterit
1710 2255 1776 2281 hanc
1792 2261 1847 2289 rem

1064 2301 1151 2334 adire,
1169 2309 1248 2336 quam
1265 2301 1286 2328 is
1302 2301 1346 2335 qui
1362 2301 1388 2328 in
1410 2302 1537 2336 potentia,
1553 2301 1665 2337 imperio
1677 2305 1702 2327 et
1717 2300 1789 2327 cultu
1804 2298 1849 2326 tali

1063 2347 1145 2382 degit.
1162 2347 1201 2374 Ac
1213 2346 1435 2381 quemadmodum
1450 2345 1568 2379 difﬁcile,
1584 2346 1638 2372 imo
1648 2344 1737 2380 potius
1749 2344 1848 2379 impos-

1064 2394 1141 2421 sibile
1155 2397 1195 2421 est
1210 2393 1297 2428 ignem
1308 2400 1369 2420 cum
1384 2400 1450 2427 aqua
1468 2392 1591 2423 miscere,
1608 2391 1642 2418 ita
1658 2397 1710 2418 non
1725 2394 1788 2425 puto
1803 2389 1849 2426 de-

1064 2440 1138 2467 licias
1151 2443 1178 2466 et
1190 2439 1422 2474 compunet‘lonem
1436 2437 1513 2464 simul
1527 2444 1586 2464 es-se
1600 2443 1678 2472 posse
1693 2444 1700 2463 :
1716 2441 1776 2462 nam
1791 2435 1849 2469 haec

1065 2485 1196 2514 contraria
1218 2489 1290 2517 sunt,
1311 2489 1338 2511 et
1361 2490 1441 2510 unum
1463 2483 1496 2510 ab
1519 2482 1602 2511 altero
1623 2481 1779 2517 destruitur.
1801 2481 1848 2508 Illa

1064 2532 1134 2558 enim
1158 2536 1243 2557 mater
1267 2533 1307 2557 est
1327 2529 1501 2563 lacrymarum
1529 2531 1555 2554 et
1577 2527 1771 2562 temperantize,
1791 2526 1849 2554 hzcc

1064 2578 1133 2604 n‘sus
1147 2581 1173 2604 et
1193 2575 1322 2604 insanire:
1339 2575 1380 2601 illa
1393 2574 1477 2601 levem
1492 2578 1518 2601 et
1531 2573 1580 2600 alis
1595 2573 1749 2601 instructam
1768 2571 1850 2608 efﬁcit

1064 2624 1190 2655 animam,
1204 2622 1245 2650 Ine
1259 2628 1322 2649 vero
1339 2619 1449 2657 plumbo
1464 2620 1612 2654 graviorem
1626 2619 1798 2653 constituunt.
1815 2618 1849 2645 At

1064 2668 1181 2696 nondum
1195 2667 1221 2694 id
1235 2666 1304 2701 quod
1317 2665 1403 2699 majus
1417 2669 1457 2692 est
1471 2664 1535 2697 dixi,
1551 2664 1675 2692 Davidem
1688 2662 1789 2690 scilicet
1800 2662 1847 2699 illo

1064 2719 1184 2748 tempore
1198 2712 1305 2744 vixisse.
1321 2718 1373 2746 quo
1386 2718 1439 2738 non
1452 2714 1523 2737 tanta
1537 2709 1719 2744 postulabatur
1731 2708 1792 2734 vita:
1804 2707 1847 2742 di-

1064 2758 1190 2794 ligentia;
1206 2765 1254 2785 nos
1271 2761 1358 2784 autem
1373 2763 1443 2783 nunc
1463 2755 1489 2782 in
1504 2759 1638 2783 certamen
1651 2752 1848 2790 descendimus.

1066 2813 1126 2834 cum
1146 2812 1200 2832 nou
1223 2804 1274 2831 alia
1294 2802 1374 2830 modo
1387 2801 1493 2835 delicta,
1514 2800 1560 2828 sed
1581 2801 1638 2836 ipse
1659 2799 1728 2828 risus
1747 2799 1849 2833 magnis
