2076 3122
239 127 288 155 H5

239 183 370 210 obnoxius
394 185 435 207 cst
455 179 554 214 pomis,
577 177 622 204 sed
644 177 730 204 luctus
747 179 773 202 ct
791 172 897 200 afﬂictio
919 171 1017 206 ubique

238 227 369 255 laudatur.
390 226 513 253 Attamen
538 223 629 250 beatus
652 221 696 248 ille
719 220 759 246 his
783 217 906 246 omnibus
929 217 1018 244 fractis

238 272 367 301 obicibus,
383 270 421 296 sic
433 269 503 295 illam
518 267 621 294 fortiter
634 265 758 299 suscepit,
773 263 849 299 quasi
863 270 930 289 unus
945 266 1019 288 esset

239 325 270 343 ex
282 315 464 345 multitudine,
482 320 513 339 ac
527 319 559 338 ne
580 319 626 346 per
639 310 770 338 somnium
787 308 892 343 quidem
908 313 1018 341 regnum

240 362 370 395 regiamve
398 357 618 392 magniﬁcentiam
645 355 754 382 vidisset
780 363 786 381 :
813 358 966 387 tantumque
992 352 1018 378 in

239 413 368 441 purpura,
383 404 409 430 in
424 403 571 429 diademate
585 406 612 428 ct
630 401 655 427 in
671 400 742 434 regio
754 399 820 426 solio
833 396 1018 432 compunctio-

239 458 299 477 nem
315 448 446 480 exhibuit,
462 451 586 482 quantam
601 446 622 472 is
637 446 681 479 qui
696 445 721 471 in
735 450 822 475 sacco,
839 443 865 469 in
879 442 978 474 cinere,
994 446 1021 468 et

240 495 264 520 in
281 492 422 520 solitudine
442 491 526 518 sedet.
547 491 580 516 At
590 490 663 517 enim
675 489 717 522 iis,
733 487 829 522 quibus
850 486 901 513 hoc
922 486 1020 512 bonum

239 548 302 567 \ere
322 538 516 574 supervenerit,
533 540 633 563 tantum
656 535 738 562 robur
756 533 878 565 exhibet,
893 536 1020 566 quantum

239 585 306 620 ignis
329 585 354 611 in
377 583 470 617 spinis.
499 582 554 609 lloe
575 581 695 616 quamvis
718 579 852 606 hominem
876 577 1021 604 innumeris

239 629 409 664 pra-iocatum
430 628 507 654 malis
521 627 645 662 reperiat,
659 625 778 660 quamvis
794 623 885 650 multis
899 626 1020 658 peccato-

242 684 299 702 lllm
330 674 451 702 funiculis
477 673 666 703 constrictum,
694 670 814 706 quamvis
838 669 1020 696 vehementem

240 721 356 748 oll'cndat
370 719 642 754 concupiscentiarum
657 717 800 749 ﬂammam,
814 715 934 750 quamvis
953 714 1021 741 mul-

242 774 296 794 tum
307 767 520 794 circumstanlem
531 764 694 792 saecularium
705 769 793 789 rerum
806 761 956 792 tumultum,
967 760 1023 786 hrcc

242 811 329 838 omnia
343 810 429 838 subito
444 817 492 837 ceu
505 809 618 844 quodam
636 807 740 842 ﬂagello
754 806 872 842 depellit,
892 810 919 832 ct
931 805 1022 840 procul

242 857 322 891 abigit
336 857 369 883 ab
383 856 479 882 anima.
494 855 532 882 Ac
546 852 766 888 quemadmodum
778 856 869 878 contra
883 852 936 878 vim
952 849 1022 877 venti

242 902 405 928 vehementis
419 907 559 934 numquam
572 899 658 926 tenuis
670 898 755 932 pulvis
765 896 878 929 steterit,
892 897 926 922 ita
939 903 1024 930 neque

242 946 513 981 concupiscentiarum
525 943 666 971 multitudo
679 942 889 977 compunetionis
901 941 1024 975 ingruen-

243 997 295 1018 tem
309 993 359 1018 vim
373 991 503 1018 sustinere
518 989 624 1024 poterit,
639 988 686 1016 sed
700 989 743 1015 illa
758 987 913 1020 destruitur,
927 986 1024 1021 pulve-

243 1045 324 1071 reque
343 1044 373 1063 ac
395 1036 468 1063 l‘umo
487 1035 566 1062 cilius
587 1035 740 1069 dissipatur.
756 1033 821 1060 Nam
842 1033 864 1060 si
884 1039 1024 1067 corporum

243 1090 318 1109 amor
340 1082 454 1108 animam
477 1081 512 1108 ita
535 1081 665 1115 captivam
687 1080 778 1110 efﬁcit.
801 1084 830 1106 ut
849 1079 883 1106 ab
903 1078 1026 1105 omnibus

243 1128 313 1154 illam
329 1126 451 1159 abducat,
461 1126 558 1160 unique
572 1126 663 1152 amicae
674 1124 804 1160 tyrannidi
819 1123 951 1157 subjiciat,
964 1122 1026 1157 quid

244 1179 296 1198 non
312 1171 410 1199 efﬁciat
422 1178 496 1198 amor
512 1170 621 1202 Christi,
636 1174 774 1204 metusque
787 1176 820 1196 ne
835 1169 879 1196 ille
892 1168 998 1195 secedat
1011 1175 1026 1194 a

244 1217 341 1254 nobis?
354 1216 429 1250 Quod
443 1220 585 1250 utrumque
603 1215 638 1242 ita
657 1215 793 1250 propheta:
808 1214 925 1241 animum
942 1214 1026 1247 agita-

245 1263 298 1293 bat,
321 1266 349 1288 ut
367 1261 510 1296 aliquando
528 1261 629 1287 diceret
644 1270 650 1286 :
668 1258 884 1293 Quemadmodum
903 1258 1028 1285 desiderat

246 1316 330 1334 cervus
343 1307 376 1333 ad
395 1309 475 1342 fontes
487 1314 622 1341 aquarum,
635 1307 670 1332 ita
684 1305 810 1332 desiderat
824 1304 909 1331 anima
929 1312 982 1330 mea
995 1304 1028 1329 ad

246 1359 279 1387 te,
302 1354 368 1381 Deus
383 1354 465 1389 (Ptol.
479 1354 523 1380 Η.
546 1353 591 1388 1);
613 1360 645 1380 ac
666 1359 767 1383 rursus,
784 1351 874 1377 Anima
891 1359 946 1376 mea
964 1350 1028 1376 sicut

246 1405 311 1426 terra
323 1400 376 1426 sine
395 1407 460 1434 aqua
474 1399 535 1431 tibi;
550 1402 586 1431 et,
609 1398 721 1424 Adluusit
740 1396 825 1422 anima
838 1403 892 1422 mea
911 1399 966 1430 post
987 1399 1028 1426 to;

246 1445 387 1480 aliquando
399 1450 496 1477 autem,
514 1445 629 1477 Domine,
644 1451 674 1470 ne
689 1444 714 1470 in
726 1445 811 1478 furore
824 1447 866 1468 tuo
877 1449 968 1477 arguas
979 1448 1027 1472 me,

247 1499 324 1525 neque
344 1491 369 1517 in
384 1491 422 1517 ira
442 1495 485 1517 tua
503 1490 624 1525 corripias
638 1497 677 1516 me
691 1488 774 1524 (l’sal.
792 1487 852 1514 μοι.
867 1487 892 1514 6.
909 1491 930 1513 et
942 1485 986 1513 62.
1000 1485 1026 1513 9.

248 1543 270 1563 et
281 1537 307 1565 ti.
321 1537 360 1572 2).

284 1593 310 1619 4.
331 1591 465 1626 Inscriptio
480 1592 577 1626 psalmi,
593 1591 644 1618 Pro
658 1596 760 1623 octava,
776 1590 835 1626 quid
847 1589 980 1627 signiﬁcat.
995 1602 1031 1608 —

249 1637 519 1672 Nccmihi'quispiam
535 1637 697 1671 dicatipsnm
708 1657 715 1669 ,
728 1641 756 1663 ut
770 1640 906 1671 peccatum
928 1635 1030 1668 lugeret

248 1691 323 1709 suum
334 1703 341 1715 ,
354 1682 422 1709 hunc
434 1682 571 1716 scripsisse
583 1682 721 1716 psalmum:
731 1689 815 1716 neque
825 1681 894 1708 enitn
908 1680 971 1706 illud
985 1686 1031 1706 ve-

249 1732 364 1758 rumest,
383 1727 500 1761 neqneid
514 1727 640 1761 suspicari
652 1719 859 1761 periniltuutca,
875 1732 934 1759 quae
948 1725 973 1750 in
988 1725 1029 1750 in-

248 1772 390 1807 scriptione
400 1776 539 1806 ponuntur.
549 1772 602 1798 Nisi
617 1772 686 1798 enim
695 1776 784 1806 posset
798 1775 979 1805 argumentum
992 1769 1030 1796 in-

249 1818 375 1852 scriptum
384 1817 496 1848 osmndi,
509 1817 577 1844 hunc
586 1817 714 1851 psalmum
725 1817 816 1843 liceret
829 1816 865 1842 illi
879 1816 917 1842 rei
930 1816 1030 1842 adscri-

249 1862 311 1890 bere
326 1863 382 1890 :sin
393 1870 455 1889 vero
470 1862 492 1889 is
502 1862 545 1897 qui
561 1869 608 1896 pro
622 1865 731 1897 peccato
743 1861 830 1888 dictus
843 1865 894 1893 est,
909 1861 1031 1888 omnibus

249 1913 289 1935 est
303 1908 466 1939 manifestus,
477 1907 517 1934 hic
528 1906 614 1933 autem
625 1907 703 1933 aliam
716 1906 796 1932 habet
805 1905 961 1941 hypolhesin
972 1914 977 1932 :
987 1914 1030 1938 ne,

249 1960 347 1987 qurcso,
356 1960 389 1979 ne
399 1952 485 1979 divina
494 1951 697 1984 confundamus,
706 1958 772 1978 neve
778 1951 941 1986 dogmatibus
948 1959 961 1977 a
972 1951 1032 1985 Spi-

249 1999 298 2024 ritu
308 1998 416 2032 prolatis
423 1997 658 2024 accommodatiora
667 2003 727 2023 esse
735 2000 823 2022 nostra
832 1996 966 2022 ratiocinia
975 2003 1032 2030 pro-

250 2044 408 2070 nuntiemus.
421 2044 546 2075 Quarnam
560 2042 639 2077 igitur
650 2046 692 2068 est
704 2041 858 2076 inscriptio?
870 2041 922 2068 Pro
945 2047 1031 2068 octava

249 2089 332 2121 (Psal.
345 2090 371 2117 6.
382 2089 418 2125 i).
428 2089 553 2127 Quarnam
562 2097 625 2116 vero
635 2092 676 2114 est
684 2093 786 2119 octava,
795 2087 845 2114 nisi
855 2087 911 2114 dies
923 2088 965 2114 illa
980 2088 1032 2115 Do-

250 2135 312 2162 mini
321 2143 413 2170 magna
422 2140 448 2162 ct
463 2135 614 2169 conspicua,
630 2138 659 2160 ut
672 2134 791 2160 clibanus
799 2133 970 2168 ardens,qua>
985 2142 1030 2160 su-

248 2187 343 2215 pernas
353 2180 467 2206 Virtutes
480 2185 592 2206 tremere
603 2179 662 2206 facit
673 2178 805 2213 (Virtutes,
813 2178 905 2213 inquit,
914 2178 1031 2205 caelorum

249 2227 410 2253 movebuntur
433 2225 538 2261 [Matt/1.
556 2225 601 2251 24.
623 2223 700 2260 29]),
726 2232 784 2258 quzc
812 2225 897 2258 ignem
924 2224 1031 2251 exhibet

249 2272 311 2306 Ili-gi
330 2276 392 2298 tunc
408 2271 444 2298 illi
455 2270 678 2305 prrecurrentem?
691 2269 814 2296 Octavam
829 2274 915 2296 autem
930 2271 1032 2296 vocavit

249 2317 335 2349 illam,
350 2321 433 2343 status
447 2315 617 2343 mutationem
640 2314 792 2346 declarans,
810 2322 911 2342 necnon
935 2314 1031 2341 futura:

249 2362 308 2389 vita:
321 2361 528 2388 renOvationem.
541 2361 660 2387 Prmsens
673 2368 784 2395 namque
800 2361 851 2387 vita
876 2359 939 2386 nihil
960 2360 1030 2386 aliud

251 2413 290 2434 est
301 2428 308 2440 ,
324 2415 401 2441 quam
423 2406 568 2433 hebdomas
590 2413 640 2432 una
651 2427 658 2439 ,
672 2413 730 2440 quae
746 2406 797 2432 vita
813 2405 903 2440 incipit
917 2413 931 2432 a
948 2405 1030 2439 prima

249 2452 309 2485 die,
324 2451 418 2478 desinit
441 2451 467 2477 in
491 2452 628 2486 septimam
642 2460 647 2478 :
663 2459 694 2477 ac
714 2459 817 2478 rursum
842 2451 934 2478 iisdem
949 2451 1030 2477 inter-

250 2497 325 2524 vallis
349 2497 488 2530 circumit,
504 2502 531 2525 et
542 2497 575 2525 ad
588 2498 657 2525 idem
682 2497 837 2532 principium
858 2497 988 2530 recurrit,
1004 2501 1031 2524 et

249 2544 274 2570 in
299 2543 378 2570 linem
398 2543 543 2571 descendit.
555 2545 642 2576 Quare
656 2549 774 2571 octavam
785 2543 857 2570 diem
868 2551 946 2570 nemo
958 2543 1031 2569 dixe-

248 2592 282 2618 rit
295 2598 355 2618 essc
369 2591 539 2624 Dominicam,
553 2591 600 2619 sed
624 2592 745 2626 primam.
761 2591 851 2625 Neque
870 2589 940 2617 enim
965 2589 1030 2616 beh-

250 2636 371 2663 domadis
391 2635 504 2664 circulus
520 2637 546 2664 in
568 2641 688 2664 octavum
708 2644 848 2663 numerum
869 2634 1029 2662 extenditur.

248 2681 317 2710 Cum
330 2685 417 2709 autem
432 2682 487 2710 lucc
501 2683 589 2710 omnia
604 2681 765 2710 cessaverint
783 2686 809 2708 et
824 2681 950 2708 dissoluta
971 2679 1030 2707 fue-

250 2729 313 2762 rint,
337 2734 399 2757 tunc
418 2729 543 2764 ogdoadis
569 2736 663 2756 cursus
686 2729 711 2756 in
734 2728 849 2756 medium
874 2727 1029 2754 adducitur:

250 2782 334 2810 neque
353 2776 422 2802 enim
449 2784 553 2803 rursum
587 2775 620 2802 ad
647 2775 804 2810 principium
832 2773 963 2805 recurrit,
985 2772 1032 2799 sed

250 2821 421 2855 sequentibus
433 2815 579 2850 intervallis
589 2820 682 2848 lueret.
697 2819 826 2855 Propheta
838 2818 917 2854 igitur
923 2818 1032 2847 vicem-

601 121 628 149 S.
647 119 786 148 JOANNIS
806 113 1037 150 CIJRYSOSTOMI
1057 112 1213 140 ARCIIIEP.
1233 110 1498 140 CONSTANTINOP.

1801 107 1852 134 H6

1072 170 1220 205 punctionis
1233 170 1385 204 inscriptam
1398 176 1502 203 semper
1521 167 1612 202 judieii
1634 166 1788 194 memoriam
1805 166 1852 192 ha-

1071 215 1145 246 buit,
1158 215 1280 249 diemque
1293 215 1364 241 illam
1378 215 1403 240 in
1417 218 1490 240 tanto
1505 213 1577 240 cultu
1591 233 1598 245 ,
1614 212 1639 238 in
1655 207 1734 238 tantis
1753 211 1852 238 divitiis

1071 259 1175 286 assidue
1188 259 1277 286 animo
1290 259 1429 292 versabat,
1445 266 1522 293 quam
1536 265 1584 285 nos
1608 257 1649 284 vel
1677 257 1702 283 in
1728 256 1855 283 utrumuis

1071 305 1207 332 constituti
1228 305 1271 331 vix
1287 305 1312 331 in
1337 304 1490 332 memoriam
1513 310 1668 331 revocamus
1686 312 1693 329 :
1709 310 1740 330 ac
1757 303 1854 337 judicia

1071 350 1128 384 ejus
1148 349 1298 384 frequenter
1322 349 1460 376 revolvens
1483 348 1553 375 hunc
1580 348 1687 382 scripsit
1708 347 1851 382 psalmum.

1072 394 1171 429 Ecquid
1184 394 1267 421 dicit?
1282 393 1403 426 Domine,
1416 402 1447 420 ne
1466 394 1492 420 in
1514 394 1600 428 furore
1621 398 1662 420 tuo
1685 401 1777 428 arguas
1799 401 1854 425 me,

1072 448 1151 476 neque
1173 441 1199 466 in
1226 440 1264 466 ira
1290 444 1333 466 tua
1358 440 1479 475 corripias
1506 447 1562 472 me,
1592 439 1707 467 furorem
1733 443 1761 466 et
1787 440 1853 466 iram

1073 485 1206 520 appellans
1217 485 1336 520 supplicii
1353 484 1563 512 vehementiam:
1577 489 1685 512 noverat
1705 485 1775 511 enim
1801 493 1851 512 nu-

1073 538 1133 558 men
1148 538 1257 564 prorsus
1267 538 1327 558 esse
1338 530 1447 559 aﬂ'cclus
1459 539 1574 565 expers;
1591 539 1749 567 quamquam
1769 535 1856 558 tamen

1074 576 1122 604 sibi
1135 576 1257 604 conscius
1273 581 1329 603 erat
1341 597 1348 610 ,
1361 584 1413 604 non
1428 583 1533 611 poenam
1547 581 1574 603 ct
1586 576 1741 611 supplicium
1766 576 1857 604 deberi

1073 622 1141 654 sibi,
1157 622 1205 650 sed
1219 622 1347 650 honorem
1361 627 1387 650 et
1409 630 1531 650 coronas.
1544 622 1678 657 Siquidem
1703 623 1768 650 ﬁdes
1779 644 1786 655 ,
1812 631 1858 658 per

1074 676 1151 703 quam
1169 669 1374 704 alienigenarum
1386 669 1479 696 turrim
1500 669 1646 700 destruxit,
1661 673 1688 696 et
1709 663 1857 696 universam

1074 715 1224 742 Judmorum
1237 719 1343 750 gentem
1358 723 1390 742 ex
1400 715 1463 750 ipsis
1477 715 1560 749 portis
1569 715 1663 742 mortis
1681 715 1778 750 eripuit
1788 735 1795 746 ,
1809 714 1857 742 be-

1074 761 1196 788 neﬁcium
1211 761 1317 788 inimico
1332 769 1380 788 suo
1395 761 1486 792 semel.
1503 761 1544 788 bis
1553 765 1580 788 et
1594 761 1690 796 pluries
1699 761 1856 796 praestitum,

1074 813 1105 833 ac
1116 814 1169 840 pra:
1183 806 1306 833 omnibus
1314 807 1401 833 divina
1417 806 1449 833 de
1462 807 1518 841 ipso
1538 806 1636 841 prolata
1662 807 1806 838 sententia,
1820 811 1860 840 to;

1076 855 1128 877 tam
1142 851 1191 877 viri
1203 851 1325 878 virtutem
1341 851 1406 878 satis
1423 851 1591 884 declarabat,
1608 852 1739 887 etiamque
1758 852 1857 887 magis,

1075 904 1152 931 quam
1167 897 1222 932 ipsa
1238 897 1362 931 prtcelare
1373 901 1458 932 gesta.
1469 897 1554 931 Opera
1570 897 1667 932 quippe
1693 897 1859 932 quantumvis

1076 949 1170 977 magna
1185 946 1212 969 et
1223 942 1375 970 admiranda
1390 943 1416 970 in
1429 943 1490 970 mali
1504 944 1681 978 suspicionem
1696 943 1785 970 vocari
1799 950 1858 977 pos-

1075 992 1153 1020 sunt,
1165 987 1214 1014 etsi
1229 992 1256 1014 ut
1268 988 1410 1022 plurimum
1421 988 1492 1015 omni
1514 988 1664 1022 suspicione
1673 988 1755 1016 libera
1771 992 1859 1015 essent

1075 1032 1140 1066 justi
1151 1032 1220 1060 illius
1235 1041 1333 1067 opera:
1349 1041 1408 1060 cum
1431 1039 1519 1061 autem
1531 1033 1602 1061 Deus
1623 1033 1680 1068 ipse
1704 1033 1777 1060 testis
1800 1037 1859 1066 est,

1078 1083 1141 1106 tunc
1162 1079 1249 1106 nullus
1273 1084 1314 1107 est
1327 1080 1470 1115 suspicioni
1492 1080 1564 1107 locus
1580 1089 1586 1106 :
1600 1079 1649 1106 nisi
1668 1079 1738 1107 enim
1754 1087 1860 1106 accura—

1081 1126 1214 1154 tissimam
1234 1125 1342 1154 virtutis
1362 1127 1550 1163 probationem
1587 1124 1766 1156 exhibuisset,
1782 1132 1859 1151 num—

1078 1177 1155 1204 quam
1181 1175 1252 1196 esset
1273 1170 1378 1197 emleste
1398 1171 1559 1205 pratconium
1587 1175 1775 1204 consequutus.
1793 1169 1860 1207 Quill

1079 1215 1157 1249 igitur
1170 1215 1203 1242 de
1224 1215 1269 1242 illo
1286 1215 1350 1242 dicit
1363 1215 1450 1243 Deus?
1461 1215 1550 1242 Inveni
1571 1215 1654 1242 David
1675 1215 1754 1247 [ilium
1765 1214 1844 1241 Jessaz
1854 1234 1861 1246 ,

1079 1262 1159 1288 uirum
1181 1261 1317 1288 secundant
1330 1270 1373 1288 car
1394 1270 1475 1288 meum
1485 1261 1520 1298 (l.
1532 1261 1594 1296 Reg.
1608 1261 1652 1289 15.
1669 1260 1724 1295 Η).
1741 1261 1861 1286 Attamen

1079 1312 1139 1341 post
1153 1308 1205 1334 tale
1215 1307 1341 1341 judicium
1352 1328 1358 1340 ,
1373 1311 1432 1342 post
1453 1311 1524 1334 tanta
1540 1306 1666 1342 prteclare
1680 1311 1753 1340 gesta
1764 1326 1770 1337 ,
1787 1305 1862 1332 dam-

1079 1357 1200 1379 natorum
1215 1358 1241 1380 et
1256 1353 1353 1380 nullam
1374 1360 1434 1387 erga
1457 1353 1540 1379 Deum
1563 1352 1684 1379 ﬁduciam
1710 1352 1862 1378 habentium

1079 1397 1160 1424 verba
1175 1396 1300 1431 protulit,
1314 1402 1342 1423 ut
1355 1396 1534 1431 evangelicum
1552 1396 1616 1423 illud
1639 1397 1777 1431 impleret:
1803 1396 1864 1422 Cum

1080 1443 1163 1469 omnia
1180 1442 1301 1476 feceritis,
1322 1442 1415 1476 dicite,
1431 1441 1504 1469 Servi
1517 1442 1617 1468 inutiles
1635 1450 1720 1468 sumus
1736 1440 1808 1477 (Luc.
1822 1441 1862 1467 Π.

1081 1488 1136 1524 10).
1160 1488 1227 1522 Quid
1248 1488 1361 1522 amplius
1386 1487 1452 1514 dixit
1476 1487 1632 1522 publicanus
1650 1487 1695 1514 ille
1721 1487 1864 1513 innumeris

1081 1534 1158 1561 malis
1183 1538 1304 1566 onustus,
1329 1535 1421 1568 quine
1441 1533 1468 1559 in
1490 1533 1583 1560 caelum
1605 1531 1712 1566 quidem
1734 1531 1865 1566 respicere

1081 1580 1211 1612 audebat,
1239 1587 1325 1614 neque
1349 1579 1454 1613 longum
1477 1583 1568 1605 texere
1589 1584 1755 1609 sermonem,
1782 1584 1867 1610 neque

1082 1632 1163 1660 prope
1176 1624 1338 1652 Pbarismum
1356 1623 1442 1650 stare?
1456 1623 1501 1650 llle
1513 1623 1641 1657 siquidem
1652 1622 1828 1657 exprobrabat
1841 1622 1865 1647 ei

1081 1672 1190 1699 (licens:
1205 1671 1265 1697 Non
1276 1679 1330 1697 sum
1344 1671 1407 1697 sicut
1421 1670 1504 1696 εδιτιον-ἰ
1524 1670 1653 1696 hominum
1666 1690 1673 1701 ,
1693 1673 1814 1702 raptores,
1829 1668 1866 1693 ἕης

1078 1717 1157 1752 justi,
1169 1717 1277 1742 adulleri
1289 1736 1294 1745 .
1312 1721 1355 1741 aut
1373 1715 1436 1742 sicut
1450 1715 1491 1741 ltic
1503 1715 1650 1750 publicanus
1664 1713 1739 1748 (Luc.
1754 1712 1866 1747 18.”):

1083 1763 1125 1789 hic
1138 1769 1200 1789 vero
1215 1769 1246 1788 ac
1258 1761 1279 1787 si
1295 1760 1358 1787 nihil
1379 1760 1604 1787 durumvaudisset
1615 1780 1621 1791 ,
1633 1759 1731 1786 dictum
1747 1758 1865 1792 excepit,

1082 1816 1113 1834 ac
1129 1816 1179 1835 non
1197 1807 1274 1834 modo
1295 1806 1446 1841 indignatus
1463 1813 1515 1832 non
1539 1810 1596 1837 est,
1619 1805 1665 1831 sed
1691 1804 1769 1831 etiam
1794 1803 1866 1829 illum

1082 1854 1132 1881 sibi
1144 1853 1364 1880 contumeliosum
1379 1856 1404 1879 et
1416 1856 1583 1885 arrogantem
1595 1871 1602 1884 ,
1616 1854 1689 1877 tanto
1709 1849 1796 1876 aﬂ‘ecit
1820 1849 1867 1874 ho-

1083 1907 1164 1930 nore,
1180 1903 1209 1925 ut
1228 1906 1261 1925 nc
1279 1902 1348 1925 terra
1372 1897 1493 1932 quidem,
1516 1904 1594 1931 quam
1619 1896 1663 1922 ille
1688 1895 1823 1927 calcabat,
1837 1902 1867 1920 se

1083 1945 1190 1979 dignum
1207 1944 1388 1970 existimaret:
1400 1950 1430 1969 ac
1445 1942 1554 1969 verbum
1571 1941 1676 1976 quidem
1691 1941 1791 1966 nullum
1807 1947 1866 1974 pro-

1083 1990 1142 2016 tulit
1153 2010 1160 2022 ,
1170 1990 1219 2017 nisi
1231 1994 1259 2016 ut
1269 1989 1441 2016 eouliterctur
1455 1991 1562 2022 peccata
1585 1994 1630 2013 sua
1644 1994 1651 2019 ;
1666 1990 1758 2020 pectus
1778 1990 1866 2012 autem

1083 2035 1236 2070 frequenter
1265 2035 1430 2070 percutiens,
1459 2035 1498 2061 sic
1522 2033 1629 2068 rogabat
1654 2032 1703 2059 sibi
1726 2031 1866 2066 prapitinm

1082 2089 1141 2109 esse
1152 2081 1245 2108 Deum.
1258 2081 1310 2108 Sed
1324 2080 1392 2115 quod
1407 2080 1462 2106 lucc
1477 2083 1567 2114 ageret
1577 2099 1583 2110 ,
1599 2078 1662 2105 nihil
1679 2078 1788 2104 mirum:
1806 2085 1865 2106 nam

1082 2131 1250 2162 peccatorum
1261 2125 1401 2152 multitudo
1415 2124 1489 2151 illum
1500 2144 1508 2156 ,
1527 2124 1606 2150 vellet
1616 2123 1698 2150 nollet
1708 2143 1714 2155 ,
1731 2122 1802 2148 humi
1823 2129 1867 2147 rc—

1083 2172 1187 2206 Spiccre
1199 2172 1309 2206 cogebat
1320 2181 1326 2198 :
1337 2170 1406 2205 quod
1414 2175 1503 2197 autem
1513 2169 1599 2204 justus
1610 2173 1636 2195 et
1647 2168 1778 2195 nullorum
1792 2166 1866 2193 silui-

1084 2218 1146 2244 lium
1169 2217 1217 2244 sibi
1231 2217 1368 2248 conscius,
1382 2223 1441 2243 cum
1465 2214 1557 2242 eadem
1577 2221 1627 2248 qua
1651 2213 1803 2248 publicanus
1825 2211 1866 2237 sui

1084 2262 1276 2296 improbatione
1298 2261 1421 2294 accedat,
1443 2260 1505 2287 illud
1525 2266 1588 2286 sane
1615 2258 1735 2286 mirabile
1760 2261 1818 2289 est,
1842 2260 1866 2284 et

1084 2310 1163 2336 animi
1177 2317 1238 2336 vere
1252 2308 1358 2335 centriti
1371 2308 1486 2342 signum.
1507 2306 1547 2333 Ab
1563 2306 1608 2338 illo
1633 2305 1704 2332 enim
1715 2325 1722 2336 ,
1737 2303 1865 2337 Propitius

1084 2360 1135 2382 esto
1152 2355 1217 2382 mihi
1243 2353 1374 2390 peccatori
1393 2351 1548 2390 (Ibid.l5),
1561 2351 1586 2377 in
1601 2358 1653 2385 quo
1674 2350 1760 2376 diﬂ'ert
1782 2348 1861 2380 illud,

1084 2401 1200 2431 Domme,
1214 2402 1279 2429 nein
1288 2405 1373 2434 lurore
1391 2404 1434 2425 tuo
1446 2406 1539 2432 arguas
1561 2405 1613 2429 me,
1638 2404 1715 2430 neque
1728 2396 1752 2422 in
1774 2395 1813 2421 ira
1826 2400 1868 2420 tua

1084 2446 1206 2480 corripias
1219 2453 1257 2471 me
1268 2444 1351 2481 (Psal.
1367 2444 1393 2471 6.
1409 2444 1457 2479 2)?
1472 2443 1527 2470 lino
1542 2443 1627 2478 potius
1641 2443 1691 2469 hoc
1705 2449 1782 2477 quam
1803 2441 1867 2467 illud

1085 2492 1161 2526 longe
1171 2491 1257 2524 majus
1269 2496 1318 2517 cst.
1328 2490 1394 2518 Nam
1406 2489 1560 2524 publicanus
1569 2496 1601 2515 nc
1613 2488 1646 2514 ad
1657 2488 1751 2515 cazlum
1762 2487 1867 2521 quidem

1084 2537 1215 2570 respicere
1227 2536 1356 2567 audebat;
1370 2535 1457 2570 justus
1472 2539 1561 2560 autem
1578 2533 1664 2567 majus
1678 2532 1813 2567 quidpiam
1829 2533 1868 2558 fa-

1084 2581 1182 2608 ciebat.
1200 2581 1245 2607 lllc
1256 2581 1370 2612 dicebat,
1387 2580 1518 2614 Propitius
1531 2584 1581 2604 esto
1594 2578 1672 2610 mihi;
1687 2578 1728 2604 hic
1751 2584 1784 2603 ne
1803 2576 1867 2603 illud

1084 2628 1189 2661 quidem
1215 2627 1306 2654 dicere
1330 2626 1452 2654 audebat.
1482 2624 1572 2659 Neque
1593 2624 1663 2650 enim
1687 2623 1805 2655 dicebat,
1828 2621 1868 2648 Νε

1084 2681 1175 2709 arguas
1197 2680 1237 2698 me
1247 2672 1267 2705 ί,
1283 2671 1340 2704 sed,
1361 2670 1401 2697 Ne
1414 2671 1440 2696 in
1463 2672 1549 2704 furare
1563 2674 1622 2701 tuo;
1638 2675 1722 2702 neque
1732 2687 1740 2700 ,
1755 2667 1794 2694 Ne
1814 2674 1870 2693 cor-

1084 2718 1162 2754 ripias
1176 2725 1224 2749 me,
1237 2716 1284 2744 sed
1294 2737 1302 2749 ,
1319 2715 1359 2742 Ne
1372 2715 1398 2742 in
1408 2715 1447 2741 ira
1460 2720 1522 2742 tua:
1533 2721 1585 2741 non
1600 2720 1692 2747 pinnas
1716 2720 1767 2739 non
1795 2711 1867 2738 luere

1088 2763 1223 2798 postulans
1233 2782 1240 2794 ,
1255 2761 1302 2789 sed
1325 2768 1378 2788 non
1394 2765 1446 2787 tam
1458 2760 1643 2787 vehementes:
1659 2759 1692 2784 ita
1709 2761 1738 2784 ut
1753 2757 1867 2791 undique

1117 2819 1125 2836 ¹
1141 2819 1177 2845 sic
1191 2819 1257 2845 colt).
1271 2822 1297 2845 et
1303 2817 1373 2845 savii.
1389 2820 1412 2842 In
1423 2815 1502 2842 Morel.
1515 2816 1623 2848 quaedam
1634 2814 1745 2839 deerant.
