2076 3122
154 149 204 180 H7

153 206 233 234 animi
247 205 306 241 ejus
316 203 451 231 humilitas
465 207 606 238 appareat,
622 208 649 231 et
663 203 733 238 quod
745 210 774 230 se
789 207 862 230 tanto
875 209 939 236 sup-

154 255 233 290 plicio
259 253 369 288 dignum
396 255 518 286 putaret,
534 255 562 277 et
573 250 643 285 quod
659 257 712 277 non
729 249 841 277 auderet
865 252 946 275 totam

153 300 258 327 veniam
274 307 289 325 a
302 299 355 325 Deo
368 298 517 332 postulare;
535 296 613 331 idque
628 304 692 323 sane
703 303 796 323 eorum
809 300 851 323 est
861 296 905 330 qui
919 302 949 322 se

155 344 299 372 admodum
307 343 473 371 damnandos
481 346 603 373 censent,
613 346 640 369 et
650 349 803 376 persuasum
813 340 910 368 habent
920 347 950 367 se

153 391 271 419 onmium
298 390 438 417 hominum
464 387 641 423 nequissimos
668 395 738 415 esse.
762 386 838 421 Quod
860 391 949 413 autem

154 437 240 471 majus
247 440 298 468 est,
308 435 358 462 hoc
369 435 454 466 ipsum
466 441 519 461 non
531 432 713 460 vehementius
722 431 858 467 pnniri,ex
869 431 951 458 mise-

154 481 267 509 ricordia
277 485 303 508 et
313 479 453 507 clementia
463 479 519 510 Dei,
530 482 621 512 utpote
634 477 766 509 inﬁrmus,
779 475 829 504 sibi
840 476 950 504 concedi

155 527 281 562 rogabat:
297 524 418 552 Miserere
433 524 493 557 mei,
510 523 612 558 inquit,
626 522 745 557 quoniam
757 522 875 556 inﬁrmus
892 530 948 548 sum

156 572 240 607 (Psal.
252 572 280 599 6.
288 571 327 606 '5).
336 570 404 605 Quid
419 569 532 604 hoc?qui
544 569 588 596 tali
600 569 750 596 testimonio
762 568 885 603 dignatus
898 572 950 600 est,

156 618 284 654 etjndicia
293 618 340 645 Dei
353 625 406 644 non
418 616 518 644 oblitus
530 615 665 651 erat(nam
677 615 723 648 ait,
735 614 838 641 Iudicia
847 619 890 641 tua
900 622 950 641 non

156 673 212 691 sum
233 664 325 691 oblitus
340 662 428 699 [PsaL
445 662 507 689 H8.
525 660 593 697 30]),
610 662 654 695 qui
670 661 727 695 ipso
754 660 810 688 sole
833 659 951 695 splendi-

156 711 216 738 dius
229 709 371 742 lucet,hic
383 709 444 736 talia
460 707 559 743 profert
571 707 669 734 verba?
683 706 779 733 Etiam.
802 706 857 733 Hoc
880 706 951 733 enim

157 756 278 784 mirabile
291 760 349 788 est,
371 754 442 790 quod
462 758 516 781 tam
540 760 635 788 magna
655 756 794 787 operatus,
812 750 878 778 nihil
893 759 952 778 um-

157 810 237 838 quam
251 801 337 837 magni
348 800 382 828 de
394 808 424 828 se
436 799 477 827 vel
489 799 587 827 dixerit
596 798 637 826 vel
653 798 782 829 senserit,
797 797 844 824 sed
854 804 883 824 se
895 804 953 823 om-

158 850 231 876 nium
244 848 419 875 novissimum
433 850 587 881 reputaret,
603 849 630 873 et
640 853 672 872 ex
687 844 744 872 sola
756 844 802 870 Dei
811 843 952 871 clementia

159 895 272 923 salutem
287 893 416 928 consequi
427 896 553 928 rogaret,
568 899 599 918 ac
614 891 636 918 si
652 890 770 928 diceret;
786 890 885 924 Dignus
896 889 954 924 qni-

163 941 223 968 dem
234 947 293 967 sum
301 926 432 974 supplicio
444 926 633 973 irideprecabili
641 941 682 970 ,et
692 926 883 963 immbrtalibus
897 943 954 970 pce-

160 989 215 1020 nis;
229 991 256 1014 at
268 986 339 1022 quod
350 986 376 1013 id
389 993 442 1013 non
456 985 571 1020 amplius
586 984 655 1012 ferre
669 984 785 1018 possim,
802 990 867 1018 rogo
881 983 956 1010 solu-

162 1035 259 1061 tionem
268 1041 283 1060 a
293 1032 469 1068 praesentibus
479 1032 555 1059 malis
566 1040 573 1058 :
582 1030 806 1066 quemadmodum
821 1030 910 1057 famuli
919 1030 956 1057 tui

161 1079 204 1113 qui
217 1079 354 1105 innumera
367 1078 469 1105 scelera
483 1081 685 1112 perpetrarunt,
703 1083 846 1110 numquam
862 1075 953 1102 dicere

162 1128 274 1160 possunt
285 1131 315 1151 se
328 1131 380 1151 non
392 1130 520 1159 peccasse
532 1131 540 1156 ;
553 1122 614 1157 quia
628 1126 717 1149 autem
732 1121 896 1156 ﬂagellorum
911 1120 958 1148 do-

166 1172 209 1198 lor
223 1171 396 1198 intolerabilis
413 1175 469 1202 est,
486 1174 581 1204 rogant
601 1168 707 1196 domum
729 1167 842 1202 mitigari
859 1167 956 1201 plagas.

165 1217 222 1252 Ego
242 1221 330 1244 autem
352 1221 415 1251 puto
442 1215 515 1243 illum
537 1215 616 1242 aliam
643 1221 748 1249 quoque
777 1213 958 1240 inﬁrmitatem

164 1262 343 1291 subindicare.
360 1262 444 1297 Quam
462 1269 527 1288 vero
540 1260 633 1287 illam?
657 1267 716 1287 eam
742 1267 801 1293 quae
820 1258 854 1285 ab
878 1258 960 1284 animi

166 1316 281 1337 maerore
291 1313 318 1336 ct
329 1315 344 1335 a
357 1307 498 1343 gemitibus
508 1306 678 1341 procedebat.
691 1305 765 1333 Solet
776 1304 847 1332 enim
860 1303 960 1331 doloris

166 1361 302 1387 excessus,
313 1361 374 1382 cum
385 1353 527 1381 violentior
538 1353 629 1384 instat,
644 1356 726 1379 totam
735 1351 830 1378 anima:
838 1350 891 1377 vim
900 1357 961 1377 cor-

167 1402 273 1429 radere.
285 1401 365 1436 quue
376 1405 440 1436 puto
460 1403 582 1427 sanctum
597 1399 682 1426 virum
698 1405 756 1425 esse
774 1404 881 1431 passum
891 1396 961 1431 quod

168 1455 226 1476 sese
236 1447 378 1475 admodum
389 1447 538 1479 damnaret,
547 1452 574 1473 et
584 1445 655 1480 quod
665 1451 808 1479 numquam
819 1450 882 1478 spes
893 1443 961 1471 bona

168 1499 335 1530 suppeteret,
355 1493 403 1522 sed
416 1493 528 1521 adversa
540 1499 645 1527 semper
657 1490 829 1526 exspectatio.
852 1489 885 1516 Et
911 1488 964 1516 hec

168 1549 199 1568 ex
212 1541 383 1576 sequentibus
396 1540 484 1575 palam
495 1539 556 1567 facit
572 1548 579 1565 :
592 1546 652 1566 nam
661 1538 780 1565 Miserere
790 1536 846 1569 mei,
861 1536 962 1570 adjicit,

169 1587 286 1622 quoniam
307 1586 425 1621 inﬁrmus
441 1593 519 1613 sum:
538 1593 601 1612 sana
623 1593 679 1617 me,
705 1584 822 1617 Domine,
844 1582 964 1617 quoniam

171 1632 320 1659 conturbata
336 1636 395 1659 sunt
410 1640 468 1659 ossa
492 1640 563 1664 mea,
580 1636 602 1658 ct
622 1631 707 1657 anima
733 1638 787 1656 meo
808 1628 905 1655 turbata
929 1632 965 1654 est

171 1679 244 1705 valde
255 1687 265 1706 :
279 1686 338 1705 cum
355 1678 427 1713 prius
440 1678 565 1708 dixisset,
579 1676 698 1708 Domine,
714 1684 745 1702 ne
760 1677 786 1701 in
810 1676 895 1710 furore
924 1678 965 1700 tuo

172 1733 265 1759 arguas
276 1732 314 1750 mu
329 1723 413 1759 (Psal.
427 1723 454 1750 6.
470 1723 508 1757 5).
524 1722 598 1756 Quod
610 1721 632 1748 si
647 1721 692 1748 ille
712 1721 756 1755 qui
776 1719 966 1747 conscientiam

173 1770 207 1796 ita
221 1777 314 1803 puram
326 1769 456 1801 habebat,
473 1772 549 1803 rogat
562 1775 596 1795 ne
611 1774 720 1802 operum
735 1773 846 1793 examen
858 1772 967 1792 accura-

175 1820 229 1842 tum
244 1815 290 1842 ﬂat
306 1824 313 1842 :
332 1814 394 1849 quid
418 1821 467 1841 nos
493 1813 620 1841 faciemus
640 1812 686 1847 qui
706 1816 745 1839 tot
759 1812 835 1838 malis
859 1809 969 1838 involuti

175 1869 283 1893 sumus,
298 1865 322 1888 et
336 1865 436 1887 tantum
451 1860 485 1886 ab
499 1859 558 1894 ejus
579 1858 674 1885 fiducia
700 1857 778 1892 longe
801 1864 893 1884 sumus
903 1877 910 1888 ,
936 1862 968 1882 ac

178 1915 228 1935 nec
257 1907 528 1942 quantulamcumque
547 1905 605 1938 ejus
620 1903 794 1931 confessionis
810 1903 909 1936 par‘tem
924 1909 970 1928 ex-

179 1952 332 1980 hibuimus?
344 1952 431 1985 Quare
442 1951 520 1986 igitur
535 1951 629 1977 beatus
644 1950 688 1976 ille
713 1949 751 1975 sic
773 1946 969 1975 conﬁtebatur?

180 1998 311 2025 Didicerat
326 1997 427 2024 scilicet
439 1996 571 2023 neminem
583 1994 723 2029 jnstiﬁcari
738 2000 830 2020 coram
857 1993 911 2019 Deo
922 2013 929 2025 ,
943 1996 971 2019 et

178 2044 274 2079 justum
285 2044 327 2070 vix
336 2043 446 2070 salutem
458 2039 777 2076 consequi.Quamobrem
789 2046 857 2066 nunc
866 2038 971 2073 quidem

179 2095 253 2126 rogat
263 2090 364 2121 dicens,
384 2087 444 2116 Non
456 2088 533 2115 intres
552 2087 579 2113 in
594 2086 719 2121 judicium
742 2093 800 2111 cum
815 2092 885 2111 servo
907 2089 949 2110 tuo
963 2084 971 2099 ¹

181 2136 265 2170 (Psal.
281 2135 342 2162 142.
355 2135 396 2168 ‘2);
409 2141 481 2161 nunc
490 2140 565 2166 vero,
580 2132 700 2159 Miserere
710 2131 767 2163 mei,
783 2130 900 2163 Domine,
910 2138 973 2164 quo-

181 2183 249 2208 niam
264 2181 380 2215 inﬁrmus
389 2188 454 2206 sum.

217 2227 244 2255 5.
259 2227 316 2254 Hoc
330 2227 400 2253 enim
416 2233 463 2260 par
478 2229 520 2252 est
533 2224 630 2258 ubique
643 2222 825 2251 considerare.
840 2221 974 2256 quomodo

184 2281 313 2308 nusquam
335 2272 461 2307 praeclara
486 2277 561 2306 gesta
583 2277 631 2297 sua
651 2273 794 2300 memoret,
816 2267 862 2294 sed
887 2267 913 2294 in
930 2267 975 2294 Dei

186 2318 400 2347 misericordiam
425 2318 538 2344 salutem
561 2323 636 2343 suam
659 2314 792 2349 conjiciat.
816 2313 882 2340 lllud
904 2314 975 2340 enim

186 2364 293 2392 contriti
307 2368 348 2391 est
374 2363 474 2395 animi,
489 2362 553 2389 illud
578 2360 707 2387 humiliati
731 2360 853 2393 spiritus,
871 2358 934 2385 illud
951 2359 977 2384 in

186 2419 265 2439 causa
290 2415 347 2437 erat
360 2409 429 2445 quod
453 2416 547 2443 magna
563 2412 687 2442 operatus
712 2406 770 2440 plus
785 2413 863 2440 quam
885 2412 978 2439 pecca-

185 2460 258 2485 tores
270 2457 376 2483 timeret
396 2462 427 2481 ac
445 2458 582 2481 tremeret.
598 2452 672 2486 Quod
687 2455 775 2477 autem
798 2455 925 2477 tremeret
947 2456 977 2475 ac

187 2507 318 2529 metueret
333 2500 393 2527 audi
408 2500 494 2534 ipsum
510 2498 643 2526 dicentem
660 2507 666 2524 :
690 2497 719 2524 Si
731 2496 875 2530 iniquitates
896 2494 980 2520 obser-

187 2547 293 2578 vaveris,
301 2544 545 2577 Domine;Domine,
553 2544 608 2577 quis
618 2542 748 2570 sustinebit
760 2541 845 2576 (Psal.
859 2540 921 2567 129.
931 2541 958 2574 5)
968 2540 980 2566 ?

188 2594 304 2621 Noverat
318 2592 401 2624 enim,
415 2595 443 2618 et
456 2592 528 2619 clare
542 2594 661 2621 noverat,
677 2597 726 2616 nos
737 2595 797 2616 esse
818 2587 874 2614 Deo
889 2586 980 2613 multis

188 2639 286 2666 debitis
296 2637 427 2665 obnoxios
437 2657 445 2669 ,
460 2640 488 2664 et
504 2635 612 2663 minima
625 2639 730 2669 peccata
747 2635 869 2666 magnam
884 2630 980 2658 mereri

191 2692 308 2719 pinnam.
324 2683 440 2710 Noverat
462 2681 507 2709 diu
521 2686 583 2707 ante
605 2679 743 2714 praescius,
760 2684 826 2712 quas
848 2676 921 2711 leges
934 2683 982 2710 po-

190 2730 289 2758 siturus
300 2732 373 2758 esset
384 2727 508 2755 Christus
520 2731 648 2753 venturus
660 2733 668 2751 :
678 2725 681 2727 λ
691 2732 744 2751 non
763 2723 876 2750 caadium
890 2721 981 2754 modo,

190 2776 236 2803 sed
251 2775 332 2803 etiam
345 2771 779 2804 contumeliarum,conviciorum,
793 2769 923 2795 malarum
938 2774 984 2794 co-

192 2822 365 2857 gitationum,
379 2820 459 2852 risus,
483 2818 562 2845 otiosi
585 2817 733 2848 sermonis,
747 2814 918 2843 scurrilitatis
929 2834 935 2846 ,
951 2821 982 2840 ac

223 2868 230 2883 '-
248 2867 285 2891 sic
301 2866 382 2897 pergit
392 2864 466 2893 Colb.,
483 2870 593 2897 apprime
603 2862 690 2897 sciebat
710 2861 773 2897 quod
781 2860 861 2891 justus
881 2858 931 2890 ipse
943 2857 985 2883 vix

193 2892 317 2923 ialmlur':
329 2892 472 2927 quapropter
485 2892 587 2923 dicebat,
599 2893 709 2918 Miserere
721 2892 777 2918 mei.

368 2941 501 2971 ΡΑτιιοι.
526 2940 584 2970 Gn.
608 2938 732 2968 XLVII.

597 147 640 174 DE
654 144 927 179 COMPUNCTIONE,
950 146 993 172 AD
1012 146 1237 175 S'l‘ELEClllUll.
1259 147 1322 176 LIB.
1344 148 1375 176 Ιῐ.

1023 2827 1112 2862 ‘qnasi
1135 2825 1234 2853 domini
1263 2824 1399 2859 poliantur
1422 2832 1429 2850 :

1740 149 1790 177 618

1003 203 1133 230 minorum
1157 205 1235 231 etiam
1262 212 1349 232 rerum
1375 213 1482 241 gravent
1504 206 1560 234 fore
1581 207 1708 235 ultionem
1734 214 1792 234 cre-

1001 248 1090 275 debat.
1105 249 1272 285 Quapropter
1286 251 1383 279 Paulus
1393 272 1400 285 ,
1416 253 1466 280 etsi
1480 252 1578 280 nullius
1591 253 1642 280 sibi
1655 253 1792 286 conscius,

1001 293 1108 321 dicebat
1118 315 1125 326 ,
1143 294 1216 322 [Vi/tit
1231 296 1293 323 mihi
1306 298 1420 324 conscius
1439 307 1494 325 sum
1505 319 1511 329 ,
1527 299 1572 326 sed
1585 306 1634 326 non
1647 300 1673 326 in
1687 300 1734 326 hoc
1748 298 1794 332 ju-

1001 340 1122 375 sti/italus
1133 349 1188 368 sunt
1200 342 1236 378 (1.
1253 341 1312 370 Cor.
1322 344 1348 371 4.
1359 344 1398 379 4).
1412 344 1465 371 Cur
1479 346 1585 373 autem?
1596 346 1673 380 Quia,
1687 346 1792 374 etiamsi

1002 386 1066 414 nihil
1081 388 1142 414 mali
1155 387 1279 422 fecisset,
1297 397 1382 425 neque
1397 391 1469 418 cnim
1491 392 1600 426 fecerat,
1615 392 1722 420 modum
1745 392 1793 419 lto-

1003 433 1076 460 noris
1104 433 1159 460 Deo
1184 434 1315 462 referendi
1351 436 1503 471 implevisse
1528 445 1557 465 se
1593 446 1645 466 non
1672 438 1791 473 putabat.

1003 478 1115 506 Etiamsi
1130 480 1201 507 enim
1220 482 1370 509 sexcenties
1385 483 1546 516 moriamur,
1561 484 1664 511 etiamsi
1686 492 1792 511 onmem

1003 524 1176 553 exhibeamus
1192 526 1315 554 virtutem
1326 548 1333 559 ,
1349 527 1415 554 nihil
1436 528 1544 563 dignum
1557 529 1694 557 reddimus
1706 530 1793 557 hono-

1004 570 1088 603 ribus,
1102 571 1198 606 quibus
1210 579 1225 599 a
1239 572 1294 600 Deo
1304 573 1392 600 aﬂ'ecti
1405 581 1507 601 sumus.

1040 617 1088 644 Dei
1107 619 1263 653 providentia
1275 628 1333 655 erga
1351 621 1484 648 hominem.
1497 621 1609 649 —Vide
1631 622 1702 649 enim
1726 630 1793 657 quo-

1004 663 1095 697 modo,
1112 671 1171 691 cum
1188 665 1260 692 nullo
1273 673 1305 693 ex
1319 667 1418 694 nostris
1428 671 1530 702 egeret,
1546 667 1593 694 scd
1607 667 1657 694 sibi
1670 668 1729 702 ipso
1741 667 1795 694 suf-

1005 710 1107 743 ﬁceret,
1127 719 1179 738 non
1201 709 1345 739 existentes
1369 720 1418 740 nos
1440 713 1554 740 existere
1579 712 1657 745 fecit,
1680 713 1795 740 animam

1006 755 1144 790 inspiravit
1157 757 1263 790 qualem
1277 757 1344 785 nulli
1359 766 1392 785 ex
1406 759 1520 785 terrenis
1533 758 1702 791 animalibus,
1719 766 1796 793 para-

1006 801 1092 829 disum
1106 802 1246 837 plantavit,
1260 804 1355 831 ctelum
1375 804 1502 837 extendit,
1519 809 1616 832 terram
1639 805 1796 837 substravit,

1007 847 1147 875 luminaria
1162 848 1284 876 accendit
1305 849 1455 884 splendida,
1470 853 1569 877 terram
1591 850 1702 885 stagnis,
1716 850 1797 877 fonti-

1007 893 1067 924 bus,
1090 893 1255 927 ﬂuminibus,
1278 894 1389 922 ﬁoribus
1409 900 1436 923 et
1460 896 1556 930 plantis
1574 896 1688 929 ornavit,
1703 897 1798 923 cmlum

1007 940 1080 966 vario
1100 945 1233 967 astrorum
1260 940 1343 968 choro
1358 941 1498 975 distinxit,
1515 946 1619 969 noctem
1643 950 1696 970 non
1712 943 1800 970 minus

1008 993 1086 1020 quam
1101 985 1172 1012 diem
1197 985 1288 1012 utilem
1314 986 1375 1013 fccit
1398 991 1505 1021 propter
1518 987 1635 1021 quietem
1659 992 1686 1015 et
1698 988 1769 1015 vires
1785 996 1799 1015 a

1009 1037 1103 1058 somno
1118 1036 1262 1065 reparatas.
1279 1031 1343 1058 Nam
1358 1039 1467 1059 sonmus
1482 1040 1534 1060 non
1551 1033 1638 1059 minus
1651 1040 1729 1068 quam
1744 1033 1797 1060 cibi

1009 1083 1121 1111 corpora
1136 1082 1226 1104 nostra
1238 1078 1294 1110 alit,
1308 1077 1385 1104 utvel
1401 1077 1462 1104 inde
1477 1077 1563 1112 palam
1576 1084 1627 1111 est,
1640 1078 1710 1113 quod
1724 1077 1802 1105 famis

1010 1123 1117 1158 quidem
1144 1123 1240 1150 multas
1253 1130 1324 1158 saepe
1338 1123 1397 1151 dies
1410 1123 1517 1151 tolerari
1542 1124 1680 1152 videamus
1702 1124 1802 1158 absque

1011 1176 1105 1195 somno
1117 1174 1204 1195 autem
1223 1169 1266 1196 vix
1287 1176 1394 1203 paucas.
1411 1169 1458 1197 ille
1473 1174 1513 1196 est
1523 1169 1567 1204 qui
1581 1169 1632 1197 diei
1647 1169 1779 1196 ﬂammam
1793 1190 1800 1202 ,

1012 1215 1067 1242 sive
1081 1223 1113 1242 ex
1140 1215 1215 1242 radio
1238 1215 1329 1249 solari,
1345 1216 1401 1244 sive
1414 1224 1449 1243 ex
1464 1216 1566 1245 diurnis
1584 1215 1720 1242 laboribus
1740 1223 1802 1250 pro-

1012 1262 1111 1293 veniat,
1124 1261 1265 1297 refrigerat
1277 1268 1303 1289 ct
1318 1262 1456 1296 dissolvit,
1470 1262 1562 1297 sicque
1576 1270 1624 1289 nos
1639 1268 1746 1297 vegetos
1762 1269 1804 1289 re-

1014 1308 1100 1336 stituit
1115 1313 1140 1335 et
1152 1308 1283 1336 adt-undis
1303 1309 1398 1336 iterum
1420 1309 1556 1336 laboribus
1571 1315 1649 1343 pares
1663 1317 1670 1334 :
1685 1306 1803 1343 bybcrua

1013 1363 1078 1384 vero
1092 1360 1249 1391 tempestate
1262 1364 1313 1383 nox
1326 1356 1445 1391 longiore
1455 1363 1535 1383 cursu
1547 1355 1605 1390 plus
1617 1355 1694 1382 nobis
1704 1355 1807 1382 confert.

1015 1401 1115 1436 requiei
1130 1405 1156 1428 et
1169 1400 1269 1435 salatii,
1293 1401 1357 1428 dmn
1373 1407 1421 1427 nos
1444 1400 1494 1427 sub
1507 1404 1576 1427 tecto
1595 1407 1703 1427 manere
1724 1400 1805 1435 cogit.

1015 1446 1144 1474 Tenehrze
1158 1451 1245 1473 autem
1266 1453 1318 1473 non
1334 1445 1430 1473 frustra
1444 1453 1492 1473 nec
1504 1450 1604 1473 temere
1619 1445 1681 1472 huic
1695 1446 1806 1479 tempori

1015 1492 1148 1526 deputat-c
1159 1495 1222 1518 sunt
1233 1491 1289 1524 ,scd
1301 1499 1349 1526 pro
1361 1491 1455 1526 majori
1466 1491 1566 1526 quiete.
1578 1490 1806 1523 Quemadmodum

1017 1538 1089 1565 enim
1103 1541 1201 1564 matres
1214 1537 1296 1572 prolis
1310 1542 1430 1564 amantes
1440 1558 1448 1570 ,
1466 1545 1527 1564 cum
1544 1538 1682 1572 vagientes
1695 1536 1808 1563 infantes

1017 1583 1049 1610 ad
1070 1583 1186 1618 quictcm
1212 1587 1366 1618 provocant,
1385 1583 1455 1610 ulnis
1478 1582 1642 1617 complexos,
1667 1582 1808 1616 tunicaque

1018 1629 1110 1656 oculos
1137 1636 1229 1655 corum
1253 1629 1404 1663 operientcs
1432 1627 1552 1655 dormire
1578 1627 1703 1655 faciunt:
1732 1628 1770 1654 sic
1782 1631 1809 1654 et

1020 1676 1091 1703 Deus
1109 1680 1244 1710 tamquam
1264 1676 1384 1703 velamen
1399 1674 1532 1710 quoddam
1557 1673 1680 1701 tenebras
1706 1681 1752 1708 per
1767 1680 1810 1699 or-

1021 1722 1081 1749 bem
1096 1722 1260 1756 expandens,
1275 1721 1398 1749 homines
1409 1729 1424 1748 a
1438 1721 1575 1748 laboribus
1587 1719 1724 1755 quiescere
1737 1718 1809 1746 facit.

1020 1768 1075 1795 Nisi
1090 1768 1161 1796 enim
1178 1768 1213 1795 ita
1226 1772 1314 1799 esset,
1332 1767 1421 1794 nimiis
1435 1766 1547 1802 negOIiis
1568 1765 1610 1792 vel
1633 1765 1751 1800 pecunim
1766 1772 1811 1791 co-

1021 1814 1114 1849 genda:
1125 1813 1271 1848 cupiditate
1286 1820 1378 1840 omnes
1392 1811 1603 1839 distrahercmur
1615 1821 1620 1837 :
1638 1819 1708 1838 nunc
1722 1815 1811 1837 autem

1022 1868 1071 1887 nos
1095 1860 1137 1887 vel
1154 1860 1250 1887 invitos
1269 1860 1407 1887 remittere
1429 1858 1540 1886 sudores
1563 1857 1642 1892 facit;
1660 1864 1708 1884 nec
1730 1855 1810 1883 modo

1022 1906 1196 1941 corporibus,
1212 1905 1259 1933 sed
1275 1904 1354 1933 etiam
1368 1905 1475 1936 animis,
1489 1912 1542 1931 non
1562 1904 1650 1930 minus
1660 1911 1740 1938 quam
1754 1910 1814 1929 cor-

1023 1953 1145 1988 poribus,
1170 1953 1288 1988 quietem
1313 1952 1356 1979 hic
1379 1959 1469 1978 rerum
1495 1950 1561 1977 ordo
1586 1953 1721 1985 procurat.
1745 1948 1813 1982 Quid

1025 2000 1095 2027 enim
1106 1999 1212 2026 dicatur
1219 1998 1252 2025 de
1265 1998 1392 2032 temporis
1403 1997 1481 2031 hujus
1490 1996 1578 2031 quiete
1587 2001 1612 2023 el
1624 1995 1814 2030 tranquillitate

1025 2051 1053 2074 et
1075 2046 1209 2081 quomodo
1224 2045 1313 2071 omnia
1335 2044 1441 2071 silentio
1467 2043 1542 2078 plena
1557 2047 1584 2069 et.
1606 2041 1719 2069 tumultu
1734 2048 1815 2067 vacua

1026 2093 1088 2124 sint,
1104 2091 1257 2126 nullinsque
1271 2099 1321 2118 vox
1335 2090 1458 2117 audiatur
1470 2089 1541 2116 velut
1555 2089 1581 2116 in
1598 2088 1651 2120 die,
1667 2087 1710 2114 ubi
1724 2087 1766 2114 alii
1783 2087 1816 2113 de

1027 2141 1397 2174 paupertateeonqneruntur,
1412 2136 1455 2162 alii
1469 2135 1594 2162 damnum
1610 2133 1660 2162 sibi
1679 2133 1816 2168 importari

1028 2186 1153 2216 clamant,
1170 2183 1214 2210 alii
1231 2182 1338 2210 morbos
1351 2182 1499 2217 mutilaque
1511 2188 1623 2215 corpora
1639 2180 1740 2215 lugent,
1756 2186 1818 2213 pars

1029 2229 1237 2265 propioquormn
1254 2232 1383 2261 mortem,
1400 2234 1461 2263 pars
1482 2226 1612 2261 iacturam
1634 2224 1817 2260 pecuniarum,

1029 2276 1073 2302 alii
1085 2275 1215 2302 humanas
1226 2274 1292 2301 alias
1304 2281 1446 2303 mrumnas,
1461 2280 1518 2307 qua:
1532 2279 1595 2298 sane
1608 2270 1728 2305 plurimae
1741 2274 1818 2296 sunt:

1030 2330 1063 2349 ex
1074 2321 1169 2356 quibus
1183 2320 1306 2347 otnnibus
1316 2318 1395 2345 veluti
1409 2317 1530 2352 procellis
1538 2317 1664 2351 eripiens,
1678 2315 1821 2341 lmmamnn

1031 2374 1112 2401 genus
1124 2365 1158 2393 ad
1170 2371 1275 2399 portum
1290 2372 1365 2392 suurn
1377 2371 1426 2390 nox
1443 2362 1546 2397 recipit.
1559 2361 1620 2388 lltec
1633 2361 1709 2388 nobis
1719 2368 1732 2386 a
1745 2364 1822 2386 nocte

1032 2413 1099 2440 bona
1126 2411 1315 2442 conferuntur,
1340 2418 1355 2436 a
1380 2409 1424 2436 die
1452 2413 1540 2435 autent
1566 2407 1627 2439 illa,
1643 2414 1701 2441 qua:
1723 2406 1823 2433 scimus

1032 2458 1159 2484 universi.
1175 2457 1242 2491 Quid
1258 2464 1320 2483 vero
1334 2456 1439 2483 dicatur
1459 2453 1491 2480 dc
1504 2452 1658 2479 commercii
1681 2451 1824 2478 facultate?

1033 2504 1136 2531 Etenim
1153 2511 1185 2530 ne
1197 2503 1320 2529 itinerum
1336 2500 1474 2534 longitudo
1488 2505 1537 2525 nos
1552 2507 1565 2524 a
1582 2503 1674 2524 mutuo
1687 2497 1824 2524 consortio

1033 2554 1176 2581 averteret,
1192 2549 1340 2576 breviorem
1352 2546 1427 2573 nobis
1440 2546 1509 2571 viam
1526 2551 1598 2571 mare
1612 2543 1714 2571 scilicet
1728 2546 1825 2578 ubique

1033 2604 1081 2632 per
1096 2595 1188 2623 orbem
1198 2595 1267 2621 Deus
1277 2591 1390 2624 diﬂudit,
1404 2596 1433 2618 ut
1445 2591 1471 2618 in
1483 2591 1547 2618 orbe
1559 2595 1614 2617 toto
1623 2590 1697 2625 quasi
1711 2590 1736 2616 in
1745 2589 1825 2616 domo

1035 2650 1086 2670 una
1108 2641 1274 2672 habitantes,
1298 2638 1336 2665 sic
1357 2637 1512 2672 frequenter
1533 2636 1665 2670 possimus
1692 2635 1736 2661 alii
1760 2635 1824 2661 alios

1035 2689 1120 2720 adire,
1137 2694 1167 2715 ut
1181 2695 1227 2714 sua
1242 2686 1341 2721 quique
1354 2683 1493 2711 commoda
1514 2683 1644 2718 proximis
1659 2683 1714 2709 suis
1730 2681 1825 2716 singuli

1037 2735 1181 2766 tradentes,
1193 2732 1278 2759 aliena
1301 2735 1394 2757 mutuo
1416 2729 1556 2763 recipiant,
1571 2732 1597 2754 et
1620 2735 1726 2762 parvatn
1749 2732 1827 2753 terra:

1037 2780 1185 2815 portionem
1201 2781 1375 2811 occupantes,
1392 2775 1516 2802 omnibus
1530 2774 1627 2809 ubique
1641 2773 1736 2808 positis
1752 2773 1827 2799 bonis

1456 2822 1680 2857 quemadmodum
1706 2821 1732 2847 in
1759 2820 1826 2847 lauta

1039 2881 1130 2902 mensa
1144 2872 1251 2907 singulis
1266 2871 1394 2904 convivis,
1407 2878 1466 2905 qua:
1478 2874 1539 2897 ante
1554 2877 1583 2896 se
1598 2869 1681 2903 pesita
1696 2872 1757 2893 sunt
1772 2866 1827 2893 aliis

1622 2919 1662 2950 2's
