2058 3116
280 161 332 191 ΜΞ)
357 161 386 189 S.
408 161 502 190 JOAN.
519 158 713 188 CHRYSOST.
734 153 891 183 ARCH'EI‘.
909 147 1181 180 CONSTANTINOP.
1198 141 1446 174 DECOMPUNCT.
1469 139 1512 168 AD
1531 135 1694 166 STELECH.
1709 134 1773 163 LIB.
1795 133 1826 161 ll.
1852 132 1906 160 ΛΞο

286 226 362 259 longe
374 223 484 251 remotis
494 222 568 253 dare,
583 224 608 247 et
623 219 656 246 ab
672 217 733 249 illis,
749 223 808 251 qua:
821 221 902 250 penes
916 220 944 240 se
957 211 1066 241 habent,

286 275 393 297 extensa
407 269 491 295 solum
506 273 585 293 manu
598 264 719 298 accipere
732 262 801 288 licet.
819 258 895 292 Quod
909 258 930 284 si
946 256 1003 292 quis
1018 255 1069 282 alia

287 321 410 342 sermone
420 311 543 347 persequi
555 308 705 339 tcntavcrit,
721 303 945 340 inlongitudinem
959 301 1072 328 immen-

287 367 343 387 sam
367 358 474 388 incidet,
492 363 540 382 nec
554 355 595 382 vel
619 353 741 388 exiguam
762 355 863 385 partem
879 347 1007 381 attingere
1026 352 1071 380 po-

289 406 368 432 tcrit:
383 401 515 438 quomodo
534 400 605 428 enim
617 420 623 432 ,
639 400 719 426 homo
733 404 793 424 cum
817 396 869 428 sit,
883 393 1012 422 infinitam
1027 390 1072 418 Dei

288 437 444 483 sapientiam
458 446 544 473 metiri
564 442 750 479 aggrediatur“?
763 442 853 476 Cogita
874 438 978 467 interim
1000 437 1075 471 plan-

291 500 376 521 tarum
401 493 574 523 varietatem,
599 488 806 518 fructiferarum,
833 485 1073 514 infructuosarum,

291 547 381 567 earum
395 547 454 573 qua:
470 539 496 564 in
510 536 625 564 desertis
635 556 643 569 ,
658 542 716 569 quae
731 533 757 560 in
770 532 841 567 agris
856 531 942 562 cultis,
962 529 988 556 in
1001 535 1076 556 mon-

295 585 377 617 tibus,
392 583 419 610 in
429 583 538 617 planitie
553 590 560 608 :
576 580 714 608 considera
730 578 911 606 diversitatem
929 575 955 602 in
969 573 1077 602 semini-

293 630 354 663 bus,
371 629 395 656 in
411 628 537 659 oleribus,
553 627 579 654 in
593 625 719 656 floribus,
732 624 757 650 in
775 622 934 650 animalibus
947 619 1079 647 terrestri-

295 677 360 710 bus,
375 675 401 701 in
412 673 552 708 amphibiis
565 693 572 704 ,
590 673 615 699 in
629 670 782 698 natatilihus
797 678 803 695 :
817 667 950 703 perpende
963 665 1076 693 visibilia

295 721 384 748 omnia
399 725 506 755 propter
528 727 576 746 nos
590 717 658 745 facta
669 738 676 750 ,
690 716 793 747 eiciunt,
810 719 907 742 terram
918 734 925 746 ,
945 719 1029 744 mare,
1053 715 1081 738 ct

298 768 386 794 omnia
402 774 461 801 qua:
484 766 509 792 in
522 766 560 792 cis
573 769 644 791 sunt.
658 761 883 796 Quemadmodum
897 759 968 786 enim
983 757 1004 784 si
1022 757 1081 793 quis

298 812 396 848 regiam
419 810 584 846 splendidam
610 807 805 838 construxerit,
829 804 912 832 multo
938 803 1081 838 fulgentem

298 865 381 890 auro,
395 857 478 884 multo
490 862 652 891 gemmarum
675 854 760 881 nitore
776 861 782 878 :
799 852 834 878 ita
855 849 981 878 tnundum
1001 847 1082 875 fabri-

299 907 373 930 catus
389 902 469 932 Deus,
490 900 623 928 hominem
645 897 799 929 introduxit,
813 900 842 923 ut
864 896 890 922 in
915 894 972 922 lucc
994 892 1082 920 omnia

301 955 409 983 regnum
423 947 563 974 obtineret.
579 945 706 980 Quodque
726 944 804 978 longe
822 942 967 970 mirabilius
985 941 1011 968 in
1034 939 1084 967 hac

300 993 381 1020 domo
394 998 444 1025 est,
456 999 508 1019 non
521 999 554 1019 ex
575 990 706 1025 lapidibus
726 994 824 1017 tectum
839 986 1019 1018 concinnavit,
1036 985 1084 1012 sed

302 1046 336 1065 ex
352 1038 403 1064 alia
419 1037 576 1072 pretiosiore
590 1036 700 1063 materia
719 1034 846 1067 condidit,
861 1040 946 1068 neque
958 1030 1084 1059 candela-

303 1082 344 1110 bri
362 1082 436 1110 aurci
449 1082 582 1110 ﬂammam
600 1081 740 1114 accendit,
753 1079 800 1107 sed
822 1086 936 1113 superne
951 1076 1086 1112 lampadas

304 1135 416 1162 ponens,
430 1134 476 1154 eas
489 1135 536 1162 per
557 1126 652 1154 domus
664 1130 761 1153 tectum
775 1125 926 1151 discurrere
937 1123 1026 1157 jussit,
1051 1121 1086 1148 ita

304 1179 332 1200 ut
344 1173 370 1200 id
385 1181 437 1200 non
452 1173 516 1200 utile
529 1171 609 1199 modo
623 1176 704 1204 esset,
718 1170 765 1198 sed
781 1176 902 1204 magnam
916 1169 996 1195 etiam
1012 1167 1088 1194 nobis

305 1223 411 1253 pareret
425 1218 598 1253 voluptatem,
623 1217 802 1251 pavimentum
822 1218 910 1242 autent
933 1214 1016 1240 instar
1031 1211 1087 1246 opi-

306 1270 377 1298 paras
393 1270 491 1289 mensa:
506 1262 646 1289 adornavit
659 1270 665 1288 :
680 1265 707 1288 et
720 1260 777 1287 huic
789 1259 901 1294 pra-buit
915 1258 950 1291 ei,
964 1257 1008 1292 qui
1024 1255 1089 1284 nihil

306 1307 393 1334 adhuc
402 1306 464 1334 boni
478 1306 643 1333 exhibuerat.
653 1305 840 1332 Verumtamen
855 1307 914 1339 post
926 1307 998 1330 tanta
1009 1301 1088 1335 dona,

307 1360 366 1379 cum
381 1359 441 1387 erga
463 1351 608 1378 beneﬁcum
621 1350 701 1377 homo
722 1357 750 1377 se
765 1351 896 1384 ingratum
918 1348 1088 1383 prmbuisset,

309 1405 360 1423 non
375 1396 434 1424 ideo
454 1396 527 1423 illum
548 1395 650 1423 honore
671 1395 798 1430 privavit,
814 1394 861 1422 sed
875 1394 975 1429 expulit
989 1397 1090 1421 tantum

308 1451 340 1471 ex
353 1442 484 1478 paradiso,
498 1447 577 1477 atque
587 1442 626 1470 sic
638 1441 785 1476 castigavit,
796 1445 823 1468 ut
834 1441 965 1475 ingratum
974 1439 1091 1466 animum

310 1491 378 1517 ultra
389 1488 534 1525 procedere
547 1488 692 1520 cohiberet,
707 1491 734 1515 et
746 1487 778 1514 ad
793 1487 882 1522 pejora
896 1486 1030 1514 declinare
1041 1485 1092 1512 im-

311 1534 422 1577 pediret.
438 1533 501 1561 [hec
520 1540 598 1568 porro
612 1532 700 1560 omnia
711 1552 719 1566 ,
735 1532 827 1566 hisque
841 1531 931 1567 plura,
946 1537 1036 1558 secum
1050 1537 1092 1557 re-

310 1584 406 1614 putans
424 1578 569 1614 apostolus,
584 1581 675 1613 utpote
690 1578 781 1604 divino
802 1581 889 1604 motus
903 1576 1018 1611 Spiritu,
1035 1582 1094 1610 qua:

311 1624 344 1650 ab
368 1624 454 1656 initio,
480 1631 540 1658 quae
561 1623 690 1658 quotidie,
706 1630 765 1657 qua:
786 1621 814 1648 in
835 1621 962 1656 singulos,
986 1627 1045 1656 quae
1067 1620 1093 1647 in

312 1675 405 1695 omnes
425 1668 513 1700 simul,
535 1676 594 1703 qure
617 1667 715 1703 palam,
740 1674 798 1702 quzc
821 1665 987 1698 clanculum,
1012 1665 1095 1693 multo

313 1714 387 1748 plura
403 1713 443 1745 iis,
459 1721 518 1748 qum
538 1714 676 1741 manifesta
691 1717 769 1746 sunt;
784 1713 847 1739 item
871 1719 929 1747 qua:
946 1711 1094 1739 secundum

316 1760 491 1793 oeconomiam
507 1759 633 1794 unigeniti
646 1759 705 1786 Filii
721 1759 777 1791 Dei,
793 1758 879 1785 futura
895 1765 999 1793 quoque
1014 1757 1094 1792 bona,

312 1810 339 1832 ct
352 1805 439 1832 omnia
452 1804 557 1832 demum
568 1805 796 1839 circumspiciens,
807 1808 886 1839 atque
895 1803 1097 1831 inenarrabilcm

315 1851 361 1880 Dei
375 1858 492 1878 amorem
517 1851 632 1886 undique
645 1850 772 1885 colligens
787 1855 814 1878 ct
835 1850 967 1885 cogitans,
981 1849 1056 1884 quasi
1071 1849 1097 1876 in

315 1898 474 1925 immensum
496 1897 604 1932 pelagus
628 1896 769 1932 delapsus,
796 1897 834 1923 sic
856 1896 964 1923 edidicit
989 1899 1052 1930 quot
1072 1899 1099 1923 et

316 1944 420 1978 quantis
434 1947 505 1971 esset
520 1943 666 1970 rationibus
678 1942 820 1969 reddendis
833 1942 972 1974 obnoxius,
987 1948 1098 1976 quarum

317 1997 350 2016 ne
372 1989 507 2016 minimam
533 1993 634 2023 partem
659 1987 785 2015 exhibere
799 1991 911 2022 poterat.
933 1986 1101 2021 Quapropter

319 2035 380 2062 talia
391 2035 557 2070 loquebatur,
574 2039 601 2062 et
613 2035 722 2062 minima
745 2034 851 2069 quidem
874 2037 981 2069 peccata
1006 2039 1101 2067 magna

318 2089 377 2108 cutn
399 2081 536 2116 diligentia
549 2081 726 2113 scrutabatur,
742 2087 815 2109 recte
836 2080 904 2108 facta
925 2084 1012 2107 autem
1035 2080 1102 2108 obli-

318 2126 389 2152 vioni
404 2126 553 2153 mandabat.
570 2126 622 2154 Sed
636 2135 689 2153 non
701 2126 810 2162 perinde
819 2134 877 2158 nos,
888 2125 932 2161 qui
945 2125 1102 2153 delictorum

320 2170 437 2205 quidem,
460 2170 522 2198 licet
544 2172 624 2199 multa
649 2179 797 2207 magnaque
817 2172 878 2204 sint,
901 2179 950 2199 nec
971 2171 1102 2199 rationem

322 2216 460 2249 habemus,
477 2223 525 2243 nec
534 2217 696 2244 mentionem
710 2216 821 2244 facimus
833 2225 839 2244 :
852 2217 874 2244 si
886 2217 949 2252 quid
962 2221 1049 2244 autem
1061 2217 1103 2244 vel

322 2261 459 2288 minimum
472 2261 535 2289 boni
546 2262 697 2296 fecerimus,
709 2262 735 2290 id
748 2262 817 2290 ultro
831 2263 950 2298 citroque
961 2263 1102 2298 jactamus,

321 2316 370 2336 nec
387 2308 460 2344 prius
472 2308 589 2343 jactandi
603 2312 630 2336 et
644 2308 776 2344 gloriandi
796 2308 874 2336 linem
889 2308 1009 2342 facimus,
1026 2315 1105 2343 quam

321 2363 432 2390 parvum
455 2355 517 2382 illud
533 2363 580 2390 per
603 2355 780 2390 arrogantiam
800 2354 945 2382 deleamus.
961 2355 1023 2382 Haec
1043 2356 1105 2383 item

326 2401 492 2437 perpendens
511 2400 592 2427 David
608 2400 616 2416 ¹
638 2399 762 2427 dicebat:
786 2400 853 2433 Quid
874 2405 910 2427 est
933 2401 1018 2434 homo,
1039 2401 1106 2435 quod

324 2455 418 2473 niemor
431 2455 455 2474 es
467 2447 522 2481 ejus
538 2445 661 2482 (Psal.'8.
671 2446 709 2480 5).
723 2445 814 2480 Neque
827 2445 852 2472 id
868 2447 965 2479 solum,
980 2447 1026 2473 scd
1040 2448 1050 2462 ¹
1065 2447 1106 2473 in-

323 2497 426 2526 gratum
451 2492 568 2519 animum
591 2492 648 2527 ejus
668 2492 791 2519 incusans
813 2491 940 2519 dicebat:
959 2492 1041 2519 Ilomo
1052 2501 1108 2520 cum

324 2538 350 2563 in
362 2537 457 2564 honora
470 2541 542 2571 esset,
556 2545 606 2564 non
616 2537 737 2565 intellexit
750 2545 759 2564 :
772 2543 931 2573 comparatus
942 2539 1109 2573 eujumeiuis

324 2582 515 2618 insipientibus,
530 2587 553 2610 et
566 2583 654 2610 similis
668 2585 748 2619 factus
763 2588 797 2611 est
810 2585 845 2611 eis
857 2583 942 2618 (Paul.
956 2585 1001 2611 48.
1019 2584 1073 2620 1⁸5).

361 2628 387 2655 6.
403 2628 467 2654 illud
481 2629 546 2663 grati
568 2628 658 2656 famuli
672 2633 712 2656 est
723 2650 730 2662 ,
741 2629 868 2656 beneficia
892 2630 1013 2656 omnibus
1033 2629 1112 2655 simul

1121 207 1234 234 faciebat
1247 206 1256 241 (
1269 213 1285 234 e
1298 213 1326 232 re
1340 210 1453 238 namque
1463 201 1541 228 fuerit
1555 199 1628 227 illum
1641 198 1729 225 denuo
1741 200 1906 223 commemo-

1120 253 1201 286 rare),
1213 259 1273 279 cum
1282 249 1347 278 dicit
1353 249 1490 276 Dominum
1503 254 1549 281 pro
1559 252 1588 273 se
1599 248 1730 271 mortuum
1741 248 1800 268 esse
1813 249 1819 267 :
1834 240 1907 272 Quod

1121 303 1214 328 autem,
1227 297 1320 331 inquit,
1331 302 1397 321 nunc
1408 294 1461 320 vivo
1471 292 1497 318 in
1510 298 1594 323 carne,
1609 290 1636 316 in
1649 287 1700 322 [ide
1711 287 1764 314 vivo
1777 285 1838 312 Filii
1850 283 1907 314 Dei,

1122 345 1165 378 qui
1174 328 1315 373 dilexitnte,
1327 337 1621 371 ettradiditsemelipsum
1630 342 1676 370 pra
1684 341 1721 359 me
1731 331 1802 367 (Gal.
1813 331 1841 357 2.
1849 329 1907 364 20).
1945 328 1948 330 ⁷

1125 375 1187 417 Πιιιο
1206 394 1285 423 porro
1299 385 1404 413 diccbat
1417 391 1469 410 non
1485 387 1513 409 ut
1527 380 1625 409 Christi
1644 379 1743 406 denunt
1763 375 1908 404 contrahe-

1125 439 1175 467 ret,
1189 433 1235 461 sed
1249 437 1278 459 ut
1289 430 1376 466 quoad
1387 434 1480 461 totum,
1495 435 1524 455 se
1535 425 1678 454 obnoxium
1688 423 1872 453 constitueret,
1883 425 1911 447 et

1126 479 1237 515 singulis
1253 482 1280 504 ut
1292 477 1330 504 sic
1344 475 1430 503 allecti
1449 477 1540 501 essent
1554 470 1734 506 persuaderet.
1748 467 1814 495 Nam
1826 467 1848 493 si
1864 472 1911 500 pro

1127 534 1180 553 uno
1195 530 1295 552 tantum
1309 521 1416 549 homine
1430 519 1545 546 venisset
1563 516 1683 544 Christus
1695 534 1702 547 ,
1718 520 1771 540 non
1792 511 1850 539 ideo
1864 510 1912 537 mi~

1128 574 1253 599 oneretur
1264 568 1374 598 donum,
1385 565 1431 593 sed
1444 564 1529 599 majus
1538 569 1596 590 esse
1605 559 1832 595 comprobaretur.
1843 557 1913 589 Quo-

1129 616 1224 644 modo?
1235 614 1300 648 Quia
1318 620 1368 650 pro
1382 618 1436 638 uno
1448 614 1549 637 tantam
1562 605 1769 634 sollicitudinem
1790 601 1914 629 habuisse

1129 661 1271 692 videretur,
1282 645 1405 693 quantam
1419 655 1474 688 ille,
1484 652 1529 688 qui
1539 659 1617 680 unam
1629 657 1704 678 ovem
1715 654 1845 684 qua-rens,
1855 645 1917 673 idco

1131 705 1285 733 turbabatur
1301 707 1329 730 et
1347 701 1438 729 ﬂebat.
1453 699 1481 727 Si
1495 698 1566 725 enim
1578 697 1611 730 ii,
1625 695 1669 730 qui
1686 693 1810 730 pecunias
1824 697 1918 719 mutuo

1131 753 1309 786 acceperunt,
1324 754 1373 774 nec
1386 744 1512 774 solvendo
1523 749 1600 779 pares
1620 745 1683 769 sunt
1696 760 1704 773 ,
1717 739 1763 768 sed
1781 739 1806 766 in
1822 745 1918 771 magno

1127 785 1201 835 geris
1215 796 1295 824 alieni
1319 792 1449 829 profundo
1470 789 1602 821 demersi,
1624 795 1675 816 nee
1691 785 1851 816 comedunt,
1869 791 1919 811 nec

1132 830 1277 875 dormiunt,
1291 838 1467 868 sollicitudine
1480 834 1622 864 excruciati
1637 834 1741 868 :justus
1751 832 1794 867 qui
1808 830 1881 858 videt
1891 837 1920 858 se

1133 897 1186 917 non
1200 895 1248 924 pro
1258 885 1386 922 pecuniis,
1398 883 1444 911 sed
1459 889 1508 918 pro
1519 880 1680 909 facinoribus
1689 886 1749 906 esse
1759 877 1919 908 debitorem,

1133 922 1262 971 quid-non
1273 930 1403 968 patiatur?
1415 928 1468 957 Sed
1478 935 1528 955 nos
1537 934 1590 955 non
1599 926 1646 959 ita;
1656 931 1717 952 nam
1730 924 1752 951 si
1762 930 1855 958 parum
1868 922 1921 950 sol-

1134 987 1228 1009 vamus
1241 1000 1248 1012 ,
1264 979 1300 1006 ita
1313 976 1401 1005 allecti
1421 981 1514 1004 sumus
1525 993 1534 1008 ,
1549 979 1581 1000 ac
1593 972 1615 1000 si
1630 975 1714 999 totum
1727 969 1899 997 solvissemus
1911 975 1921 1000 ;

1136 1028 1190 1055 imo
1199 1048 1207 1060 ,
1221 1025 1290 1061 quod
1304 1025 1382 1059 longe
1394 1021 1511 1050 deterius
1521 1024 1577 1051 est,
1592 1026 1626 1046 ne
1643 1024 1753 1052 parvum
1767 1015 1875 1051 quidem
1889 1014 1922 1041 il-

1136 1073 1181 1101 lud
1195 1060 1254 1100 cum
1267 1079 1298 1099 ea
1311 1069 1458 1101 alacritate,
1467 1074 1526 1102 qua:
1540 1066 1638 1093 liberos
1647 1064 1732 1095 decet,
1744 1062 1863 1092 facimus,
1875 1060 1923 1088 sed

1137 1120 1209 1156 prius
1233 1117 1405 1152 inquirimus,
1419 1115 1441 1142 si
1466 1112 1617 1141 mercedem
1639 1110 1749 1141 habeat,
1770 1108 1795 1135 si
1813 1108 1924 1134 multam

1138 1168 1249 1200 habeat,
1261 1166 1283 1193 si
1295 1165 1320 1192 id
1334 1163 1410 1191 nobis
1423 1165 1559 1197 reputetur
1569 1180 1576 1192 ,
1592 1166 1622 1186 ac
1637 1156 1808 1185 illiberalium
1820 1161 1924 1182 merce-

1139 1212 1326 1245 nariorumque
1337 1208 1417 1236 verba
1432 1205 1600 1242 proferimus.
1614 1202 1682 1236 Quid
1695 1202 1745 1234 ais,
1757 1208 1774 1227 o
1783 1201 1864 1227 homo
1879 1206 1925 1233 pu-

1139 1243 1291 1286 sillanimisV
1302 1260 1330 1283 et
1353 1253 1461 1281 infelix?
1482 1258 1526 1279 res
1554 1251 1608 1277 Deo
1631 1248 1726 1284 placita
1754 1245 1855 1281 agenda
1879 1243 1927 1271 tibi

1140 1302 1312 1338 proponitur,
1326 1304 1353 1328 et
1377 1305 1403 1327 tu
1422 1298 1456 1326 de
1476 1296 1599 1325 mercede
1614 1295 1741 1322 sollicitus
1755 1292 1803 1320 es?
1816 1292 1844 1319 Si
1868 1294 1928 1325 post

1140 1352 1274 1383 peractam
1298 1353 1354 1374 rem
1368 1345 1394 1372 in
1414 1344 1562 1379 gehennam
1586 1338 1769 1375 conjiciendus
1781 1345 1855 1365 esses
1867 1356 1875 1369 ,
1894 1343 1928 1362 an

1142 1392 1342 1422 detrectaodum
1363 1389 1453 1419 eSset?
1468 1396 1555 1416 nonne
1569 1391 1632 1414 tunc
1644 1386 1724 1413 etiam
1748 1390 1842 1418 magna
1866 1388 1930 1408 cum

1141 1440 1278 1468 alacritate
1288 1444 1394 1464 manum
1408 1435 1485 1463 bonis
1495 1432 1621 1468 operibus
1631 1431 1773 1458 admovere
1785 1436 1831 1463 par
1841 1425 1931 1455 esset?

1144 1485 1211 1514 Rem
1226 1485 1280 1511 Deo
1294 1487 1428 1517 acceptam
1442 1479 1506 1508 facis
1517 1500 1525 1512 ,
1538 1482 1565 1507 et
1579 1478 1657 1506 aliam
1675 1475 1824 1504 mercedem
1841 1472 1931 1508 requi-

1143 1531 1199 1560 ris?
1212 1531 1282 1558 Vere
1295 1530 1401 1564 ignoras
1411 1532 1536 1562 quantum
1551 1522 1766 1557 bonisitplaccre
1779 1520 1834 1547 Deo
1849 1520 1890 1546 :si
1906 1518 1931 1545 id

1144 1585 1258 1613 namque
1272 1577 1364 1608 scires,
1380 1574 1482 1602 nullum
1497 1571 1568 1599 aliud
1582 1570 1643 1598 huic
1656 1576 1703 1605 par
1718 1566 1856 1603 pramtinm
1872 1571 1933 1592 esse

1145 1611 1263 1661 putares.
1280 1622 1371 1650 Nescis
1383 1620 1430 1648 tibi
1449 1617 1598 1647 mercedem
1611 1636 1619 1649 ,
1634 1614 1742 1649 augeri,
1755 1611 1863 1647 quando
1879 1617 1932 1638 non

1146 1678 1194 1705 spe
1218 1668 1349 1697 mercedis
1363 1672 1422 1701 qua:
1435 1664 1530 1693 decent
1549 1660 1685 1697 operai-is?
1697 1659 1840 1693 Ignorasne
1862 1655 1934 1691 apud

1146 1715 1268 1744 homines
1283 1720 1329 1741 eos
1349 1712 1463 1739 maxime
1476 1711 1500 1736 in
1517 1709 1618 1736 honore
1631 1706 1663 1734 ab
1678 1704 1800 1732 omnibus
1819 1700 1910 1728 haberi
1923 1719 1932 1732 ,

1146 1761 1191 1796 qui
1205 1765 1266 1788 ante
1279 1757 1429 1786 mercedem
1441 1755 1473 1782 ad
1489 1754 1529 1782 sui
1545 1752 1668 1788 placitum
1685 1749 1831 1784 reSpiciunt
1840 1767 1848 1781 ,
1862 1752 1890 1773 ct
1900 1746 1937 1772 de

1147 1790 1242 1835 eodem
1257 1805 1353 1840 placito
1367 1802 1451 1838 magis
1463 1800 1568 1829 solliciti
1581 1803 1653 1829 sunt,
1665 1803 1743 1832 quam
1756 1795 1789 1822 de
1802 1792 1912 1829 praemio
1923 1790 1937 1816 ?

1148 1853 1221 1881 itane
1234 1850 1355 1878 homines
1371 1855 1433 1883 erga
1446 1851 1592 1875 conservos
1605 1850 1668 1871 suos
1683 1846 1737 1869 tam
1752 1845 1882 1875 generose
1896 1836 1939 1863 af-

1149 1898 1211 1926 fecti
1226 1902 1302 1930 sunt;
1315 1901 1342 1923 tu
1357 1902 1422 1922 vero
1436 1897 1474 1921 tot
1487 1890 1624 1920 beneﬁciis
1640 1897 1656 1916 a
1677 1888 1789 1916 Domino
1805 1889 1915 1912 ornatus
1928 1903 1938 1916 ,

1149 1948 1242 1978 totque
1252 1945 1409 1976 exspectans
1423 1938 1456 1966 ab
1472 1937 1516 1965 illo
1529 1936 1597 1963 bona
1606 1955 1616 1968 ,
1625 1941 1686 1961 cum
1698 1931 1798 1967 aliquid
1818 1930 1852 1957 ad
1866 1929 1943 1956 salu-

1151 1977 1205 2016 tem
1219 1987 1356 2023 pertinens
1369 1989 1441 2012 tuam
1456 1982 1586 2017 agendum
1599 1983 1650 2011 est,
1666 1982 1806 2012 antequam
1821 1982 1888 2009 opus
1897 1977 1943 2000 ιιι-

1152 2035 1246 2069 tingas,
1258 2033 1291 2061 de
1304 2030 1426 2060 mercede
1438 2029 1542 2057 curiose
1552 2024 1681 2062 inquiris?
1691 2024 1753 2051 ideo
1764 2028 1858 2050 sumus
1865 2027 1945 2048 sem-

1152 2065 1205 2117 per
1222 2065 1307 2115 frigidi
1320 2099 1328 2112 ,
1341 2075 1507 2105 miserabiles
1518 2095 1527 2108 ,
1541 2080 1591 2102 nec
1604 2072 1636 2099 ad
1658 2069 1794 2106 quidpiam
1816 2065 1947 2103 generosi

1153 2115 1284 2161 agendum
1309 2122 1393 2159 parati
1410 2131 1417 2148 :
1433 2121 1492 2148 idco
1515 2120 1541 2147 in
1567 2115 1772 2152 compunctione
1794 2118 1949 2147 numquam

1154 2171 1250 2206 degere
1261 2190 1268 2203 ,
1283 2175 1369 2204 neque
1386 2167 1501 2194 animam
1516 2169 1633 2192 nostram
1646 2161 1688 2189 vel
1707 2159 1845 2187 minimum
1865 2156 1952 2185 colli-

1154 2204 1217 2253 gere
1231 2222 1382 2251 possumus.
1396 2212 1502 2240 Etenim
1515 2213 1622 2245 peccata
1635 2209 1724 2235 nostra
1738 2212 1791 2232 non
1801 2204 1954 2238 diligenter

1155 2262 1355 2290 consideramus
1367 2280 1373 2292 ,
1387 2255 1433 2286 Dei
1447 2255 1575 2287 beneﬁcia
1589 2261 1641 2281 non
1656 2255 1815 2282 scrutamur,
1826 2247 1861 2275 ad
1871 2248 1958 2274 viros

1156 2308 1282 2344 praeclara
1305 2312 1386 2340 opera
1401 2304 1510 2331 edentes
1523 2309 1575 2328 non
1599 2298 1764 2333 rcSpicimus.
1778 2294 1879 2322 Idcirco
1905 2293 1960 2320 bo-

1158 2361 1251 2382 norum
1267 2359 1378 2386 operum
1390 2348 1586 2379 obliviscimur,
1596 2345 1657 2380 quia
1672 2348 1812 2378 prosperos
1831 2345 1961 2367 eventus

1158 2407 1210 2427 non
1232 2397 1367 2425 moderate
1385 2394 1494 2423 ferimus
1505 2412 1514 2425 ,
1524 2398 1611 2426 neque
1622 2410 1630 2423 ,
1643 2393 1672 2416 ut
1697 2387 1851 2421 frequenter
1868 2383 1939 2410 dixi
1953 2403 1963 2415 ,

1158 2443 1264 2478 quando
1275 2450 1323 2470 nos
1339 2444 1493 2477 peccatores
1507 2443 1647 2469 vocamus,
1661 2441 1722 2462 cum
1734 2432 1847 2459 veritate
1861 2430 1967 2465 loqui-

1159 2476 1227 2519 mur.
1244 2489 1270 2516 Id
1282 2476 1348 2515 inde
1358 2487 1440 2521 liquet
1451 2505 1458 2518 ,
1471 2483 1541 2519 quod
1553 2489 1613 2510 cum
1628 2481 1740 2515 idipsum
1754 2478 1788 2505 ab
1800 2477 1859 2503 aliis
1873 2476 1969 2503 audi-

1160 2544 1230 2567 mus,
1242 2532 1471 2563 excandescimus,
1485 2529 1636 2559 efferamur,
1648 2523 1836 2553 contumeliam
1853 2521 1882 2548 id
1897 2528 1972 2549 esse

1160 2583 1283 2610 dicimus.
1296 2580 1334 2606 Ita
1344 2578 1412 2613 apud
1423 2584 1472 2605 nos
1483 2575 1570 2602 omnia
1581 2571 1715 2609 hypocrisi
1730 2570 1806 2606 plena
1818 2571 1903 2600 sunt,
1913 2574 1974 2594 nec

1163 2631 1296 2659 imitamur
1315 2627 1484 2662 publicanum
1496 2645 1504 2657 ,
1518 2623 1561 2658 qui
1577 2620 1687 2649 alterius
1707 2617 1757 2645 sibi
1780 2619 1977 2651 peccatoan

326 2673 421 2700 collata
432 2694 439 2706 ,
456 2674 504 2700 sibi
521 2674 624 2708 propria
639 2674 790 2702 existimare
802 2694 808 2706 ,
825 2679 903 2709 atque
917 2674 950 2701 ita
972 2674 1110 2701 sollicitum

459 2674 504 2724 sibi
521 2674 629 2724 propria
639 2674 790 2724 existimare
802 2694 808 2706 ,
825 2679 903 2709 atque
917 2674 950 2701 ita
972 2674 1110 2701 sollicitum
1164 2674 1358 2704 multitudinem
1370 2669 1556 2706 exprobrantis
1570 2664 1758 2694 contumeliam
1768 2662 1895 2688 libenter
1913 2668 1980 2688 Sus-

898 2721 902 2724 .
945 2721 950 2724 .
1017 2719 1033 2724 ..
1074 2721 1078 2724 λ
1182 2723 1186 2724 ,
1210 2723 1213 2724 ν
1474 2716 1480 2724 .
1508 2722 1573 2724 ηαμ
1599 2706 1855 2724 --.ηιειηιιιιηηιιηιὶὶι
1892 2707 1980 2724 nni...

327 2726 385 2745 esse
398 2725 428 2746 ac
443 2719 465 2746 si
483 2720 598 2746 omnium
614 2719 716 2748 debitor
728 2724 807 2748 esset.
829 2720 903 2754 Quod
918 2721 994 2748 etiam
1017 2719 1113 2747 Paulus

1164 2723 1265 2756 cipicns
1278 2741 1286 2752 .
1303 2727 1349 2754 per
1368 2724 1448 2752 opera
1474 2716 1575 2743 lucrum
1599 2706 1858 2740 retulit:descendit
1892 2707 1981 2734 enim

1163 2753 1322 2804 justiticatus
1345 2763 1433 2799 potius
1453 2769 1532 2796 quam
1554 2758 1711 2786 Plurimus.
1733 2753 1790 2782 Nos
1809 2756 1917 2779 autem
1945 2760 1986 2780 ne

1168 2799 1265 2841 scimus
1274 2810 1380 2846 quidem
1388 2807 1449 2844 quid
1460 2807 1495 2834 sit
1503 2804 1633 2834 confessio
1641 2802 1717 2838 (Luc.
1728 2800 1772 2828 18.
1783 2799 1837 2832 Η),
1851 2799 1989 2828 etiamsi

360 2831 369 2845 ι
385 2832 421 2856 sic
433 2831 512 2855 litorei.
526 2835 551 2855 et
561 2831 638 2858 sarit.
651 2831 695 2856 sed
710 2830 786 2861 (2011).,
799 2829 851 2856 hcc
860 2830 1007 2862 perpendens
1014 2830 1102 2861 justus.

1169 2858 1278 2888 inﬁnitis
1291 2856 1366 2884 malis
1379 2853 1472 2890 repleti
1481 2853 1563 2881 simus
1572 2860 1578 2878 :
1588 2857 1648 2878 cum
1661 2850 1798 2883 oporteret
1806 2851 1866 2872 non
1879 2846 1995 2874 solum

361 2865 371 2881 ⁵
388 2863 450 2890 mlh.
463 2863 534 2892 addit,
546 2862 642 2888 ilennn.
