2076 3122
172 165 221 193 ιει

174 217 316 246 persuasae
329 217 389 238 esse
407 209 547 238 innumera
566 216 615 237 nos
632 210 701 237 mala
716 213 899 245 perpetrasse,
913 208 960 236 sed

174 257 253 284 etiam
265 260 370 291 peccata
380 261 469 284 nostra
477 255 564 283 omnia
578 260 633 282 tum
644 262 734 290 parva,
747 259 801 281 tum
814 261 917 289 magna,
933 253 960 280 in

176 303 255 330 corde
266 309 314 329 ceu
323 302 349 329 in
358 302 427 329 libro
440 301 573 336 descripta
583 300 690 333 habere,
699 304 736 331 et,
746 307 776 327 ac
789 300 811 327 si
825 307 908 334 nuper
915 298 963 326 ad-

176 346 255 375 missa
267 350 366 379 essent,
381 347 480 381 lugere.
489 345 525 373 ιω
536 346 606 373 enim
615 345 695 372 animi
705 345 880 380 arrogantiam
889 343 963 371 cohi-

175 395 311 427 beremus,
320 393 342 420 si
352 393 503 428 frequenter
509 392 545 419 illi
554 391 659 427 propria
668 391 737 418 mala
743 396 965 418 commemorare-

177 447 246 467 ntus.
260 439 373 467 Tantum
388 442 431 465 est
451 438 549 465 bonum
569 441 737 472 peccatorum
752 435 901 463 recordatio
912 455 921 468 ,
936 438 965 461 ut

177 485 270 512 beatus
284 484 381 512 Paulus
391 483 446 518 jam
461 483 547 510 deleta
561 482 672 510 crimina
689 480 842 516 frequenter
860 480 886 507 in
907 487 965 507 me-

175 530 252 558 ‘dium
266 529 420 557 adduceret.
433 528 499 562 Quia
511 527 583 556 enim
601 527 690 563 priora
710 526 799 554 omnia
812 533 860 561 per
878 525 965 560 bapti-

180 583 267 603 srnum
280 575 411 608 abluerat,
425 578 453 602 et
467 578 558 609 postea
576 580 641 608 pure
656 572 768 606 vixerat,
780 571 815 599 ita
829 575 857 598 ut
869 571 967 598 nullius

180 621 231 648 sibi
250 620 373 648 conscius
385 623 471 652 esset,
486 625 535 646 nec
550 618 664 653 peccatis
676 622 748 645 esset
763 617 905 644 obstrictus
920 623 968 651 pro

180 667 277 702 quibus
292 666 476 701 ingemisceret
486 685 493 699 ,
509 672 540 692 ea
553 672 611 700 quae
627 668 689 691 ante
701 663 860 698 baptismum
882 662 968 689 admi-

182 718 271 746 serat,
289 712 344 747 jam
365 712 453 740 deleta
474 709 701 738 commemorabat
725 709 818 736 dicens
834 717 840 735 :
854 707 969 735 Christus

182 760 257 788 Iesus
268 759 334 786 venit
347 759 374 786 in
387 757 510 785 mundum
520 761 661 793 peccatores
674 756 786 788 saluere,
798 762 904 789 quorum
917 754 970 788 pri-

183 813 240 832 mus
253 813 297 840 ego
310 811 366 830 sum
378 804 418 839 (l.
430 802 497 830 Tim.
512 802 539 829 t.
551 800 606 837 i5):
622 808 653 828 ac
666 807 784 833 rursum,
800 799 914 826 Fidelem
932 806 971 824 me

184 850 344 882 existimavit,
357 857 453 885 ponens
465 848 491 875 in
505 847 643 875 ministerio
654 846 715 882 :qui
729 846 799 881 prius
812 844 972 879 blasphemus

186 897 234 932 fui,
249 900 273 923 et
286 899 427 931 persecutor
440 893 631 921 contumeliosus
647 892 685 929 (l.
700 891 769 918 Tim.
793 891 818 918 Ι.
843 889 888 918 12.
906 890 948 923 15)
963 897 970 915 z

185 949 262 976 supra
275 941 377 968 modum
389 940 454 967 enim
468 938 631 973 persequebar
644 936 784 964 Ecclesium
800 935 854 968 Dei,
870 940 892 962 et
903 935 974 961 deva-

185 987 282 1014 stabam
295 986 368 1017 emn(
377 984 434 1012 Gal.
451 985 476 1012 Ι.
493 982 541 1019 I3)
555 991 561 1016 ;
576 988 603 1011 et
616 983 725 1016 iterum,
742 981 800 1008 Non
813 989 868 1008 sunt
884 980 974 1015 dignus

188 1032 270 1060 uocari
282 1030 412 1066 apostolus
424 1030 463 1065 (ί.
476 1029 534 1057 Cor.
547 1029 590 1056 l5.
601 1028 640 1064 9).
654 1028 727 1055 Licet
738 1027 808 1054 enim
823 1034 871 1054 nos
883 1034 898 1052 a
913 1033 975 1060 pec-

187 1077 253 1106 catis
267 1077 318 1104 illis
331 1076 467 1104 absolutos
478 1074 611 1107 dimittat,
627 1077 739 1108 possunt
753 1077 842 1099 tamen
857 1071 900 1098 illa
915 1072 974 1098 ani-

188 1131 260 1152 mam
280 1122 313 1151 ad
333 1121 519 1150 verecundiam
533 1126 679 1155 provocare
693 1123 719 1146 et
737 1118 771 1145 ad
786 1117 832 1144 Dei
855 1123 974 1144 amorem

188 1169 359 1197 vehementer
372 1167 506 1195 inducere.
521 1165 625 1194 Etenim
648 1164 825 1198 interrogatus
845 1162 936 1190 Simon
960 1169 976 1188 a

190 1216 320 1249 Domino,
340 1215 397 1250 quis
418 1221 452 1241 ex
474 1213 577 1240 duobus
602 1210 764 1240 debitoribus
789 1209 976 1237 fteneratorem

189 1261 249 1297 plus
263 1261 392 1296 diligeret,
405 1266 465 1287 cum
480 1257 669 1293 respondisset,
683 1255 807 1283 Existimo
829 1255 837 1270 ¹
853 1255 912 1289 quia
935 1253 956 1280 is
967 1273 974 1286 ,

190 1308 231 1335 cui
252 1307 308 1342 plus
330 1305 453 1339 donavit,
467 1303 585 1337 audivit,
605 1302 680 1330 Recte
695 1300 819 1337 judicasti
849 1299 924 1336 (Luc.
949 1299 977 1326 7.

191 1354 226 1381 45
239 1353 258 1389 ).

229 1399 255 1425 'l.
269 1398 334 1426 Cum
349 1397 420 1424 enim
434 1394 639 1431 recogitabimus
653 1393 763 1429 pristina
778 1396 883 1428 peccata
893 1410 903 1424 ,
915 1395 980 1418 tunc

193 1451 382 1479 cognoscemus
396 1442 491 1470 divime
505 1441 596 1477 gratiae
611 1439 789 1476 praestantiam
800 1458 809 1472 ,
824 1442 886 1465 tunc
905 1437 979 1464 humi

194 1489 364 1525 respiciemus
375 1509 384 1522 ,
398 1492 460 1516 tunc
483 1495 531 1515 nos
549 1487 582 1514 ad
601 1486 738 1513 meliorem
756 1484 857 1519 frugem
871 1482 982 1517 recipie-

195 1542 263 1563 mus.
277 1535 379 1568 Qnanto
391 1534 461 1561 enim
474 1532 618 1568 majoribus
629 1531 736 1559 obnoxii
750 1530 850 1557 erimus
863 1528 981 1556 crimini-

195 1581 244 1608 bus
255 1601 263 1614 ,
278 1585 351 1608 tanto
369 1579 463 1614 majori
486 1578 587 1614 pudore
608 1577 765 1605 afﬁciemur.
776 1576 874 1604 Paulus
892 1575 981 1609 itaque

194 1630 274 1655 etiam
288 1626 459 1662 pristinorum
473 1626 577 1652 illorum
589 1622 794 1655 recordabatur;
809 1628 858 1649 nos
873 1627 907 1648 ne
920 1620 982 1647 illo-

196 1682 255 1702 rum
269 1673 392 1709 quidem,
405 1679 464 1707 qua:
485 1675 545 1707 post
569 1671 727 1705 baptismum
751 1667 922 1700 admisimus,
938 1673 982 1693 re-

196 1720 298 1748 cordari
306 1719 438 1751 volumus,
448 1725 507 1753 quae
517 1717 593 1744 nobis
601 1715 745 1751 periculum
753 1717 852 1746 creant,
864 1720 922 1747 qua:
933 1719 982 1739 nos

197 1767 310 1795 e\amini
325 1765 453 1793 obnoxios
466 1763 648 1795 constituunt;
661 1761 708 1789 sed
722 1759 824 1789 etiamsi
837 1758 983 1794 cujuspiam

198 1814 313 1849 ipsorum
326 1811 450 1846 cogitatio
463 1809 539 1837 nobis
549 1808 678 1840 inciderit,
687 1805 825 1834 confestim
839 1803 981 1836 resilimus,

199 1848 231 1886 ne
254 1857 327 1886 brevi
350 1855 455 1892 quidem
476 1859 595 1888 tempore
615 1853 729 1879 animam
751 1858 782 1878 ea
803 1848 986 1878 recordatione

199 1911 315 1932 maerore
338 1903 444 1930 allicere
467 1900 600 1928 volentes.
621 1898 701 1933 Atqui
720 1897 858 1924 innumera
879 1903 910 1923 ex
937 1895 986 1922 hac

199 1951 286 1979 inutili
299 1949 382 1985 gratia
397 1948 473 1976 nobis
487 1947 554 1974 mala
575 1945 720 1981 pariuntur.
735 1943 789 1970 llac
802 1943 872 1970 enim
886 1941 987 1968 doloris

200 1997 330 2024 vacuitate
351 2002 381 2022 ac
404 1993 514 2022 mollitie
536 1990 673 2023 instructi,
689 1989 799 2024 pristina
822 1991 929 2022 peccata
954 1993 988 2012 ne

200 2041 319 2070 confiteri
333 2040 439 2076 quidem
454 2044 593 2074 possumus
603 2046 609 2063 :
619 2034 750 2070 quomodo
766 2040 913 2069 possemus,
928 2039 988 2058 cum

201 2095 234 2115 ne
257 2087 412 2115 memoriam
436 2084 542 2120 quidem
564 2089 658 2110 eorum
677 2080 817 2107 admittere
838 2076 989 2105 soleamus?

202 2132 297 2167 Sicque
313 2135 402 2166 postea
416 2130 441 2156 in
455 2132 562 2164 peccata
576 2126 677 2154 facilius
687 2125 808 2152 labimur.
821 2123 886 2150 Nam
899 2121 921 2149 si
934 2121 990 2148 illo-

202 2185 260 2206 rum
276 2176 402 2204 memoria
412 2174 482 2210 apud
495 2181 543 2201 nos
558 2179 663 2206 semper
675 2171 770 2205 vigeat,
787 2173 860 2196 metu
874 2167 990 2194 animam

204 2224 351 2258 exagitante
363 2242 370 2255 ,
384 2221 410 2248 in
435 2223 558 2255 promptu
571 2222 612 2245 est
637 2217 694 2252 ejus
707 2215 844 2243 mollitiem
869 2217 896 2240 et
916 2213 990 2239 incu-

204 2257 269 2297 riam
283 2271 415 2296 excutere.
426 2264 501 2299 Quod
514 2264 536 2292 si
549 2263 599 2291 hoc
608 2262 716 2289 fratnum
728 2259 843 2292 auferas,
851 2258 908 2293 quis
920 2257 992 2284 illam

206 2320 295 2350 postea
310 2312 461 2344 cohibebit,
474 2318 534 2338 cum
556 2309 633 2343 pulso
651 2312 723 2335 metu
745 2313 774 2333 se
797 2305 822 2332 in
847 2303 993 2340 praecipitia

206 2349 337 2396 conjiciat.
352 2364 380 2387 et
392 2359 418 2385 in
433 2356 558 2393 perniciei
573 2353 697 2382 barathra
710 2351 858 2380 delabetur.
875 2350 936 2378 ldeo
948 2349 992 2384 ju-

206 2410 263 2434 stus
283 2406 326 2433 ille
343 2405 457 2432 futurum
479 2402 529 2430 sibi
552 2400 710 2435 supplicium
732 2397 891 2432 depingebat
905 2415 913 2428 ,
933 2395 993 2422 ideo

207 2452 288 2479 ﬂebat
301 2455 329 2478 et
342 2449 463 2484 gemebat
475 2457 482 2475 :
495 2451 574 2482 atque
587 2446 626 2473 sic
635 2452 669 2473 ex
677 2443 819 2472 abundanti
832 2450 861 2470 se
874 2441 991 2477 gerebat.

211 2496 291 2525 Vobis
314 2502 379 2523 sane
399 2493 500 2528 magnis
519 2492 584 2520 viris
598 2491 631 2518 ad
650 2489 880 2525 compunctionetn
898 2486 994 2515 sufficit

242 2563 250 2579 '
268 2561 354 2590 verba,
367 2559 475 2586 existimo
486 2565 551 2591 quta,
562 2557 624 2589 apud
634 2556 699 2583 colb.
710 2555 808 2581 desunt.

344 158 536 188 ADMONITIO
554 157 588 186 lN
607 156 730 186 LIBROS
749 156 794 184 AD
816 155 1005 185 S'l‘AGlBlUM
1025 156 1134 184 ASCET
1142 155 1184 184 \M
1203 156 1223 183 Α
1244 154 1398 184 ΝΕΜΟΝΕ
1414 154 1607 184 OBSESSUM.

1742 153 1795 182 49.2

1012 209 1146 237 recordari
1166 209 1352 238 beneficiorum
1368 210 1423 244 Dei,
1435 215 1505 239 recte
1519 212 1645 240 factorum
1658 209 1774 238 oblivisci
1787 230 1794 241 ,

1014 259 1136 282 accurate
1149 256 1260 283 scrutari
1275 264 1308 284 ne
1322 257 1384 291 quid
1398 257 1439 284 vel
1452 257 1589 284 minimum
1602 256 1690 283 delicti
1710 255 1796 282 admi-

1015 301 1102 328 seritis
1113 321 1120 333 ,
1136 309 1244 336 magnos
1257 303 1329 329 viros
1341 303 1385 337 qui
1405 303 1546 331 admodum
1563 303 1617 331 Deo
1630 303 1751 338 placuere
1764 302 1798 330 ob

1014 346 1106 373 oculos
1121 346 1217 383 habere
1231 356 1238 373 :
1253 352 1312 381 post
1325 347 1383 376 haec
1393 349 1480 375 omnia
1492 348 1660 376 considerare
1673 348 1799 376 incertam

1016 390 1097 418 futuri
1111 392 1290 420 conditionem
1301 413 1309 425 .
1325 394 1442 421 animum
1454 394 1488 422 ad
1504 395 1605 429 lapsum
1619 399 1646 421 et
1659 394 1691 421 ad
1708 401 1801 429 peccac

1016 441 1071 463 tum
1081 438 1238 472 proclivem:
1247 439 1317 474 quod
1326 444 1352 466 et
1359 439 1455 467 Paulus
1466 441 1609 473 metuebat,
1617 448 1676 467 cum
1685 440 1783 468 diceret
1793 449 1799 467 :

1017 482 1102 510 Timeo
1114 492 1145 510 ne
1157 484 1213 510 aliis
1224 484 1374 519 praedicans,
1389 485 1442 518 ipse
1453 485 1572 520 reprobus
1586 486 1677 521 afficior
1689 485 1726 521 (l.
1742 485 1800 512 Car.

1017 528 1044 556 9.
1058 528 1120 563 27);
1132 533 1175 562 et,
1190 529 1240 563 Qui
1258 529 1354 557 videtur
1372 534 1447 562 stare,
1458 531 1539 557 videat
1553 539 1584 557 ne
1600 530 1674 557 cadat
1692 530 1730 567 (l.
1744 529 1802 557 Cor.

1018 573 1061 601 10.
1075 572 1128 610 12).
1136 574 1179 602 Sic
1191 579 1218 602 et
1227 575 1308 602 David
1319 575 1376 603 haec
1382 575 1470 602 omnia
1479 583 1567 602 secum
1578 575 1712 603 volvebat:
1723 575 1805 602 bene-

1019 620 1077 648 ficia
1091 620 1187 656 quippe
1198 621 1243 648 Dei
1251 621 1378 656 cogitans,
1389 620 1509 648 dicebat:
1520 620 1587 653 Quid
1599 625 1634 647 cst
1644 620 1728 651 homo,
1739 620 1806 655 quod

1020 675 1114 694 memor
1124 675 1149 694 es
1158 668 1221 702 ejus,
1232 671 1275 693 aut
1289 667 1357 701 ﬁlius
1372 667 1489 701 hominis,
1504 667 1623 701 quoniam
1634 666 1718 692 visita:
1732 666 1807 692 eunt?

1022 712 1137 740 Minuisti
1149 720 1207 738 eum
1222 712 1298 747 paulo
1316 713 1398 739 minus
1410 712 1441 739 ab
1458 711 1555 747 angelis
1566 720 1575 738 :
1585 711 1667 746 gloria
1679 715 1701 738 et
1715 711 1808 737 honore

1021 759 1146 786 coronasli
1171 766 1228 785 eum
1253 757 1349 794 (Psal.
1368 758 1395 785 8.
1419 758 1445 785 5.
1460 757 1507 794 6).
1523 758 1560 784 lta
1587 765 1650 784 vero
1672 761 1743 784 recte
1767 756 1805 783 l‘a-

1021 811 1123 834 ctorum
1137 806 1234 833 oblitus
1248 809 1319 837 erat,
1333 810 1363 832 ut
1378 809 1514 840 postquam
1533 805 1674 831 innumera
1693 802 1809 838 philoso.

1022 852 1092 888 phire
1103 851 1222 886 exempla
1235 851 1355 884 dederat,
1366 851 1465 878 diceret
1479 858 1486 876 :
1499 849 1562 882 Quis
1571 857 1627 877 sum
1635 857 1690 884 ego,
1704 848 1810 875 Domine

1024 899 1068 932 mi,
1082 898 1198 932 Domine,
1212 903 1234 925 et
1245 905 1302 933 quae
1315 897 1403 924 domus
1415 897 1493 932 patris
1505 896 1563 930 mei,
1576 895 1635 930 quia
1649 894 1759 921 dilexisti
1772 901 1811 920 me

1024 955 1052 974 eo
1066 945 1163 981 usque?
1177 950 1200 972 et
1213 953 1290 980 parva
1303 945 1356 971 visa
1365 948 1423 972 sunt
1437 943 1489 970 haec
1503 943 1530 970 in
1542 946 1674 976 conspectu
1689 945 1741 973 tuo,
1755 939 1810 967 Do-

1024 992 1090 1019 mine
1101 991 1134 1018 mi
1143 999 1152 1018 :
1161 995 1183 1018 et
1194 990 1290 1017 locutus
1300 998 1325 1016 es
1337 997 1381 1024 pro
1391 989 1465 1016 domo
1476 988 1543 1016 servi
1550 987 1587 1014 tui
1598 987 1625 1013 in
1637 986 1809 1021 louginquum.

1025 1036 1089 1064 Htec
1103 1040 1138 1063 est
1152 1036 1218 1063 enim
1231 1035 1271 1062 lea;
1285 1034 1401 1067 hominis,
1416 1033 1522 1060 Domine
1532 1033 1576 1066 mi,
1588 1032 1696 1059 Domine
1707 1052 1714 1063 ,
1730 1030 1764 1057 ad
1777 1035 1809 1056 te.

1026 1081 1060 1108 Et
1070 1082 1130 1117 quid
1139 1081 1212 1108 addet
1223 1080 1304 1107 David
1311 1080 1392 1106 adhuc
1402 1079 1468 1114 loqui
1481 1078 1514 1105 ad
1523 1077 1590 1113 te(2.
1598 1076 1662 1111 Reg.
1671 1077 1697 1103 7.
1708 1075 1812 1108 l8o20)?

1027 1128 1061 1156 Et
1073 1135 1132 1156 cum
1145 1127 1273 1162 majorum
1282 1133 1389 1153 suorum
1400 1125 1523 1152 virtutem
1537 1123 1676 1156 recoleret,
1689 1129 1747 1149 sese
1761 1121 1813 1148 illis

1026 1181 1193 1209 comparans,
1203 1173 1267 1200 nihil
1281 1171 1418 1207 reputabat
1430 1178 1498 1198 esse.
1509 1170 1575 1197 Nam
1589 1173 1726 1204 postquam
1737 1167 1810 1194 diter

1027 1225 1087 1254 rat,
1103 1219 1136 1248 In
1150 1226 1172 1247 te
1186 1222 1347 1256 speraverant
1365 1222 1448 1252 patres
1467 1215 1546 1243 nostri
1559 1214 1645 1251 (Psal.
1661 1213 1705 1240 21.
1720 1214 1747 1248 6)
1758 1233 1766 1246 ,
1780 1212 1813 1239 de

1029 1268 1116 1303 seipso
1131 1267 1241 1302 loquens
1259 1265 1347 1292 intulit
1361 1273 1367 1290 :
1384 1263 1440 1299 Ego
1453 1267 1536 1289 autem
1547 1269 1603 1288 sum
1623 1260 1712 1287 vermis
1726 1264 1748 1286 et
1763 1267 1813 1284 non

1030 1314 1114 1341 homo.
1127 1312 1257 1340 Incertam
1272 1318 1335 1338 vero
1349 1310 1428 1337 futuri
1443 1307 1621 1336 conditionem
1635 1306 1669 1334 ila
1682 1313 1737 1341 pra:
1749 1311 1815 1332 ocu-

1029 1360 1063 1388 lis
1075 1359 1164 1386 habuil
1178 1379 1185 1390 ,
1200 1362 1230 1385 ut
1249 1357 1347 1385 diceret
1363 1364 1370 1382 :
1386 1354 1507 1382 Illumina
1522 1352 1608 1380 oculos
1620 1359 1698 1384 meos,
1713 1358 1744 1377 ne
1762 1357 1804 1375 um

1030 1413 1105 1440 quam
1124 1403 1280 1431 obdormiam
1299 1402 1327 1428 in
1348 1405 1426 1427 morte
1440 1399 1525 1435 (Psal.
1551 1397 1592 1426 l2.
1614 1397 1653 1432 4).
1668 1396 1754 1430 Seque
1779 1398 1816 1422 tot

1031 1455 1198 1487 peceatorum
1219 1455 1294 1477 reum
1317 1446 1512 1479 arbitrabatur,
1534 1448 1563 1471 ut
1583 1443 1622 1471 sic
1640 1443 1815 1477 loqueretur:

1030 1485 1160 1532 d’ropitiu
1173 1500 1224 1522 esto
1240 1498 1339 1527 peccato
1354 1501 1419 1525 meo,
1431 1491 1538 1518 multum
1548 1494 1583 1517 est
1592 1489 1656 1516 enim
1669 1486 1753 1523 (Psal.
1771 1485 1816 1513 24.

1033 1543 1064 1571 ll
1077 1541 1097 1578 ).
1113 1541 1195 1569 Vobis
1214 1540 1302 1575 itaque
1321 1537 1424 1573 magnis
1438 1537 1495 1564 lucc
1508 1535 1572 1564 satis
1586 1539 1647 1562 sunt
1660 1542 1667 1560 :
1683 1533 1758 1560 nobis
1771 1539 1818 1557 au-

1033 1592 1087 1616 tem
1100 1594 1159 1615 cum
1175 1590 1215 1613 tot
1227 1583 1351 1612 remediis
1362 1583 1506 1610 necessitas
1520 1584 1642 1615 superest
1653 1577 1750 1610 valida,
1760 1583 1819 1610 quae

1034 1634 1118 1671 possit
1135 1632 1285 1668 superbiam
1306 1635 1333 1658 et
1353 1627 1530 1664 arrogantiam
1551 1632 1656 1653 omnem
1677 1623 1710 1650 de
1733 1621 1819 1649 medio

1035 1668 1137 1708 tollere.
1154 1679 1241 1712 Ecqua
1263 1676 1307 1704 illa
1326 1675 1385 1702 est?
1399 1673 1571 1701 Peccatorum
1584 1668 1724 1697 multitudo
1734 1689 1741 1701 ,
1755 1675 1820 1694 cnu-

1035 1726 1144 1754 scientia
1168 1724 1235 1751 mala
1248 1743 1255 1756 ,
1268 1730 1326 1758 qua:
1344 1725 1481 1756 postquam
1496 1725 1544 1745 nos
1564 1715 1717 1750 occupavit,
1730 1721 1764 1741 ne
1777 1720 1822 1739 vo-

1036 1773 1122 1800 lentes
1132 1771 1237 1806 quidem
1251 1769 1311 1796 sinit
1331 1767 1363 1794 ad
1376 1765 1498 1794 sublimia
1516 1763 1590 1797 erigi.
1606 1762 1692 1795 Quare
1712 1759 1822 1786 obsecro

1037 1822 1065 1845 et
1077 1803 1200 1852 rogo'per
1215 1813 1337 1842 ﬁduciam
1353 1811 1423 1839 illam
1436 1830 1444 1842 ,
1457 1816 1536 1844 quam
1551 1815 1584 1835 ex
1602 1806 1678 1834 bonis
1698 1803 1822 1839 operibus

1037 1849 1203 1899 apud-Deum
1218 1858 1390 1895 acquisivisti,
1402 1857 1478 1884 nobis
1492 1855 1643 1889 frequenter
1655 1849 1823 1886 precantibus

1039 1917 1144 1938 manum
1166 1906 1286 1943 porrigas
1298 1926 1306 1939 ,
1319 1912 1372 1940 quo
1391 1902 1524 1938 possimus
1538 1903 1669 1926 tantorum
1694 1895 1822 1923 malorum

1039 1955 1168 1984 sarcinam
1189 1939 1346 1988 pro'merito
1357 1948 1498 1984 deplorare
1508 1966 1516 1979 ,
1531 1949 1558 1973 et
1571 1947 1630 1979 post
1644 1943 1741 1969 luctum
1754 1939 1824 1966 viam

1039 1997 1313 2037 quamdam-amicam
1327 2001 1353 2023 et
1367 1994 1400 2021 ad
1413 1993 1506 2021 caelum
1527 1997 1575 2017 nos
1591 1989 1731 2016 ducentem
1753 1991 1826 2012 assc-

1040 2031 1084 2081 qui
1097 2066 1104 2079 ,
1116 2052 1150 2071 ne
1169 2044 1194 2070 in
1213 2043 1345 2070 infernum
1364 2037 1480 2071 deducti,
1494 2036 1539 2064 ubi
1552 2042 1630 2062 nemo
1644 2031 1763 2060 conﬁteri
1778 2036 1825 2065 po-

1042 2076 1103 2122 test,
1118 2096 1148 2116 ea
1162 2087 1302 2123 patiamur,
1315 2092 1374 2120 qua:
1388 2083 1522 2118 patiuntur
1533 2078 1649 2114 reprobi,
1661 2076 1767 2104 nemine
1777 2081 1825 2101 nos

1041 2119 1169 2169 deinceps
1180 2133 1307 2167 eripiente
1320 2119 1404 2166 (Ρεαι.
1416 2126 1459 2154 49.
1470 2124 1526 2159 22.)
1538 2123 1626 2151 Donec
1638 2123 1709 2150 enim
1721 2121 1765 2148 hic
1775 2119 1827 2147 cri-

1042 2189 1101 2209 mus
1113 2202 1120 2215 ,
1134 2167 1161 2208 et
1173 2187 1222 2206 nos
1236 2186 1252 2205 a
1265 2176 1340 2204 vobis
1361 2180 1483 2208 magnum
1503 2170 1639 2207 percipere
1652 2167 1764 2194 fructum
1779 2171 1828 2199 po-

1044 2210 1153 2255 terimus
1167 2245 1176 2259 ,
1190 2228 1218 2252 et
1241 2230 1289 2250 vos
1309 2220 1385 2248 nobis
1406 2217 1534 2246 beneﬁcia
1562 2213 1686 2243 conferre
1713 2210 1827 2238 maxima

1043 2256 1175 2300 valebitis;
1201 2269 1267 2296 Cum
1293 2270 1381 2294 autem
1404 2264 1449 2291 illo
1474 2261 1659 2289 advenerimus
1674 2278 1681 2290 ,
1709 2256 1753 2282 ubi
1781 2261 1829 2281 nec

1043 2319 1156 2350 anticus,
1169 2323 1219 2343 nec
1231 2314 1322 2346 frater,
1336 2318 1384 2339 nec
1398 2313 1472 2344 pater
1481 2308 1576 2343 iuvare
1588 2306 1728 2340 poterunt,
1744 2307 1829 2350 neque

1045 2365 1121 2393 nobis
1133 2370 1226 2399 poenas
1249 2359 1370 2388 dantibus
1395 2356 1499 2386 adesse,
1522 2358 1632 2380 necesse
1656 2348 1761 2376 demunt
1780 2345 1831 2372 erit

1046 2412 1072 2439 in
1094 2391 1225 2437 aniietate
1244 2410 1270 2434 ct
1290 2404 1380 2432 densis
1392 2399 1525 2431 tenebris,
1538 2395 1624 2424 cumis
1644 2391 1832 2422 consolatoriis

1046 2459 1171 2490 expertes
1191 2450 1340 2480 immortale
1359 2445 1516 2481 supplicium
1538 2443 1611 2470 luere
1623 2459 1631 2473 ,
1647 2437 1733 2490 omnia
1749 2436 1831 2490 dev‘o-

1046 2480 1129 2530 ratitis
1143 2499 1255 2527 flamma:
1273 2501 1360 2524 escam
1381 2480 1521 2526 nnu'iquam
1543 2483 1748 2514 consumendum
1769 2480 1832 2508 ell'c-

1050 2553 1116 2575 ειυς.
