2076 3122
187 139 241 168 825

186 196 299 226 ferendo
312 195 440 231 obsequia
452 215 460 229 ,
474 198 578 231 partem
592 195 707 231 aliquam
725 196 811 224 lenire
831 196 955 224 maeroris
970 204 977 223 :

186 243 315 279 quoniam
325 249 389 269 vero
400 245 429 270 et
441 241 562 276 corporis
574 240 644 268 mala
658 241 783 269 valetudo
795 261 803 274 ,
819 245 845 269 et
858 241 981 269 invectus

186 289 213 316 in
228 293 307 324 caput
321 292 442 316 nostrum
456 287 534 314 dolor
545 307 552 320 ,
576 287 647 314 domi
662 295 711 314 nos
722 295 831 315 manere
843 286 981 322 compule-

187 340 249 363 runt
262 355 270 367 .
284 334 416 368 nobisque
428 333 492 361 tanti
514 333 581 361 lucri
601 333 778 360 ministerium
794 333 962 361 abstulerunt
972 352 980 366 ,

185 381 240 417 jam
254 380 326 416 quod
341 380 472 415 reliquum
493 384 534 406 est
548 385 597 413 pro
611 378 795 406 consolatione
810 382 854 405 tua
866 399 873 411 ,
890 382 916 405 et
933 384 982 412 pro

188 427 303 455 utilitate
319 430 409 453 nostra
422 446 429 457 ,
448 426 497 452 hoc
511 429 539 451 ut
558 424 669 451 facultas
686 424 772 457 feret,
789 424 913 451 inducere
928 431 981 451 non

188 472 363 507 ngligemns.
379 470 513 498 Profuerit
527 470 597 497 enim
612 470 638 497 id
654 470 700 497 tibi
723 469 837 496 fortasse
851 469 934 504 magis
948 469 981 496 ad

189 523 337 554 przesentes
356 517 484 544 adversos
503 524 581 543 casus
606 515 750 543 fortissime
775 516 906 542 ferendos.
934 515 981 542 Sin

188 572 252 591 vero
267 563 331 591 nihil
349 563 401 590 tale
415 562 605 597 perlecerimus
620 583 627 594 ,
643 567 715 588 certe
732 561 772 588 vel
790 561 816 588 in
837 561 911 588 nullo
933 568 982 587 nos

188 611 306 638 officium
335 609 508 641 deseruisse,
535 608 654 643 nihilque
685 607 810 634 omisisse
837 606 982 642 diligentia:

188 665 237 685 nos
251 657 435 684 consolabitur
447 677 454 689 ,
470 655 629 689 meliorique
641 654 732 681 animo
743 661 802 681 esse
814 654 839 680 in
852 653 981 687 reliquum

188 703 277 730 faciet.
292 702 318 729 ls
331 702 403 729 enim
417 723 424 734 ,
436 701 480 736 qui
494 705 588 728 cuncta
600 700 767 735 impleverit,
779 707 838 734 quae
849 698 881 726 ad
893 699 983 726 levan—

188 749 237 777 dos
247 748 355 775 dolores
365 747 479 775 maxime
487 746 610 774 conferre
619 746 761 773 arbitratus
772 745 851 773 fuerit
859 766 866 778 ,
878 745 981 772 etiamsi

190 795 255 822 nihil
280 793 351 821 aliud
373 798 503 829 peragat,
528 793 570 820 vel
592 792 760 826 cogitationis
785 791 878 818 saltem
904 796 983 825 atque

189 840 361 868 conseientim
398 839 567 866 accusatione
604 838 753 871 liberatur,
789 838 983 872 criminumque

189 894 271 914 onere
286 885 408 920 deposito
420 905 428 918 ,
451 885 536 911 solam
555 884 690 912 mmstitim
710 883 842 910 sarcinam
863 882 983 917 perferre

189 933 300 968 cogitur.
317 932 345 960 Si
359 932 439 966 igitur
452 939 484 959 ex
498 930 604 958 illorum
618 937 706 958 essem
720 937 832 957 numero
845 951 853 963 ,
868 929 911 964 qui
926 929 983 956 Deo

191 979 348 1006 familiarius
362 977 496 1013 conjuncti
514 977 656 1012 plurimum
671 976 739 1011 apud
756 976 830 1003 illum
851 979 982 1010 possunt,

191 1032 335 1060 numquam
351 1023 471 1059 profecto
486 1031 563 1050 orare
573 1027 600 1050 et
611 1022 752 1050 obsecrare
766 1029 814 1057 pro
826 1022 891 1048 mihi
901 1021 983 1048 caris-

190 1072 258 1099 simo
271 1072 356 1106 capite
377 1071 534 1098 desisterem
551 1079 557 1096 ε
578 1070 703 1105 quoniam
723 1069 812 1097 autem
831 1068 983 1104 hujusmodi

190 1120 262 1146 vires
275 1123 353 1153 atque
363 1117 551 1145 confidentiam
563 1116 628 1144 mihi
639 1116 769 1143 scelerum
784 1123 903 1143 meorum
916 1115 985 1142 mul-

191 1164 278 1192 titudo
290 1163 398 1191 abstulit
410 1184 417 1196 ,
432 1163 574 1190 verborum
588 1162 798 1190 consolationem
820 1161 868 1188 tibi
889 1160 985 1188 afferre

192 1210 321 1238 conabor.
335 1209 400 1237 Nam
417 1213 444 1237 ct
459 1209 484 1236 in
500 1209 532 1236 iis
546 1209 592 1244 qui
607 1215 735 1242 corporea
749 1207 817 1235 mala
832 1206 985 1234 valetudine

192 1257 336 1289 laborant,
350 1264 411 1283 cum
426 1255 590 1283 medicorum
610 1255 644 1282 sit
662 1254 753 1289 fugare
767 1254 873 1282 dolores
885 1275 893 1287 ,
910 1252 985 1280 infir-

193 1304 366 1337 unitatemque
385 1309 575 1337 compescere,
600 1309 652 1328 non
674 1305 762 1327 tamen
785 1299 891 1326 famulis
905 1319 913 1332 ,
941 1299 985 1333 qni

193 1353 255 1376 sunt
269 1348 296 1375 in
307 1347 454 1375 ministerio
464 1367 472 1380 ,
485 1346 653 1374 interdicitur
665 1346 805 1373 verborum
817 1344 984 1377 consolatio;

194 1395 249 1422 imo
262 1401 326 1421 vero
337 1393 363 1420 hi
375 1393 491 1420 maxime
504 1396 567 1420 sunt
579 1413 587 1426 ,
598 1392 643 1427 qui
655 1391 775 1426 plurimis
786 1391 811 1417 in
823 1389 986 1418 consolando

194 1440 282 1468 verbis
295 1444 405 1467 utuntur
416 1460 424 1472 ,
438 1446 498 1466 cum
514 1445 576 1473 erga
591 1437 714 1465 dominos
728 1437 796 1464 bene
811 1436 897 1463 affecti
911 1440 984 1462 sunt.

195 1487 223 1514 Si
239 1486 302 1521 quid
317 1486 405 1520 itaque
419 1485 518 1513 dictum
532 1484 611 1512 fuerit
624 1492 640 1511 a
655 1484 733 1512 nobis
744 1505 751 1516 ,
767 1483 838 1518 quod
851 1483 923 1510 hunc
938 1482 987 1509 im-

195 1541 316 1561 mensum
337 1533 457 1560 dolorem
480 1536 554 1560 tuum
574 1531 659 1567 possit
679 1531 867 1566 exstinguere,
888 1529 986 1557 factum

194 1581 246 1608 erit
258 1585 286 1607 nt
300 1585 444 1615 optamus:
459 1579 500 1606 sin
519 1585 585 1605 vero
604 1577 757 1612 hujusmodi
778 1576 843 1604 nihil
867 1576 988 1603 invenire

196 1630 241 1653 aut
256 1625 328 1661 loqui
342 1625 510 1660 potuerimus
522 1645 529 1657 ,
545 1624 709 1651 voluntatem
734 1627 822 1649 tamen
844 1626 963 1649 nostram
977 1642 986 1655 ,

196 1680 227 1699 ac
243 1671 406 1707 propositum
421 1670 465 1697 ille
480 1669 637 1705 approbabit
649 1689 656 1702 ,
678 1669 722 1703 qui
738 1676 786 1704 per
800 1668 906 1695 beatum
922 1667 989 1694 Pau-

197 1718 252 1744 lum
276 1717 342 1744 flere
366 1725 426 1745 cum
451 1716 595 1748 flentibus,
621 1715 819 1750 humilibusque
845 1713 989 1742 eoudolerc

196 1762 297 1798 jussit(
312 1762 387 1789 Rom.
405 1762 448 1789 l2.
465 1760 529 1798 l5).

235 1809 363 1844 Stagirius
375 1817 390 1835 η
406 1809 519 1835 dwmone
534 1813 647 1834 uexatur.
664 1822 698 1826 —
708 1806 819 1834 Videtur
835 1806 923 1841 itaque
938 1813 990 1832 una

199 1862 260 1882 esse
285 1861 365 1882 causa
388 1854 512 1881 maeroris
534 1853 593 1887 tui,
613 1853 769 1888 nequissimi
789 1852 892 1886 scilicet
913 1851 991 1886 hujus

200 1900 330 1928 daunonis
341 1900 443 1927 insania
455 1908 462 1933 ;
478 1907 568 1927 verum
580 1899 614 1926 ab
626 1899 675 1926 hac
687 1898 768 1925 veluti
778 1897 867 1925 radice
877 1897 991 1931 plurima

201 1947 286 1974 tristia
299 1946 362 1974 oriri
374 1967 382 1979 ,
394 1946 416 1973 si
427 1945 487 1980 quis
500 1950 571 1972 recte
583 1944 767 1980 perspexerit,
780 1943 990 1971 animadvertet:

201 1992 271 2027 quod
287 1999 340 2019 non
353 1999 385 2020 ex
399 1992 501 2026 meipso
513 1991 591 2018 modo
604 1990 714 2025 colligo,
726 1990 772 2017 sed
784 1997 818 2017 ex
833 1989 886 2017 illis
895 2010 902 2022 ,
914 1997 973 2024 qua:
982 2009 990 2022 ,

201 2038 264 2065 dum
277 2037 387 2065 adesses
399 2044 489 2064 coram
502 2057 509 2069 ,
525 2041 550 2064 te
564 2036 661 2071 smpius
673 2040 879 2070 conquerentem
891 2034 990 2061 audivi.

203 2085 292 2111 l‘rimo
305 2087 331 2111 te
342 2091 428 2118 nuper
437 2091 497 2111 cum
510 2082 631 2110 smcnlari
642 2089 717 2109 more
727 2082 830 2108 viveres
842 2101 849 2113 ,
864 2081 929 2108 nihil
942 2081 994 2107 tale

204 2138 310 2165 passum
324 2138 402 2162 esse;
419 2129 466 2157 sed
483 2137 543 2157 cum
563 2129 675 2163 teipsum
699 2127 799 2154 mundo
820 2126 972 2154 erucifixisti
986 2146 994 2158 ,

206 2182 267 2204 tunc
281 2177 306 2204 in
321 2177 406 2204 morbi
422 2184 529 2203 sensum
543 2176 648 2203 vertisse
660 2195 668 2208 ,
683 2182 742 2209 qua:
763 2182 827 2201 sane
849 2181 892 2201 res
913 2172 996 2207 possit

207 2223 232 2250 in
258 2222 485 2258 perturbationem
512 2222 590 2256 inque
615 2221 827 2255 desperationem
851 2219 995 2253 conjicere.

206 2268 327 2295 Secundo
337 2288 344 2302 ,
357 2267 426 2302 quod
438 2275 515 2302 quam
529 2267 657 2301 plurimos
670 2265 776 2293 noveris
788 2286 795 2298 ,
810 2266 872 2292 dum
885 2265 997 2292 delicate

206 2315 325 2341 viverent
337 2335 343 2347 ,
359 2313 409 2340 hac
423 2319 497 2349 peste
512 2317 647 2348 correptos
660 2335 666 2346 ,
681 2321 727 2341 cos
740 2318 826 2340 tamen
840 2320 921 2347 parvo
934 2315 993 2346 post

208 2366 326 2395 tempore
339 2361 374 2387 ita
386 2368 417 2388 ea
433 2360 585 2387 infirmitate
599 2360 735 2393 liberatos,
749 2364 777 2386 ut
791 2359 914 2394 perfectae
928 2359 998 2384 inte-

208 2406 294 2442 gritati
309 2406 423 2433 restituti
437 2410 464 2433 et
477 2414 574 2433 uxores
588 2405 736 2438 ducerent,
755 2409 782 2432 ct
798 2404 923 2439 plurimos
938 2411 1000 2438 pro-

207 2455 332 2480 crearcut
346 2451 443 2479 liberos
455 2473 462 2484 ,
477 2452 653 2486 omnibusque
663 2451 723 2477 vitze
735 2451 871 2485 prmsentis
882 2457 1000 2477 commo-

208 2498 248 2525 dis
262 2498 432 2530 fruercntur,
445 2497 564 2532 nihilque
578 2497 745 2532 postmodum
759 2498 810 2524 tale
824 2501 976 2531 paterentur
992 2504 998 2522 :

207 2549 298 2571 contra
312 2566 320 2577 ,
342 2550 369 2571 tu
383 2552 444 2572 cum
461 2549 561 2571 tantum
579 2548 683 2578 tempus
699 2543 724 2570 in
738 2543 846 2577 jejuniis
860 2550 891 2569 ac
906 2549 1001 2577 perno-

208 2591 368 2618 ctationihus
379 2611 387 2622 .
401 2595 429 2618 et
449 2591 550 2625 reliqua
566 2591 627 2617 vita:
645 2589 801 2616 austeritate
822 2588 979 2615 contriveris
992 2608 999 2619 ,
1018 2609 1021 2611 .

209 2636 310 2663 nullam
331 2644 511 2663 mrumnarum
535 2640 640 2662 tttarum
667 2634 849 2662 liberationem
875 2633 1002 2661 hactenus

211 2682 355 2709 inveneris.
372 2681 464 2709 Tertio
476 2703 484 2714 ,
497 2681 567 2716 quod
588 2689 648 2708 cum
669 2685 776 2707 sanctus
792 2680 836 2706 ille
850 2679 890 2706 vir
903 2683 1001 2705 tantam

211 2729 237 2757 iu
253 2729 364 2763 reliquis
376 2728 440 2755 viris
454 2728 598 2763 potentiam
611 2727 776 2759 ostenderit,
794 2725 856 2752 nihil
871 2724 1001 2760 ejusmodi

209 2775 327 2810 potuerit
341 2774 367 2801 in
382 2779 425 2800 tua
440 2774 582 2800 dilectione
597 2773 726 2807 perficere
737 2792 743 2804 ,
760 2779 844 2806 neque
859 2771 916 2805 ipse
929 2791 935 2801 .
955 2777 1002 2797 nc-

209 2830 260 2856 qne
274 2822 291 2849 ii
307 2829 353 2856 qut
365 2829 427 2848 cum
441 2822 487 2848 illo
499 2824 575 2847 erant
587 2840 594 2853 ,
617 2820 662 2847 illo
683 2820 764 2848 etiam
789 2820 814 2846 in
837 2818 886 2845 hoc
905 2824 1003 2853 genere

208 2869 395 2902 potentiores,
426 2875 518 2895 verum
540 2875 632 2894 omnes
655 2875 683 2895 re
706 2867 801 2895 infecta
826 2865 871 2893 abs
894 2870 918 2893 te
940 2871 1000 2891 cum

613 137 659 166 AD
677 136 862 167 STAGIRIUM
882 138 905 166 A
925 136 1077 166 DEMONE
1096 137 1275 167 VEXAI'UM.
1294 138 1358 167 LIB.
1379 138 1400 167 Ι.

1774 139 1828 168 426

1034 194 1132 223 rubore
1145 195 1326 224 discesserint.
1341 196 1382 224 Ad
1399 195 1458 224 luce
1471 195 1522 223 alia
1535 203 1567 224 ex
1586 199 1662 232 parte
1677 195 1787 224 nimium
1800 202 1827 225 ιο

1034 240 1094 275 angi
1113 240 1221 269 dicebas
1233 262 1241 275 ,
1264 242 1335 277 quod
1355 242 1391 270 ita
1411 242 1529 269 animum
1550 246 1623 270 tuum
1643 242 1683 270 vis
1703 243 1829 270 maeroris

1035 287 1223 321 occupaverit,
1235 292 1262 315 ut
1275 288 1372 322 saepius
1383 296 1475 323 parum
1487 288 1557 316 absit
1570 288 1633 323 quin
1645 288 1679 315 ad
1691 288 1828 323 laqueum,

1035 333 1144 360 ﬂuvium
1171 338 1199 361 et
1220 335 1396 369 praecipitium
1420 342 1555 363 accurras.
1580 335 1680 369 Quinto
1702 334 1829 370 deinceps

1036 378 1095 406 loco
1107 398 1115 411 ,
1131 378 1201 413 quod
1216 379 1332 413 aequales
1343 384 1403 407 tuos
1412 384 1440 407 et
1449 380 1654 408 contubernales
1665 400 1673 412 ,
1684 379 1729 415 qui
1740 386 1828 408 tecum

1035 423 1116 450 vitam
1132 423 1201 450 hanc
1214 424 1349 458 inierunt,
1373 425 1515 459 tranquille
1537 430 1646 460 agentes
1667 425 1785 460 aspicis:
1803 429 1830 452 te

1036 477 1100 497 vero
1111 470 1263 497 smvissimze
1276 470 1399 505 procellae
1406 471 1492 498 adhuc
1502 472 1652 506 expositum
1663 491 1670 504 ,
1678 475 1705 499 et
1714 471 1827 504 cnreeri,

1037 515 1082 549 qui
1109 516 1228 542 omnium
1255 517 1376 548 profecto
1399 517 1566 544 miserrimus
1591 520 1654 549 est,
1682 517 1829 544 addictum.

1037 559 1127 595 Neque
1142 560 1211 587 enim
1228 560 1268 588 his
1284 561 1328 597 qui
1342 561 1414 588 ferro
1427 561 1506 588 vincti
1527 566 1588 588 sunt
1600 582 1607 593 ,
1627 562 1662 588 ita
1680 561 1831 597 lacryman—

1037 605 1099 633 dum
1114 607 1253 634 asscrebas
1267 628 1274 640 ,
1289 611 1318 634 ut
1332 607 1364 634 iis
1378 628 1384 640 ,
1402 607 1447 645 qui
1467 607 1619 641 hujusmodi
1639 611 1731 634 eatena
1751 607 1830 634 colli-

1037 653 1089 688 gati
1113 654 1220 681 fuerint.
1245 653 1342 681 Aiebas
1365 658 1392 681 et
1414 652 1485 680 aliud
1506 660 1566 680 esse
1587 656 1716 687 prmtcrea
1730 673 1737 686 ,
1759 652 1830 687 quod

1038 703 1155 729 maxime
1169 705 1194 728 te
1208 700 1328 727 turbaret
1341 709 1347 727 :
1365 699 1451 727 vereri
1466 699 1537 726 enim
1552 706 1584 726 ac
1599 703 1714 725 tremere
1726 718 1733 729 ,
1755 705 1788 725 ne
1807 698 1831 728 si

1037 749 1086 775 ista
1100 752 1176 783 pater
1191 747 1288 774 sentiat
1300 767 1307 777 ,
1321 745 1444 775 maximis
1459 744 1562 779 injuriis
1580 748 1659 779 atque
1678 744 1826 771 incommo-

1038 795 1078 821 dis
1091 793 1189 820 afficiat
1201 796 1307 819 sanctos
1322 791 1382 818 illos
1393 811 1401 823 ,
1417 791 1460 827 qui
1477 795 1502 817 te
1523 798 1538 817 a
1558 789 1686 824 principio
1707 796 1832 823 suscepe-

1037 845 1098 868 runt
1114 850 1120 866 :
1137 841 1233 875 quippe
1248 838 1358 866 summis
1381 837 1482 864 viribus
1501 841 1580 872 atque
1601 836 1696 871 opibus
1717 835 1811 862 fretum
1822 856 1830 868 ,

1037 892 1116 922 atque
1131 885 1310 921 indignatione
1325 884 1485 911 concitatum
1497 903 1506 916 ,
1527 886 1622 909 cuncta
1640 881 1768 908 adversus
1785 888 1831 908 cos

1038 941 1175 967 ausurum,
1189 937 1216 960 et
1240 932 1304 959 nulli
1330 931 1492 966 parciturum
1514 928 1646 962 vindiciis,
1662 936 1695 955 ex
1720 927 1772 954 illis
1787 927 1832 961 qui

1038 979 1088 1006 sibi
1111 978 1269 1006 occurrerit.
1290 977 1323 1004 Et
1346 977 1474 1003 hactenus
1501 975 1607 1010 quidem
1634 973 1752 1008 potuisse
1777 980 1833 999 ma-

1039 1030 1106 1053 trem
1129 1032 1186 1052 rem
1207 1028 1307 1059 gestam
1330 1022 1430 1050 notitia:
1450 1022 1533 1057 patris
1560 1020 1729 1051 subducere,
1753 1026 1832 1053 repu-

1038 1072 1154 1106 lisseqne
1174 1069 1248 1097 illum
1267 1076 1339 1103 saepe
1352 1090 1359 1101 ,
1373 1076 1433 1095 cum
1448 1067 1481 1094 de
1494 1072 1520 1094 te
1535 1066 1680 1101 inquireret
1695 1073 1701 1091 :
1719 1065 1774 1092 fore
1785 1072 1833 1090 an-

1040 1123 1093 1145 tem
1113 1121 1142 1144 ut
1165 1123 1291 1151 processu
1314 1114 1440 1149 temporis
1456 1112 1669 1147 deprehendatur
1684 1115 1759 1138 canta
1776 1110 1833 1137 hmo

1040 1163 1133 1190 matris
1155 1161 1308 1194 simulatio,
1325 1160 1433 1195 jamque
1456 1159 1500 1186 ille
1520 1162 1547 1185 et
1569 1157 1618 1192 ipsi
1644 1162 1670 1184 et
1696 1155 1834 1184 monachis

1040 1207 1170 1235 acerrime
1195 1206 1341 1234 immineat.
1367 1206 1505 1232 Postremo
1528 1203 1599 1238 quod
1631 1203 1749 1230 omnium
1778 1209 1834 1228 ma-

1042 1255 1129 1282 lorum
1160 1261 1313 1288 supremum
1334 1251 1438 1278 culmen
1462 1255 1520 1283 est,
1547 1250 1644 1277 nullam
1667 1248 1712 1275 tibi
1734 1252 1834 1275 certam

1042 1308 1102 1328 esse
1128 1299 1277 1327 futurorum
1299 1297 1486 1325 cenfidentiam
1508 1295 1634 1327 dicebas,
1649 1301 1734 1328 neque
1756 1300 1835 1327 aper-

1041 1347 1093 1374 tius
1117 1346 1207 1378 scire,
1229 1345 1250 1371 si
1273 1342 1379 1379 quando
1401 1341 1488 1369 futura
1509 1341 1544 1368 sit
1569 1339 1654 1367 morbi
1685 1339 1763 1373 hujus
1787 1338 1833 1365 ab-

1041 1391 1139 1418 solutio
1151 1394 1231 1425 atque
1245 1389 1366 1417 liberatio
1379 1409 1386 1421 ,
1400 1395 1459 1415 cum
1472 1408 1480 1419 ,
1504 1386 1600 1421 smpins
1626 1386 1675 1412 hac
1696 1388 1834 1419 exspecta-

1042 1438 1114 1464 tione
1128 1436 1217 1463 habita
1230 1456 1237 1469 ,
1252 1442 1344 1462 rursus
1359 1435 1385 1461 in
1400 1433 1523 1462 eamdem
1545 1432 1677 1460 miseriam
1699 1431 1834 1459 incideris.

1043 1483 1116 1510 Talia
1131 1487 1193 1510 sunt
1209 1481 1327 1516 profecto
1343 1480 1391 1507 ista
1405 1500 1413 1513 ,
1429 1487 1487 1514 quae
1502 1479 1619 1505 animum
1640 1477 1755 1504 maxime
1776 1484 1835 1511 pcr-

1042 1529 1151 1556 turbare
1177 1528 1298 1563 possint,
1322 1526 1473 1562 ingentique
1494 1525 1603 1559 implere
1632 1523 1762 1555 tumultu,
1787 1521 1833 1549 sed

1042 1574 1160 1601 animum
1176 1574 1316 1600 remissum
1329 1593 1337 1605 ,
1353 1571 1505 1606 imperitum
1526 1577 1557 1597 ac
1576 1568 1705 1597 desidem.
1720 1568 1753 1594 At
1773 1572 1834 1594 verc-

1044 1628 1092 1648 nos
1107 1620 1128 1647 si
1143 1620 1294 1655 perspicere
1307 1618 1442 1654 paululum
1458 1616 1620 1643 voluerimus
1630 1637 1636 1648 ,
1648 1614 1835 1650 cogitationes-

1043 1674 1095 1702 qne
1110 1666 1165 1701 pias
1180 1666 1333 1697 admovere,
1355 1664 1403 1691 has
1426 1670 1519 1690 omnes
1534 1661 1657 1689 mteroris
1671 1667 1765 1687 causas
1781 1658 1836 1685 vel-

1044 1713 1082 1740 uti
1105 1712 1288 1740 tenuissimum
1302 1711 1439 1745 pulverem
1458 1707 1633 1736 excutiemus.
1658 1706 1837 1745 Cave_antem

1045 1763 1121 1794 putes
1136 1765 1180 1785 me
1200 1757 1279 1784 modo
1295 1742 1345 1783 ista
1360 1755 1459 1783 ideirco
1475 1759 1544 1781 tanta
1559 1752 1684 1780 facilitate
1697 1742 1815 1787 polliceri
1829 1770 1836 1781 ,

1045 1803 1116 1839 quod
1130 1808 1203 1830 extra
1220 1802 1339 1830 dolorem
1357 1803 1427 1828 hunc
1448 1800 1644 1835 procellamqne
1664 1804 1764 1824 verser.
1783 1796 1838 1823 Etsi

1046 1850 1116 1878 enim
1130 1849 1286 1885 quibusdam
1303 1847 1423 1876 fortassis
1438 1845 1599 1874 incredibilia
1613 1844 1703 1872 dicere
1715 1842 1836 1873 videbor,

1046 1897 1134 1924 dicam
1150 1900 1238 1922 tamen
1254 1903 1259 1920 :
1278 1901 1363 1928 neque
1376 1893 1446 1920 enim
1457 1899 1517 1919 cum
1530 1890 1638 1925 reliquis
1654 1893 1682 1916 tu
1694 1887 1758 1916 mihi
1772 1894 1838 1922 quo—

1047 1950 1099 1978 que
1113 1942 1192 1970 fidem
1208 1949 1261 1969 non
1277 1940 1396 1967 habebis.

1084 1988 1190 2014 Dwmon
1204 1987 1255 2013 suis
1268 1988 1377 2022 formam
1397 1984 1497 2019 acripit.
1511 1998 1547 2003 —-
1558 1981 1623 2009 Cum
1637 1981 1670 2008 ab
1686 1980 1762 2008 initio
1775 1987 1836 2006 sce-

1048 2034 1132 2061 lestus
1150 2033 1194 2059 ille
1209 2032 1314 2059 d:emon
1327 2031 1445 2058 animum
1463 2029 1560 2056 invasit
1575 2033 1658 2059 tuam,
1681 2031 1761 2060 atque
1780 2032 1839 2051 cum

1049 2079 1154 2106 caeteris
1168 2077 1309 2113 prostravit
1323 2081 1455 2107 orantem,
1479 2083 1531 2102 non
1548 2073 1671 2109 equidem
1687 2077 1750 2099 tunc
1770 2079 1840 2105 pra:-

1051 2133 1113 2152 scns
1139 2124 1258 2156 aderam,
1285 2123 1437 2158 gratiasque
1460 2128 1509 2155 ago
1531 2119 1740 2147 clementissimo
1763 2117 1840 2147 Deo;

1051 2170 1131 2197 didici
1154 2175 1241 2196 tamen
1255 2168 1344 2196 omnia
1359 2166 1571 2202 diligentissime,
1595 2173 1647 2192 non
1670 2171 1747 2191 secus
1769 2170 1800 2189 ac
1819 2161 1841 2188 si

1052 2216 1109 2251 ipse
1130 2215 1274 2242 afl'uissem.
1290 2213 1355 2240 Nam
1371 2211 1534 2251 Theophilus
1550 2210 1689 2245 Ephesius,
1707 2208 1842 2241 utriusque

1052 2267 1173 2288 nostrum
1196 2261 1309 2293 amicus,
1326 2259 1459 2294 profectus
1474 2257 1506 2284 ad
1525 2248 1581 2288 inc,
1602 2260 1695 2283 cuneta
1716 2254 1779 2281 mihi
1797 2261 1843 2288 per

1053 2309 1175 2335 ordinem
1190 2307 1291 2338 retulit,
1304 2307 1430 2334 distortus
1443 2313 1547 2335 uiantis,
1566 2308 1656 2330 torvos
1669 2301 1772 2333 oculos,
1788 2301 1844 2326 oris

1053 2363 1185 2390 spumam.
1201 2353 1361 2380 horrendam
1378 2352 1448 2379 illam
1464 2355 1490 2378 et
1501 2349 1638 2377 confusam
1658 2355 1760 2379 vocem,
1780 2354 1841 2373 eor-

1054 2402 1127 2437 poris
1147 2406 1301 2431 tremorem,
1317 2399 1468 2426 diuturnam
1489 2403 1582 2424 sensus
1597 2394 1780 2430 privationem,
1802 2392 1842 2419 vi»

1054 2453 1166 2480 sumque
1181 2444 1298 2472 terribile
1312 2444 1381 2478 quod
1403 2451 1433 2470 ea
1449 2447 1525 2470 nocte
1539 2446 1675 2468 ostensum
1693 2444 1743 2466 est.
1760 2437 1840 2465 SUt‘lll

1055 2492 1126 2519 cuitu
1141 2490 1280 2525 quemdam
1302 2488 1494 2516 ferocissimum
1516 2486 1629 2513 maxima
1650 2484 1674 2511 vi
1691 2483 1738 2510 luti
1754 2482 1841 2517 inqui—

1055 2543 1145 2565 natum
1168 2538 1192 2564 in
1210 2542 1235 2564 te
1250 2535 1469 2569 insilirejngiter,
1486 2538 1565 2568 atque
1588 2538 1673 2558 tecmn
1687 2534 1842 2557 concertare

1055 2585 1160 2611 aiebat:
1175 2589 1287 2617 cumque
1302 2582 1323 2609 is
1334 2581 1377 2615 qui
1391 2581 1464 2614 juxta
1480 2579 1675 2611 obdoriniebal,
1695 2584 1726 2604 ea
1743 2576 1843 2602 visione

1055 2632 1187 2662 turbatus,
1209 2632 1383 2664 experrectus
1402 2630 1484 2659 esset,
1506 2625 1639 2653 lllVClllS:c
1663 2628 1688 2651 te
1703 2629 1807 2651 rursum
1830 2629 1844 2648 a

1056 2678 1178 2705 damnone
1193 2675 1292 2703 vexari.

1091 2724 1119 2750 2.
1140 2724 1204 2750 Cum
1217 2723 1295 2756 igitur
1307 2720 1363 2747 hcce
1374 2719 1418 2746 iile
1431 2718 1610 2750 denuntiaret,
1622 2721 1732 2749 tantam,
1748 2719 1844 2747 linear,

1057 2769 1180 2797 maeroris
1194 2768 1315 2795 nebulam
1334 2766 1398 2793 mihi
1411 2764 1514 2797 offudit,
1526 2768 1650 2798 quautam
1671 2762 1714 2788 hic
1727 2762 1783 2795 ipse
1793 2760 1843 2787 du-

1057 2815 1180 2843 rissimus
1193 2815 1297 2841 daulioti
1310 2813 1414 2840 caritati
1436 2816 1497 2838 ιιιω.
1518 2810 1612 2837 Postea
1632 2815 1696 2835 vero
1709 2815 1786 2842 quant
1801 2813 1844 2833 me

1058 2869 1091 2889 ex
1105 2860 1201 2888 acerbo
1216 2867 1246 2888 ac
1269 2859 1371 2886 diutino
1393 2858 1484 2885 dolore
1506 2854 1610 2889 collegi,
1627 2853 1691 2879 nihil
1707 2852 1770 2878 mihi
1789 2851 1845 2885 jam
