2076 3122
265 111 313 140 ιιι-ι

262 172 291 197 in
304 168 404 198 mundo
413 176 503 206 grave,
515 168 582 196 nihil
597 168 673 196 dulce
686 166 841 195 videbatur:
853 165 898 194 sed
912 173 972 193 cum
983 165 1046 193 olim

262 217 406 244 vanitatem
419 215 510 243 stnculi
522 213 684 248 contemptui
698 212 878 244 habuerim,ac
892 211 1038 247 reprehen-

261 261 326 290 dere
342 260 436 288 solitus
450 259 510 292 sim,
527 263 588 286 tunc
604 258 718 286 maxime
731 257 756 284 id
772 264 865 291 passus
885 264 955 290 sum,
977 263 1036 283 ma-

258 307 355 341 jorque
368 305 480 332 affectus
494 303 527 331 ad
546 297 707 331 desiderium
722 302 803 330 subiit
814 301 963 330 dilectionis
979 305 1046 333 tum;

261 351 358 386 quippe
370 358 400 378 ea
415 354 456 378 est
469 356 578 377 casuum
589 348 703 376 tristium
717 353 822 381 natura,
835 355 894 384 quin
904 347 1048 375 amicitiam

260 403 405 433 pcraugere
417 395 569 423 consuevit:
583 395 663 430 idque
674 402 706 423 ex
719 401 752 421 eo
765 394 858 429 liquet,
874 393 944 429 quod
959 393 1048 422 inimi-

260 441 336 469 citias
347 448 451 476 quoque
464 440 541 468 facile
555 447 682 469 revocare
697 440 724 468 in
737 440 849 476 gratiam
873 439 967 475 possit.
980 439 1048 467 Nul-

261 486 302 515 lus
314 487 386 514 enim
403 486 457 513 fere
473 491 527 514 tam
542 485 675 520 immanis,
688 491 796 521 tamque
809 485 917 513 insanus
933 489 984 518 est,
1004 484 1049 519 qui

259 531 283 559 si
298 531 385 559 videat
404 532 477 567 gravi
498 532 586 567 aliquo
598 539 661 559 casu
675 531 736 567 angi
756 530 905 564 inimicum,
920 530 1050 558 adversus

260 577 333 604 illum
344 584 452 604 scrvare
461 576 550 604 odium
564 576 658 612 possit.
671 576 746 609 Quod
760 575 784 604 si
799 575 965 603 inimicorum
980 582 1048 610 quo-

259 629 312 657 que
334 622 501 654 miseremur,
524 629 624 656 eosque
647 621 796 649 amicorum
819 620 949 648 habemus
974 620 1046 654 loco,

258 674 320 694 cum
333 674 413 701 grave
426 666 525 702 aliquid
539 670 619 702 atque
631 666 796 701 insperatum
815 665 875 693 illos
887 665 991 701 perpeti
1005 666 1046 693 vi-

259 711 371 739 demus:
386 711 536 744 considera,
555 718 657 747 quaeso,
682 711 822 746 diligenter
835 710 898 746 quid
921 718 965 738 me
979 711 1046 746 pati,

260 763 346 792 quove
359 764 419 785 esse
431 757 519 785 animo
532 764 644 785 necesse
657 755 746 790 fuerit,
761 756 825 783 dum
838 763 910 790 eum,
923 763 1002 792 quem
1013 763 1046 784 ex

258 802 383 830 omnibus
404 803 519 830 maxime
538 802 629 838 diligo,
646 809 777 838 quemque
796 809 849 830 non
865 802 953 830 minus
966 809 1046 837 quam

259 854 303 874 me
317 854 409 875 carum
429 847 524 882 habeo,
538 847 629 875 vexari
650 847 789 882 acerrime,
805 855 836 875 ac
852 854 966 875 maerore
980 847 1047 875 deﬁ-

259 899 321 919 cere
335 892 465 920 audirem.
480 892 540 920 Noli
558 892 647 929 itaque
661 897 754 928 putare
772 900 821 921 nos
833 892 981 920 vexationis
995 896 1047 920 tute

259 937 403 971 immunes,
424 937 539 965 fomenta
553 937 601 965 tibi
618 937 809 965 consolationis
822 937 974 965 admovere.
990 937 1046 965 Etsi

258 982 330 1010 enim
339 990 354 1010 a
363 982 560 1018 perturbatione
570 982 658 1016 illa,ac
667 982 815 1018 dejectione
824 982 920 1010 diaboli
929 990 987 1010 sum
998 982 1046 1010 Dei

258 1028 342 1063 gratia
356 1028 434 1061 liber,
453 1028 532 1063 hujus
546 1032 634 1056 tamen
647 1029 779 1056 maestitia:
793 1036 824 1056 ac
838 1029 937 1056 doloris
956 1035 1046 1064 mquas

259 1077 347 1107 partes
357 1073 421 1100 mihi
431 1078 518 1101 tecum
528 1073 633 1102 vindico
649 1082 656 1101 :
668 1079 748 1110 atque
759 1074 784 1102 in
796 1074 847 1101 hoc
858 1073 921 1101 mihi
935 1073 1046 1101 credent

258 1118 303 1152 qui
318 1118 352 1145 ita
362 1123 390 1146 ut
397 1123 503 1154 oportet
516 1119 627 1154 diligere
638 1123 778 1148 noverunt.
789 1120 844 1156 Age
853 1127 916 1155 ergo
924 1119 1043 1147 excutia-

258 1171 317 1191 mus
328 1163 400 1192 hune
413 1165 548 1199 pulverem
560 1174 567 1192 :
580 1165 615 1193 ita
629 1166 700 1194 enim
714 1166 766 1194 erit
778 1165 924 1194 tolerabilis
933 1173 965 1193 ac
979 1164 1045 1192 levis

260 1207 369 1243 hujusce
390 1209 430 1236 vis
445 1210 577 1243 maeroris,
592 1210 615 1238 si
628 1211 790 1238 uoluerimus
804 1209 923 1238 cedendo
938 1209 1045 1245 :egritu-

257 1253 312 1280 dini
326 1254 393 1280 trahi
407 1254 441 1281 ad
452 1255 607 1290 praecipitia,
622 1256 670 1283 sed
686 1256 793 1292 vigilare
814 1256 912 1291 potius,
939 1259 966 1283 et
980 1255 1044 1290 quid

258 1300 327 1327 facto
341 1308 407 1335 opus
421 1301 455 1328 sit
468 1302 596 1336 cogitare.
612 1301 728 1330 Plurima
741 1302 812 1331 enim
834 1310 867 1330 ex
882 1303 914 1329 iis
929 1310 989 1338 qua:
1002 1303 1043 1329 vi-

257 1346 354 1373 dentur
366 1347 549 1379 acerbissima,
566 1348 717 1383 priusquam
729 1349 917 1376 examinentur
931 1349 1042 1384 diligen-

257 1392 320 1424 tius,
336 1392 424 1427 gravia
438 1397 567 1428 putantur
578 1399 606 1420 et
626 1393 820 1431 intolesabilia:
834 1394 858 1421 si
879 1394 938 1429 quis
953 1398 1041 1421 tamen

254 1444 286 1464 ea
301 1437 403 1465 ratione
416 1438 549 1472 discutiat,
565 1438 682 1466 inveniet
699 1446 759 1467 esse
774 1439 851 1474 longe
865 1440 989 1475 opinione
1001 1440 1041 1467 le-

255 1483 339 1515 viora,
353 1483 424 1519 quod
447 1483 527 1511 modo
541 1492 647 1520 quoque
659 1484 775 1513 mturum
797 1493 850 1513 non
861 1486 984 1521 despero.
1000 1486 1041 1513 Tu

255 1534 356 1556 tantum
370 1530 482 1565 teipsum
492 1531 662 1567 erigc,neqne
677 1539 751 1559 vana:
760 1539 791 1560 ac
800 1533 887 1560 stultae
897 1533 966 1568 vulgi
981 1533 1040 1567 opi-

255 1576 328 1602 nioni
349 1576 536 1611 acquiescens,
560 1577 698 1606 fortiorem
719 1583 811 1606 contra
835 1586 885 1607 nos
904 1580 1040 1607 inimicum

255 1625 364 1648 statuas.
385 1621 465 1656 Igitur
476 1623 496 1650 si
509 1623 617 1658 quidem
636 1623 669 1651 ad
682 1623 799 1659 aliquem
812 1624 959 1653 infidelium
973 1623 1040 1652 mihi

255 1676 342 1696 sermo
363 1673 445 1702 esset,
458 1669 500 1697 vel
515 1676 607 1697 eorum
619 1668 665 1703 qui
679 1675 742 1695 casu
762 1667 825 1695 ferri
837 1667 927 1694 omnia
952 1667 1044 1694 existi-

255 1714 396 1746 tuant,.vel
419 1721 512 1742 eorum
533 1715 579 1749 qui
600 1712 770 1748 aequissimis
789 1711 930 1739 dzcmoniis
953 1711 1045 1738 mundi

255 1760 448 1793 providentiam
469 1759 616 1796 assignant,
630 1759 689 1793 plus
703 1757 768 1785 mihi
791 1759 894 1793 negotii
908 1757 1045 1786 incumbe~

256 1809 307 1839 ret,
319 1805 522 1841 repellendaque
533 1805 607 1840 prius
620 1810 732 1832 erronea
745 1803 838 1838 opinio
852 1804 954 1837 fuisset,
965 1808 1045 1838 atque

255 1850 365 1878 veritate
379 1851 550 1885 providentiae
563 1855 681 1882 Ostensa,
698 1853 753 1876 tum
775 1851 881 1878 demum
897 1848 1044 1877 consolatio

254 1895 441 1926 subinferenda
456 1899 527 1924 esset
543 1904 549 1922 :
568 1893 694 1930 quoniam
707 1901 774 1924 vero
786 1895 885 1923 Christi
901 1894 984 1930 gratia
1001 1894 1044 1921 in-

254 1949 371 1972 structus
385 1942 418 1972 ab
432 1941 542 1972 infantia
551 1948 640 1970 sacras
651 1940 767 1970 didicisti
780 1941 880 1973 literas,
890 1947 1007 1974 veraque
1016 1943 1044 1967 et

254 1989 380 2017 salutaria
387 1989 508 2024 dogmata
516 1996 551 2017 ex
558 1988 690 2024 majorum
699 1991 804 2014 tuorum
813 1985 981 2014 successione
989 1991 1044 2012 sus-

254 2035 359 2070 cepisti,
384 2035 471 2063 credis
484 2035 584 2069 absque
606 2034 659 2061 ulla
681 2032 849 2060 haesitatione
875 2031 932 2059 Deo
953 2037 1043 2058 curam

255 2088 315 2108 esse
329 2080 363 2108 de
384 2080 518 2111 omnibus,
542 2084 569 2106 et
592 2079 627 2106 do
647 2078 688 2106 his
708 2077 826 2106 maxime
848 2075 894 2111 qui
915 2075 966 2103 sibi
990 2075 1043 2103 ﬁde

253 2127 337 2161 juncti
352 2130 429 2159 sunt;
445 2126 544 2153 omissa
557 2125 608 2152 hac
622 2128 708 2159 parte,
723 2122 831 2151 aliunde
846 2128 983 2150 sumamus
1003 2121 1044 2149 in-

255 2173 340 2200 itium.
353 2172 488 2206 Principio
501 2179 561 2199 eum
573 2170 682 2206 angelos
694 2173 798 2197 crearet
808 2169 880 2196 Deus
892 2177 900 2202 ς
913 2168 967 2195 imo
980 2174 1043 2196 vero

255 2223 285 2247 ut
296 2219 376 2246 altius
388 2219 500 2246 ducatur
514 2217 618 2245 oratio:
634 2220 777 2251 antequam
790 2216 900 2250 angelos
914 2215 1043 2243 conderet

254 2265 429 2298 caelestesque
449 2262 566 2297 reliquas
578 2261 708 2293 Virtutes,
733 2260 804 2288 Dens
827 2264 885 2288 erat
908 2260 966 2287 sine
988 2260 1043 2287 uilo

255 2317 381 2346 nunquam
404 2308 548 2336 exsistendi
563 2307 703 2343 principio.
719 2306 785 2334 Cum
805 2314 870 2334 vero
885 2307 983 2334 nullius
1004 2306 1044 2333 rei

255 2364 337 2392 egens
358 2363 465 2390 semper
485 2358 566 2387 esset,
582 2353 609 2381 id
628 2353 728 2388 quippe
741 2353 877 2387 proprium
898 2352 1042 2380 divinitatis

255 2406 306 2435 est,
321 2401 421 2430 creavit
434 2399 554 2434 angelos,
570 2398 755 2433 archangelos,
767 2405 912 2432 omnesque
927 2397 1042 2432 reliquas

255 2447 427 2482 incorporeas
441 2444 612 2472 substantias.
634 2443 741 2471 Greavit
754 2451 817 2470 vero
832 2443 866 2470 ob
878 2443 949 2470 aliud
965 2443 1041 2476 nihil,

257 2494 307 2521 nisi
319 2492 374 2519 sola
387 2491 512 2519 bonitatis
524 2498 580 2518 suae
593 2497 681 2517 causa.
694 2489 812 2524 Quorum
828 2490 900 2517 enim
915 2490 1043 2524 obsequio

257 2546 310 2566 non
322 2537 466 2574 indigebat,
481 2545 623 2573 numquam
637 2544 683 2565 eos
694 2536 813 2571 profecto
823 2536 977 2577 creavisset,
990 2536 1041 2563 nisi

255 2592 380 2619 supreme
393 2584 479 2612 bonus
493 2589 577 2612 esset.
599 2583 662 2611 Post
675 2583 781 2612 illorum
800 2589 864 2610 vero
877 2582 1041 2610 creationem

256 2630 319 2658 fecit
332 2630 469 2658 hominem
482 2630 540 2664 ipsa
554 2629 654 2657 scilicet
664 2634 744 2664 atque
756 2627 849 2656 eadem
861 2635 951 2660 causa,
966 2634 1043 2654 muu.

255 2676 373 2710 dumque
388 2675 457 2702 hunc
471 2682 589 2703 omnem.
610 2681 688 2709 quem
709 2681 770 2701 eum
793 2672 940 2700 innumeris
964 2671 1042 2700 bonis

257 2721 429 2756 insigniisset,
443 2727 553 2755 parvum
568 2719 641 2747 illum
656 2723 683 2747 et
695 2718 850 2746 vilissimum
864 2717 906 2745 his
919 2716 1043 2744 omnibus

255 2767 382 2802 pra-fecit,
404 2766 455 2794 hoc
478 2766 555 2794 illum
573 2766 598 2793 in
619 2769 689 2792 terra
703 2763 877 2795 constituens,
900 2762 970 2798 quod
985 2762 1043 2797 ipse

256 2817 326 2841 esset
340 2812 366 2841 in
380 2812 455 2841 cmlo.
469 2810 545 2846 Quod
560 2810 634 2839 enim
645 2810 697 2838 ait:
715 2808 849 2836 Faciamus
864 2809 988 2836 hominem
1008 2807 1043 2835 ad

630 109 659 138 8.
678 108 816 139 IOANNIS
833 106 1069 136 CHRYSOSTOMI
1091 107 1252 136 ARClilEP.
1272 108 1537 137 CONSTANTINOP.

1837 111 1888 139 428

1103 164 1237 199 imaginem
1251 169 1273 192 et
1287 166 1476 193 similitudinem
1488 171 1598 193 nostram
1611 165 1686 201 (Gen.
1706 166 1732 193 1.
1746 166 1805 201 26),
1823 169 1888 196 nihil

1103 209 1174 237 aliud
1194 209 1323 244 profecto,
1341 218 1420 245 quam
1434 211 1484 238 sub
1497 211 1597 238 ditioue
1613 210 1671 245 ejus
1684 211 1768 245 posita
1783 216 1889 240 terrena

1103 259 1197 283 cuncta
1207 255 1346 290 signiﬁcat.
1356 256 1421 283 Cum
1433 256 1511 291 igitur
1524 256 1558 283 ita
1570 255 1642 282 illum
1653 256 1787 284 conditum
1801 257 1827 284 in
1837 262 1889 284 tan-

1103 304 1130 327 to
1149 300 1250 328 honore
1262 300 1387 335 locasset,
1399 301 1480 329 veluti
1493 301 1549 336 regi
1564 301 1662 335 regiam
1676 301 1826 336 paradisum
1839 303 1888 338 ipsi

1103 349 1270 373 terrenorum
1281 346 1399 373 omnium
1413 346 1618 381 pulcherrimam
1630 346 1721 374 sedem
1732 348 1887 383 assignavit.

1103 390 1201 418 Volens
1215 395 1343 427 prmterea
1359 391 1409 426 ipsi
1424 392 1475 419 alia
1486 399 1590 427 quoque
1600 399 1633 420 ex
1646 397 1722 428 parte
1735 394 1887 428 ostendere,

1103 441 1229 471 quantum
1245 436 1395 464 animantes
1414 437 1530 472 reliquas
1552 438 1655 466 honore
1678 439 1887 473 transcenderet,

1100 480 1210 508 adducit
1223 481 1257 508 ad
1270 482 1344 508 illum
1368 489 1472 516 omnes,
1488 490 1519 510 ac
1539 484 1647 511 nomina
1668 484 1778 519 singulis
1801 485 1887 521 impo-

1101 533 1165 553 nere
1175 526 1264 560 jubet;
1281 527 1437 562 nullumque
1452 535 1487 555 ex
1500 527 1543 555 his
1562 528 1588 555 in
1604 529 1763 564 adjutorium
1777 530 1822 558 dat
1838 531 1886 564 illi,

1100 579 1260 607 causamque
1279 573 1401 608 protinus
1414 573 1559 609 adjiciens:
1578 574 1639 602 Non
1651 576 1728 607 enim,
1742 577 1834 612 inquit,
1848 578 1888 613 irt-

1100 621 1188 645 verttus
1197 622 1233 644 est
1242 617 1344 653 adjutor
1357 619 1446 647 similis
1455 619 1478 646 ei
1489 619 1565 654 (Gen.
1576 619 1604 647 2.
1617 619 1674 655 20).
1686 621 1751 648 Cum
1765 629 1828 649 vero
1842 630 1888 657 per

1100 661 1157 690 haec
1170 664 1259 691 omnia
1272 663 1390 692 medium
1402 665 1541 701 utriusque
1561 670 1663 694 natura;
1678 674 1739 695 eum
1762 675 1822 696 esse
1840 669 1887 696 do-

1099 709 1207 742 cuisset,
1227 709 1352 745 quodque
1365 711 1489 740 omnibus
1503 716 1574 740 esset
1594 713 1651 748 ipse
1673 714 1827 742 honoratior
1846 716 1886 742 ni-

1099 751 1190 788 hilque
1202 759 1275 783 esset
1287 755 1325 783 illi
1339 756 1436 789 simile,
1452 761 1514 785 tunc
1527 762 1555 785 et
1570 759 1708 786 mulierem
1723 763 1806 793 creat,
1821 765 1848 788 et
1861 762 1886 789 in

1099 798 1150 827 hoc
1171 800 1245 828 illum
1259 808 1352 830 rursus
1376 801 1512 830 honorans
1534 804 1757 840 manifestumque
1777 806 1888 840 iaciens,

1099 844 1169 879 quod
1191 845 1262 874 illam
1285 854 1391 883 quoque
1413 848 1497 883 ipsius
1518 849 1601 884 gratia
1619 854 1747 883 creasset,
1768 852 1835 879 sicut
1860 858 1888 881 et

1099 889 1197 918 Paulus
1209 891 1247 918 ait
1263 900 1270 918 :
1287 891 1358 927 Non,
1374 892 1469 928 inquit,
1484 898 1582 921 creatus
1601 900 1636 922 est
1657 895 1694 922 vir
1714 901 1816 931 propter
1829 905 1886 924 mu-

1098 934 1192 969 lierem,
1207 937 1251 964 sed
1263 937 1354 964 mulier
1365 943 1468 974 propter
1485 939 1567 966 uirum
1581 938 1619 976 (l.
1631 940 1689 968 Cor.
1711 941 1754 969 Η.
1772 941 1810 977 9).
1828 941 1886 970 Non

1098 987 1186 1011 autem
1200 983 1241 1012 his
1257 988 1359 1013 tantum
1374 985 1448 1014 illum
1467 986 1621 1019 honoravit,
1635 995 1726 1016 verum
1742 992 1769 1016 ct
1781 995 1886 1016 sermo-

1098 1035 1159 1056 nem
1171 1029 1207 1056 illi
1220 1029 1265 1057 uni
1280 1037 1312 1058 ex
1327 1031 1450 1058 omnibus
1461 1031 1570 1066 largitus
1584 1037 1635 1064 est,
1647 1033 1739 1068 suique
1754 1033 1826 1060 illum
1839 1042 1885 1060 no-

1098 1074 1170 1101 tione
1185 1075 1306 1110 dignatus
1320 1081 1370 1111 eet,
1384 1084 1416 1104 ac
1429 1084 1478 1104 suo
1493 1077 1565 1104 dedit
1581 1077 1630 1105 frui
1640 1079 1784 1111 consortio,
1802 1086 1885 1113 quatt-

1097 1123 1154 1147 tum
1174 1120 1225 1148 frui
1239 1121 1318 1148 homo
1338 1125 1452 1156 poterat.
1469 1122 1668 1150 immortalitate
1688 1128 1816 1158 prteterea
1835 1123 1885 1150 do-

1097 1164 1212 1192 nandum
1228 1166 1360 1200 promisit,
1374 1174 1530 1203 summaque
1542 1168 1662 1202 implevit
1674 1168 1814 1203 sapientia,
1832 1170 1886 1203 spi-

1096 1210 1217 1238 ritualem
1231 1211 1268 1239 illi
1276 1212 1388 1247 gratiam
1401 1212 1540 1247 adjiciens,
1551 1214 1618 1241 adeo
1628 1218 1656 1241 ut
1667 1214 1792 1241 nonnulla
1806 1215 1886 1243 etiam

1096 1255 1262 1290 prtediceret.
1283 1256 1397 1292 Hteeque
1411 1258 1449 1284 illi
1470 1259 1558 1285 omnia
1574 1257 1681 1294 largitus
1695 1263 1746 1292 est,
1769 1268 1829 1287 eum
1844 1266 1884 1287 la-

1095 1308 1155 1327 mcn
1170 1301 1203 1328 ab
1221 1309 1253 1329 eo
1267 1301 1337 1330 nulla
1356 1308 1418 1330 ante
1436 1307 1508 1331 recte
1526 1303 1595 1331 facta
1614 1305 1803 1332 manavissent.
1815 1306 1885 1339 Quid

1095 1345 1175 1379 igitur
1196 1345 1240 1374 ille
1253 1347 1261 1362 ¹
1277 1351 1337 1382 post
1360 1351 1430 1374 tanta
1455 1352 1562 1383 tamque
1579 1349 1721 1384 singularia
1735 1350 1885 1378 beneﬁcia?

1094 1389 1217 1418 Beneﬁco
1229 1398 1277 1419 suo
1291 1392 1342 1420 ﬁde
1356 1393 1503 1428 digniorem
1520 1394 1655 1421 inimicum
1671 1396 1814 1423 arbitratus
1829 1403 1883 1429 est,

1093 1441 1236 1471 spretoque
1249 1437 1372 1464 mandato
1381 1438 1524 1466 conditoris
1538 1437 1667 1466 fallaciam
1676 1439 1745 1467 illius
1757 1441 1882 1476 prmlulil,

1093 1480 1175 1514 quise
1183 1482 1294 1517 perdere
1304 1482 1413 1510 omnino
1421 1483 1549 1518 bonisque
1559 1484 1682 1512 omnibus
1690 1485 1786 1519 ejicere
1794 1487 1884 1522 cupie-

1092 1526 1268 1555 bat.Pr:ntulit
1279 1533 1442 1562 autem,cum
1454 1534 1541 1558 tanten
1552 1530 1655 1559 nullum
1663 1539 1747 1566 neque
1759 1540 1882 1568 magnum

1092 1580 1178 1608 neque
1185 1581 1294 1609 parvum
1303 1575 1460 1603 beneﬁcium
1468 1576 1501 1604 ab
1510 1584 1542 1604 eo
1550 1581 1620 1605 esset
1629 1583 1807 1613 consequutus
1815 1579 1882 1606 sola-

1092 1619 1260 1653 que-verbum
1271 1620 1330 1655 ejus
1347 1628 1411 1648 aure
1426 1621 1596 1656 percepisset.
1607 1622 1675 1649 Num
1688 1630 1752 1650 vero
1761 1623 1858 1651 delevit
1871 1625 1881 1641 ¹

1097 1662 1169 1690 illum
1185 1663 1265 1695 Deus,
1280 1667 1353 1690 tanta
1365 1663 1462 1698 ingrati
1477 1663 1558 1690 animt
1571 1664 1646 1698 signa
1659 1662 1693 1690 ab
1707 1663 1784 1691 initio
1795 1663 1882 1691 statim
1903 1675 1933 1696 ψ

1096 1713 1174 1742 atque
1187 1709 1220 1736 ab
1233 1709 1305 1743 ipsls,
1322 1712 1351 1736 ut
1371 1709 1406 1736 ita
1423 1708 1546 1741 dixerim,
1569 1708 1647 1736 stadii
1661 1709 1810 1736 carceribus
1830 1716 1885 1744 prro

1096 1761 1126 1780 se
1138 1753 1286 1780 ferentem?
1300 1753 1356 1781 Hoc
1370 1754 1441 1781 enim
1455 1754 1564 1789 justititc
1585 1755 1654 1781 ratio
1675 1754 1833 1789 postulabat,
1856 1759 1885 1780 ut

1097 1797 1129 1831 is,
1144 1798 1190 1833 qui
1206 1799 1353 1826 innumeris
1372 1803 1449 1827 antea
1460 1799 1570 1827 affectus
1583 1799 1718 1827 beneﬁciis
1733 1800 1766 1827 ab
1790 1799 1884 1826 inobo-

1095 1843 1195 1871 dienria
1205 1845 1295 1872 statim
1307 1849 1386 1879 atque
1401 1845 1590 1880 ingratitudine
1602 1845 1663 1872 vitae
1674 1845 1746 1872 initia
1759 1845 1883 1880 cepisset,

1095 1889 1231 1918 deleretur
1244 1894 1324 1925 atque
1336 1890 1369 1918 de
1382 1890 1472 1918 medio
1491 1890 1652 1918 auferretur.
1666 1891 1735 1918 Deus
1750 1898 1814 1918 vero
1832 1898 1884 1917 nun

1096 1935 1184 1962 minus
1193 1942 1272 1970 quam
1281 1939 1359 1962 antea
1370 1935 1438 1963 bene
1450 1935 1487 1963 illi
1501 1935 1588 1963 facere
1600 1936 1724 1970 perstitit,
1736 1935 1883 1963 ostendens

1095 1986 1144 2014 per
1167 1979 1228 2013 hoc,
1250 1980 1320 2015 quod
1334 1988 1384 2008 nos
1403 1981 1454 2008 etsi
1477 1981 1574 2008 millies
1593 1988 1735 2016 peccemus
1757 1981 1885 2015 illumque

1095 2032 1259 2059 aversemur,
1274 2025 1331 2060 ipse
1341 2030 1429 2053 tamen
1440 2025 1518 2054 saluti
1531 2030 1628 2053 nostra:
1640 2026 1795 2060 prospicere
1810 2034 1883 2053 nunt-

1095 2078 1175 2106 quam
1186 2071 1299 2105 desistit,
1322 2076 1350 2099 ut
1363 2072 1386 2100 si
1406 2072 1513 2107 quidem
1529 2073 1651 2100 conversi
1666 2072 1804 2105 fuerimus,
1827 2080 1885 2100 ser-

1095 2125 1205 2146 vemur:
1221 2118 1263 2145 sin
1281 2123 1369 2146 autem
1394 2119 1421 2145 in
1444 2118 1515 2146 vitiis
1536 2119 1804 2153 perseveraverimus,
1827 2119 1884 2153 ipse

1096 2167 1185 2190 tamen
1200 2163 1271 2198 quod
1284 2171 1360 2191 suum
1373 2168 1431 2191 erat
1449 2164 1545 2191 fecisse
1558 2164 1722 2192 advertatur.
1743 2163 1832 2198 itaque
1844 2164 1885 2190 vi-

1096 2208 1193 2236 dentur
1205 2209 1311 2244 quidem
1322 2209 1419 2244 ejectio
1429 2209 1472 2236 illa
1487 2216 1503 2236 e
1516 2209 1650 2244 paradiso,
1667 2209 1782 2244 lignique
1797 2209 1885 2241 vitalis

1096 2254 1228 2287 inhibitio,
1239 2254 1385 2290 mortisque
1398 2255 1545 2287 mulctatio,
1567 2255 1711 2282 crnciantis
1726 2263 1785 2282 esse
1806 2260 1885 2290 atque

1097 2299 1253 2334 partientis:
1277 2304 1338 2327 sunt
1359 2304 1448 2328 autem
1474 2300 1667 2335 providentiam
1690 2300 1807 2335 gerentis
1830 2307 1883 2326 non

1096 2345 1183 2372 minus
1194 2353 1272 2380 quam
1285 2345 1384 2380 priora.
1399 2346 1458 2373 Etsi
1471 2346 1543 2373 enim
1555 2346 1676 2374 mirabile
1690 2346 1716 2373 id
1735 2345 1806 2380 quod
1817 2345 1884 2372 dici-

1095 2398 1156 2418 mus
1169 2391 1283 2424 videtur.
1297 2392 1465 2419 verissimum
1484 2396 1526 2420 est
1538 2396 1626 2419 tamen
1643 2401 1652 2419 :
1666 2399 1698 2419 ea
1715 2392 1813 2426 quippe
1825 2399 1885 2426 qua;

1097 2437 1204 2469 ﬂebant,
1219 2444 1279 2464 cum
1293 2438 1426 2465 contraria
1450 2438 1614 2470 viderentur,
1637 2445 1691 2464 uno
1711 2441 1798 2464 tamen
1819 2444 1885 2464 eon-

1095 2483 1223 2518 cordique
1244 2483 1297 2511 line
1319 2484 1368 2511 sibi
1391 2484 1505 2511 invicem
1529 2484 1741 2511 consentiebant.
1761 2483 1885 2517 Exempli

1096 2536 1175 2556 causa
1196 2538 1202 2556 :
1217 2529 1288 2564 quod
1308 2530 1381 2556 illum
1398 2530 1512 2557 exclusit
1525 2536 1540 2556 a
1555 2529 1687 2564 paradiso,
1703 2529 1778 2564 quod.
1791 2533 1883 2556 contra

1096 2575 1248 2610 paradisum
1270 2576 1419 2609 collocavit,
1445 2580 1471 2603 et
1495 2576 1581 2602 vetuit
1602 2575 1700 2611 lignum
1717 2575 1789 2607 vitae,
1814 2573 1885 2609 quod

1097 2621 1238 2648 mortalem
1258 2621 1329 2654 fecit,
1350 2621 1421 2656 quod
1443 2620 1549 2648 interim
1565 2627 1596 2647 ea
1616 2621 1748 2648 sententia
1762 2626 1885 2653 superior

1097 2667 1169 2695 visus
1184 2671 1223 2694 est
1237 2675 1245 2694 :
1264 2667 1331 2700 haec,
1347 2665 1464 2701 inquam,
1481 2666 1580 2700 omnia,
1596 2673 1699 2694 necnon
1721 2673 1781 2700 qua:
1793 2672 1826 2692 ex
1842 2664 1884 2691 his

1096 2717 1304 2748 consequuntur,
1318 2720 1366 2748 pro
1391 2713 1449 2748 ejus
1462 2712 1547 2740 salute
1570 2717 1596 2740 et
1610 2712 1711 2740 honore
1724 2715 1797 2747 gesta
1812 2716 1881 2738 sunt.

1130 2782 1137 2797 ι
1156 2783 1180 2804 tn
1193 2767 1273 2807 Morel.
1288 2780 1366 2808 deest,
1379 2779 1427 2807 ille.

1130 2812 1140 2828 ³
1156 2811 1224 2836 savii.
1238 2811 1309 2841 addit,
1321 2809 1360 2836 dic
1373 2810 1439 2836 mihi.
