2058 3116
200 153 256 183 429

202 220 257 248 ρων
275 213 351 241 οὐδὲν
370 212 403 240 ἂν
417 213 522 250 είποιμι
538 217 550 233 ι
566 213 667 249 (παντὶ
686 213 740 250 γὰρ
756 212 834 248 δῆλόν
851 212 932 248 ἐστι),
954 212 1036 239 δεῖδὲ

199 256 245 283 τὸν
263 257 333 293 ὑπὲρ
346 257 401 284 τῶν
418 258 487 293 μετά
511 258 597 285 ταῦτα
612 258 703 285 δοῦναι
716 258 806 292 λόγον.

235 301 272 337 γ’.
296 303 358 335 Πῶς
376 301 422 330 οὖν
435 304 562 340 εἰσόμεθα
577 305 618 331 ὅτι
641 305 689 331 καὶ
705 304 740 331 τὰ
763 303 876 340 δεύτερα
893 304 963 338 ὺπέρ
983 303 1038 331 τῶν

199 346 297 382 ἐκείνῳ
323 347 517 384 συμφερόντων
538 346 590 384 ἧν;
616 349 665 376 Ἂν
688 350 860 385 ἐννοήσωμεν
886 350 912 375 τί
934 348 1037 375 τούτων

201 390 239 425 μὴ
263 391 416 426 γενομένων
439 391 539 418 ἔπαθεν
561 391 602 419 ἄν.
622 393 654 419 Τί
677 390 723 419 οὖν
741 393 774 420 ἂν
791 393 910 426 ἕπαθεν;
926 393 969 423 Εί,
989 391 1036 419 τοῦ

197 431 322 459 διαϐόλου
341 433 411 468 μετὰ
431 433 479 469 τὴν
501 434 660 469 παράϐασιν
681 435 918 470 ἐπαγγειλαμένου
940 433 1036 465 δείξειν

198 474 297 507 αὐτοὺς
320 474 449 508 ἰσοθέους,
464 475 510 502 ἐπὶ¹
523 477 574 512 τῆς
588 476 675 511 αὐτῆς
691 476 784 512 ἔμεινε
803 477 817 497 δ
834 477 928 513 τιμῆς,
947 475 1036 512 τρισὶν

197 515 232 542 ἂν
257 517 404 553 περιέπεσε
420 519 477 550 τοῖς
498 518 624 553 ἐσχάτοις
649 520 753 550 κακοῖς.
779 519 890 554 Πρῶτον
913 519 962 554 μὲν
979 517 1035 553 γὰρ

197 560 243 587 τὸν
265 560 331 587 Θεδν
352 561 385 588 ἂν
402 561 528 597 ἐνόμισεν
549 561 619 589 εἶναι
637 561 783 597 βάσκανον,
807 563 854 590 καὶ
876 562 1033 595 ἀπατεῶνα,

197 604 246 631 κα)⁹
269 604 408 640 ψεύστην·
424 605 551 641 δεύτερον
574 606 604 632 δέ
620 606 668 633 τὸν
688 606 797 642 ἀληθῶς
816 606 972 639 ἀπατεῶνα,
987 606 1035 633 καὶ

195 648 243 675 ⁴τοῦ
259 649 376 684 ψεύδους
387 650 434 676 καὶ
450 649 500 685 τῆς
517 649 668 685 βασκανίας
684 650 802 687 πατέρα,
814 650 861 677 καὶ
886 649 1035 686 εὐεργέτην

196 693 244 720 καὶ
261 693 354 728 φίλον
382 694 429 720 καὶ
457 694 525 729 πρὸς
549 692 654 726 τούτοις
679 694 801 721 ἀθάνατα
827 694 860 721 ἂν
885 694 1035 721 διετέλεσεν

196 738 362 774 ἁμαρτάνων
372 737 419 765 τοῦ
432 737 536 765 λοιποῦ.
549 738 659 766 Τούτων
668 738 696 766 δέ
713 739 792 766 αὐτὸν
806 738 934 766 ἁπάντων
946 738 1035 774 ἀπήλ-

195 781 286 816 λαξεν,
311 781 433 809 ἐκϐαλὼν
457 781 505 809 τοῦ
529 782 693 818 παραδείσου
715 783 786 810 τότε.
808 783 887 810 Οὕτω
913 791 964 810 που
986 783 1035 810 καὶ

196 826 299 861 ἰατρὸς,
318 826 396 860 ἀφεὶς
415 825 464 861 μὲν
478 825 508 852 τδ
524 825 603 858 ἐλκος
625 826 737 862 μείζονα
760 826 810 862 τὴν
836 826 970 862 σηπεδόνα
981 827 1034 863 ἐρ-

194 869 320 904 γάζεται,
339 869 480 897 ἐκκόπτων
495 869 524 896 δὲ
539 869 639 897 κωλύει
661 871 817 907 περαιτέρω
834 870 975 906 προελθεῖν
986 870 1033 897 τοῦ

193 913 352 949 τραύματος
374 914 424 949 τὴν
446 913 556 941 κακίαν.
575 914 608 940 Τί
623 911 688 947 οὗν;
712 914 805 950 φησίν.
826 914 883 941 οὐκ
898 914 963 950 ἔστη
982 913 1033 950 μέ-

192 966 240 993 χρι
256 957 368 990 τούτοιν,
386 957 455 984 ἀλλά
471 958 520 985 καὶ
543 957 660 994 ἱδρῶτας
674 958 722 986 καὶ
738 958 837 990 πόνους
851 958 1032 994 προσέθηκεν,

192 1003 235 1029 ὅτι
249 1002 325 1029 οὐδὲν
343 1002 416 1029 οὕτω
431 1002 501 1038 πρὸς
514 1002 606 1030 ἄνεσιν
620 1002 758 1038 ἄχρηστον
772 1003 810 1034 ὡς
824 1004 840 1038 ἡ
862 1002 915 1030 τῶν
928 1002 1035 1038 ἀνθρώ-

193 1055 252 1073 πων
273 1046 354 1081 φύσις
375 1046 459 1078 ἐστίν.
485 1047 517 1073 Εί
539 1047 594 1083 γὰρ
611 1048 658 1074 καὶ
678 1047 783 1074 τούτων
797 1047 980 1082 ἐπικειμένων
1001 1047 1033 1074 οὐ

191 1090 408 1126 διαλιμπάνομεν
433 1091 647 1126 ἁμαρτάνοντες,
666 1091 692 1118 τί
714 1092 765 1118 οὐκ
780 1091 814 1119 ἂν
831 1092 1033 1128 ἐτολμήσαμεν,

191 1136 217 1162 εἰ
234 1135 302 1171 πρὸς
312 1134 418 1170 τρυφὴν
426 1135 474 1162 καὶ
488 1134 587 1171 ἀργίαν
595 1135 697 1171 ἀνῆκεν
710 1136 785 1171 ἡμᾶς
798 1137 812 1162 ό
825 1135 908 1169 Θεός;
924 1135 1034 1164 Πᾶσαν

190 1179 245 1215 γὰρ
260 1179 379 1211 κακίαν,
392 1179 486 1214 φησὶν,
496 1178 636 1211 ἐδίδαξεν
644 1180 662 1213 ἠ
672 1179 770 1214 ἀργία.
781 1180 836 1206 Καὶ
846 1181 981 1216 μαρτυρεῖ
992 1179 1032 1215 τῷ

190 1223 264 1259 λόγῳ
279 1222 314 1250 τὰ
331 1222 392 1250 καθ’
402 1222 508 1258 ἡμέραν
527 1223 670 1258 γινόμενα,
686 1224 734 1251 καὶ
749 1223 784 1250 τὰ
800 1223 848 1250 ἐπὶ
861 1224 917 1251 τῶν
931 1225 1033 1261 προγό-

190 1276 244 1295 νων
254 1267 283 1294 δέ
295 1266 437 1302 συμϐάντα
451 1266 506 1293 τῶν
519 1266 672 1302 ἡμετέρων.
692 1267 832 1295 Ἐκάθισε
843 1267 897 1304 γὰρ
914 1269 931 1295 ὁ
944 1268 1030 1302 λαὸς,

191 1313 269 1348 φησὶ,
284 1312 390 1348 φαγεῖν
404 1311 454 1339 καὶ
469 1311 558 1345 πιεῖν,
573 1311 624 1338 καί
646 1311 824 1346 ἀνέστησαν
839 1312 969 1343 παίζειν·
984 1313 1032 1340 καὶ

191 1357 291 1384 πάλιν·
314 1356 486 1390 Ἐλιπάνθη,
500 1356 667 1390 ἐπαχύνθη,
684 1356 867 1391 ὲπλατύνθη,
900 1356 950 1384 καί
975 1357 1031 1384 ἁπ-

189 1401 352 1429 ελάκτισεν
365 1402 381 1428 ό
393 1400 597 1436 ἠγαπημένος.
609 1400 720 1436 Συνῳδά
732 1400 761 1427 δὲ
772 1400 876 1432 τούτοις
882 1401 930 1428 καὶ
945 1402 959 1429 ὁ
976 1410 1030 1437 μα-

190 1445 286 1482 κάριος
315 1444 397 1471 Δαυῒδ
423 1444 573 1479 φθέγγεται
604 1443 710 1478 λέγων·
737 1444 830 1472 ’Ὅταν
854 1444 1033 1473 ἀπέκτεινεν

189 1489 313 1523 αὐτοὺς,
325 1489 392 1516 τότε
405 1488 565 1522 έξεζήτουν
576 1489 680 1521 αὐτὸν,
698 1488 747 1516 καί
769 1489 957 1524 ἐπέστρεφον
978 1490 1029 1517 καί

189 1533 328 1568 ὢρθριζον
344 1533 420 1568 πρὸς
433 1534 487 1560 τὸν
502 1533 586 1560 Θεόν.
606 1533 661 1559 Καὶ
675 1533 708 1569 τῇ
729 1533 907 1569 Ἰερουσαλὴμ
925 1533 969 1561 διὰ
981 1533 1028 1561 τοῦ

193 1577 327 1614 Ἰερεμίου
345 1577 427 1612 φησιν
443 1577 457 1603 ὁ
472 1576 554 1608 Θεὸς·
575 1576 627 1603 Διὰ
643 1576 756 1609 παντὸς
770 1577 954 1611 παιδεύθητι,
975 1577 1030 1606 Ἰε-

185 1621 361 1657 ρουσαλὴμ,
385 1620 465 1653 ὅπως
491 1620 529 1647 ἂν
548 1619 591 1655 μὴ
606 1620 729 1655 ἀποστῇ
749 1620 768 1654 ’ἡ
794 1621 880 1656 ψυχή
895 1631 955 1657 μου
969 1622 1029 1650 ἀπὸ

188 1662 260 1690 σοῦ.
285 1663 347 1689 Ὀτι
364 1662 394 1688 δέ
410 1662 441 1688 οὐ
462 1663 519 1694 τοῖς
537 1661 684 1698 μοχθηροῖς
708 1662 799 1697 μόνον,
817 1663 886 1690 ἀλλά
909 1664 957 1690 καλ¹
972 1665 1030 1697 τοῖς

189 1707 330 1742 χρηστοῖς,
349 1705 397 1732 καὶ
417 1704 611 1733 ταπεινοῦσθαι
633 1706 681 1733 καὶ
697 1706 873 1741 κάμπτεσθαι
889 1707 958 1743 πρὸς
978 1717 1031 1735 σω-

188 1749 285 1786 τηρίαν
308 1749 378 1781 ἐστὶ,
402 1749 483 1776 πάλιν
506 1750 520 1776 ό
536 1750 679 1785 προφήτης
699 1749 798 1785 φησιν’
828 1750 953 1786 Ἀγαθόν
965 1761 1027 1786 μοι,

187 1795 289 1829 Κύριε,
304 1793 349 1821 ὅτι
365 1792 570 1826 ἑταπείνωσάς
581 1801 630 1828 με,
641 1794 720 1827 ὅπως
730 1793 768 1821 ἂν
777 1792 861 1829 μάθω
872 1794 1029 1823 τὰδικαιώ-

185 1838 266 1875 μιιτά
281 1844 349 1865 σου.
364 1838 421 1865 Καὶ
438 1836 508 1873 μετὰ
524 1835 617 1864 τοῦτον
631 1836 660 1864 δὲ
674 1838 688 1864 ὸ
713 1838 850 1874 Ἱερεμίας
863 1838 897 1865 τὰ
915 1839 983 1866 αὒτά
995 1839 1027 1876 δὴ

187 1882 274 1910 ταῦτα
295 1882 381 1918 ἐκϐοᾷ
399 1882 424 1909 εί
446 1882 494 1909 καὶ
509 1882 547 1918 μὴ
567 1882 673 1918 ῥήμασι
695 1883 753 1915 τοῖς
769 1883 876 1916 αὐτοῖς’
901 1885 1028 1919 Ἀγαθὸν

186 1926 274 1960 ἀνδρί
295 1925 368 1953 ὅταν
387 1925 445 1960 ἄρῃ
467 1925 557 1961 ζυγὸν
576 1926 678 1961 ,βαρὺν
693 1926 729 1953 ἐκ
750 1928 893 1961 ’νεότητος
911 1928 1005 1955 αὐτοῦ
1019 1937 1026 1943 ·

186 1969 340 1997 καθίσεται
365 1969 440 1997 κατὰ
464 1969 571 2004 μόνας,
595 1970 645 1996 καὶ
669 1969 863 2004 σιωπήσεται.
889 1972 943 1998 Καὶ
963 1971 1027 2007 περὶ

187 2012 285 2041 ἑαυτοῦ
301 2013 330 2040 δέ
337 2013 384 2039 τοῦ
402 2012 469 2039 Θεοῦ
484 2013 569 2039 δεῖται
585 2008 675 2047 λέγων
683 2023 691 2029 ·
706 2014 754 2048 Μὴ
765 2014 836 2050 γένῃ
849 2015 1027 2049 φειδόμενός

183 2066 244 2092 μου
260 2058 304 2090 είς
324 2057 526 2090 ἀλλοτρίωσιν
538 2057 572 2083 ἐν
584 2057 679 2092 ἡμέρᾳ
695 2057 821 2093 πονηρᾷ.
843 2059 899 2086 Καὶ
909 2059 923 2085 ὀ
936 2060 1026 2095 μακά-

189 2110 246 2138 ριος
269 2101 298 2127 δέ
323 2100 429 2131 Παῦλος
448 2101 462 2127 ὁ
488 2100 614 2128 τοσοῦτον
637 2102 667 2128 ἐν
692 2103 724 2137 τῇ
751 2103 842 2138 χάριτι
859 2103 1025 2138 διαλάμψας,

186 2144 234 2171 καὶ
251 2143 302 2179 τὴν
317 2143 491 2179 ἀνθρωπίνην
517 2144 598 2178 φύσιν
614 2145 747 2180 ὑπερϐὰς,
772 2146 847 2181 ὅμως
871 2147 918 2173 καὶ
944 2146 1026 2180 αὐτὸς

186 2187 273 2214 ἐδεῖτο
285 2187 336 2222 τῆς
352 2186 486 2221 ὠφελείας
505 2187 600 2213 τούτου
615 2188 661 2214 τοῦ
679 2188 764 2215 καλοῦ
775 2197 782 2205 ·
798 2189 838 2216 διό
853 2191 900 2216 καὶ
916 2189 1024 2225 ἔλεγεν·

192 2231 298 2265 Ἐδόθη
311 2239 362 2266 μοι
375 2230 498 2265 σκόλοψ
511 2230 549 2264 τῇ
559 2231 647 2265 σαρκὶ
658 2232 787 2267 ἄγγελος
801 2233 910 2265 Σατᾶν,
927 2234 978 2261 ἵνα
987 2243 1026 2269 με

185 2275 343 2310 cavlas/altu,
360 2275 411 2302 ἵνα
429 2274 473 2310 μὴ
494 2275 705 2310 ὑπεραίρωμαι.
725 2277 815 2312 Ὑπὲρ
833 2279 941 2306 τούτου
962 2280 1025 2314 τρίς

184 2321 239 2348 τὸν
250 2321 359 2355 Κύριον
379 2319 582 2354 παρεκάλεσα,
603 2320 652 2346 καὶ
663 2318 729 2347 εἶπέ
738 2329 805 2356 μοι·
833 2322 933 2357 Ἀρκεῖ
948 2323 1023 2361 [160]

184 2373 235 2392 σοι
248 2365 267 2399 ἠ
291 2364 376 2400 χάρις
391 2374 451 2400 μου
462 2372 469 2379 ·
487 2364 506 2398 ἡ
523 2364 578 2399 γὰρ
593 2363 721 2399 δύναμίς
742 2375 802 2400 μου
823 2367 859 2393 ἐν
882 2368 1025 2404 ἀσθενείᾳ

184 2409 359 2436 τελειοῦται.
388 2409 483 2436 Καίτοι
508 2417 541 2443 γε
565 2408 629 2444 ἐνῆν
652 2409 698 2436 καὶ
717 2410 802 2446 χωρὶς
819 2411 948 2448 διωγμῶν
976 2415 1024 2442 καλ¹

185 2452 301 2487 θλίψεων
318 2453 365 2479 καὶ
381 2452 470 2479 πόνων
485 2453 533 2479 καὶ
552 2451 673 2488 ἱδρώτων
693 2454 899 2491 κατορθωθῆναι
917 2457 948 2484 τὸ
971 2459 1022 2494 κή-

185 2506 290 2535 ρυγμα,
312 2497 370 2524 ἀλλ’
393 2498 467 2533 ὅμως
494 2498 544 2524 οὐκ
568 2496 700 2533 ἠθέλησεν
719 2499 732 2525 ό
755 2499 872 2535 Χριστος
894 2501 948 2528 τῶν
971 2511 1022 2538 κη-

186 2541 337 2578 ρυττόντων
363 2541 530 2576 φειδόμενος.
560 2541 609 2568 Διὰ
636 2542 716 2569 τοῦτό
737 2552 818 2579 φησιν
838 2545 946 2578 αὐτοῖς’
971 2547 1022 2575 Ἐν

184 2585 224 2618 τῷ
243 2585 345 2620 κόσμῳ
365 2585 471 2619 θνῖῖψιν
485 2584 579 2617 ἕξετε.
602 2586 657 2613 Καὶ
674 2587 729 2619 τοῖς
747 2587 919 2624 βουλομένοις
931 2590 960 2617 δέ
981 2592 1022 2624 είς

183 2630 232 2665 τὴν
250 2628 388 2664 βασιλείαν
403 2628 530 2662 βαδίζειν,
546 2629 591 2656 διὰ
607 2630 657 2665 τῆς
671 2630 929 2670 ἐστενοχωρημένης
942 2634 1020 2662 τοῦτο

183 2672 290 2699 κελεύει
305 2673 391 2699 ποιεῖν
401 2671 473 2706 ὁδοῦ,
487 2672 526 2704 ὡς
535 2673 586 2699 οὐκ
601 2673 660 2700 ἐνὸν
675 2674 808 2710 ἑτέρωθεν
820 2677 910 2703 ἐκεῖσε
920 2677 1017 2706 ἐλθεῖν.

183 2716 278 2748 Οὕτως
299 2716 326 2742 αἱ
340 2715 443 2751 θλίψεις
454 2716 501 2743 καὶ
513 2717 538 2742 οἱ
558 2718 707 2753 πειρασμοὶ
722 2719 768 2745 καὶ
784 2720 819 2746 τά
837 2721 1019 2756 συμϐαίνοντα

183 2760 249 2796 ἡμῖν
271 2759 372 2795 ἀνιαρά
392 2759 445 2786 τῶν
463 2760 588 2795 χρηστῶν
613 2761 662 2796 οὐχ
688 2759 769 2798 ἦττον
786 2763 835 2799 τὴν
855 2765 1019 2800 κηδεμονίαν

182 2803 230 2832 τοῦ
251 2802 318 2830 Θεοῦ
332 2803 398 2840 ἡμῖν
420 2803 613 2832 ἐνδείκνυνται.
637 2805 692 2832 Καὶ
713 2807 738 2833 τί
760 2806 830 2842 λέγω
850 2808 898 2842 τὰς
916 2809 1020 2845 θλίψεις

213 2873 226 2886 ³
240 2871 315 2897 Smil.
328 2872 376 2896 οὐδ’
386 2873 414 2896 ἂν
424 2873 522 2902 εἴποιμι.

211 2902 227 2925 b
240 2903 282 2929 Sic
291 2903 364 2928 Sarll.
376 2903 516 2934 Legobalur
527 2904 615 2936 ἔμενον.
629 2904 695 2930 Enn.

592 155 622 184 S.
642 153 784 184 JOANNIS
802 153 1047 183 CHRYSOSTOMI
1066 154 1226 185 ARCHIEP.
1246 156 1523 187 CONSTANTINOP.

1874 156 1926 185 450

1087 213 1138 246 τὰς
1157 215 1268 249 ἐνθάδε;
1290 217 1340 253 τῆς
1354 217 1408 253 γὰρ
1424 216 1562 253 βασιλείας
1578 215 1634 243 τῶν
1645 215 1768 251 οὐρανῶν
1782 215 1832 241 οῦκ
1845 214 1926 241 ἔλατ-

1087 266 1133 284 τον
1149 259 1166 294 ἡ
1178 259 1226 294 τῆς
1241 260 1353 297 γεέννης
1373 261 1471 296 ἀπειλὴ
1492 260 1640 297 παρίστησι
1654 259 1703 295 τὴν
1721 259 1924 295 φιλανθρωπίαν

1087 302 1169 329 αὐτοῦ
1183 308 1205 330 ε.
1221 304 1252 330 Εἰ
1269 303 1323 340 γὰρ
1339 304 1376 340 μὴ
1391 305 1487 340 γέεννα
1500 305 1641 340 ὴπείλητο,
1653 303 1703 330 οὐκ
1717 303 1750 330 ἀν
1765 311 1808 334 τις
1820 302 1924 337 ταχέως

1087 345 1203 382 ἐπέτυχε
1223 347 1277 374 τῶν
1291 348 1320 374 ἐν
1334 350 1391 381 τοῖς
1408 349 1534 385 οὐρανοῖς
1546 347 1668 383 ἀγαθῶν.
1687 347 1756 374 Οὐδέ
1776 346 1830 382 γὰρ
1842 345 1924 381 ἀρκεῖ

1089 391 1157 426 μόνη
1179 393 1195 427 ή
1217 392 1272 419 τῶν
1286 393 1413 429 χρηστῶν
1435 393 1588 427 ἐπαγγελία
1610 392 1761 428 προτρέψαι
1776 390 1844 428 πρὸς
1859 391 1922 426 ἀρε-

1087 435 1147 470 τὴν,
1163 436 1200 471 μὴ
1215 437 1261 464 καὶ
1272 437 1318 464 τοῦ
1333 437 1416 472 φόϐου
1434 437 1488 464 τῶν
1503 437 1597 464 δεινῶν
1611 435 1745 467 ὠθοῦντος
1758 435 1821 466 τοὺς
1842 435 1921 470 ρᾳθυο

1089 479 1202 516 μότερον
1217 481 1287 517 πρὸς
1306 482 1414 517 ἐκείνην
1429 481 1630 516 διακειμένους.
1653 479 1702 507 Διά
1717 479 1797 506 τοῦτο
1815 479 1859 505 καὶ
1876 478 1922 505 τοῦ

1087 524 1251 560 παραδείσου
1267 525 1316 561 τὴν
1339 526 1428 561 ἀρχὴν
1444 525 1557 557 ἐξέϐαλε
1579 524 1624 551 τὸν
1644 523 1865 560 πρωτόπλαστον,
1882 522 1923 549 ὃτι

1087 570 1104 606 ή
1126 571 1330 606 παρασχεθεῖσα
1346 571 1420 607 αὐτῷ
1438 571 1506 607 τιμὴ
1521 571 1629 606 χείρονα
1645 570 1726 596 αὑτὸν
1742 567 1923 603 ἀπειργάζετο

1087 614 1132 646 ἂν,
1147 616 1225 651 ετπερ
1241 614 1337 651 ἔμενεν
1357 616 1506 647 ἀσάλευτος
1518 615 1565 642 καὶ
1591 614 1687 649 βεϐαία
1703 613 1794 648 ἐκείνη
1811 613 1862 647 τῆς
1881 613 1922 638 ὲν-

1086 658 1168 694 τολῆς
1188 659 1355 695 κινηθείσης.
1373 659 1428 686 Καὶ
1440 659 1466 686 τί
1482 659 1554 694 λέγω
1569 659 1614 685 τὸν
1635 658 1739 693 Ἀδάμ;
1757 657 1790 684 Τί
1806 657 1859 692 γὰρ
1874 657 1922 682 οὐκ

1088 703 1121 730 ἂν
1144 703 1271 739 ἐποίησεν
1293 705 1308 730 ὁ
1327 704 1397 731 Κάῖν
1420 704 1450 731 ἐν
1474 703 1631 740 παραδείσῳ
1657 702 1850 738 στρεφόμενος,
1876 701 1925 728 καὶ

1082 747 1193 782 τρυφῆς
1208 747 1354 786 ἀπολαύων
1369 747 1514 783 τοσαύτης,
1527 747 1593 774 ὅπου
1611 754 1644 781 γε
1662 747 1710 773 καὶ
1726 745 1828 772 τούτων
1848 746 1921 771 ἐστε-

1086 790 1215 826 ρημένος,
1235 791 1348 818 καὶτοῦ
1376 791 1480 828 πατρὸς
1504 791 1552 828 τὴν
1575 790 1712 826 τιμωρίαν
1739 789 1815 824 παρά
1840 789 1924 820 πόδας

1084 834 1167 870 ὁρῶν,
1181 835 1236 862 οὐδ’
1246 835 1332 868 οὕτως
1346 834 1556 872 ἐσωφρονίζετο,
1568 834 1625 862 ἀλλ’
1641 836 1681 866 είς
1699 834 1811 870 μείζονα
1822 833 1924 860 κακίαν

1085 877 1215 911 ἐξέπιπτε
1229 880 1255 914 ἀ,
1275 879 1355 915 φόνον
1377 879 1487 916 πρῶτος
1504 879 1586 912 αὐτὸς
1610 879 1658 906 καὶ
1677 878 1766 914 εὑρὼν
1791 878 1839 904 καὶ
1866 877 1926 904 τολ-

1086 923 1186 959 μήσας,
1204 923 1252 951 καὶ
1274 924 1354 957 φόνον
1376 924 1422 951 τὸν
1453 923 1563 951 πάντων
1578 921 1852 958 ἐναγέστερονςῦὑδέ
1870 920 1927 955 γὰρ

1084 968 1155 995 κατά
1171 968 1277 1004 μικρὸν,
1291 968 1346 995 οὐδ’
1357 969 1386 995 ἐν
1405 967 1495 1005 χρόνῳ
1514 966 1605 1002 πολλῷ
1624 966 1761 1002 προσῆλθε
1780 964 1818 1001 τῷ
1836 964 1926 999 καινῷ

1083 1011 1170 1048 τούτῳ
1189 1013 1333 1048 μιάσματι,
1351 1012 1409 1039 ἀλλ’
1423 1012 1529 1049 ἀθρόως
1544 1012 1592 1038 καὶ
1610 1011 1739 1046 ἐξαίφνης
1757 1010 1825 1046 πρὸς
1839 1009 1926 1044 αὐτὴν

1083 1055 1184 1088 εὐθέως
1197 1056 1352 1092 ἀνεπήδησε
1370 1056 1419 1093 τὴν
1436 1055 1570 1092 κορυφὴν,
1584 1055 1629 1083 τὸν
1645 1055 1849 1090 κοινωνήσαντα
1868 1053 1929 1079 τῶν

1083 1100 1173 1128 αὐτῶν
1189 1100 1292 1128 ὠδίνων
1309 1101 1395 1136 αὐτῷ,
1415 1100 1462 1128 τὸν
1477 1100 1629 1136 ἠδικηκότα
1648 1099 1737 1132 οὐδὲν,
1762 1098 1833 1134 πλὴν
1850 1099 1874 1125 εί
1892 1097 1927 1124 τὸ

1082 1144 1200 1180 τιμῆσαι
1220 1145 1267 1171 τὸν
1287 1144 1355 1172 Θεὸν
1380 1145 1502 1180 ἀδίκημα
1525 1144 1602 1180 ᾤετο,
1624 1143 1719 1171 τοῦτον
1740 1142 1858 1178 λοχήσας
1876 1142 1926 1169 καὶ

1082 1187 1195 1216 ἀνελών.
1215 1188 1251 1216 Σὺ
1263 1188 1293 1215 δέ
1307 1197 1353 1224 μοι
1366 1188 1507 1216 κάνταῦθα
1523 1188 1604 1216 πάλιν
1621 1187 1669 1214 τοῦ
1682 1186 1750 1214 Θεοῦ
1764 1185 1814 1222 τὴν
1829 1186 1924 1220 φιλαν-

1082 1231 1207 1267 θρωπίαν
1232 1232 1392 1268 κατάμαθε·
1420 1233 1465 1259 ὅτε
1496 1233 1545 1268 μέν
1568 1231 1623 1268 γὰρ
1647 1232 1687 1262 εἰς
1710 1230 1791 1257 αὑτὸν
1814 1230 1924 1265 ὕϐρισε,

1081 1275 1126 1302 διὰ
1148 1275 1202 1303 τῶν
1221 1275 1310 1311 λόγων
1327 1276 1409 1303 αὐτὸν
1428 1276 1559 1310 νουθετεῖ,
1586 1276 1634 1303 καὶ
1652 1275 1857 1311 παραμυθεῖται
1877 1274 1925 1300 λυ-

1081 1319 1234 1355 πούμενονι
1258 1321 1303 1347 ὅτε
1325 1321 1353 1348 δέ
1369 1321 1456 1356 ἐμάνη
1482 1321 1552 1348 κατά
1577 1320 1624 1348 τοῦ
1652 1319 1781 1355 ἀδελφοῦ,
1804 1320 1866 1346 τότε
1889 1319 1925 1356 δὴ

1081 1363 1270 1401 ἐπεξέρχεται,
1293 1365 1341 1392 καὶ
1356 1365 1405 1401 τὴν
1419 1365 1555 1402 τιμωρίαν
1573 1365 1683 1400 ἐπάγει.
1708 1364 1804 1392 Καίτοι
1826 1364 1874 1390 καὶ
1887 1363 1926 1390 τὰ

1081 1409 1202 1444 πρότερα
1221 1409 1271 1445 τῆς
1285 1409 1370 1444 αὐτῆς
1386 1409 1535 1441 κολάσεως,
1561 1409 1661 1445 μᾶλλον
1675 1409 1704 1436 δὲ
1724 1409 1772 1435 καὶ
1797 1408 1926 1444 χαλεπω-

1079 1452 1164 1488 τέρας
1190 1451 1253 1485 ἀξια
1273 1450 1318 1488 ἦν,
1343 1453 1376 1480 El
1391 1453 1445 1489 γὰρ
1466 1453 1510 1480 ἐπ’
1534 1453 1696 1489 ἀνθρώπων,
1719 1453 1783 1480 ὅταν
1804 1461 1846 1484 τις
1867 1452 1926 1479 τῶν

1080 1497 1195 1524 οίκετῶν
1206 1497 1241 1524 τὰ
1255 1498 1303 1533 μὲν
1316 1498 1421 1534 ἀμείνω
1435 1498 1557 1534 φυλάττῃ
1569 1498 1667 1534 ἐαυτῷ,
1681 1498 1715 1525 τὰ
1726 1498 1754 1525 δέ
1768 1498 1925 1534 φαυλότερα

1079 1540 1119 1577 τῷ
1131 1541 1248 1578 δεσπότῃ
1264 1542 1402 1579 προσάγῃ,
1417 1542 1504 1570 δεινὸν
1518 1542 1549 1569 τὸ
1562 1543 1678 1578 πρᾶγμα
1696 1542 1742 1569 καὶ
1755 1542 1834 1577 ὓϐρις
1851 1540 1926 1569 εἶναι

1079 1584 1164 1617 δοκεῖ,
1190 1585 1268 1621 πόσῳ
1295 1585 1396 1622 μᾶλλον
1423 1587 1470 1613 ἐπὶ
1491 1585 1578 1619 Θεοῦ;
1601 1587 1631 1613 '0
1652 1586 1680 1613 δέ
1700 1586 1769 1613 Κάῖν
1786 1586 1817 1612 οὺ
1841 1585 1925 1612 τοῦτο

1081 1628 1162 1663 μόνον
1176 1629 1311 1665 ἥμαρτεν,
1331 1630 1399 1658 ἀλλά
1413 1631 1461 1658 καὶ
1481 1631 1574 1667 ἕτερον
1591 1630 1640 1666 οὐχ
1661 1627 1752 1666 ἧττον,
1776 1630 1807 1657 τὸ
1825 1630 1926 1666 δυσχε-

1080 1673 1160 1708 ρᾶναι
1178 1674 1212 1709 τῇ
1228 1675 1295 1710 τιμῇ
1310 1674 1358 1701 τοῦ
1379 1674 1506 1709 ἀδελφοῦ.
1529 1676 1561 1702 El
1587 1674 1637 1710 μὲν
1656 1674 1712 1710 γὰρ
1733 1674 1771 1706 ὼς
1787 1674 1924 1710 ἁμαρτὼν

1081 1716 1292 1751 μετεγίνωσκεν,
1308 1718 1459 1751 ἀποδεκτὸς
1471 1719 1522 1755 τῆς
1541 1718 1688 1755 καλλίστης
1709 1718 1813 1754 ταύτης
1837 1727 1923 1753 μετα-

1080 1760 1160 1796 ϐολῆς
1183 1758 1235 1797 ἦν’
1262 1762 1310 1790 νῦν
1333 1763 1361 1789 δὲ
1383 1763 1413 1790 οὺ
1438 1763 1596 1799 μετανοίας,
1623 1763 1692 1790 ἀλλά
1708 1763 1754 1790 καὶ
1772 1763 1855 1799 ζήλου
1873 1764 1922 1790 καὶ

1080 1803 1229 1840 βασκανίας
1244 1807 1260 1842 ἡ
1278 1806 1409 1842 σύγχυσις
1423 1805 1467 1844 ἦν,
1483 1808 1531 1835 καὶ
1545 1808 1577 1835 τὺ
1588 1807 1664 1840 τέλος
1678 1807 1815 1841 ἀπέδειξε.
1831 1808 1923 1835 Μόνον

1078 1848 1134 1884 γάρ
1155 1849 1204 1876 οὐκ
1226 1849 1359 1886 ὠργίζετο
1384 1851 1423 1888 τῷ
1448 1851 1519 1888 Θεῷ,
1546 1853 1589 1879 ὅτι
1618 1852 1654 1888 μὴ
1678 1852 1808 1887 ἐτίμησεν
1837 1853 1922 1879 αὐτὸν

1079 1892 1228 1928 ὑϐρισθεὶς,
1244 1895 1290 1921 καὶ
1304 1895 1445 1932 προῦθηκε
1464 1896 1511 1923 τὸν
1531 1897 1680 1924 ἀκόλαστον
1694 1896 1742 1923 τοῦ
1760 1897 1901 1928 ἐπιεικοῦς
1912 1905 1921 1911 ·

1078 1937 1136 1964 ἀλλ’
1149 1938 1223 1973 ὅμως
1234 1939 1281 1965 καὶ
1296 1939 1367 1967 οὕτω
1390 1941 1510 1977 σφοδρὰν
1527 1941 1581 1968 τῶν
1604 1941 1814 1978 ἁμαρτημάτων
1837 1942 1924 1967 ἀπαι-

1078 1980 1197 2008 τούντων
1211 1982 1261 2018 τὴν
1287 1984 1424 2020 τιμωρίαν
1436 1985 1547 2013 ἔλαττον
1559 1985 1648 2021 πολλῷ
1659 1985 1709 2021 τῆς
1723 1985 1802 2018 ἀξίας
1820 1985 1924 2020 κέχρηο

1077 2033 1123 2052 ται
1146 2025 1186 2062 τῷ
1217 2027 1482 2065 πεπλημμεληκότι,
1508 2030 1556 2057 κα)⁸
1588 2029 1808 2065 φλεγμαίνουσαν
1836 2030 1922 2056 αὑτοῦ

1078 2071 1273 2098 καταστέλλειν
1295 2073 1423 2108 πειρᾶται
1437 2073 1487 2109 τὴν
1507 2073 1607 2109 ψυχήν.
1637 2073 1702 2100 Ἀπὸ
1715 2073 1770 2109 γὰρ
1789 2073 1877 2108 θυμοῦ
1903 2075 1922 2108 ἡ

1078 2113 1181 2149 ἀθυμία
1193 2114 1284 2151 ἐκείνη
1293 2113 1327 2151 ἦν
1335 2124 1342 2130 ·
1356 2116 1396 2143 διδ
1407 2117 1455 2143 καί
1468 2125 1534 2153 φησι
1544 2117 1620 2154 [161]
1631 2118 1698 2154 πρὸς
1707 2117 1789 2144 αὐτόν
1799 2125 1806 2131 ·
1829 2117 1923 2144 ’11σύ-

1077 2165 1187 2193 χασον.
1214 2159 1307 2187 Ταῦτα
1333 2160 1362 2188 δὲ
1387 2161 1490 2196 ἔλεγεν,
1520 2161 1599 2194 εἰδὼς
1625 2162 1675 2198 μέν
1703 2159 1732 2188 οἵ
1750 2162 1923 2197 προϐήσεται

1077 2202 1163 2230 κακοῦ
1181 2208 1205 2235 ο,
1220 2203 1381 2240 βουλόμενος
1398 2205 1427 2231 δέ
1446 2206 1537 2233 πᾶσαν
1551 2207 1608 2238 τοῖς
1621 2206 1826 2241 ἀγνωμονοῦσιν
1841 2207 1926 2232 ἐκκό-

1076 2247 1127 2282 ψαι
1141 2247 1288 2282 πρόφασιν.
1306 2249 1337 2276 Et
1350 2249 1404 2285 γὰρ
1415 2249 1548 2286 ἐκολάσθη
1566 2250 1643 2286 παρά
1659 2250 1708 2286 τὴν
1721 2251 1820 2287 ἀρχὴν,
1834 2250 1926 2277 πολλὰ

1077 2291 1111 2318 ἂν
1134 2289 1211 2318 εἵπον
1233 2293 1346 2319 τοιαῦτα
1367 2293 1476 2320 πολλοί·
1503 2294 1533 2320 οὐ
1561 2294 1615 2330 γὰρ
1636 2295 1701 2330 ἐνῆν
1724 2295 1926 2330 παρακαλέσαι

1076 2335 1158 2372 λόγῳ,
1173 2337 1220 2363 καὶ
1231 2337 1400 2373 νουθετῆσαι,
1415 2338 1462 2365 καὶ
1474 2338 1621 2374 ἐπιπλῆξαι
1635 2341 1779 2374 πρότερον,
1800 2340 1848 2366 καὶ
1858 2340 1927 2367 τότε

1075 2381 1132 2412 τοῖς
1155 2380 1246 2413 αὐτοῖς
1264 2381 1429 2417 ἐπιμένοντα
1450 2382 1589 2416 μετελθεῖν
1610 2382 1640 2416 f;
1660 2383 1764 2420 Πολλῆς
1776 2384 1929 2418 ὠμότητος

1075 2424 1123 2451 καὶ
1146 2425 1280 2460 ἀπηνείας
1303 2425 1406 2461 αὖτηή
1429 2427 1548 2459 κόλασις.
1568 2426 1618 2454 Διά
1639 2427 1720 2454 τοῦτο
1745 2428 1930 2464 μακροθυμΞῖ

1074 2469 1134 2500 ταῖς
1154 2469 1194 2500 είς
1214 2469 1296 2496 αὑτὸν
1319 2469 1430 2503 ὕϐρεσιν
1451 2471 1465 2498 ό
1489 2471 1564 2503 Θεὸς,
1583 2471 1642 2507 ἄμα
1658 2472 1709 2507 μὲν
1731 2472 1930 2507 ἐπιστομίζων

1074 2514 1206 2546 ἐκείνους,
1224 2514 1282 2550 ἅμα
1297 2515 1326 2542 δὲ
1351 2516 1398 2543 καὶ
1416 2516 1524 2549 δεικνὺς
1543 2518 1583 2544 ὅτι
1603 2518 1651 2544 καὶ
1675 2519 1720 2546 τὸν
1742 2520 1849 2555 πατέρα
1870 2519 1929 2547 τοῦ

1073 2559 1142 2586 Κάῖν
1154 2560 1188 2587 δι’
1211 2560 1369 2597 ἀγαθότητα
1390 2563 1544 2596 ἐπαίδευσε,
1564 2564 1633 2600 πρὸς
1652 2564 1680 2591 δὲ
1698 2566 1745 2592 καὶ
1766 2566 1807 2597 εἰς
1831 2558 1930 2600 μετά-

1073 2612 1148 2631 νοιαν
1166 2604 1240 2638 ἄγων
1259 2606 1322 2637 τοὺς
1340 2606 1409 2641 μετά
1423 2607 1509 2634 ταῦτα
1523 2608 1566 2635 διὰ
1587 2609 1637 2644 τῆς
1658 2609 1788 2645 τοιαύτης
1802 2611 1935 2646 χρηστό-

1072 2657 1153 2684 τητος
1167 2649 1260 2676 αὑτοῦ.
1281 2650 1390 2686 Ἐπειδὴ
1411 2650 1440 2677 δὲ
1463 2652 1534 2679 κατά
1554 2652 1603 2688 τὴν
1619 2653 1793 2689 σκληρότητα
1817 2654 1911 2682 αὑτοῦ
1924 2677 1934 2687 ,

1075 2725 1183 2765 μεῖξον.
1205 2725 1378 2757 φιλανθρωπίαν
1403 2726 1446 2752 τοῦ
1469 2728 1540 2753 Θεοῦ.
1564 2729 1627 2755 Infra
1649 2731 1714 2755 idem
1732 2733 1866 2764 προτρέψαι
1894 2738 1937 2765 εἷς

1071 2764 1164 2784 ἀρετ-ην.

1103 2764 1164 2780 ετγν.
1930 2764 1933 2765 ν

1089 2764 1116 2824 Pii
1128 2775 1265 2824 icriplseral
1273 2787 1361 2824 ﬂoml‘.
1375 2789 1613 2824 €v€1m_rrs_._é£émma
1627 2791 1698 2817 nobis
1708 2793 1863 2819 dedilSavil.
1874 2796 1935 2824 Eu.

1104 2820 1115 2854 ξ
1129 2818 1210 2854 ﬁm‘i’l‘.
1222 2819 1367 2854 προϐήσεται
1379 2820 1467 2854 κακοῦ,
1482 2821 1566 2846 Morel.
1578 2818 1618 2854 πρ.
1630 2824 1657 2847 τὸ
1672 2825 1756 2848 κακόν.

1105 2847 1169 2885 ῐ-ξίο
1190 2847 1267 2885 βεινὶιἶ
1289 2854 1368 2885 τςςιο,
1389 2851 1478 2885 Merci.
1499 2859 1561 2885 rverro
1583 2847 1722 2884 ἐπιμένοντα
1745 2855 1859 2880 ἐπελθεῖν.
1882 2859 1941 2885 In.

1071 2879 1105 2904 frn
1121 2879 1207 2904 Morel.
1225 2881 1285 2916 ,προς
1306 2881 1445 2922 ("limitem
1462 2884 1559 2922 Zai'lgi;
1585 2879 1711 2914 μετάνοιαν
1732 2886 1797 2917 ἄγων
1814 2879 1858 2912 διάν

1073 2919 1168 2943 χρηστ.,
1181 2912 1278 2936 omissis
1291 2911 1443 2943 quibusdam.
1462 2911 1727 2946 Saviliumécquimur.
1754 2911 1758 2917 ”
1887 2911 1942 2922 ”¹’
