2076 3122
182 117 269 145 ἰ29

216 182 254 208 Ac
267 179 301 206 de
316 179 450 216 prioribus
461 179 568 215 quidem
584 178 648 205 nihil
663 177 787 209 dixerim,
802 183 861 203 cum
877 174 902 203 id
917 175 1001 203 cuivis

217 226 304 262 palam
318 225 369 252 sit:
381 225 415 251 de
427 223 619 258 posterioribus
631 222 717 249 solum
730 222 797 248 ratio
807 220 941 248 reddenda
949 223 1000 248 est.

250 272 275 299 3.
292 271 373 298 Homo
385 270 464 297 labori
477 268 759 301 addictum—Quonam
768 274 831 302 ergo
842 266 1002 294 modo'scire

216 317 360 350 poterimus
372 320 515 349 posteriora
527 321 631 349 quoque
643 313 690 347 ipsi
701 313 770 339 utilia
781 312 873 339 fuisse?
882 311 908 338 Si
915 311 1001 338 consi-

215 362 338 388 tit-remus
349 360 410 393 quid
426 368 519 394 passus
533 363 614 391 esset,
629 358 679 385 nisi
693 358 749 385 hate
761 359 795 384 ita
806 357 977 391 contigissent
992 364 999 382 :

215 416 275 434 nam
289 407 310 433 si
321 406 461 440 pollicente
472 404 577 431 diabolo
588 404 702 438 aequales
711 403 768 430 illos
784 403 837 429 Deo
846 409 874 428 se
882 406 1001 428 ostensu-

215 462 272 480 rum
282 458 340 488 post
349 451 574 486 prmvaricationis
582 454 682 476 reatutu
694 450 719 476 in
728 448 820 476 eodem
833 449 931 475 honore
944 456 1002 482 pcr-

215 500 354 530 stitissrut,
366 498 450 524 intria
463 496 580 531 profecto
599 503 720 530 suprema
739 495 807 521 mala
832 495 1000 521 incurrisset.

216 545 304 572 Primo
320 544 390 570 enim
405 542 484 569 Deum
494 541 651 568 malevolum
663 540 881 574 seductoremque
889 544 915 566 et
926 547 1001 566 men-

215 591 306 617 dacem
331 587 650 615 existimasset:5ccundo
672 586 743 613 illum
755 593 818 613 vere
835 586 1000 612 seductorem

218 636 285 662 male
291 635 465 669 volentia‘que
475 639 498 660 ct
510 632 638 660 mendacii
649 637 673 659 et
682 631 787 658 invidim
799 636 944 665 parentem,
955 630 1001 657 he-

215 680 327 707 ncﬁcum
337 684 416 714 atque
427 679 540 705 amicum
550 677 694 711 putavisset
709 685 714 702 :
732 681 865 710 postremo
876 675 1001 710 peccandi

215 727 340 760 deinceps
351 732 491 759 numquam
505 724 582 750 linem
597 723 710 749 fecisset.
723 722 768 749 llis
780 727 867 748 autem
879 720 1002 748 omnibus

217 777 278 799 tunc
290 771 423 798 hominem
443 769 573 801 liberavit,
591 776 651 795 cum
674 776 706 795 ex
723 767 845 802 paradiso
862 767 949 801 ejecit.
965 766 1000 793 lta

215 818 270 845 fere
285 823 311 845 et
324 817 451 850 medicus,
467 817 489 843 si
504 816 597 843 vulnus
617 815 728 850 negligat
744 821 775 841 ac
792 814 908 846 deserat,
923 820 1002 847 puru-

215 863 314 891 lentum
337 864 450 897 amplius
471 862 558 890 reddit
581 870 587 888 :
613 861 653 888 sin
669 868 732 888 vero
751 860 878 887 incisione
902 863 1000 891 utatur,

215 909 326 936 ulterius
340 908 463 944 progredi
482 908 581 935 saniem
599 915 629 934 ac
649 906 735 934 morbi
755 907 827 933 virus
838 910 923 933 velat.
933 904 1002 939 Quid

216 954 311 988 igitur?
326 954 381 980 Non
402 954 442 980 his
460 957 599 980 contentus
621 952 681 984 fuit;
705 951 758 978 imo
780 956 808 978 et
830 950 942 978 sudores
965 950 1002 977 illi

216 999 313 1034 adjecit
325 1004 352 1025 et
364 998 468 1024 labores
482 1006 488 1023 :
502 997 567 1024 nihil
578 997 648 1024 enim
660 996 746 1023 minus
760 996 814 1023 otio
825 1000 852 1022 et
861 995 942 1030 quieti
957 1002 1002 1021 na-

217 1049 272 1071 tum
291 1047 332 1070 est
345 1050 424 1078 quam
446 1042 558 1069 hominis
580 1045 683 1068 natura.
704 1040 732 1068 Si
745 1040 816 1067 enim
838 1040 879 1067 his
894 1039 1001 1072 addicti,

217 1097 250 1117 ne
262 1089 300 1117 sic
313 1089 419 1124 quidem
442 1095 552 1124 peccare
566 1088 726 1120 desistimus,
740 1094 793 1122 quo
805 1086 935 1113 scelerum
947 1093 1004 1120 pro-

217 1143 308 1172 gressa
330 1143 382 1163 non
406 1139 477 1162 esset
495 1133 604 1161 audacia
619 1137 720 1165 nostra,
743 1133 765 1160 si
787 1136 883 1166 pneter
896 1131 1004 1159 delicias

217 1182 302 1208 otium
316 1180 391 1208 nobis
402 1179 577 1208 concessisset
599 1178 686 1205 Deus?
710 1176 802 1204 Omnia
815 1176 897 1209 enim,
909 1176 1006 1211 inquit,

217 1227 286 1253 mala
304 1226 417 1253 otioritas
435 1224 519 1252 docuit
530 1223 623 1259 (Ecclt'.
638 1223 680 1251 55.
694 1222 751 1257 29).
776 1222 941 1249 Atteslautur
959 1228 1006 1247 au-

218 1278 271 1300 tem
287 1276 384 1299 nostra:
398 1271 459 1298 huic
470 1270 565 1297 rationi
578 1273 604 1297 et
616 1276 675 1304 quae
688 1268 806 1303 quotidie
820 1267 896 1298 ﬁunt,
910 1270 936 1294 et
945 1273 1004 1301 quae

218 1317 363 1352 majoribus
375 1317 473 1344 nostris
492 1315 670 1351 contigerunt.
687 1313 770 1345 Sedit,
789 1312 883 1347 inquit,
898 1312 1005 1347 populus

219 1363 372 1390 manducare
384 1367 406 1389 et
426 1362 516 1394 bibere,
532 1367 554 1388 et
575 1363 738 1387 surrexerunt
752 1359 837 1386 ludere
849 1358 945 1394 (Exod.
960 1357 1002 1384 52.

219 1410 257 1445 6).
271 1411 308 1437 Ac
322 1417 427 1437 rursum
444 1417 450 1435 :
464 1407 622 1435 Incrassatus
635 1411 672 1433 est
693 1410 717 1433 et
736 1405 916 1440 impinguatux,
931 1409 954 1430 et
966 1412 1006 1430 re-

219 1454 355 1482 calcitravt't
367 1454 471 1481 dilectus
487 1452 574 1488 (Deut.
590 1451 634 1479 52.
648 1451 702 1485 15).
712 1449 835 1477 Consoua
850 1448 890 1476 bis
901 1447 1006 1483 quoque

220 1502 312 1529 beatus
335 1500 416 1527 David
438 1499 564 1534 loquitur,
587 1497 678 1524 dicens
697 1505 704 1524 :
728 1496 790 1523 Cum
811 1494 931 1521 occideret
954 1501 1005 1525 eos,

220 1553 279 1574 tunc
295 1547 454 1582 exquirebant
469 1553 535 1577 eum,
554 1549 577 1570 et
589 1542 783 1574 revertebantur,
797 1545 820 1568 et
834 1540 945 1567 diluculo
963 1547 1007 1566 ve~

220 1595 318 1621 m'ebanl
332 1593 366 1619 ad
378 1601 432 1620 eum
444 1591 529 1626 (Psal.
548 1591 592 1618 77.
608 1590 665 1625 54).
682 1588 722 1616 Ad
736 1587 883 1615 Jerusalem
902 1594 1007 1622 quoque

222 1648 269 1675 per
282 1640 424 1667 Jercmiam
439 1638 554 1673 loquitur
567 1637 636 1664 Deus
651 1645 658 1665 :
672 1635 730 1662 Ῥω·
744 1634 828 1661 omnia
841 1633 949 1666 erudire,
962 1632 1008 1659 Je-

220 1687 339 1718 rusalem,
353 1694 383 1711 ne
395 1684 494 1712 recedat
511 1684 596 1710 animo
610 1690 666 1708 mea
679 1689 695 1707 a
707 1685 730 1707 te
744 1679 811 1715 (Jer.
827 1678 854 1706 6.
874 1678 913 1713 8).
932 1677 1008 1712 Quod

220 1736 310 1758 autem
331 1739 383 1758 non
402 1730 487 1757 solum
509 1728 595 1760 malis,
616 1734 709 1754 verum
732 1729 759 1753 et
778 1724 855 1752 bonis
878 1723 1009 1750 humiliari

221 1783 301 1812 atque
321 1775 452 1803 incurvari
472 1775 587 1802 salutare
603 1774 647 1806 sit,
669 1779 774 1799 rursum
797 1769 927 1805 signiﬁcat
946 1775 1009 1803 pro-

223 1825 315 1859 pheta,
330 1831 388 1850 cqu
402 1822 464 1849 dicit
481 1831 486 1849 :
503 1820 600 1847 Bonum
622 1818 693 1851 mihi,
714 1817 831 1848 Domine,
853 1816 912 1851 quia
925 1815 1009 1841 Itami-

223 1870 290 1897 liaslt'
304 1877 352 1902 me,
365 1873 390 1894 ut
404 1868 499 1894 discam
507 1865 700 1901 justiﬁcaliones
712 1868 766 1889 tuas
778 1862 862 1898 (Psal.
879 1860 939 1888 “8.
953 1859 1009 1894 Ἠ).

223 1916 288 1943 Post
301 1915 369 1942 hunc
381 1918 409 1941 ct
428 1912 558 1940 Jeremias
573 1911 630 1937 tunc
645 1909 748 1940 eadem,
769 1908 815 1934 sed
837 1914 889 1934 nou
910 1905 1011 1933 eisdem

224 1962 313 1989 verbis
323 1960 471 1987 exclamat:
487 1956 596 1989 Bonum,
618 1955 750 1990 inquiens,
769 1956 833 1984 viro,
856 1960 913 1978 cum
927 1955 1012 1986 porta-

224 2008 285 2035 verit
295 2008 387 2042 jugum
399 2012 473 2041 grave
485 2012 500 2030 a
510 2004 639 2038 juventute
649 2009 694 2028 sua
708 2008 717 2027 :
732 1999 823 2026 sedebit
835 1998 974 2030 solitarius,
990 2000 1012 2023 et

225 2053 313 2080 tacebit
328 2051 433 2087 (Tltren.
448 2051 474 2077 5.
496 2048 559 2084 27);
575 2051 602 2075 et
618 2047 651 2074 de
672 2053 702 2073 se
723 2045 780 2079 ipso
795 2044 877 2071 Deum
891 2043 1014 2070 obsecrat

225 2099 318 2127 dicens
335 2108 342 2124 :
355 2096 414 2124 Non
431 2097 464 2123 sit
475 2100 501 2122 tu
515 2094 576 2121 mihi
591 2100 696 2128 parcens
707 2092 733 2118 in
746 2089 921 2117 alienationem
935 2087 1014 2114 indie

227 2145 295 2172 mala
310 2143 376 2179 (Jer.
388 2142 431 2170 1³1.
445 2141 499 2176 17).
511 2140 607 2167 Beatus
617 2138 681 2166 item
695 2137 799 2169 Paulus,
815 2135 859 2170 qui
872 2138 945 2161 tanto
955 2141 1015 2160 mu-

227 2198 292 2218 nere
306 2189 396 2224 gratiat
415 2187 512 2214 effulsit
526 2190 678 2219 tantumque
699 2187 820 2210 naturam
835 2180 952 2208 excessit
964 2179 1015 2206 hu-

228 2242 345 2267 manam,
361 2233 423 2261 boni
438 2238 524 2260 tamen
547 2230 625 2265 hujus
644 2228 755 2256 utilitate
774 2226 927 2261 indigebat:
948 2231 1015 2259 quo-

228 2289 299 2309 circa
313 2280 417 2307 dicebat
435 2287 442 2305 ι
466 2277 547 2304 Datus
569 2281 605 2304 est
624 2275 686 2302 mihi
707 2272 823 2300 stimulus
841 2272 923 2298 carnis
944 2278 1015 2302 metr,

230 2328 333 2364 angelus
354 2332 449 2353 satana!
461 2346 468 2358 ,
491 2325 534 2359 qui
550 2331 589 2350 me
605 2321 760 2356 colapltizet,
781 2323 807 2345 ut
831 2326 881 2345 non
900 2316 1016 2344 extollar.

234 2361 341 2408 Pbopter
353 2372 421 2407 quod
436 2377 472 2398 ter
484 2370 619 2397 Dominum
630 2367 727 2402 rogavi,
743 2370 766 2392 et
779 2364 842 2391 dixit
855 2363 916 2390 mihi
931 2370 940 2389 :
953 2361 1018 2395 Sul-

231 2421 283 2455 ﬁrit
297 2420 340 2446 tibi
351 2419 432 2453 gratia
445 2425 500 2443 mea
511 2424 521 2448 ;
533 2423 591 2442 nam
607 2415 686 2441 virtus
699 2420 753 2439 mea
767 2412 793 2437 in
805 2409 949 2444 infirmitate
964 2415 1020 2441 per-

232 2467 317 2500 [icitur
330 2463 367 2499 (2.
381 2463 439 2490 Cor.
451 2461 495 2489 12.
509 2460 581 2495 7-9).
592 2460 698 2487 Poterat
709 2460 781 2484 certe
802 2455 859 2482 sine
875 2460 1020 2500 persequu-

234 2498 351 2540 tionibus
376 2515 403 2538 et
429 2510 560 2544 prcssuris
576 2527 584 2540 ,
608 2504 794 2537 laboribusque
824 2505 851 2528 et
881 2498 1021 2526 sudoribus

235 2556 388 2593 praedicatio
398 2554 498 2590 perﬁci,
511 2552 557 2580 sed
568 2556 655 2578 tamen
677 2549 702 2576 id
714 2547 797 2575 uoluit
809 2546 940 2575 Christus,
954 2550 1022 2578 pra:-

235 2590 385 2631 dicantibus
400 2607 519 2636 parcens.
535 2597 662 2632 Quocirca
676 2594 780 2622 dicebat
794 2592 845 2618 illis
860 2600 865 2616 ε
880 2590 913 2616 In
930 2590 1022 2615 mundo

238 2655 382 2685 pressuram
401 2635 526 2673 rhabebitis
541 2642 630 2678 (Joan.
651 2641 695 2668 16.
719 2639 776 2673 55).
798 2635 1023 2685 Cupieutibusque

238 2679 346 2723 cmleste
358 2700 467 2728 regnum
487 2689 599 2725 ingredi,
615 2691 752 2722 angustant
766 2685 834 2711 viam
848 2679 1023 2715 arripiendam

240 2742 324 2774 iubet,
339 2725 412 2775 quasi
426 2746 478 2766 non
499 2736 576 2764 aliter
596 2735 694 2761 intrare
708 2732 785 2759 liceat
798 2728 901 2764 (Matt/t.
925 2727 951 2753 ’1.
969 2725 1023 2775 15).

242 2772 304 2815 ideo
318 2772 446 2821 pressura:
457 2789 483 2811 et
497 2781 652 2810 tentationes
666 2783 692 2806 et
706 2782 877 2813 quaacumque
890 2773 965 2800 nobis
979 2772 1026 2798 tri-

244 2834 292 2862 stia
305 2819 468 2867 contingunt,
478 2836 531 2857 non
543 2827 627 2855 minus
642 2825 685 2853 Dei
696 2821 887 2861 providentiam
897 2819 1024 2852 indicant,

638 117 683 145 AD
702 115 885 145 STAGIRIUM
905 116 926 144 Α
948 116 1098 145 ΙΜΞΜΟΝΕ
1119 116 1283 145 νεΧΑτυω
1307 117 1372 146 LIB.
1393 117 1413 145 1.

1786 118 1839 147 430

1054 182 1132 210 quam
1147 176 1204 202 laeta
1220 181 1247 203 et
1264 175 1390 210 jucunda.
1412 176 1480 211 Quid
1501 180 1588 204 autem
1602 177 1688 205 dicam
1701 185 1838 212 pressura:

1054 220 1133 256 hujus
1146 222 1282 255 temporis,
1292 229 1352 249 cum
1367 229 1419 250 nou
1432 223 1519 250 minus
1531 223 1587 257 ipsa
1597 231 1701 258 quoque
1709 222 1838 259 gehenna

1053 267 1223 294 comminatio
1237 275 1315 302 quam
1337 269 1477 303 promissio
1491 269 1565 303 regni
1580 269 1738 297 ineﬁ‘abilem
1755 271 1838 305 ipsius

1054 313 1219 339 clementiam
1234 314 1242 329 ί
1255 314 1438 341 commendet?
1463 315 1516 341 Nisi
1531 315 1601 342 eniln
1623 316 1668 342 ille
1689 316 1836 351 gehennam

1054 358 1167 384 minatus
1180 363 1259 390 esset,
1281 366 1333 385 non
1354 359 1430 386 facile
1452 360 1579 394 quispiam
1592 361 1742 388 ca‘lestibus
1761 361 1838 388 bonis

1054 403 1191 437 potiretur.
1204 403 1294 437 Neque
1307 404 1375 430 enim
1396 405 1492 432 sufﬁcit
1505 405 1559 432 sola
1572 406 1726 440 gaudiorum
1747 415 1839 441 repro-

1055 448 1145 474 missio
1158 448 1190 475 ad
1205 449 1360 475 excitandos
1372 449 1404 475 ad
1419 450 1540 477 virtutem
1560 451 1677 483 animos,
1693 451 1744 478 nisi
1758 452 1838 478 ctiam

1053 501 1099 520 eos
1114 501 1251 528 pcenarum
1263 494 1341 520 timor
1358 495 1486 529 impellat,
1502 496 1545 530 qui
1568 496 1741 531 negligentius
1752 497 1838 524 allecti

1053 538 1085 565 ad
1104 539 1173 565 illam
1191 543 1262 565 sunt.
1277 538 1402 571 Quocirca
1426 540 1538 574 prinmm
1555 540 1687 568 hominem
1703 549 1808 577 quoque
1823 550 1838 568 a

1054 584 1182 618 principio
1194 592 1208 611 e
1224 584 1345 618 paradiso
1358 585 1467 619 expulit,
1479 586 1538 619 quia
1551 594 1583 613 ex
1599 586 1698 614 honore
1709 587 1757 613 sibi
1773 595 1839 622 pne-

1054 629 1116 656 stito
1129 629 1244 656 deterior
1267 629 1376 657 eﬁ‘ectus
1388 635 1469 663 essm,
1492 631 1513 657 si
1538 635 1598 665 post
1621 636 1737 666 spretum
1755 633 1837 659 viola-

1054 679 1161 709 tumque
1174 675 1326 702 mandatum
1344 676 1468 703 immotus
1481 676 1524 703 ille
1542 677 1694 711 stabilisque
1707 678 1837 705 durasset.

1053 719 1111 746 Jam
1126 727 1189 746 vero
1203 725 1230 746 ut
1246 720 1328 747 Adam
1341 721 1503 753 omittamus,
1518 721 1579 756 quid
1595 730 1645 749 n0n
1658 723 1763 750 fecisset
1774 723 1838 750 Cain

1054 764 1080 791 in
1096 765 1217 799 paradiso
1231 765 1340 800 degens,
1356 766 1488 800 tantisque
1502 766 1604 794 deliciis
1621 767 1719 799 fruens,
1734 769 1840 802 quando

1054 810 1095 836 his
1106 810 1227 838 omnibus
1243 811 1368 845 privatus,
1383 812 1517 846 patrisque
1527 813 1684 846 supplicium
1698 818 1761 840 ante
1773 821 1839 840 ocu-

1055 856 1095 883 los
1108 856 1217 889 habens,
1238 864 1271 884 ne
1290 857 1328 884 sic
1341 857 1446 892 quidem
1461 858 1615 886 emendatus
1635 863 1684 891 est,
1707 859 1734 886 in
1757 860 1841 894 majo-

1054 911 1163 938 remque
1177 904 1320 938 nequitiam
1335 904 1464 938 prorupit,
1479 908 1508 931 ut
1520 904 1690 932 homicidiqu
1712 905 1768 939 ipse
1785 906 1840 940 pri-

1054 956 1114 976 mus
1136 948 1275 981 invenerit,
1294 956 1412 984 ausoque
1430 949 1531 976 nefario
1552 949 1711 985 impleverit,
1727 950 1840 977 homici-

1054 994 1137 1024 dium,
1152 994 1268 1029 inquam,
1278 994 1396 1021 omnium
1408 994 1660 1021 sceleratissimum?
1670 995 1760 1030 Neque
1769 995 1840 1022 enim

1055 1039 1189 1073 paulatim,
1207 1040 1248 1066 vel
1261 1044 1318 1074 post
1331 1039 1484 1066 diuturnum
1498 1044 1610 1074 tempus,
1626 1048 1723 1068 novum
1739 1041 1789 1068 hoc
1801 1041 1840 1068 fa-

1055 1086 1130 1113 cinus
1145 1093 1283 1121 aggressus
1302 1090 1352 1118 est,
1372 1086 1418 1113 sed
1438 1091 1547 1120 repente
1569 1094 1599 1113 ac
1613 1086 1700 1114 subito
1713 1087 1840 1114 verticem

1055 1137 1082 1158 et
1094 1131 1198 1158 culmen
1211 1131 1354 1165 iniquitatis
1364 1131 1512 1166 occupavit,
1527 1138 1639 1166 eumque
1648 1131 1692 1166 qui
1702 1139 1733 1158 ex
1747 1132 1840 1159 eodem

1056 1181 1131 1204 utero
1144 1181 1319 1212 processerat,
1334 1178 1378 1212 qui
1403 1177 1428 1204 in
1456 1177 1528 1204 nullo
1549 1177 1633 1212 ipsum
1654 1177 1768 1210 Iusserat,
1791 1178 1841 1205 nisi

1056 1222 1188 1250 honorare
1206 1222 1287 1250 Deum
1303 1222 1327 1249 id
1343 1223 1377 1249 sit
1391 1221 1498 1255 laedere,
1513 1223 1623 1257 appetiit
1635 1222 1737 1250 insidiis
1749 1230 1780 1250 ac
1792 1231 1840 1250 ne-

1056 1269 1138 1296 cavit.
1152 1268 1238 1296 Velim
1262 1268 1306 1296 hic
1326 1275 1419 1296 rursus
1431 1268 1584 1296 consideres
1595 1269 1763 1296 clementiam
1783 1269 1841 1296 Dei.

1056 1314 1121 1342 Cum
1136 1314 1206 1341 cnim
1224 1314 1274 1342 sibi
1295 1314 1416 1348 iniuriam
1438 1313 1579 1346 intulisset,
1595 1314 1682 1341 verbis
1703 1314 1776 1341 illum
1794 1314 1841 1340 ad-

1057 1364 1158 1392 monet,
1172 1360 1326 1394 tristemque
1340 1359 1492 1387 consolatur
1506 1368 1512 1386 :
1531 1364 1558 1386 at
1570 1359 1613 1386 ubi
1638 1359 1738 1386 insania
1761 1359 1844 1386 fertur

1057 1407 1084 1434 in
1103 1407 1221 1439 fratrem,
1243 1410 1305 1433 tunc
1324 1406 1380 1440 jam
1402 1405 1520 1433 severius
1537 1405 1681 1438 ulciscitur,
1701 1413 1844 1440 pmnasqne

1058 1453 1146 1481 infert.
1163 1453 1197 1480 Et
1209 1457 1281 1480 certe
1305 1453 1393 1487 priora
1417 1452 1460 1478 illa
1481 1451 1574 1479 eodem
1594 1451 1672 1486 digna
1690 1456 1765 1479 erant
1784 1459 1845 1478 cru-

1059 1499 1139 1531 ciatu,
1153 1498 1207 1525 imo
1221 1505 1284 1525 vero
1299 1497 1376 1532 longe
1387 1497 1519 1532 graviore.
1533 1496 1561 1524 Si
1574 1497 1644 1524 enim
1657 1497 1683 1524 iu
1693 1497 1845 1525 hominibus

1059 1551 1202 1572 conservus
1216 1543 1310 1578 aliquis
1325 1542 1433 1569 meliora
1448 1549 1559 1577 quisque
1577 1542 1627 1569 sibi
1648 1546 1744 1575 servet,
1756 1549 1787 1569 ac
1797 1542 1846 1569 do-

1059 1591 1131 1618 mino
1144 1597 1193 1618 suo
1211 1589 1343 1617 deteriora
1361 1588 1463 1621 oderat,
1487 1595 1543 1615 rem
1567 1587 1774 1623 indignissimam
1789 1588 1845 1622 ple-

1061 1644 1173 1672 namque
1185 1635 1354 1662 contumelite
1375 1633 1463 1662 facere
1485 1633 1604 1669 arguitur
1619 1638 1736 1669 :quanto
1751 1633 1776 1660 id
1791 1642 1847 1661 ma-

1060 1683 1100 1717 gis
1114 1682 1140 1709 in
1156 1681 1230 1708 Deo?
1243 1680 1307 1708 Cain
1320 1687 1385 1708 vero
1404 1687 1456 1707 non
1478 1681 1503 1707 in
1525 1680 1575 1707 hoc
1597 1679 1693 1712 solum,
1713 1687 1803 1707 verum
1821 1680 1846 1706 in

1061 1727 1113 1754 alio
1125 1734 1229 1762 quoque
1238 1734 1289 1753 non
1299 1726 1386 1753 minus
1397 1725 1517 1760 deliquit,
1532 1724 1601 1760 quod
1616 1724 1705 1752 fratris
1719 1724 1846 1752 honorem

1062 1781 1132 1808 aegre
1147 1777 1173 1800 et
1188 1772 1295 1807 indigne
1310 1771 1408 1798 tulerit.
1421 1770 1487 1798 Nam
1502 1771 1523 1798 si
1538 1774 1629 1805 utpote
1643 1770 1687 1805 qui
1701 1775 1846 1805 peccasset,

1062 1818 1243 1854 pmnitentiam
1256 1817 1362 1852 egisset,
1378 1820 1486 1850 accepta
1507 1814 1624 1850 profecto
1643 1815 1736 1842 fuisset
1748 1814 1804 1842 haec
1815 1815 1847 1841 il-

1064 1864 1114 1891 lius
1129 1863 1227 1898 optima
1241 1862 1352 1890 mutatio
1364 1870 1370 1888 :
1386 1868 1455 1888 nunc
1468 1868 1532 1888 vero
1545 1867 1597 1887 non
1611 1860 1774 1896 pmnitentite
1791 1865 1848 1887 erat

1063 1909 1107 1936 illa
1117 1908 1246 1939 confusio,
1271 1907 1318 1935 sed
1339 1906 1443 1934 invidia:
1460 1913 1491 1933 ac
1504 1905 1604 1939 livoris,
1622 1905 1692 1940 quod
1713 1905 1752 1933 rei
1764 1905 1849 1932 exitus

1063 1955 1151 1992 docet.
1166 1953 1233 1980 Nam
1255 1953 1311 1980 Deo
1330 1950 1524 1987 quodammodo
1544 1950 1714 1982 irascebatur,
1727 1950 1797 1985 quod
1811 1951 1850 1977 in-

1063 1999 1140 2035 juriis
1160 1998 1269 2026 allectus
1283 2004 1336 2025 non
1357 2003 1387 2024 se
1409 1995 1562 2027 honoraret,
1577 1994 1646 2030 quod
1661 1994 1799 2022 moderato
1812 1996 1851 2022 in-

1065 2049 1256 2080 temperantem
1275 2051 1328 2070 non
1349 2041 1496 2077 praeferret.
1513 2040 1612 2068 Verum
1634 2046 1693 2067 cum
1712 2039 1769 2067 haec
1782 2039 1852 2066 illius

1066 2092 1167 2119 scelera
1196 2088 1430 2117 vehementissima
1461 2087 1690 2115 animadversione
1721 2085 1852 2121 punienda

1066 2141 1165 2170 essent,
1183 2136 1259 2170 longe
1272 2134 1428 2162 clementius
1441 2140 1519 2168 quam
1535 2133 1686 2160 merebatur
1697 2131 1853 2166 delinquen-

1067 2187 1121 2210 tem
1143 2185 1248 2213 tractat,
1271 2183 1456 2214 tumentesque
1470 2178 1573 2205 animos
1595 2177 1665 2204 illius
1679 2173 1855 2211 comprimere

1068 2229 1170 2256 nititur.
1187 2227 1251 2254 Erat
1264 2225 1445 2260 indignatione
1461 2223 1536 2258 plena
1554 2222 1597 2250 illa
1608 2222 1740 2257 dejectio:
1757 2221 1856 2248 idcirco

1068 2274 1185 2308 loquitur
1199 2272 1231 2298 ad
1251 2271 1326 2298 illum
1345 2279 1351 2297 :
1371 2269 1474 2302 Quiesce
1497 2268 1572 2302 (Gen.
1588 2268 1614 2295 ι.
1633 2267 1671 2302 7).
1694 2266 1750 2294 Hoc
1768 2270 1855 2292 autem

1070 2326 1130 2347 cum
1143 2318 1252 2350 diceret,
1272 2315 1372 2343 sciebat
1391 2313 1497 2349 quidem
1510 2319 1563 2348 quo
1575 2319 1774 2347 progressurum
1787 2315 1858 2338 esset

1071 2365 1181 2396 malum,
1197 2367 1321 2391 ueterum
1344 2361 1454 2396 ingratis
1465 2360 1631 2386 occasionem
1643 2364 1749 2384 omnem
1763 2364 1856 2390 ampu-

1073 2416 1129 2438 tare
1143 2409 1247 2436 volebat
1262 2417 1268 2435 :
1284 2408 1305 2434 si
1319 2407 1389 2434 enim
1405 2405 1438 2433 ab
1449 2405 1523 2432 initio
1537 2404 1580 2431 ille
1595 2403 1699 2436 punitus
1713 2407 1794 2435 esset,
1810 2402 1859 2428 liu-

1071 2455 1186 2492 jusmodi
1212 2453 1287 2481 multi
1307 2452 1419 2487 plurima
1439 2450 1589 2478 dixissent:
1613 2448 1669 2475 Non
1690 2451 1794 2482 poterat
1813 2445 1861 2474 ad-

1073 2509 1185 2532 monere
1204 2500 1292 2528 verbis
1312 2503 1338 2526 et
1354 2497 1498 2531 corripere,
1513 2503 1544 2523 ac
1566 2501 1665 2522 terrere
1684 2494 1766 2528 prius,
1782 2498 1861 2528 atque

1075 2554 1138 2576 tunc
1155 2548 1273 2578 demum,
1293 2545 1316 2571 si
1334 2544 1530 2579 perseverasset
1552 2540 1577 2567 in
1600 2539 1687 2572 malis,
1703 2538 1862 2573 supplicium

1077 2594 1193 2623 inferre?
1204 2591 1318 2627 Ingentis
1328 2587 1492 2617 crudelitatis
1501 2591 1542 2614 est
1550 2587 1599 2613 iste
1609 2586 1751 2613 cruciatus.
1761 2584 1864 2612 Idcirco

1077 2649 1138 2669 suas
1151 2638 1333 2674 atquauimiter
1354 2634 1464 2668 injurias
1477 2632 1582 2665 tolerat,
1598 2635 1627 2658 ut
1639 2638 1690 2658 una
1711 2634 1739 2658 et
1758 2630 1863 2657 illorum

1078 2689 1197 2716 obstruat
1210 2692 1251 2716 os,
1261 2688 1288 2710 et
1301 2682 1382 2716 ipsius
1390 2681 1452 2707 Cain
1461 2683 1596 2714 parentem
1606 2684 1711 2712 quoque
1725 2676 1782 2703 sola
1790 2675 1865 2702 bonit-

1079 2738 1132 2761 tate
1144 2740 1173 2759 se
1185 2728 1344 2763 corripuisse
1355 2725 1486 2757 ostendat,
1499 2728 1680 2759 praetereaque
1694 2726 1722 2749 ut
1734 2720 1863 2757 ejusmodi

1113 2819 1121 2832 ι
1138 2818 1200 2842 Sav.,
1215 2809 1258 2836 Dei
1267 2805 1423 2834 clementiam.
