2076 3122
237 149 286 178 ιεςι

238 204 409 240 bcriguitatis
430 199 552 236 exemplo
573 201 693 234 posteros
706 196 738 222 ad
760 193 942 230 paenitentiam
965 199 1028 227 pro-

238 239 326 278 Vocet.
343 250 437 277 Postea
451 253 516 274 vero
530 251 609 280 quam
623 241 768 270 secundum
782 239 904 267 duritiam
919 241 1032 265 suamet

239 304 288 324 cur
311 294 482 330 itnpoznilens
505 289 692 318 thesauritavit
713 287 764 315 sibi
787 286 864 318 iratn,
879 285 952 312 illuni
971 289 1033 311 tunc

241 329 378 369 ulciscitur
392 349 399 366 :
413 338 455 366 sin
476 343 540 364 vero
559 339 620 370 post
634 334 721 361 scelus
736 332 871 360 homicidii
892 329 1033 358 mansisset

243 386 398 421 impunitus,
421 384 501 411 etiam
522 381 555 409 ad
578 380 648 408 aliud
665 379 803 414 majusque
823 377 948 412 ﬂagitium
970 381 1033 410 pro-

242 439 351 468 gressus
362 435 443 459 esset.
458 429 548 464 Neque
561 427 632 454 enim
646 426 736 453 dicere
749 431 887 460 possumus
902 429 948 457 per
962 421 1035 456 igno-

243 467 356 506 rantiam
371 477 444 504 illum
460 474 618 509 deliquisse;
634 479 694 499 nam
715 470 785 506 quod
803 469 892 505 junior
905 467 1035 502 intellige-

245 524 300 558 bat,
313 524 371 558 ipse
389 521 474 556 major
495 524 558 547 natu
572 519 616 554 qui
632 519 752 553 ignorare
769 515 890 551 poterat?
905 514 969 541 Esto
990 520 1036 540 au-

245 577 310 602 tem,
336 577 383 604 per
409 566 584 603 ignorantiam
611 563 759 600 peccaverit
780 562 876 597 prius:
897 565 1036 596 postquam

245 615 357 646 audivit,
373 613 488 647 Quiesce,
504 615 644 646 postquam
657 609 752 645 prioris
771 607 856 642 culptc
871 606 947 633 venia
969 605 1037 640 poti-

247 667 289 689 tus
302 665 354 694 est,
376 667 409 687 ex
430 666 481 694 qua
497 656 645 692 ignorantia
666 655 700 682 ad
722 653 891 690 parricidium
907 652 1037 686 prorupit,

247 712 400 741 terramque
409 704 510 737 infecit,
522 711 553 730 ac
566 703 637 737 leges
652 706 753 728 natura:
763 698 911 735 subvertit?
924 697 1040 725 Videsne

249 758 278 782 ut
289 754 361 788 prior
371 752 450 779 etiam
463 750 541 785 culpa
562 755 614 776 non
629 748 662 776 de
677 746 834 782 ignorantia,
848 745 896 773 sed
909 745 943 772 de
963 743 1040 771 mali-

249 801 348 836 gnilate
361 803 386 826 ct
407 797 532 832 nequitia,
549 800 725 830 supremaque
746 792 854 820 sceleris
871 791 979 818 audacia
993 798 1040 817 ve-

251 845 336 873 nerit?
352 844 479 878 Quianam
499 849 564 869 vero
582 839 633 868 fuit
652 840 730 875 hujus
749 838 844 874 pcena?
865 837 922 864 Eri;
942 844 1042 872 gemens

251 899 280 918 ac
291 895 399 918 truncus
415 896 490 924 super
504 892 597 914 terram
618 884 693 921 (Gen.
708 884 735 912 4.
756 883 813 919 1'2).
831 881 942 910 Videtur
954 886 1041 909 tamen

250 943 311 964 esse
322 938 402 970 grave
417 932 592 968 supplicium;
606 930 652 959 sed
671 936 725 957 non
742 929 797 964 jam
816 929 852 956 ita
865 927 1006 960 videbitur,
1020 926 1043 953 si

251 984 390 1016 peccatum
405 978 613 1009 consideremus,
632 980 658 1003 et
671 975 754 1010 ipsam
774 980 879 1009 poenam
892 973 1043 1008 deligentius

252 1026 411 1053 intueamur.
427 1024 492 1051 Cum
507 1022 578 1050 enim
592 1021 636 1049 ille
650 1020 719 1048 male
732 1019 881 1052 obtulisset,
894 1026 964 1052 mgre
975 1017 1042 1051 tulit,

252 1070 322 1106 quod
332 1073 393 1104 post
403 1069 526 1103 injuriam
542 1067 596 1094 Deo
610 1066 711 1094 illatam
729 1065 875 1092 ltonoratus
888 1064 920 1092 ab
934 1063 979 1090 illo
991 1071 1044 1091 non

252 1120 302 1148 est,
317 1114 504 1149 corripientem
519 1111 629 1147 respuit,
645 1109 869 1146 parricidiumque
879 1109 981 1144 primus
996 1115 1043 1143 pa-

254 1161 341 1193 travit,
356 1159 412 1188 imo
423 1166 489 1187 vero
510 1158 610 1186 facinus
624 1156 765 1192 parricidio
777 1156 856 1190 longe
872 1155 1024 1182 sceleratius
1037 1162 1043 1179 :

255 1210 379 1243 parentes
400 1206 471 1234 enim
498 1204 644 1232 incredibili
669 1203 762 1230 dolore
780 1201 916 1234 confodit,
938 1207 970 1228 ac
991 1200 1046 1228 Deo

254 1253 336 1281 etiam
357 1251 481 1279 mentitus
500 1255 551 1278 est.
569 1249 701 1284 Numquid
723 1249 799 1280 enim,
822 1247 869 1280 ait,
890 1251 972 1273 custos
991 1253 1046 1272 sum

257 1298 344 1335 fratris
355 1298 404 1326 mei
419 1296 494 1334 (Gen.
512 1296 539 1324 4.
558 1295 607 1330 9)τ
629 1295 663 1322 Et
680 1302 729 1329 pro
745 1294 786 1321 his
807 1294 930 1321 omnibus
945 1293 1001 1320 solo
1013 1292 1046 1319 ti-

255 1351 331 1371 more
341 1351 372 1370 ac
381 1347 498 1370 tremore
509 1342 649 1369 cruciatur.
662 1341 784 1367 Attamen
796 1338 844 1366 Dei
856 1337 1047 1373 benignitatem

257 1398 310 1418 non
323 1397 356 1418 ex
371 1397 403 1418 eo
417 1388 502 1417 solum
516 1386 678 1415 tnanifestari
693 1386 816 1418 dixerim,
831 1384 900 1420 quod
914 1384 1046 1411 mitiorem

257 1443 363 1470 ptenam
375 1439 448 1462 tanto
464 1432 558 1461 sceleti
570 1430 699 1463 adhibuit,
715 1430 760 1458 sed
773 1429 841 1464 quod
860 1430 886 1456 in
900 1429 957 1464 ipsa
970 1435 1047 1462 paena

257 1483 359 1510 lucrum
370 1479 440 1508 haud
455 1477 633 1514 spemendmn
644 1477 732 1504 inesse
747 1476 874 1503 videatur.
889 1475 917 1503 id
930 1482 993 1502 vero
1006 1474 1047 1502 lu-

257 1535 333 1555 crum
348 1530 415 1558 erat,
427 1524 497 1561 quod
508 1531 540 1552 ex
552 1531 583 1551 ea
596 1523 678 1558 ipsius
691 1523 862 1557 castigatione
873 1522 959 1550 cuncti
974 1525 1048 1556 post-

260 1573 367 1600 modum
386 1571 514 1599 admoniti
532 1574 594 1597 sunt
614 1567 772 1603 resipiscere
794 1575 807 1594 a
827 1567 918 1600 malis,
940 1567 1050 1602 fierique

261 1618 394 1646 meliores.
419 1615 518 1643 Idcirco
539 1620 603 1650 ergo
625 1620 678 1641 non
699 1613 796 1641 occidit
816 1613 901 1646 illum,
923 1613 983 1648 quia
1002 1619 1050 1647 par

260 1664 359 1692 utilitas
373 1661 492 1698 profecto
511 1667 564 1687 non
578 1658 682 1691 fuisset,
696 1659 779 1686 audiri
793 1658 862 1693 quod
876 1657 952 1691 Cain,
969 1657 1050 1685 fratre

262 1710 431 1743 interempto,
447 1712 533 1734 morte
547 1706 689 1733 mulctatus
702 1707 782 1737 esset,
794 1707 818 1731 et
835 1702 924 1731 videre
940 1704 1049 1738 parrici-

261 1756 322 1783 dam
346 1755 432 1790 ipsum
453 1759 546 1788 poenas
570 1751 763 1780 elsolventem.
789 1747 912 1776 Fortasse
936 1748 1049 1776 enimid

261 1801 380 1830 auditum
402 1800 437 1828 ob
456 1798 646 1826 immanitatem
667 1796 776 1824 sceleris
791 1795 919 1823 creditum
943 1795 1051 1822 mininte

262 1849 356 1875 fuisset
371 1855 378 1873 :
395 1852 466 1874 nunc
478 1851 542 1872 vero
562 1843 626 1871 dum
646 1842 760 1874 videtur,
781 1841 844 1869 dum
859 1847 950 1868 coram
964 1840 1049 1872 adest,

262 1894 390 1930 plurimos
411 1893 543 1927 longoque
566 1889 725 1924 superstites
747 1890 865 1923 tempore
888 1893 974 1921 perna:
996 1891 1051 1913 suae

262 1945 344 1968 testes
356 1937 497 1973 relinquit;
510 1934 677 1964 manifestum
692 1938 764 1962 certe
776 1940 807 1961 ac
821 1932 946 1960 credibile
960 1934 987 1959 et
997 1937 1051 1958 sua:

263 1986 348 2013 :ctatis
360 1983 520 2015 hominibus,
535 1985 562 2010 ct
575 1983 664 2017 postea
676 1979 772 2007 futuris
781 1979 904 2006 omnibus
914 1978 939 2004 id
950 1977 1052 2004 facinus

262 2030 409 2059 constituit.
425 2027 494 2062 Quid
511 2034 586 2062 ergo,
605 2025 718 2061 inquies,
734 2024 784 2052 hoc
802 2023 838 2052 illi
855 2023 984 2051 contulit?
997 2022 1052 2049 illa-

264 2078 336 2104 xime
348 2075 456 2110 quidem
477 2073 547 2101 ittius
563 2071 640 2099 saluti
653 2070 841 2106 prospiciebat,
862 2075 921 2096 eum
937 2067 994 2103 ejus
1007 2073 1052 2095 ra-

264 2122 345 2155 biem,
369 2124 496 2154 quantum
517 2119 544 2146 in
563 2125 593 2145 se
614 2114 703 2149 fuerit,
724 2118 861 2143 coerceret
881 2114 1053 2149 castigatione

265 2167 417 2195 verborum.
428 2164 528 2193 Verum
543 2169 576 2191 ne
591 2164 646 2198 ipsa
660 2161 767 2196 quidem
784 2160 856 2188 illata
877 2160 913 2187 illi
927 2166 1014 2194 poem,
1031 2159 1053 2187 si

266 2213 326 2248 quis
338 2210 489 2247 diligentius
504 2209 637 2243 inspiciat,
654 2206 769 2233 maxima
783 2206 866 2241 ipsius
883 2204 995 2232 utilitate
1006 2210 1053 2231 va-

265 2264 318 2286 cat.
333 2257 360 2285 Si
374 2257 443 2284 enim
458 2255 546 2282 sutum
561 2254 633 2280 illum
654 2251 803 2282 occidisset,
819 2250 919 2277 nullum
934 2250 982 2284 ipsi
999 2256 1054 2284 pce-

267 2304 384 2332 nitcntim
398 2307 513 2337 tetnptts,
529 2307 574 2335 per
584 2305 662 2334 quam
671 2298 765 2325 melior
776 2296 908 2327 eVaderet.
920 2295 1053 2324 dedisset:

266 2358 338 2378 nunc
353 2357 415 2376 vero
428 2355 486 2374 cunt
506 2350 579 2373 metu
593 2351 623 2371 ac
637 2349 752 2370 tremore
776 2342 855 2369 vitam
877 2341 987 2375 ducens,
1004 2342 1056 2369 nisi

269 2395 348 2424 nimis
361 2395 521 2424 insensatus,
538 2398 569 2418 ac
583 2390 671 2418 bellua
684 2389 771 2424 potius
785 2395 863 2423 quam
883 2387 963 2415 homo
973 2392 1054 2421 esset,

270 2449 301 2469 rx
320 2437 471 2474 huiusmodi
485 2437 537 2463 vita
552 2435 626 2470 plura
644 2440 738 2469 capere
760 2434 843 2468 potuit
866 2433 1055 2461 emolumenta.

269 2485 400 2514 Praeterea
421 2482 537 2510 futurum
556 2481 714 2516 supplicium
735 2479 818 2507 levius
840 2481 978 2515 praesentis
991 2484 1058 2507 tem-

271 2531 342 2566 poris
365 2533 444 2565 ptena
465 2526 621 2555 constituit:
641 2532 672 2553 ea
694 2527 764 2552 enim
786 2533 844 2560 quae
869 2526 944 2553 nobis
965 2526 991 2552 itt
1008 2526 1058 2552 liae

272 2577 324 2603 vita
336 2575 486 2602 inferuntur
499 2572 641 2607 supplicia,
655 2571 780 2598 divinittts
795 2571 940 2598 futurorum
954 2572 1056 2598 crucia-

273 2624 344 2644 tuum
361 2620 461 2652 partem
478 2615 547 2642 haud
560 2614 680 2649 exiguam
698 2614 845 2641 succidunt.
864 2614 950 2648 Atque
964 2612 1056 2640 harum

272 2670 361 2691 rerum
373 2662 523 2690 testimonia
542 2661 575 2688 de
593 2661 737 2695 Scripturis
756 2660 851 2687 divinis
872 2660 968 2687 afferre
983 2659 1059 2686 facile

273 2716 424 2746 possumus.
435 2707 500 2736 Nam
514 2706 634 2735 Christus
655 2707 782 2733 Dominus
795 2714 854 2733 curn
869 2706 1013 2740 discipulos
1025 2706 1060 2732 al-

274 2757 385 2790 loquens
398 2753 432 2781 de
449 2752 549 2782 Lazaro
562 2753 716 2783 dissereret,
738 2751 871 2778 Abraham
884 2751 982 2781 retulit.
998 2759 1058 2778 cum

276 2806 412 2835 rogaretur
426 2807 442 2827 a
455 2799 547 2830 divite,
561 2803 590 2825 ut
605 2798 722 2825 mitteret
736 2797 874 2829 Lazarum,
886 2797 929 2831 qui
938 2802 1059 2824 extrema

274 2840 347 2882 digiti
361 2851 434 2881 parte
445 2845 581 2881 paululum
594 2851 669 2878 aqua:
684 2842 787 2870 ardenti
801 2843 895 2877 lingute
910 2843 1056 2876 instillat-et,

612 141 640 169 S.
660 131 798 167 30ANNlS
808 132 1048 164 CllRVSOSTOSll
1059 131 1218 161 ARClllEP.
1233 130 1498 160 CONSTANTINOP.

1818 131 1871 159 432

1085 190 1183 218 dixisse
1197 190 1229 216 ad
1244 190 1317 217 illum
1329 199 1334 217 :
1352 189 1413 222 Fili,
1428 188 1558 216 recordare
1571 187 1629 223 quia
1643 187 1756 222 recepistt
1770 192 1796 214 tu
1809 188 1873 214 bona

1082 236 1109 262 in
1122 237 1172 262 vita
1188 240 1242 267 tua,
1257 241 1280 263 et
1293 235 1407 262 Lazarus
1424 235 1492 261 mala
1504 243 1512 259 :
1525 242 1591 260 nunc
1605 238 1688 260 autent
1702 233 1741 260 hic
1755 234 1873 260 conscia-

1085 287 1135 316 tur,
1159 287 1185 308 tu
1205 290 1260 308 vero
1282 280 1488 316 cruciaris(Luq.
1511 279 1554 307 16.
1575 279 1632 313 25).
1651 279 1747 305 Paulus
1769 286 1874 314 queque

1085 329 1207 364 (Paulum
1221 336 1283 355 vero
1306 328 1410 363 quoties
1431 327 1501 359 dico,
1522 334 1614 353 rursus
1631 325 1729 352 Christi
1744 330 1874 359 prmccpta

1084 374 1205 408 replico:
1221 373 1342 401 Christus
1363 373 1433 400 ettim
1458 371 1587 407 profecto,
1610 378 1667 397 mea
1690 370 1796 406 quidetn
1817 378 1877 397 scn-

1085 421 1178 453 tentia,
1197 419 1301 447 beatam
1318 419 1386 446 illius
1401 410 1524 445 movebat
1546 417 1685 450 animant),
1703 416 1765 443 dum
1783 416 1877 444 Corin-

1088 466 1150 494 thiis
1165 465 1293 493 scriberet
1306 465 1342 500 (l.
1355 464 1412 491 Cor.
1426 463 1452 491 5.
1467 463 1506 498 5),
1515 463 1655 497 aliquando
1664 462 1739 498 jttbct
1751 470 1822 493 eum,
1833 462 1878 497 qui

1088 511 1246 547 gravissime
1262 509 1405 538 fornicatus
1419 509 1513 541 fuerat,
1535 508 1601 535 tradi
1620 513 1719 535 satana:
1746 508 1772 534 in
1794 507 1878 534 inter-

1089 558 1153 584 itutn
1164 557 1262 590 carnis,
1273 561 1300 583 ut
1314 556 1420 591 spiritus
1433 555 1521 582 salvus
1531 555 1565 582 sit
1581 555 1606 582 in
1619 554 1662 582 die
1677 553 1779 581 Domini
1796 553 1878 580 uestri

1089 602 1151 630 Jcsu
1168 601 1274 629 Christi.
1296 600 1452 635 Rursusque
1471 608 1530 627 cunt
1550 599 1658 627 eosdem
1671 599 1704 626 de
1726 598 1757 625 iis
1776 598 1820 634 qui
1838 599 1879 625 in-

1091 648 1169 684 digne
1182 654 1256 675 sacra
1274 647 1401 683 mysteria
1422 646 1602 682 percipiebant
1622 646 1778 673 admoneret
1795 654 1801 672 :
1820 644 1880 671 Pro-

1091 699 1185 730 pterea,
1199 695 1294 729 inquit,
1315 694 1380 721 inter
1398 702 1442 720 vos
1456 694 1527 720 multi
1546 693 1642 728 inﬁrmi
1655 698 1679 720 et
1697 692 1839 724 imbecilles,
1857 696 1881 718 ct

1092 742 1219 768 dormiunt
1231 741 1312 768 multi.
1326 739 1394 767 Nam
1405 740 1427 768 si
1441 749 1486 767 nos
1498 741 1567 774 ipsos
1576 739 1760 775 judicaremua,
1773 747 1823 765 non
1835 739 1881 765 uti-

1092 795 1139 820 que
1155 787 1329 822 judicaremur
1347 793 1356 813 :
1376 794 1433 813 cum
1450 785 1598 820 judicamur
1619 790 1702 812 autent
1722 793 1739 811 ιι
1763 784 1881 817 Domina,

1093 833 1252 866 corripimur,
1269 837 1297 859 ut
1311 841 1360 859 non
1373 839 1429 858 cum
1444 831 1490 858 hoc
1504 831 1598 858 mundo
1613 832 1760 858 damnentur
1773 830 1811 865 (Ι.
1823 830 1881 858 Cor.

1099 879 1142 906 Η.
1158 878 1266 912 50-52).
1276 878 1405 905 Vidistine
1417 877 1575 905 ineﬂ‘abiiem
1584 878 1761 909 clementiam,
1770 878 1883 905 immen-

1098 930 1193 959 sasque
1206 923 1311 951 divitias
1323 923 1509 959 benignitatis?
1525 923 1612 950 vidisti
1628 926 1657 950 ut
1669 923 1756 950 omnia
1770 927 1830 958 agat
1842 928 1884 949 at-

1095 976 1146 1004 que
1157 969 1279 996 moliatur
1290 968 1371 1002 Deus,
1387 973 1415 996 ut
1437 973 1495 1003 post
1509 973 1646 1004 peccatum
1660 976 1765 1003 quoque
1779 969 1884 996 mitiore

1096 1022 1175 1050 quam
1195 1015 1344 1048 debuimus,
1361 1013 1506 1050 plectamur
1521 1022 1610 1049 paena,
1626 1019 1670 1041 aut
1684 1014 1763 1041 etiam
1778 1014 1885 1041 omnino

1095 1060 1257 1088 liberentur?

1131 1107 1158 1134 4.
1175 1106 1275 1133 Diaboli
1289 1105 1314 1133 in
1330 1114 1375 1133 nos
1388 1106 1503 1133 incursus
1516 1110 1573 1133 sunt
1588 1105 1669 1133 meriti
1691 1111 1864 1141 argumentum
1876 1127 1884 1140 ,

1097 1160 1246 1179 coronarum
1259 1151 1374 1178 materia.
1391 1166 1426 1171 ——
1444 1151 1527 1178 Porro
1545 1151 1567 1178 si
1587 1151 1645 1186 quis
1661 1151 1686 1178 id
1700 1150 1829 1177 curiosius
1845 1151 1887 1178 in-

1098 1199 1195 1233 quirat,
1208 1197 1283 1233 cujus
1297 1197 1335 1225 rei
1346 1198 1430 1233 gratia
1441 1201 1556 1225 veterem
1568 1197 1641 1224 illttm
1655 1198 1820 1224 seductorem
1835 1205 1887 1224 non

1098 1243 1224 1271 continuo
1238 1243 1376 1276 deleverit,
1388 1242 1414 1270 id
1426 1251 1530 1279 quoque
1543 1250 1590 1278 pro
1605 1251 1708 1270 summa
1722 1243 1747 1270 in
1764 1250 1812 1270 nos
1825 1250 1889 1270 cura

1098 1289 1195 1317 factum
1209 1289 1365 1325 compcriet.
1382 1289 1409 1317 Si
1424 1289 1494 1317 enim
1509 1289 1652 1316 sceleratus
1668 1289 1712 1316 ille
1728 1288 1752 1315 vi
1767 1288 1890 1316 domina-

1099 1342 1182 1370 retur,
1203 1342 1275 1364 csset
1295 1336 1408 1364 fortasse
1428 1336 1591 1363 rationabilis
1606 1336 1654 1362 ista
1673 1335 1808 1370 inquisitio
1827 1344 1832 1361 :
1849 1335 1889 1362 sin

1099 1387 1186 1410 autem
1202 1382 1252 1410 hac
1264 1382 1380 1417 potentia
1395 1381 1511 1417 privatus
1525 1386 1625 1408 tantum
1640 1381 1800 1415 persuadere
1810 1385 1891 1415 atque

1100 1427 1207 1455 allicere
1220 1431 1317 1462 potest,
1330 1426 1400 1454 illius
1411 1435 1474 1454 vero
1486 1426 1617 1454 suasionis
1629 1426 1766 1454 illecebras
1779 1433 1891 1453 renuere

1101 1474 1127 1501 itt
1143 1473 1219 1501 ttobis
1232 1477 1290 1500 est:
1305 1481 1354 1500 cur
1368 1477 1394 1500 tu
1409 1471 1495 1500 meriti
1510 1477 1693 1507 argumentum
1710 1472 1780 1499 tollis
1790 1493 1797 1504 ,
1812 1479 1890 1499 coro-

1101 1527 1247 1554 narumque
1270 1519 1407 1546 materiam
1433 1518 1607 1553 pra‘scindis?
1627 1517 1666 1544 Ad
1690 1518 1747 1545 hare
1772 1518 1794 1544 si
1818 1518 1890 1544 illuttt

1101 1566 1189 1593 sciens
1209 1564 1265 1592 fore
1290 1563 1512 1599 insuperabilem,
1533 1568 1694 1598 cunctosque
1707 1563 1889 1594 devicturunt,

1102 1610 1137 1637 ita
1152 1610 1224 1637 illum
1242 1609 1387 1637 dimisisset
1407 1609 1492 1642 Deus,
1508 1617 1540 1636 ne
1556 1609 1593 1635 sic
1607 1608 1712 1643 quidem
1731 1608 1763 1635 de
1779 1608 1819 1635 his
1833 1616 1891 1635 nio-

1101 1655 1186 1684 vcnda
1207 1655 1318 1690 quaestio
1331 1659 1411 1681 esset.
1427 1654 1492 1681 Nam
1515 1659 1570 1681 tum
1584 1662 1688 1688 quoque
1700 1653 1768 1688 quod
1785 1654 1828 1680 ille
1842 1653 1891 1679 ub-

1104 1702 1216 1732 tincret,
1241 1699 1311 1735 qttod
1326 1700 1443 1726 vinceret
1466 1707 1517 1726 non
1539 1700 1718 1731 reluctantes,
1736 1698 1781 1725 scd
1798 1703 1892 1734 sponte

1103 1748 1152 1775 sibi
1166 1748 1291 1775 cedentes
1310 1753 1389 1781 atqtte
1403 1746 1606 1773 succttmbentes
1617 1767 1623 1778 ,
1646 1753 1659 1772 a
1684 1746 1759 1772 ttobis
1775 1745 1892 1780 profecto

1103 1798 1256 1822 manasset:
1272 1798 1453 1820 verumtamen
1469 1793 1509 1819 his
1523 1792 1567 1827 qtti
1590 1792 1692 1827 ingtate
1712 1800 1789 1827 agere
1803 1792 1893 1819 volunt

1103 1848 1136 1867 ne
1151 1840 1176 1867 id
1190 1839 1295 1874 quidem
1312 1838 1376 1867 satis
1391 1844 1470 1866 esset.
1487 1838 1561 1871 Quod
1577 1838 1598 1865 si
1620 1839 1723 1872 plurimi
1737 1838 1844 1872 quidem
1860 1837 1893 1864 il-

1103 1886 1154 1914 lius
1177 1886 1321 1920 potentiam
1346 1892 1377 1912 ac
1403 1884 1473 1912 vires
1497 1883 1632 1918 frangunt.
1656 1885 1804 1918 complures
1829 1884 1892 1911 item

1104 1930 1213 1966 posthac
1229 1930 1301 1956 illuni
1317 1930 1464 1964 superaturi
1476 1934 1553 1962 sunt,
1568 1929 1630 1965 quid
1644 1935 1669 1956 tit
1683 1929 1784 1956 futuros
1796 1929 1894 1964 proba-

1104 1977 1221 2004 tissimos
1236 1976 1436 2010 clarissimaque
1451 1975 1559 2003 victoria
1581 1976 1696 2011 insignes
1712 1980 1784 2002 tanto
1807 1976 1894 2008 privas

1105 2021 1225 2049 honore?
1239 2020 1338 2048 idcirco
1352 2022 1421 2048 enim
1437 2021 1509 2048 illutn
1521 2021 1637 2052 dimisit,
1654 2025 1683 2048 ut
1698 2028 1757 2048 eum
1769 2021 1895 2056 dejieiant

1105 2068 1149 2103 qui
1164 2068 1267 2095 fuerant
1281 2067 1314 2094 ab
1327 2075 1359 2094 eo
1373 2067 1445 2102 prius
1457 2067 1586 2101 superati,
1604 2067 1673 2102 quod
1694 2067 1731 2094 illi
1744 2067 1814 2094 omni
1830 2074 1894 2101 sup-

1105 2114 1184 2149 plicio
1199 2113 1303 2148 gravius
1317 2116 1367 2145 est,
1382 2112 1522 2146 ipsumque
1532 2111 1563 2138 ad
1575 2117 1720 2139 extremam
1732 2111 1895 2139 condemna-

1106 2160 1205 2187 tionem
1219 2158 1341 2186 deducet.
1356 2158 1391 2185 At
1401 2166 1452 2185 non
1464 2166 1566 2191 omnes,
1579 2159 1691 2193 inquies,
1703 2158 1775 2186 illum
1787 2166 1897 2193 supcra-

1107 2206 1156 2233 turi
1170 2210 1240 2232 sttnt.
1935 2237 1938 2239 _

1142 2251 1192 2278 (.‘ur
1208 2250 1276 2278 Deus
1290 2259 1303 2277 e
1317 2250 1398 2277 medio
1417 2250 1545 2277 diabolum
1558 2258 1608 2277 non
1621 2251 1757 2278 sustulerit.
1775 2267 1808 2271 —
1827 2251 1895 2285 Quid

1107 2296 1158 2323 hoc
1172 2296 1205 2323 ad
1219 2295 1296 2323 rem?
1309 2295 1431 2322 Profecto
1446 2296 1516 2323 enim
1537 2295 1619 2322 ntulto
1639 2296 1838 2323 cunvenientius
1856 2302 1897 2324 est

1105 2341 1183 2376 justis
1216 2342 1371 2369 occisiones
1397 2341 1578 2375 suppeditari,
1611 2342 1706 2376 quibus
1734 2342 1895 2369 voluntatctn

1108 2387 1250 2416 Ostendant
1263 2395 1348 2420 suam,
1363 2395 1408 2415 eos
1421 2395 1483 2415 vero
1497 2388 1540 2422 qui
1557 2396 1608 2414 non
1623 2393 1685 2414 suttt
1699 2387 1848 2423 hnjustnodi
1865 2397 1897 2416 cx

1109 2435 1214 2470 propria
1230 2434 1316 2468 pttttiri
1340 2433 1515 2468 negligentia,
1531 2441 1608 2468 quam
1624 2434 1732 2460 istorutn
1748 2441 1825 2461 causa
1847 2434 1898 2461 illis

1111 2481 1188 2507 etiam
1202 2479 1327 2506 damnum
1342 2478 1439 2505 afferri.
1456 2479 1521 2505 Nam
1540 2477 1618 2505 modo
1638 2479 1659 2505 is
1672 2479 1716 2513 qtti
1740 2479 1824 2506 tnalns
1839 2483 1897 2512 est,

1110 2525 1132 2552 si
1147 2525 1268 2555 lil‘dltllﬂ',
1286 2531 1337 2551 non
1349 2524 1492 2551 adversarii
1508 2524 1615 2554 viribus,
1628 2524 1674 2550 scd
1687 2532 1734 2551 suo
1747 2525 1834 2558 potius
1845 2530 1897 2551 tor-

1110 2579 1174 2605 pore
1189 2575 1328 2604 superatur
1350 2579 1355 2596 :
1380 2570 1450 2604 qttod
1475 2570 1573 2596 ittdicat
1595 2571 1722 2597 victurum
1748 2570 1898 2597 multitudo.

1111 2616 1185 2643 Tunc
1200 2624 1262 2643 vero
1278 2615 1352 2650 probi
1375 2615 1473 2649 quique
1496 2615 1674 2649 improborum
1695 2623 1772 2642 causa
1797 2617 1898 2642 tneritis

1111 2660 1256 2687 itonoribus
1273 2659 1388 2687 fraudati
1408 2658 1534 2691 fuissent.
1558 2667 1610 2686 non
1631 2660 1771 2692 habentes,
1794 2660 1898 2686 illorttm

1112 2707 1199 2740 culpa,
1214 2705 1258 2732 ubi
1274 2706 1342 2733 vires
1353 2710 1509 2732 exercerent
1522 2713 1599 2737 suas;
1613 2706 1693 2732 veluti
1705 2706 1726 2732 si
1740 2705 1899 2740 agoucthota

1112 2752 1171 2786 quis
1185 2751 1297 2777 athletas
1311 2750 1378 2777 duos
1391 2756 1494 2783 ttactus,
1506 2750 1617 2777 alterum
1633 2750 1737 2785 quidem
1748 2742 1901 2778 adversario

1113 2796 1236 2831 congredi
1250 2799 1378 2830 paratum,
1392 2803 1552 2830 omnemque
1565 2795 1733 2822 tolerantiam
1747 2796 1898 2825 osmndcre.

1115 2850 1292 2877 ceronamquc
1306 2850 1338 2870 cx
1351 2842 1494 2871 certamine
1506 2842 1621 2876 referre,
1637 2842 1748 2870 alterum
1764 2842 1847 2869 labori
1864 2843 1900 2870 illi
