2076 3122
231 169 284 200 433

228 234 255 256 et
269 235 395 255 mrumna‘.
407 227 492 256 otium
504 224 665 263 deliciaSque
679 228 875 263 prmferentem,
892 227 1018 255 adversa-

228 275 268 302 rio
282 275 315 302 de
328 275 417 302 medio
437 275 558 308 sublato,
572 276 665 303 ambos
678 283 708 303 re
726 267 822 303 infecta
836 275 962 304 dimittat.
975 275 1020 303 Sic

227 320 297 347 enim
321 324 446 347 strenuus
469 320 514 348 ille
534 325 642 355 propter
663 321 773 348 alterius
793 320 923 356 ignaviam
946 320 1019 355 gravi

226 366 325 393 damno
345 367 455 394 affectus
467 372 555 400 esset;
577 367 687 402 ignavus
707 371 864 395 autemnon
883 366 1018 394 fortissimi

226 412 291 439 socii
306 419 386 440 causa
401 413 487 440 malus
501 417 588 446 esset,
609 421 700 440 verum
720 414 754 441 ob
768 414 915 441 socordiam
931 421 1016 441 suam.

225 459 277 486 Sed
296 459 366 487 enim
386 459 443 487 haec
456 460 565 487 istorum
584 460 705 495 quaestio,
721 468 782 487 cum
794 460 826 487 de
840 460 944 487 diabolo
960 459 1017 494 agi-

227 505 276 532 tari
292 505 423 538 videatur,
438 506 460 532 si
475 513 524 532 suo
538 505 632 533 ordine
646 505 789 540 procedat,
804 506 923 540 plurimis
936 506 962 532 in
976 513 1018 532 re-

226 551 275 578 bus
290 551 335 578 Dci
356 550 548 585 providentiam
571 550 724 584 insimulat,
745 555 920 585 cunctamque
939 550 1018 577 simul

225 601 375 624 creaturam
403 596 527 624 traducit.
551 596 672 632 Namque
697 597 751 625 oris
776 603 855 632 atque
879 597 1017 625 oculorum

225 643 387 670 creationem
406 643 556 670 incusabit:
572 644 670 679 quippe
682 651 742 670 cum
764 651 811 678 per
829 643 887 670 hzec
906 650 1018 678 qumque

227 688 316 715 illicita
331 688 536 723 concupiscant,
561 694 641 723 atque
661 688 687 716 in
711 688 870 716 adulterium
893 693 1040 716 corruant-

226 734 348 769 plurimi;
363 742 410 768 per
424 735 475 762 hoc
487 739 574 762 autem
589 735 774 770 blasphement
786 735 847 767 alii,
863 739 942 769 atque
955 742 1016 769 per-

226 781 324 807 niciosa
340 780 462 816 dogmata
480 781 624 816 proferant.
647 781 715 809 Num
730 789 794 816 ergo
816 782 873 809 sine
893 782 977 809 oculis
991 785 1018 808 et

227 827 313 863 lingua
327 828 387 856 ideo
407 827 554 856 debuerunt
575 828 697 855 homines
720 828 796 855 fieri?
811 828 894 855 Pedes
913 835 1017 863 quoque

226 874 392 907 abscindere,
404 878 431 901 et
441 879 576 909 amputare
588 882 682 901 manus
694 881 803 901 necesse
816 874 876 906 erit,
889 881 948 901 cum
960 874 1016 901 istze

226 920 311 956 plenae
324 921 376 948 sint
390 920 528 955 sanguine,
544 920 581 947 illi
595 927 658 947 vero
670 920 703 947 ad
719 919 816 947 malum
831 923 948 947 currant.
961 919 1017 947 Nec

226 966 290 1000 ipsae
305 966 410 1001 quidem
425 973 503 993 aures
521 965 711 992 immanitatem
728 965 797 992 hanc
810 965 926 1000 effugere
940 968 1015 999 pote-

226 1015 305 1038 runt:
320 1019 379 1038 nam
394 1011 479 1038 inania
493 1011 650 1046 percipiunt,
662 1015 688 1038 et
701 1011 897 1046 corruptionem
908 1010 1016 1045 dogma-

226 1062 280 1084 tum
300 1057 333 1085 ad
354 1058 470 1084 animam
488 1058 596 1084 mittunt
611 1066 618 1083 :
635 1058 724 1092 itaque
744 1062 771 1085 et
793 1058 850 1085 ista:
865 1057 1016 1085 auferendae

186 1101 191 1104 ’
225 1108 312 1131 erunt.
328 1103 404 1137 Quod
417 1103 440 1130 si
457 1103 593 1136 dabimus,
608 1103 681 1131 cibos
695 1111 801 1139 quoque
813 1111 845 1130 ac
858 1108 952 1138 potus,
964 1110 1015 1130 caa-

225 1149 279 1176 lum
290 1170 297 1182 ,
313 1153 427 1180 terram,
449 1156 537 1180 mare,
561 1148 660 1181 solem,
676 1149 760 1176 lucem
772 1168 780 1182 ,
803 1149 909 1182 lunam,
926 1148 1016 1176 stella—

225 1202 338 1230 rumque
357 1197 483 1227 chorum,
499 1199 577 1229 atque
591 1194 710 1221 omnium
731 1194 903 1221 animantium
918 1201 1014 1229 genera

225 1241 349 1268 tollamus
364 1248 474 1268 necesse
486 1241 546 1267 erit.
562 1240 602 1267 Ad
618 1240 680 1275 quid
691 1241 740 1268 ista
754 1240 824 1268 enim
836 1240 923 1267 omnia
936 1244 1015 1267 erunt

224 1287 390 1319 necessaria,
404 1294 464 1314 cum
481 1286 504 1313 is
516 1286 592 1320 cujus
604 1293 684 1313 causa
698 1286 765 1313 facta
780 1289 842 1313 sunt
855 1285 922 1312 adeo
935 1285 1016 1312 mise-

224 1333 343 1360 rabiliter
358 1337 467 1360 truncus
478 1332 581 1367 jaceat?
595 1331 710 1359 Videsne
722 1331 767 1367 qui
783 1332 861 1363 risus,
877 1338 936 1366 qua:
948 1330 1015 1358 deli-

223 1382 342 1405 ramenta
362 1378 493 1405 rationem
509 1378 587 1405 istam
610 1378 760 1405 necessario
774 1376 938 1412 sequantur?
951 1376 1014 1404 Dia-

223 1424 298 1452 bolus
312 1432 407 1459 nempe
421 1423 470 1451 sibi
485 1424 544 1458 ipsi,
561 1431 612 1451 non
627 1423 703 1451 nobis
717 1428 759 1451 est
770 1423 865 1451 malus.
879 1422 932 1450 Nos
942 1422 1014 1450 enim

222 1469 244 1496 si
256 1469 378 1502 velimus,
393 1469 468 1504 plura
481 1469 560 1496 etiam
571 1469 710 1496 commoda
722 1476 770 1504 per
781 1469 854 1496 illum
867 1475 1014 1503 conseque-

222 1523 290 1548 mur,
305 1515 350 1543 illo
365 1515 444 1543 etiam
458 1515 540 1542 invito
552 1523 583 1542 ac
595 1519 724 1542 renuente
736 1523 743 1541 :
758 1513 827 1550 quod
840 1518 882 1541 est
893 1514 1013 1549 profecto

222 1561 342 1589 mirabile
352 1582 360 1595 ,
377 1565 404 1588 et
418 1561 443 1588 in
463 1561 514 1588 hoc
526 1560 624 1588 divinrc
638 1561 764 1588 bonitatis
779 1560 933 1595 magnitudo
947 1567 1013 1587 con-

221 1607 340 1641 spicitur.
359 1606 425 1634 Nam
439 1607 460 1633 si
483 1614 543 1634 cum
567 1606 692 1634 meliores
706 1606 846 1637 efficimur,
861 1605 965 1633 mordet
986 1605 1012 1633 id

221 1652 328 1687 quidem
340 1660 371 1680 ac
384 1660 431 1687 per
446 1660 475 1680 se
488 1653 575 1680 solum
589 1653 724 1680 excruciat
736 1652 870 1680 diabolum
884 1662 890 1679 :
906 1652 1012 1687 quando

222 1697 273 1725 hoc
292 1698 377 1733 ipsum
395 1705 442 1733 per
461 1705 523 1725 eum
546 1697 622 1725 nobis
644 1697 838 1733 suppeditatur,
859 1697 910 1725 hoc
928 1698 1012 1725 detri-

222 1748 340 1771 mentum
360 1743 430 1770 ferre
450 1750 502 1771 non
522 1747 619 1778 potest.
641 1742 780 1776 Quomodo
801 1748 890 1771 autem
912 1751 945 1771 ex
966 1743 1012 1771 illo

222 1789 394 1823 proﬁcimus?
415 1789 480 1816 Dum
507 1788 576 1816 illius
601 1789 795 1817 immanitatem
819 1793 1012 1824 perpetuasque

221 1835 330 1862 insidias
342 1842 374 1862 ac
388 1835 493 1862 fraudes
504 1835 591 1862 varias
601 1835 707 1862 solliciti
723 1835 875 1868 metuimus,
888 1843 1011 1862 somnum

222 1881 392 1908 immodicum
414 1881 595 1916 cxcludimus,
608 1881 764 1916 vigilamus,
785 1888 943 1916 semperque
958 1881 1011 1908 Do-

221 1927 285 1954 mini
298 1927 505 1954 reminiscimur.
525 1926 600 1961 Quod
615 1931 704 1954 autem
719 1926 776 1963 hmo
795 1934 853 1954 mea
868 1934 920 1954 non
942 1926 1009 1959 sint,

220 1974 267 2001 sed
282 1974 352 2001 beati
368 1974 457 2006 Pauli,
473 1974 559 2008 ipsum
572 1973 644 2005 audi,
660 1973 761 2001 eisdem
777 1973 832 2001 fere
842 1973 931 2001 verbis
944 1974 1009 2002 [ide-

221 2020 259 2048 !es
267 2020 431 2048 dormientes
440 2021 609 2048 excitantem.
618 2020 684 2047 Nam
699 2019 822 2055 Ephesiis
835 2028 895 2048 cum
908 2020 1010 2048 scribe-

220 2071 270 2100 ret,
286 2066 324 2093 sic
337 2067 392 2094 ait:
408 2065 469 2093 Non
484 2071 520 2093 est
533 2066 604 2093 nobis
618 2065 763 2093 colluctatio
777 2067 895 2093 adversus
910 2074 1011 2093 carnem

221 2116 242 2138 et
261 2113 426 2148 sanguinem,
449 2112 493 2139 sed
514 2112 634 2139 adversus
656 2113 812 2148 principatus
824 2117 847 2139 et
861 2116 1009 2147 potestates,

221 2157 338 2185 adversus
352 2158 439 2185 mundi
451 2163 559 2185 rectores
574 2158 729 2185 tenebrarum
745 2158 821 2193 hujus
840 2158 925 2185 saeculi
935 2178 942 2190 ,
964 2158 1012 2184 ad-

221 2211 305 2232 versus
319 2204 463 2239 spititualia
477 2204 592 2240 nequitia:
605 2204 631 2231 in
644 2204 781 2231 caelestibus
795 2203 902 2239 (Ep/tes.
914 2203 940 2231 6.
953 2203 1009 2239 12).

222 2250 282 2278 [hec
294 2255 382 2278 autem
397 2259 457 2278 cum
473 2251 590 2283 diceret,
607 2259 660 2277 non
670 2250 785 2285 dejicere
800 2250 923 2278 studebat
934 2250 1010 2277 audi-

223 2302 308 2324 torum
327 2297 447 2329 animos,
462 2297 509 2324 sed
523 2298 609 2332 potius
624 2297 736 2332 erigere.
754 2297 845 2324 Petrus
857 2296 918 2324 item
934 2305 940 2323 :
958 2297 1010 2324 So-

220 2342 268 2369 ln'ii
289 2346 401 2379 estote‘et
414 2343 529 2378 vigilate,
551 2343 611 2378 quia
626 2343 783 2369 adversarius
803 2347 881 2369 vester
896 2341 1010 2369 diabolus

221 2394 347 2424 tamquam
367 2389 406 2416 leo
421 2389 522 2424 rugiens
545 2389 632 2416 circuit
654 2397 767 2424 quaerens
791 2398 864 2425 quem
889 2389 1010 2416 devoret:

220 2436 260 2462 cui
278 2435 384 2463 resistite
404 2437 480 2470 forte;
495 2435 521 2462 in
541 2435 590 2466 ﬁde
612 2435 648 2469 (1.
664 2434 734 2462 Petr.
756 2436 782 2463 5.
797 2435 837 2470 8).
853 2435 907 2462 lloc
922 2439 1010 2462 autem

220 2481 286 2509 dixit
300 2485 328 2508 ut
348 2489 397 2509 nos
416 2481 540 2508 fortiores
553 2481 688 2514 efﬁceret,
712 2485 738 2508 et
758 2481 791 2508 ad
807 2482 934 2515 majorem
951 2488 1010 2508 cmn

222 2528 275 2555 Deo
287 2527 494 2555 familiaritatem
510 2527 656 2555 induceret.
667 2527 717 2561 Qui
730 2527 800 2554 enim
811 2527 950 2554 immittere
961 2527 1010 2554 sibi

220 2575 306 2601 cernit
321 2574 472 2607 inimicum,
489 2573 584 2608 majori
606 2574 637 2600 ad
655 2573 728 2600 illum
742 2574 825 2600 currit
838 2573 982 2606 desiderio,
996 2581 1011 2600 a

220 2628 274 2655 quo
286 2619 393 2648 defendi
407 2620 499 2655 possit.
517 2619 554 2647 Ita
570 2619 626 2647 fere
641 2619 754 2647 infantes
768 2619 860 2654 pueri,
875 2627 934 2646 cum
949 2618 1012 2654 quid

221 2667 385 2695 horrendum
398 2667 530 2700 viderint,
553 2667 586 2694 ad
608 2671 721 2694 matrum
744 2668 817 2694 sinus
838 2667 957 2702 protinus
973 2667 1014 2694 fu-

221 2713 314 2748 giunt,
337 2713 496 2748 illarumque
511 2713 657 2748 pendentes
675 2713 791 2740 vestibus
805 2713 843 2740 eis
856 2721 886 2740 se
908 2718 1013 2741 tuentur

220 2768 253 2787 ac
266 2763 416 2795 protegunt,
431 2764 510 2795 alque
524 2759 558 2786 ita
572 2764 600 2786 ut
613 2759 710 2793 saepius
723 2760 919 2787 retrahentibus
933 2759 1014 2794 pluri-

223 2807 274 2834 mis
295 2806 356 2833 inde
379 2806 456 2834 avelli
479 2814 531 2833 non
554 2806 666 2840 possint.
688 2807 722 2832 At
744 2813 807 2832 vero
821 2805 925 2840 quando
948 2805 1012 2832 nihil

221 2852 354 2888 ejusmodi
373 2852 526 2888 perturbat,
541 2860 574 2878 ne
587 2856 712 2879 vocantes
726 2851 832 2886 quidem
854 2851 911 2878 illas
930 2858 1014 2878 exauo

222 2898 317 2932 diunt,
339 2905 425 2933 neque
446 2897 513 2924 trahi
527 2897 662 2931 patiuntur
681 2905 689 2923 :
713 2898 767 2925 imo
787 2898 952 2932 appellantes
970 2905 1013 2926 re-

391 2951 521 2981 Pn‘not.
545 2951 603 2981 Gn.
626 2949 648 2979 Χ
657 2950 746 2980 υνΊΙ.

674 170 717 199 ΑΒ
735 169 921 199 STAGlRIUM
942 170 961 198 Λ
982 168 1132 198 DEMONE
1153 171 1329 200 V‘EXATUM.
1349 172 1414 201 LIB.
1430 173 1450 202 Ι.

1807 178 1860 206 4,δῦ

1072 232 1180 262 spuunt,
1196 233 1297 257 etcum
1318 229 1432 265 plurima
1445 231 1497 259 illa:
1511 231 1662 266 moliantur,
1679 237 1707 260 ut
1728 233 1761 261 ad
1772 241 1802 262 se
1814 241 1861 262 cOs

1072 274 1243 308 pertrahant,
1272 283 1378 311 semper
1403 285 1448 305 cas
1472 283 1638 313 aversantur,
1661 279 1863 316 appositumque

1073 327 1193 348 mensam
1207 321 1366 356 despiciunt.
1380 323 1510 356 Quocirca
1524 329 1638 352 matrum
1654 325 1786 360 plurimae,
1800 334 1860 354 cum

1071 366 1136 392 nihil
1147 366 1312 395 obsecrando
1323 369 1451 403 proficere
1462 377 1491 397 se
1501 370 1625 404 viderint,
1638 371 1723 399 larvas
1733 373 1860 407 quasdam

1072 412 1243 448 horrorisque
1256 414 1379 449 ﬁgmenta
1396 421 1503 451 parant,
1525 422 1605 453 atque
1618 417 1677 446 illos
1697 419 1805 447 demum
1828 421 1861 448 ad

1072 458 1185 486 reditum
1208 460 1363 495 impellunt,
1382 463 1595 499 persuadentque
1607 465 1639 492 ad
1659 472 1689 492 se
1711 465 1806 493 iterum
1821 474 1850 494 re

1071 511 1189 532 currere.
1204 502 1260 532 Hoc
1271 510 1359 533 autem
1374 515 1426 534 non
1442 507 1467 534 in
1481 509 1544 536 solis
1559 510 1648 544 pueris
1662 511 1801 546 contingit,
1815 512 1861 539 sed

1070 548 1150 575 etiam
1170 549 1196 576 in
1210 550 1295 577 nobis.
1310 550 1422 583 Quando
1441 553 1511 579 enim
1532 554 1663 589 malignus
1675 555 1718 582 illc
1731 560 1863 590 perterret

1071 598 1204 627 nosatque
1212 595 1359 629 perturbat,
1369 601 1430 623 tunc
1439 596 1505 632 frugi
1516 598 1654 632 cfticiumr,
1664 604 1726 627 tunc
1735 607 1783 628 nos
1790 601 1863 636 ipsos

1071 641 1240 674 agnoscimus
1251 662 1258 675 ,
1275 647 1337 669 tunc
1352 643 1386 669 ad
1402 643 1485 670 Deum
1499 644 1571 671 omni
1585 645 1673 672 studio
1688 646 1861 674 rccurrimus.

1070 684 1145 719 Quod
1151 686 1173 713 si
1182 686 1286 715 deletus
1293 688 1326 715 ab
1338 687 1412 715 initio
1420 696 1532 724 nequam
1541 689 1584 717 ille
1590 689 1684 718 fuisset
1692 695 1771 726 atque
1779 692 1862 719 subla-

1071 733 1236 766 tusemedio,
1246 733 1357 761 fortasse
1363 742 1412 762 nec
1420 735 1552 769 pratterita
1558 736 1733 764 credidissent
1739 737 1859 771 plurimi:

1071 782 1133 812 puta
1147 778 1219 813 quod
1234 779 1368 807 hominem
1382 779 1532 815 fefellisset,
1547 781 1617 816 quod
1632 782 1708 809 banis
1721 782 1772 809 illis
1785 782 1863 810 innu-

1071 824 1152 851 meris
1168 833 1228 852 eum
1242 825 1383 861 ejecisset,
1408 827 1544 862 Deumque
1558 828 1608 856 hoc
1629 828 1725 856 invidia
1741 834 1767 856 et
1780 829 1862 856 livore

1069 874 1232 897 commotum
1257 871 1352 899 fecisse
1373 872 1577 900 arbitrarentur.
1604 873 1716 906 Quando
1737 874 1807 901 enim
1829 882 1862 901 ne

1069 916 1150 943 modo
1164 916 1271 952 quidem
1284 917 1391 950 desunt,
1405 919 1448 953 qui
1460 923 1520 953 post
1535 924 1605 946 tanta
1618 919 1687 947 illius
1699 919 1862 947 seduCIiouis

1070 961 1167 989 indicia
1190 963 1217 989 id
1241 962 1341 990 audent
1363 963 1471 991 dicere:
1488 965 1510 991 si
1527 972 1579 991 non
1603 965 1674 992 illius
1689 965 1814 1000 nequitia:
1835 970 1862 993 et

1068 1013 1142 1035 astus
1164 1009 1347 1044 experimenta
1377 1011 1526 1045 cepissent,
1552 1011 1614 1046 quid
1642 1019 1693 1039 non
1714 1012 1860 1044 dixissent,

1069 1054 1133 1089 quid
1149 1061 1200 1081 non
1221 1055 1358 1090 obloquuti
1382 1055 1513 1084 fuissent?
1532 1056 1608 1091 Quod
1622 1057 1645 1084 si
1665 1058 1806 1093 diligenter
1820 1057 1862 1085 his

1068 1108 1127 1134 qua
1140 1101 1206 1128 fiunt
1215 1101 1331 1129 animum
1347 1103 1485 1131 intendere
1496 1103 1620 1135 velimus,
1635 1103 1800 1131 inveniemus
1811 1104 1861 1131 mi-

1069 1146 1141 1173 nime
1162 1146 1194 1174 ad
1209 1148 1298 1174 omnia
1323 1155 1371 1175 nos
1391 1148 1526 1176 diabolum
1550 1149 1705 1184 impellere,
1730 1149 1778 1177 sed
1800 1156 1860 1177 cum

1068 1193 1242 1228 plurimorum
1267 1195 1311 1223 ille
1330 1195 1407 1223 nobis
1427 1196 1547 1231 lapsuum
1571 1197 1606 1224 sit
1627 1201 1729 1229 auctor,
1746 1197 1859 1232 plurima

1068 1239 1131 1267 item
1153 1242 1330 1275 nosmetipsos
1354 1249 1401 1276 per
1421 1248 1539 1269 nostram
1554 1243 1644 1275 solam,
1661 1243 1809 1270 socordiam
1829 1251 1861 1270 ac

1068 1285 1256 1321 negligentiam
1279 1287 1342 1321 pati.
1358 1287 1407 1314 Ubi
1430 1288 1520 1320 enim,
1542 1291 1570 1314 ut
1592 1287 1625 1314 ad
1642 1288 1728 1322 priora
1743 1293 1861 1316 reverta-

1067 1338 1138 1364 mur,
1152 1331 1184 1358 ad
1198 1331 1261 1359 Cain
1275 1331 1409 1359 diabolum
1423 1332 1581 1366 accessisse,
1594 1333 1793 1368 fraternamque
1805 1341 1858 1360 ca:-

1067 1376 1129 1403 dem
1148 1377 1313 1412 suggessisse
1337 1377 1467 1412 legimus?
1480 1377 1547 1405 Nam
1568 1378 1645 1405 matri
1660 1377 1767 1413 quidem
1789 1378 1861 1406 illius

1068 1422 1140 1449 visus
1154 1426 1196 1450 est
1206 1423 1318 1458 loquens
1329 1422 1502 1458 fraudemque
1513 1423 1686 1456 concinnatis,
1701 1423 1762 1451 huic
1772 1429 1859 1451 autem

1067 1469 1186 1500 minime,
1202 1469 1252 1496 nisi
1267 1469 1334 1496 forte
1346 1469 1477 1504 quispiam
1501 1469 1584 1496 malas
1599 1469 1672 1497 illum
1687 1470 1860 1505 cogitationes

1066 1515 1139 1543 dicat
1152 1516 1312 1548 tramisisse;
1327 1516 1353 1544 id
1366 1521 1454 1544 tamen
1467 1520 1550 1543 totum
1564 1516 1637 1543 illius
1646 1517 1724 1551 culpa
1737 1516 1857 1552 contigit,

1066 1561 1111 1596 qui
1127 1566 1312 1596 suggerentem
1327 1561 1451 1595 admisit,
1472 1561 1562 1597 illique
1576 1561 1677 1596 paruit,
1693 1567 1772 1597 atque
1786 1562 1858 1597 prin-

1066 1607 1164 1641 eipium
1191 1607 1231 1634 sul
1261 1606 1402 1634 invadendi
1438 1607 1569 1642 praestitit.
1596 1607 1721 1636 Attamen
1748 1615 1797 1636 uec
1820 1608 1859 1636 sic

1066 1652 1140 1679 illum
1160 1652 1261 1679 dimisit
1280 1653 1365 1686 Deus,
1385 1661 1477 1680 verum
1499 1661 1530 1680 ex
1549 1653 1598 1687 iis,
1618 1661 1666 1688 per
1682 1661 1742 1689 qua:
1764 1654 1859 1688 punire

1065 1697 1213 1731 videbatur,
1223 1697 1367 1725 admonere
1382 1698 1467 1733 potius
1476 1703 1555 1734 atque
1565 1699 1700 1734 corripere
1709 1707 1760 1727 non
1768 1700 1856 1727 desiit.

1100 1743 1143 1770 Ex
1153 1744 1258 1771 historia
1268 1744 1356 1771 diluvii
1367 1744 1548 1779 prouidentiam
1561 1744 1612 1772 Dei
1621 1746 1739 1774 ostendit.
1748 1746 1857 1781 —Quitl

1065 1794 1152 1817 autem
1164 1789 1229 1816 Cain
1243 1789 1290 1816 viri
1302 1790 1379 1817 unius
1392 1790 1549 1824 supplicium
1560 1790 1631 1824 dico,
1643 1791 1856 1826 quandoquidem

1065 1835 1145 1863 etiam
1157 1835 1296 1868 diluvium,
1310 1836 1335 1862 in
1347 1843 1398 1871 quo
1410 1840 1448 1863 tot
1461 1836 1567 1871 periere
1578 1836 1638 1870 viri,
1653 1836 1699 1864 Dei
1710 1837 1786 1865 nobis
1797 1845 1859 1872 pro-

1067 1881 1210 1908 videntiam
1224 1882 1393 1916 apertissime
1405 1886 1492 1917 potest
1502 1889 1622 1910 asserere
1632 1882 1644 1909 ?
1654 1882 1770 1909 Primum
1787 1883 1857 1911 enim

1066 1935 1118 1955 non
1134 1931 1234 1955 temere
1250 1935 1335 1963 neque
1346 1928 1479 1962 insperate
1492 1927 1643 1963 huiusmodi
1656 1928 1725 1955 mala
1739 1928 1855 1960 induxit,

1066 1973 1112 2001 sed
1126 1974 1183 2001 fore
1196 1973 1335 2008 prtedixit:
1352 1973 1431 2008 idque
1445 1980 1497 2001 non
1508 1978 1570 2001 ante
1583 1973 1663 2001 breve
1679 1979 1792 2008 tempus.
1809 1974 1856 2002 scd

1064 2012 1249 2047 ante’centum
1264 2024 1292 2047 et
1305 2019 1396 2054 viginti
1411 2026 1505 2047 annos.
1529 2019 1596 2046 Tum
1609 2027 1683 2052 vero,
1704 2027 1738 2047 ne
1749 2027 1782 2047 ex
1798 2019 1855 2047 lou-

1064 2066 1182 2102 gitudine
1198 2065 1376 2100 praedictionis
1397 2066 1424 2093 in
1438 2065 1598 2093 oblivionem
1614 2073 1646 2093 ac
1668 2066 1856 2102 negligentiam

1064 2113 1234 2144 inciderent,
1256 2111 1381 2139 aediﬁcari
1395 2119 1485 2139 arcam
1501 2112 1528 2138 in
1542 2112 1627 2139 oculis
1646 2113 1765 2139 omnium
1787 2120 1856 2146 pra--

1063 2158 1151 2193 cepit,
1172 2165 1238 2185 voce
1253 2157 1325 2185 omni
1339 2157 1437 2184 clarius
1456 2157 1632 2191 clamantem,
1651 2157 1752 2193 Deique
1767 2158 1854 2186 minas

1064 2203 1188 2231 omnibus
1204 2203 1417 2231 anmmtiantem.
1433 2203 1498 2231 Cain
1511 2203 1610 2238 quippe
1624 2203 1761 2231 hominum
1777 2212 1854 2232 men-

1066 2251 1135 2278 tibus
1149 2250 1304 2282 exciderat;
1321 2250 1364 2277 illa
1381 2257 1443 2277 vero
1453 2255 1514 2277 ante
1528 2250 1647 2277 omnium
1661 2250 1754 2278 oculos
1768 2251 1854 2285 posita

1063 2297 1161 2333 jugiter
1181 2297 1377 2324 imminentium
1391 2296 1441 2324 sibi
1457 2297 1586 2324 malorum
1599 2296 1660 2324 illos
1672 2296 1850 2325 admonebat:

1065 2352 1113 2372 nec
1128 2344 1166 2372 sic
1186 2348 1273 2371 tamen
1287 2344 1324 2371 illi
1340 2343 1472 2371 emendati
1493 2347 1563 2375 sunt,
1578 2343 1623 2370 sed
1637 2343 1662 2370 in
1677 2344 1746 2370 vitiis
1760 2351 1851 2378 perse-

1064 2396 1234 2423 veravcrunt,
1254 2390 1381 2425 supplicia
1393 2389 1509 2424 sibiipsis
1520 2389 1717 2417 consciscentes
1727 2393 1806 2424 atque
1817 2394 1857 2416 at-

1066 2437 1212 2464 trahentes.
1229 2436 1298 2463 Deus
1316 2435 1386 2462 enim
1401 2435 1526 2462 diluvium
1541 2434 1626 2468 ipsum
1645 2442 1731 2469 neque
1746 2435 1857 2462 commi-

1065 2482 1122 2509 nari
1138 2503 1144 2515 ,
1161 2489 1246 2516 neque
1269 2480 1368 2508 inferre
1389 2480 1527 2513 voluisset,
1547 2480 1623 2506 sicuti
1645 2487 1694 2507 nec
1707 2480 1855 2515 gehennam

1065 2529 1161 2564 ipsam.
1177 2528 1275 2556 Verum
1291 2527 1409 2554 omnium
1434 2534 1483 2553 nos
1496 2526 1546 2561 ipsi
1567 2526 1644 2554 nobis
1657 2534 1736 2555 causa
1751 2535 1857 2556 sumus:

1065 2574 1136 2609 quod
1156 2581 1215 2600 cum
1235 2572 1447 2607 sapientissimus
1469 2571 1576 2606 quidam
1596 2571 1717 2605 videret,
1734 2572 1856 2600 dicebat:

1066 2619 1135 2646 Deus
1149 2623 1253 2646 mortem
1267 2626 1316 2644 non
1331 2617 1399 2652 fecit,
1414 2625 1458 2643 nec
1471 2617 1571 2643 [tutatur
1581 2617 1606 2643 in
1623 2618 1761 2652 perditione
1775 2619 1858 2645 viren-

1066 2666 1129 2692 tium
1149 2664 1234 2698 (Sap.
1250 2664 1275 2690 l.
1292 2662 1353 2697 15).
1371 2663 1408 2689 Ac
1421 2663 1491 2689 Deus
1507 2662 1564 2696 ipse
1577 2670 1625 2697 per
1640 2663 1794 2697 prophetam
1810 2664 1857 2690 ait:

1067 2710 1137 2738 Nola
1157 2715 1262 2736 mortem
1285 2708 1422 2743 peccatoris
1435 2728 1441 2739 ,
1459 2707 1502 2734 sed
1523 2712 1550 2734 ut
1575 2713 1735 2735 convertatur
1748 2713 1771 2734 et
1794 2709 1857 2736 vivat

1067 2756 1187 2793 (Ezech.
1218 2755 1261 2783 18.
1286 2754 1349 2790 25).
1368 2754 1403 2781 At
1423 2761 1487 2781 vero
1511 2762 1560 2780 nos
1581 2754 1632 2780 nisi
1655 2760 1857 2786 convertamur.

1068 2803 1264 2831 damnationem
1288 2801 1366 2828 nobis
1388 2801 1452 2836 ipsis
1466 2800 1535 2827 ultro
1552 2803 1719 2835 mortemque
1737 2801 1860 2835 congeri-

1068 2857 1137 2882 mus,
1155 2856 1206 2875 non
1223 2848 1292 2875 Deus
1302 2847 1349 2882 qui
1366 2854 1414 2873 nos
1429 2846 1516 2881 perire
1529 2846 1660 2879 noluerat,
1677 2845 1775 2881 quippe
1790 2846 1859 2874 viam

1069 2894 1212 2931 effugiendi
1226 2893 1303 2921 nobis
1322 2892 1487 2921 ostenderat.
1510 2891 1615 2927 Ergone
1629 2891 1653 2918 id
1674 2891 1760 2920 solum
1777 2891 1859 2919 habe.

1658 2939 1695 2969 23
