2076 3122
227 147 279 174 ῑῖἤὲε

227 219 298 245 nuis,
312 211 382 246 quod
401 210 433 238 de
448 208 548 236 diluvio
568 207 656 235 dicere
672 206 817 241 possimus,
839 203 964 239 nullaque
977 211 1009 231 ex

227 265 259 284 eo
275 256 403 291 prodiissc
413 255 590 282 emolumenta
605 251 743 279 dicemus?
758 250 812 277 Dici
827 249 945 286 profecto
959 256 1012 276 non

227 305 314 337 potest
333 305 460 336 quantum
476 298 594 326 utilitatis
615 301 643 325 et
664 297 696 324 iis
709 297 754 332 qui
773 296 818 323 illa
842 295 1013 323 inundatione

228 347 329 381 periere
338 367 345 378 ,
359 351 385 372 et
398 344 502 372 caeteris
515 344 559 378 qui
572 347 662 378 postea
673 342 746 369 luere
756 362 762 374 ,
778 341 838 368 inde
851 340 1011 380 provenerit.

226 391 266 418 llli
289 391 359 417 enim
383 390 493 416 ulterius
512 389 538 416 in
549 388 619 415 vitiis
638 395 671 415 ae
687 387 792 422 ﬂagitiis
812 386 934 421 progredi
953 393 1013 420 per-

227 437 300 464 missi
315 444 367 463 non
381 436 503 467 fuerunt;
518 436 561 470 qui
577 441 662 462 alitem
677 438 736 469 post
748 434 808 461 illos
823 433 926 468 sequuti
940 437 1011 465 sunt,

225 481 326 516 majora
339 489 419 516 quam
444 481 480 507 illi
496 481 568 507 lucra
581 480 747 513 retulerunt,
773 479 922 511 fermento,
937 483 966 505 ut
978 479 1013 505 ita

226 526 349 557 dixerim.
363 526 530 560 materiaque
546 525 675 552 malorum
691 532 706 552 e
733 524 822 552 medio
842 524 952 551 sublatis
964 531 1012 550 ex-

227 571 384 606 stinctisque
398 571 590 605 peccatoribus.
603 569 669 597 Nam
685 569 707 597 si
727 570 806 596 etiam
818 569 875 596 sine
887 568 1013 603 exemplis

222 616 295 643 mala
311 616 434 643 homines
453 623 502 650 per
522 622 552 642 se
569 615 647 642 facile
662 614 810 646 inveniunt,
828 614 890 648 quid
905 622 957 640 non
973 613 1013 640 fa-

226 661 294 688 cturi
317 665 410 693 erant,
434 661 456 688 si
472 660 644 695 plurimorunr
661 659 782 694 exemplo
795 659 826 686 ad
851 658 1013 693 perniciosos

225 712 300 733 actus
313 706 414 733 invitati
429 705 557 733 fuissent?
569 704 644 738 Quod
662 704 751 739 utique
766 712 798 731 ne
816 705 893 730 lieret
904 725 911 736 ,
929 712 961 730 ne
976 707 1014 730 tot

225 751 356 778 scelerum
370 751 509 785 magistros
522 750 559 782 bi,
574 750 617 784 qui
632 754 721 784 postea
733 749 813 776 futuri
829 752 915 781 erant,
930 747 1014 775 habe-

226 801 296 830 rent,
313 803 360 824 eos
373 804 465 824 omnes
480 803 530 823 una
543 795 667 831 perdidit.

259 843 286 870 5.
309 842 404 870 Verum
419 843 567 874 enimvero,
582 849 702 876 quaenam
716 847 758 868 est
773 841 877 868 illorum
892 842 1010 876 sapiens.

226 887 279 914 imo
290 887 366 922 plena
376 887 492 914 stultitire
502 887 578 918 ratio,
594 887 638 921 qui
651 894 709 913 cum
726 886 791 913 nihil
804 887 864 914 boni
879 894 957 922 agere
969 894 1014 914 ve-

226 932 284 965 lint,
299 933 386 959 omnia
402 932 556 967 perquirunt
570 937 596 959 et
610 932 718 964 dicunt,
736 937 764 959 ut
778 939 886 959 suorum
900 932 1012 959 delicto-

226 985 283 1004 rum
295 985 403 1004 causam
414 978 447 1004 ad
455 979 536 1005 Deum
550 978 682 1004 referant?
692 977 748 1004 Nisi
758 978 922 1013 permisisset
932 978 1010 1011 Deus,‘

225 1023 312 1054 aiunt,
335 1030 499 1058 nequaquam
519 1023 675 1050 accessisset
703 1022 825 1050 diabolus
839 1043 846 1056 ,
869 1031 1012 1057 numquam

225 1069 374 1103 decepisset
397 1069 430 1096 ab
453 1069 538 1096 initio.
560 1068 612 1095 Sed
635 1076 720 1103 neque
741 1069 907 1103 cognovisset
928 1068 1011 1096 Adam

225 1119 352 1148 quantum
366 1113 426 1140 boni
439 1118 500 1141 ante
515 1113 666 1145 habuisset.
693 1121 778 1147 neque
791 1120 866 1140 suam
881 1113 951 1140 illam
967 1121 1011 1140 ar-

226 1159 371 1193 rogantiam
385 1166 508 1194 umquam
522 1159 693 1185 deseruisset.
705 1159 756 1190 Qui
773 1158 843 1185 enim
854 1158 970 1193 seipsum
985 1158 1010 1185 in

225 1208 326 1230 tantum
348 1204 453 1231 culmen
475 1203 583 1230 honoris
605 1208 746 1236 erexerat,
769 1208 798 1230 ut
818 1203 874 1230 fieri
890 1211 918 1230 se
932 1203 1010 1230 deum

227 1253 392 1283 expectaret,
408 1256 461 1283 quo
476 1257 527 1276 non
539 1248 703 1283 prorupisset
716 1248 842 1280 audacite,
856 1248 906 1275 nisi
920 1247 1012 1275 fuisset

227 1294 259 1320 ad
271 1302 362 1321 sanam
374 1298 489 1321 tuentem
499 1294 641 1320 reductus?
650 1293 792 1328 Fingamus
803 1293 867 1320 nihil
877 1293 1010 1320 diabolum

225 1339 397 1371 consuluisse,
413 1339 531 1373 nihilque
546 1339 650 1373 penitus
662 1339 723 1365 Eva:
739 1339 772 1365 de
788 1339 859 1373 ligno
873 1339 1010 1373 loquutum

226 1384 307 1411 fuisse
320 1393 327 1411 :
341 1392 403 1411 num
417 1385 474 1411 sine
494 1389 602 1418 peccato
615 1385 810 1418 perstitissent,
833 1384 855 1411 si
874 1384 943 1412 istud
958 1392 1009 1412 nort

225 1429 261 1456 ita
282 1430 454 1464 contigisset?
471 1430 578 1458 Minime
598 1438 660 1457 vero
676 1439 682 1456 :
700 1438 759 1456 nam
778 1430 820 1457 cui
843 1430 938 1457 mulier
957 1435 1009 1457 tam

225 1474 302 1502 facile
324 1475 394 1510 quod
410 1476 516 1503 volebat
539 1476 690 1510 persuasit,
712 1476 789 1511 ipse,
811 1477 891 1503 etiam
904 1477 1010 1504 diabolo

226 1529 279 1548 non
292 1522 454 1555 exsistente,
468 1529 500 1549 ex
515 1523 603 1557 seipse
616 1522 811 1558 quamprimum
833 1522 859 1549 in
874 1527 1009 1557 peccaturo

224 1568 379 1600 corruisset,
394 1575 447 1603 quo
459 1568 550 1602 majori
561 1576 667 1603 quoque
678 1576 755 1603 poma
768 1569 889 1596 mulctari
899 1569 1011 1596 meruis-

226 1618 277 1640 set.
293 1612 425 1640 Praeterea
439 1620 471 1639 ne
484 1620 552 1640 nunc
565 1613 670 1648 quidem
688 1613 785 1641 diaboli
797 1613 880 1641 solius
891 1613 939 1640 fuit
951 1621 1009 1640 orn-
1028 1642 1031 1646 ,

226 1659 267 1685 nis
276 1658 318 1685 illa
332 1658 463 1690 seductio,
477 1658 525 1686 sed
538 1665 585 1685 sua
596 1659 675 1686 etiam
689 1659 902 1693 concupiscentia
916 1659 1011 1686 mulier

225 1709 348 1738 corrupta
362 1705 478 1736 corruit,
496 1709 577 1738 atque
591 1703 640 1731 hoc
655 1703 792 1738 Scriptura
804 1712 879 1731 sacra
895 1705 1008 1737 iudicat,

225 1756 284 1783 quae
298 1748 378 1775 dicit:
399 1747 516 1782 Viditque
527 1748 616 1775 mulier
636 1748 703 1783 quod
716 1748 809 1775 bonum
834 1753 895 1776 esset
915 1749 1011 1784 lignum

225 1794 259 1820 ad
278 1793 400 1820 edendum
409 1813 416 1826 ,
429 1798 575 1828 gratumque
597 1794 676 1820 oculis
688 1794 721 1820 ad
735 1793 867 1820 videndum
881 1814 888 1825 ,
910 1802 940 1820 ac
954 1803 1010 1829 spe-

224 1840 319 1866 ciosum
331 1839 364 1865 ad
377 1839 603 1866 considerandum:
618 1843 640 1866 et
652 1839 776 1874 accipiens
790 1839 821 1866 de
836 1841 920 1875 fructu
940 1840 1010 1868 illius

224 1885 330 1912 comedit
353 1883 427 1919 (Gen.
449 1885 476 1911 3.
492 1884 538 1919 6).
560 1884 649 1918 Neque
669 1892 732 1911 vero
750 1892 798 1919 ego
814 1892 882 1912 nunc
900 1885 946 1912 ista
969 1885 1009 1912 lo-

227 1938 294 1965 quor
307 1931 379 1964 quasi
393 1930 526 1957 diabolum
547 1930 701 1957 insidiarum
721 1930 875 1957 criminibus
898 1938 1010 1965 purgare

223 1975 342 2008 cupiens,
359 1974 404 2001 sed
419 1974 534 2002 iudicare
547 1975 638 2002 volens
651 1982 708 2007 eos,
724 1974 773 2001 nisi
788 1979 882 2009 sponte
900 1975 1011 2002 cecidis-

225 2026 295 2054 sent,
309 2030 323 2047 a
339 2021 443 2048 neruine
456 2029 580 2055 umquam
594 2021 710 2055 potuisse
720 2021 808 2055 dejici.
820 2020 885 2047 Nam
898 2022 942 2056 qui
956 2027 1009 2048 tam

225 2068 301 2094 facile
317 2068 482 2102 propinatam
498 2067 548 2094 sibi
568 2067 601 2094 ab
616 2067 700 2102 altero
723 2066 855 2094 fallaciam
875 2067 1007 2102 suscepit,

225 2113 247 2139 is
266 2117 328 2140 ante
349 2113 478 2139 fallaciam
499 2097 661 2147 negligentci
675 2117 701 2139 et
713 2113 821 2138 remisse
835 2119 864 2139 se
885 2112 1009 2140 habuisse

224 2158 387 2189 ostenditur;
403 2165 488 2192 neque
509 2158 580 2184 enim
595 2161 694 2183 tantum
709 2157 752 2184 ille
767 2158 893 2191 pottrisset
903 2177 910 2189 ,
925 2157 947 2184 si
966 2165 1009 2185 so-

225 2204 309 2230 brium
324 2203 527 2237 vigilautcrnque
539 2202 656 2229 aniruurn
673 2202 823 2236 alloquutus
843 2206 923 2230 esset.
942 2202 1010 2230 Sunt

228 2253 316 2275 autem
332 2247 455 2282 plurimi,
470 2247 514 2282 qui
529 2248 554 2274 in
577 2246 626 2274 hac
648 2251 723 2281 parte
743 2247 887 2280 confutati,
903 2247 1010 2274 diabolo

224 2293 322 2319 omisso
332 2313 339 2324 ,
353 2294 386 2319 ad
400 2291 550 2319 mandatum
565 2295 720 2324 transeunt,
737 2297 763 2318 et
778 2299 838 2319 cum
853 2300 867 2318 a
882 2296 1009 2326 peccante

225 2338 331 2364 homine
344 2337 510 2369 abstineant,
527 2337 581 2363 Deo
595 2337 696 2363 crimen
709 2336 855 2371 impingunt
869 2337 987 2364 dicentes
1000 2346 1006 2363 :

224 2382 291 2415 Quid
307 2382 377 2408 enim
387 2382 425 2408 eis
440 2386 597 2416 praeceptum
612 2381 700 2414 dabat,
714 2389 781 2416 quos
793 2386 946 2416 peccaturos
959 2390 1009 2408 no-

226 2426 318 2453 verat?
332 2427 382 2453 lsta
394 2433 486 2453 revera
507 2429 568 2453 sunt
581 2425 680 2453 diaboli
692 2426 782 2459 verba,
796 2431 823 2454 et
835 2426 924 2462 impia:
935 2435 1008 2454 men-

225 2472 258 2498 tis
271 2471 386 2498 iuventa.
398 2471 463 2498 Nam
477 2471 545 2506 quod
560 2475 718 2506 praeceptum
733 2472 798 2499 dare
811 2472 888 2507 longe
899 2472 1008 2506 majoris

225 2515 399 2550 providentia:
412 2516 446 2543 sit
456 2524 534 2550 quam
550 2524 601 2544 non
612 2516 687 2550 dare,
701 2516 762 2544 hinc
771 2517 857 2552 palam
869 2522 918 2544 est.
932 2517 1007 2551 Esto,

223 2561 308 2590 Adam
323 2562 458 2589 voluntate
472 2567 498 2589 et
510 2563 598 2589 animo
612 2567 664 2589 tarn
681 2563 822 2598 negligenti
833 2584 840 2597 ,
855 2571 933 2598 quam
949 2563 1008 2591 linis

226 2607 358 2640 ostendit,
375 2607 475 2634 nullum
490 2608 615 2642 suscipiat
628 2608 779 2635 mandatum
790 2629 797 2640 ,
811 2606 857 2635 sed
869 2609 894 2635 in
907 2608 1008 2636 deliciis

229 2652 353 2686 persistat
366 2661 372 2679 :
389 2660 450 2679 num
465 2653 629 2680 imbecillitas
643 2657 721 2688 atque
735 2654 891 2688 negligentia
910 2660 942 2680 ex
957 2653 1007 2679 hu-

224 2697 339 2732 jusmodi
353 2698 457 2725 licentia
471 2698 503 2724 ad
518 2698 636 2729 meliora,
651 2705 685 2724 an
699 2697 731 2724 ad
745 2698 875 2724 deteriora
891 2705 1009 2732 prorum-

225 2748 268 2776 pet
279 2742 291 2768 7
304 2741 398 2777 Liquet
413 2742 530 2777 profecto
544 2743 617 2769 illum
631 2742 662 2768 ad
674 2749 806 2769 summum
824 2741 955 2776 fastigium
968 2743 1008 2768 vi-

227 2787 322 2814 tiorum
337 2795 488 2821 evasurum,
503 2788 524 2814 si
536 2787 635 2822 absque
649 2794 712 2814 cura
725 2787 767 2814 sit.
783 2787 847 2814 Nam
864 2787 885 2814 si
898 2787 1008 2815 necdum

227 2834 260 2861 de
287 2833 483 2862 immortalitate
513 2841 639 2867 securus,
670 2841 780 2869 eamque
802 2841 875 2869 spem
901 2833 1006 2861 dubiam

595 140 624 170 S.
643 140 779 170 JOANNIS
798 138 1035 167 CllliYSOSTOlll
1055 137 1214 165 ARCHIEP.
1230 137 1496 165 CONSTANTINOP.

1797 138 1848 165 (36

1067 194 1183 230 pendere
1196 202 1248 221 non
1263 194 1388 228 ignorans
1400 214 1407 226 ,
1423 195 1449 221 in
1465 197 1562 221 tantam
1582 193 1758 228 arrogantiam
1771 199 1852 229 atque

1065 241 1208 268 amentiam
1222 240 1306 267 elatus
1321 245 1371 273 est,
1386 245 1414 267 ut
1425 240 1490 268 deus
1504 240 1563 268 ﬁeri
1575 245 1695 276 speraret
1707 260 1716 273 ,
1730 240 1852 276 istudque

1065 293 1125 313 cum
1140 286 1165 313 id
1189 286 1385 320 promittentem
1399 286 1470 314 nulla
1492 294 1524 314 ex
1550 291 1624 321 parte
1638 286 1743 314 fidelem
1757 295 1852 315 cerne-

1066 335 1107 358 ret
1125 330 1170 358 :si
1193 338 1313 358 securam
1333 331 1555 359 immortalitatem
1577 335 1713 367 putasset,
1735 339 1786 367 quo
1800 340 1853 361 non

1066 384 1222 412 progrchus
1247 381 1320 404 esset
1337 377 1515 412 arrogantiae?
1533 377 1596 412 quid
1616 384 1669 404 non
1694 378 1853 412 peccasset?

1065 423 1232 457 quandonam
1257 423 1312 451 Deo
1332 423 1561 458 obtemperasset?
1582 423 1622 450 Tu
1636 430 1700 451 vero
1722 423 1784 451 dum
1801 424 1852 452 ista

1065 468 1224 500 criminaris,
1238 469 1305 496 idem
1319 468 1437 503 profecto
1448 468 1527 501 facis,
1541 476 1573 496 ac
1590 467 1614 495 si
1627 469 1687 503 quis
1700 469 1853 497 fornicatio—

1066 520 1126 540 nem
1141 513 1324 548 prohibentem
1339 514 1563 548 reprehenderet,
1580 513 1641 541 ideo
1654 514 1724 549 quod
1746 514 1852 549 plurimi

1067 560 1115 587 ista
1138 560 1276 588 audientes
1297 560 1452 588 fornicaturi
1472 565 1572 588 essent.
1597 559 1690 588 Nonne
1713 565 1775 588 sunt
1797 561 1854 588 tunc

1065 605 1145 632 verba
1166 611 1292 633 extrema:
1315 605 1475 633 dementiae?
1494 605 1521 633 Si
1545 606 1616 633 enim
1640 605 1712 632 nullo
1730 605 1854 633 mandato

1068 655 1192 684 suscepto
1205 649 1328 677 diabolus
1342 649 1374 677 ad
1389 651 1462 676 illum
1485 650 1616 677 accedens
1630 649 1756 678 recedere
1768 657 1782 676 a
1799 650 1852 677 Deo

1065 695 1253 727 consuluisset,
1270 695 1294 722 id
1308 696 1345 722 illi
1362 695 1438 722 facile
1451 695 1637 729 persuasisset.
1652 694 1716 722 Nam
1733 695 1777 730 qui
1793 699 1852 730 post

1065 745 1201 775 acceptum
1215 741 1368 768 mandatum
1381 741 1576 776 prmcipientern
1589 741 1628 768 sic
1641 741 1799 776 contempsit
1808 762 1815 772 .
1830 741 1852 770 si

1067 786 1134 813 nihil
1155 786 1189 814 ab
1203 787 1247 814 illo
1261 787 1369 822 penitus
1384 786 1519 819 audisset,
1535 786 1588 813 cito
1602 786 1681 813 etiam
1694 794 1723 813 se
1744 787 1793 814 sub
1805 786 1853 814 do.

1066 831 1139 858 mino
1151 839 1213 859 esse
1229 832 1384 866 ignorasset.
1398 831 1497 858 Idcirco
1507 835 1608 858 mature
1620 831 1689 858 Deus
1701 839 1734 858 ex
1748 831 1780 859 iis
1793 839 1852 866 qum

1067 876 1200 910 praecipit.
1215 876 1292 903 docet
1303 876 1400 903 habere
1411 876 1484 903 illum
1497 876 1644 908 dominum,
1659 877 1685 903 in
1697 877 1852 911 cunctisque

1066 923 1103 950 Illi
1115 930 1208 957 parere
1218 927 1351 957 oportere.
1369 922 1401 949 Et
1418 922 1480 957 quid
1495 922 1607 957 amplius
1624 921 1687 950 hinc
1699 927 1850 958 sequutum,

1065 968 1207 1003 inquiunt?
1232 968 1340 996 Etiamsi
1364 968 1428 995 nihil
1449 968 1519 995 aliud
1540 972 1679 1003 sequutum
1693 973 1782 1001 esset,
1798 976 1850 996 non

1066 1013 1091 1040 id
1102 1014 1206 1041 docenti
1220 1013 1273 1041 Deo
1285 1018 1356 1041 esset
1370 1013 1550 1048 imputandum
1561 1034 1568 1045 ,
1583 1013 1629 1040 sed
1646 1013 1731 1048 potius
1751 1013 1850 1041 homini

1065 1067 1117 1086 non
1135 1059 1287 1094 suscipienti
1309 1059 1435 1093 optimam
1462 1059 1531 1086 hanc
1551 1059 1727 1094 disciplinam.
1752 1058 1850 1086 Verum

1065 1113 1098 1132 ne
1117 1105 1156 1132 sic
1176 1105 1283 1140 quidem
1305 1105 1405 1132 inutilis
1426 1104 1493 1138 fuit,
1519 1105 1598 1132 etiam
1620 1109 1680 1139 post
1695 1105 1851 1140 przevarica-

1065 1151 1182 1183 tionem,
1215 1151 1339 1185 prmcepti
1362 1150 1498 1178 exhibitio.
1517 1150 1617 1181 ,Nonne
1647 1150 1698 1178 illa:
1722 1150 1849 1183 latebrae,

1065 1195 1108 1223 illa
1122 1196 1254 1223 confessio
1273 1196 1380 1229 delicti,
1405 1196 1448 1223 illa
1471 1196 1518 1223 viri
1531 1196 1564 1223 ad
1580 1197 1717 1224 mulierem
1731 1217 1738 1228 ,
1754 1196 1850 1224 mulie-

1065 1242 1154 1276 risque
1188 1241 1221 1268 ad
1254 1247 1404 1276 serpentem
1437 1241 1554 1270 studiosa
1581 1249 1668 1270 causa:
1701 1242 1846 1270 traductio:

1065 1288 1125 1319 illa,
1149 1287 1270 1322 inquam,
1293 1287 1381 1314 omnia
1405 1287 1577 1315 metuentium
1603 1292 1665 1314 sunt
1687 1292 1767 1323 atque
1793 1293 1850 1315 tre-

1066 1334 1204 1366 mentium,
1222 1334 1321 1368 Deique
1333 1334 1516 1361 auctoritatem
1529 1334 1727 1369 agnoscentium
1739 1334 1751 1360 ?
1767 1334 1850 1362 Porro

1064 1383 1191 1413 quantum
1205 1379 1271 1405 lucri
1287 1378 1364 1406 fuerit
1373 1387 1405 1406 ex
1417 1378 1546 1406 diabolica
1558 1379 1599 1405 illa
1609 1379 1805 1413 exspectatione
1820 1380 1846 1407 in

1065 1428 1164 1451 tantum
1179 1423 1280 1451 timoris
1294 1424 1352 1451 illos
1367 1424 1446 1451 fuisse
1461 1424 1620 1455 translatos,
1636 1424 1724 1451 nullus
1735 1424 1849 1459 ignorat.

1064 1469 1113 1502 Qui
1123 1469 1191 1495 enim
1200 1469 1376 1503 :rqualitatem
1386 1476 1445 1496 cum
1455 1468 1509 1495 Deo
1520 1469 1592 1503 prius
1603 1468 1744 1496 meditatus
1754 1469 1848 1502 fuerat.

1065 1514 1121 1549 ipse
1134 1513 1188 1548 jam
1206 1514 1240 1540 ita
1254 1513 1461 1541 contrahebatur
1476 1513 1620 1546 humiliter,
1636 1518 1664 1540 ut
1676 1521 1780 1549 poenam
1791 1522 1851 1542 cru-

1064 1559 1214 1594 ciatumque
1227 1563 1369 1592 metueret,
1384 1566 1415 1586 ac
1429 1563 1564 1593 peccatum
1579 1559 1751 1586 confiteretur
1761 1567 1849 1586 suum.

1064 1605 1099 1631 At
1117 1611 1187 1635 vero,
1195 1611 1247 1632 non
1258 1603 1359 1639 absque
1373 1611 1454 1631 sensu
1469 1611 1590 1638 peccare,
1605 1604 1783 1639 delictumque
1795 1605 1849 1632 cito

1063 1658 1208 1686 agnoscere
1219 1671 1227 1684 ,
1251 1657 1303 1678 non
1317 1658 1399 1685 parva
1413 1658 1456 1677 res
1468 1655 1528 1683 est,
1550 1651 1596 1678 sed
1611 1651 1652 1678 via
1675 1651 1794 1686 quaedam
1809 1656 1851 1679 est

1063 1700 1142 1731 atque
1153 1695 1309 1730 principium
1322 1695 1354 1722 ad
1365 1695 1576 1723 emendationem
1589 1700 1668 1730 atque
1678 1696 1850 1723 mutationem

1063 1741 1090 1768 in
1105 1741 1199 1768 melius
1218 1741 1327 1767 ducens.
1342 1740 1453 1767 Omnem
1468 1741 1555 1776 itaque
1568 1741 1594 1767 in
1609 1748 1658 1768 nos
1671 1741 1717 1768 Dei
1733 1741 1849 1776 benigni‘

1063 1790 1145 1813 tatem
1166 1793 1251 1820 neque
1266 1785 1370 1812 discere
1382 1805 1389 1818 ,
1415 1793 1500 1820 neque
1515 1793 1625 1813 narrare
1648 1785 1774 1820 possibile
1789 1790 1848 1813 est:

1063 1839 1156 1858 eorum
1177 1835 1264 1858 tamen
1277 1838 1336 1864 quae
1349 1831 1470 1858 uoviruus
1480 1851 1486 1863 ,
1503 1837 1633 1857 summam
1647 1830 1765 1858 dicturus
1778 1839 1848 1858 sum.

1063 1877 1126 1904 Post
1139 1876 1216 1903 talem
1232 1876 1302 1903 enim
1317 1876 1521 1903 inobedientiam
1534 1896 1541 1908 ,
1562 1881 1622 1911 post
1636 1880 1708 1903 tanta
1727 1876 1826 1903 scelera
1839 1896 1847 1908 ,

1062 1932 1121 1952 cum
1134 1924 1189 1958 jam
1209 1924 1282 1950 orbis
1296 1927 1366 1950 totus
1381 1922 1519 1958 tyrannide
1543 1923 1643 1957 peccati
1665 1927 1847 1957 premeretur,

1061 1977 1121 1996 cum
1136 1973 1254 1996 extrema
1265 1968 1320 2004 jam
1334 1968 1428 1995 luenda
1444 1976 1520 2003 paena
1535 1972 1616 2000 esset,
1631 1976 1691 1996 cum
1707 1968 1849 1996 delendum

1061 2022 1140 2042 omne
1155 2014 1305 2042 mortalium
1319 2021 1418 2048 genus,
1444 2021 1593 2048 nomenque
1612 2014 1697 2049 ipsum
1713 2013 1848 2041 hominum

1062 2060 1156 2087 merito
1177 2060 1348 2087 exterminari
1364 2064 1470 2093 posset,
1487 2063 1542 2086 tum
1555 2067 1619 2086 vero
1633 2059 1774 2086 maximum
1788 2067 1847 2086 om-

1058 2106 1134 2126 nium
1156 2101 1317 2126 uenenorum
1334 2100 1413 2127 nobis
1427 2099 1559 2132 ostendit,
1575 2100 1751 2136 Unigenitum
1767 2109 1849 2130 suum

1059 2152 1108 2179 pro
1124 2144 1253 2177 inimicis,
1269 2153 1318 2180 pro
1335 2146 1460 2174 alienatis
1479 2154 1492 2173 a
1507 2154 1546 2179 se,
1562 2155 1612 2182 pro
1626 2155 1655 2175 se
1670 2148 1733 2174 odio
1746 2147 1848 2175 haben-

1057 2189 1130 2216 tibus
1142 2194 1224 2225 atque
1237 2191 1447 2219 adversantibus
1464 2192 1543 2219 morti
1560 2193 1679 2224 tradens,
1698 2193 1794 2228 sicque
1806 2201 1843 2222 re-

1056 2235 1274 2264 conciliationem
1300 2242 1422 2264 nostram
1447 2245 1576 2273 operans,
1601 2239 1786 2274 cmlorumque
1805 2248 1846 2267 re-

1059 2289 1141 2317 gnum
1148 2286 1175 2309 et
1181 2287 1311 2310 attentam
1320 2283 1416 2316 vitam,
1423 2283 1532 2318 aliaque
1539 2284 1607 2311 bona
1618 2285 1761 2312 innumera
1770 2286 1848 2313 nobis

1056 2336 1086 2355 se
1095 2329 1222 2355 daturum
1231 2329 1380 2364 spondens,
1392 2337 1452 2364 quae
1462 2337 1511 2358 nec
1523 2331 1620 2358 oculus
1629 2331 1706 2363 vidit,
1717 2339 1768 2358 nec
1776 2332 1848 2359 auris

1055 2375 1171 2406 audivit,
1185 2382 1273 2410 neque
1282 2376 1308 2402 in
1319 2383 1367 2403 cor
1378 2376 1496 2405 hominis
1505 2376 1700 2404 ascenderunt.
1713 2376 1782 2410 Quid
1796 2377 1847 2412 igi-

1057 2425 1103 2448 tur
1117 2420 1181 2448 huic
1194 2421 1383 2454 orovidentire,
1399 2422 1463 2449 huic
1477 2423 1638 2455 clementiae,
1654 2423 1717 2450 huic
1729 2423 1847 2451 bonitati

1060 2475 1207 2502 comparari
1221 2469 1320 2502 possit?
1328 2467 1470 2501 Propterea
1481 2471 1506 2493 et
1516 2466 1571 2501 ipse
1582 2465 1702 2493 dicebat:
1715 2465 1844 2498 Quantum

1061 2512 1136 2539 distat
1146 2512 1233 2539 ctutum
1244 2520 1259 2538 ιι
1270 2516 1345 2543 terra,
1357 2515 1452 2538 tantum
1463 2511 1538 2538 distat
1549 2511 1588 2537 via
1598 2519 1652 2537 meo
1661 2519 1676 2536 (ι
1687 2510 1735 2537 viis
1744 2510 1841 2543 vestris,

1061 2564 1084 2586 et
1106 2559 1222 2594 cogitatio
1243 2566 1298 2584 mea
1311 2565 1326 2583 a
1341 2556 1531 2592 cogitationibus
1550 2556 1635 2583 uestris
1650 2554 1734 2591 (Isai.
1748 2555 1791 2582 55.
1805 2555 1844 2588 9).

1063 2605 1143 2631 David
1167 2611 1271 2639 quoque
1292 2603 1461 2632 mitissimus,
1485 2609 1544 2628 cum
1565 2601 1598 2628 de
1620 2601 1758 2628 clementia
1777 2600 1846 2627 illius

1058 2649 1225 2680 loqur-retur,
1233 2644 1320 2671 aiebat
1328 2651 1334 2669 :
1342 2642 1491 2669 Secundum
1500 2642 1670 2668 altitudinem
1681 2642 1737 2668 (mli
1748 2650 1763 2668 a
1777 2647 1845 2668 terra

1059 2690 1369 2720 corroboravitDominus
1376 2688 1848 2723 misericordia»:suamsupertimnr-

1059 2744 1097 2767 tes
1104 2747 1131 2766 se
1143 2738 1275 2770 Quantum
1282 2736 1362 2762 distat
1369 2741 1442 2761 ortus
1449 2734 1480 2761 ab
1487 2733 1706 2769 occidenteJorige
1711 2734 1773 2768 fecit
1779 2742 1795 2760 α
1801 2741 1846 2760 ua-

1059 2787 1097 2813 llis
1105 2786 1255 2820 iniquitates
1266 2787 1380 2809 nostras.
1389 2781 1527 2814 Quomodo
1538 2782 1677 2808 miseretur
1686 2784 1761 2814 pater
1771 2779 1843 2813 ﬁlio-

1061 2841 1118 2860 rum
1137 2832 1210 2858 miser
1218 2835 1303 2858 trum
1311 2828 1438 2856 Domina:
1446 2828 1596 2855 timentibus
1602 2827 1715 2856 selPsat.
1726 2825 1798 2854 I02.l
1809 2826 1815 2851 l
1824 2827 1842 2858 ).
