2076 3122
279 130 331 160 ιδτ

277 198 329 218 non
354 183 443 224 parem
465 189 550 216 mlum
576 195 693 216 amorem
707 188 843 221 indicans,
859 187 906 216 sed
918 186 978 222 quia
991 193 1068 213 sum-

277 243 327 262 ma:
347 234 497 262 dilectionis
516 234 667 269 etemplum
689 233 760 261 aliud
787 240 839 261 non
866 233 998 260 novimus.
1022 231 1069 259 lllo

277 286 365 308 tamen
392 280 515 316 exemplo
541 280 627 314 majus
645 279 715 307 aliud
738 279 835 314 profert
857 278 957 311 lsaias,
973 284 1069 312 nempe

277 328 370 353 matris
401 334 461 360 qure
489 325 668 353 misrricordia
695 333 754 359 erga
777 325 878 359 prolem
904 329 1005 359 patrem
1025 330 1069 350 su-

277 380 370 407 perare
406 373 492 405 Solet,
519 371 558 399 sic
593 371 704 405 loquens
726 380 732 398 :
757 370 888 405 Numquid
915 370 1070 397 obliviscetur

277 418 366 444 mulier
385 416 504 452 infantuli
516 417 555 443 sui
567 437 574 449 ,
590 421 617 443 ut
637 424 686 442 non
700 416 845 443 misereatur
859 415 911 447 filio
926 416 989 441 uteri
1009 414 1047 441 sui
1058 415 1071 441 ?

278 463 331 490 Sed
351 467 373 489 et
394 463 417 490 si
427 461 474 488 illa
493 461 571 489 oblita
598 462 653 497 ejus
676 461 767 496 fuerit,
790 468 836 496 ego
858 465 940 487 tamen
962 460 998 486 tui
1019 467 1070 486 non

277 508 406 535 obliviscar
419 529 426 541 ,
441 507 500 534 dicit
525 507 648 533 Dominus
673 505 752 541 (Isai.
767 506 812 539 49,
830 499 881 541 15)
906 515 912 532 :
927 504 1069 532 ostendens

280 554 326 581 Dei
348 552 555 580 misericordiam
574 552 685 579 affectus
699 558 793 578 omnes
812 551 946 578 naturales
969 550 1069 584 longis-

277 601 344 627 sime
355 599 494 627 excedere.
511 599 545 626 Et
559 598 696 633 prophetze
716 597 822 632 quidem
839 597 896 624 sic:
913 597 969 631 ipse
982 600 1069 623 autem

277 645 414 678 Christus,
430 652 490 672 cum
506 644 604 672 Judzcis
626 644 780 678 loqueretur
791 663 797 675 ,
813 643 900 669 aiebat
917 650 923 668 :
939 642 969 668 Si
988 645 1071 667 autem

277 699 320 718 vos
332 699 388 717 cum
401 691 455 718 sitis
467 690 528 717 mali
540 710 548 723 ,
562 690 640 716 nostis
653 689 717 715 bona
731 689 791 715 data
806 689 866 714 dare
886 687 946 721 ﬁliis
958 686 1050 721 Irestris
1061 706 1068 719 ,

277 743 370 773 quanto
392 737 473 772 magis
497 735 573 763 Pater
594 740 672 762 vester
696 734 801 762 ctelestis
815 734 883 760 dabit
898 733 964 759 bona
985 737 1070 767 peten-

279 784 343 810 tibus
363 792 390 811 se
416 782 530 819 (Matt/1.
552 783 578 810 ’1.
604 782 633 809 ll
648 781 679 816 )?
697 781 765 808 nihil
787 780 905 815 proiecto
931 779 1001 806 aliud
1024 786 1071 813 per

279 828 330 855 ista
345 828 513 864 signiﬁcans,
530 827 580 854 nisi
595 832 695 854 tantam
712 834 772 854 esse
786 826 883 853 divina;
896 824 1071 860 providentize

278 881 305 903 et
319 874 519 910 gubernationis
533 878 651 909 paternae
665 873 841 900 differentiam
852 892 859 905 ,
874 876 1004 907 quantum
1028 872 1070 898 in-

278 925 363 948 terest
379 920 448 948 inter
463 920 547 947 bonos
567 923 594 946 et
612 919 705 946 malos.
722 918 823 945 Verum
844 925 929 952 neque
944 917 1071 944 hactenus

278 972 333 994 stes
342 967 430 998 velim,
445 966 491 993 sed
505 970 593 993 mente
606 965 637 992 ad
649 965 774 992 ulteriora
790 963 958 999 progredere.
969 963 1033 990 Nam
1045 962 1071 989 id

278 1019 384 1047 quoque
397 1018 446 1046 pro
460 1015 539 1046 captu
561 1015 588 1037 et
610 1009 690 1037 modo
714 1014 759 1036 tuo
780 1009 879 1036 dictum
893 1013 934 1035 est
952 1017 958 1034 :
975 1007 1071 1042 quippe

282 1057 355 1092 :ujus
370 1057 543 1092 intelligentia
559 1060 599 1083 est
613 1055 727 1089 inﬁnita,
743 1060 770 1082 ct
782 1055 888 1081 bonitas
902 1054 1022 1081 similiter
1032 1058 1071 1080 at-

281 1111 335 1138 que
349 1103 490 1130 clementia
506 1110 566 1138 erga
580 1102 713 1129 homines.
732 1100 808 1135 Quod
828 1101 850 1127 si
873 1100 940 1127 hanc
954 1108 1000 1134 per
1014 1100 1070 1126 sin-

280 1148 340 1184 gula
354 1156 414 1183 quze
429 1149 495 1175 liunt
505 1156 557 1175 non
575 1147 760 1182 perspicimus,
776 1150 803 1173 et
817 1146 866 1173 hoc
880 1146 983 1180 signum
999 1145 1069 1172 illius

282 1194 419 1221 inﬁnitatis
438 1198 488 1221 est.
507 1193 623 1220 Plurima
637 1193 708 1220 enim
729 1197 756 1219 et
771 1199 865 1227 magna
880 1191 999 1227 quotidie
1023 1199 1070 1225 pro

281 1244 373 1267 nostra
388 1240 473 1267 salute
495 1240 633 1275 disponit,
655 1247 714 1274 quae
735 1238 784 1273 ipsi
799 1238 850 1266 soli
871 1242 933 1265 sunt
955 1238 1070 1273 cognita.

283 1287 349 1321 Quia
369 1286 440 1314 enim
465 1286 593 1313 bonitatis
615 1292 670 1312 sua:
682 1284 765 1320 gratia
789 1284 880 1319 generi
895 1284 1067 1311 nostrobona

281 1332 403 1369 largitur,
418 1331 482 1358 nihil
493 1331 592 1358 nostris
605 1330 725 1365 indigens
736 1329 867 1361 laudibus,
882 1329 1006 1364 nullaque
1019 1329 1069 1355 alia

284 1377 502 1405 remuneratione
513 1384 580 1411 opus
594 1376 706 1409 habens,
722 1375 835 1410 plurima
850 1382 899 1402 nos
912 1375 995 1402 latere
1010 1382 1073 1409 per-

282 1423 373 1451 mittit.
387 1422 439 1450 Sed
454 1427 481 1450 ct
503 1422 523 1449 si
540 1421 681 1456 aliquando
700 1420 758 1448 haec
773 1421 882 1453 revelat,
899 1424 927 1447 et
948 1419 1012 1446 illud
1026 1426 1073 1446 no-

282 1474 344 1497 stra:
357 1469 476 1496 utilitatis
496 1476 575 1495 causa
592 1468 663 1500 facit,
679 1471 707 1494 ut
724 1467 824 1501 gratias
838 1467 876 1493 illi
892 1474 997 1501 semper
1022 1467 1070 1493 ha-

282 1515 376 1542 bentes
390 1535 397 1546 ,
416 1514 529 1548 amplius
551 1513 628 1540 nobis
650 1512 814 1539 attrahamus
838 1512 907 1539 illius
932 1511 1070 1538 auxilium.

282 1560 342 1588 Non
358 1560 438 1595 igitur
461 1559 495 1587 de
519 1559 560 1586 bis
576 1559 662 1586 solum
686 1566 745 1593 qua:
760 1558 882 1585 novimus
895 1577 903 1590 ,
929 1557 975 1584 scd
988 1557 1021 1584 de
1041 1557 1074 1585 iis

286 1607 368 1634 etiam
386 1613 445 1641 qua:
464 1605 597 1632 nescimus
609 1625 616 1637 ,
639 1604 737 1639 gratias
752 1604 790 1631 illi
805 1603 968 1631 referamus:
988 1609 1074 1637 neque

285 1653 357 1680 enim
371 1652 491 1680 volentes
506 1652 602 1684 solum,
617 1658 708 1678 verum
732 1650 830 1677 invitos
850 1656 956 1684 quoque
971 1648 1073 1676 beneﬁ-

284 1700 333 1727 ciis
346 1699 485 1727 consuevit
497 1697 615 1725 afﬁcere.
630 1696 706 1730 Quod
722 1696 819 1723 Paulus
829 1702 889 1723 cum
900 1695 990 1727 sciret,
1004 1701 1075 1721 sem-

284 1753 332 1780 per
342 1750 368 1773 et
379 1745 406 1772 in
420 1744 544 1771 omnibus
551 1743 650 1778 gratias
664 1750 743 1777 agere
755 1742 888 1768 monebat.
900 1740 975 1774 Quod
986 1745 1075 1767 autem

284 1798 337 1817 non
359 1789 537 1817 comnumiter
560 1788 646 1816 solum
676 1787 794 1814 omnium
820 1794 912 1814 curam
942 1787 1018 1821 gerit,
1028 1786 1075 1813 sed

284 1843 406 1863 seorsum
429 1835 594 1869 singulorum
607 1855 615 1866 ,
638 1834 724 1868 ipsum
739 1833 830 1860 audias
843 1833 906 1860 licet
918 1832 1053 1859 dicentem
1067 1840 1074 1858 :

286 1881 347 1909 Non
361 1886 398 1908 est
410 1881 526 1908 voluntas
548 1889 633 1907 coram
647 1879 724 1906 Patre
736 1888 790 1906 meo
803 1880 843 1914 qui
856 1879 883 1905 in
905 1879 972 1906 aclis
982 1883 1027 1911 est,
1050 1882 1077 1904 ut

286 1932 370 1963 pereat
393 1936 457 1955 unus
471 1927 502 1954 de
524 1926 622 1961 pusillis
644 1926 698 1952 istis
713 1926 721 1960 (
736 1925 828 1952 Matth.
854 1925 896 1952 18.
913 1923 964 1960 Η)
975 1945 982 1957 ,
998 1924 1031 1951 de
1045 1923 1077 1950 iis

285 1974 396 2006 dicens,
413 1973 458 2008 qui
475 1974 501 1999 in
516 1972 587 1999 illum
603 1971 728 1998 credunt.
740 1970 818 2004 Cupit
844 1970 900 2004 ipse
922 1969 1028 2004 quidem
1050 1973 1078 1996 et

285 2026 331 2046 eos
341 2019 385 2054 qui
399 2026 451 2045 non
464 2017 579 2045 credunt
593 2017 680 2044 salvos
692 2016 760 2048 ﬁeri,
773 2016 922 2050 mutarique
933 2015 959 2041 in
972 2014 1076 2047 melius,

285 2068 312 2092 et
325 2064 435 2092 credere
447 2085 455 2097 ,
479 2064 549 2091 sicut
570 2063 668 2090 Paulus
684 2062 738 2089 ait:
755 2061 805 2095 Qui
818 2062 870 2087 vult
891 2068 976 2087 omnes
996 2060 1078 2086 salvos

286 2111 351 2145 ﬁeri,
367 2116 389 2138 et
404 2111 438 2137 ad
447 2111 600 2146 agnitionem
613 2109 723 2136 veritatis
734 2111 815 2136 venire
828 2108 866 2142 (l.
875 2106 941 2134 Tim.
953 2107 980 2132 9..
990 2106 1029 2141 4).
1044 2106 1079 2133 Ει

287 2159 343 2193 ipse
356 2158 388 2185 ad
401 2157 524 2185 Judwos:
540 2156 600 2183 Non
626 2156 679 2182 veni
694 2162 782 2181 vocare
794 2154 886 2189 justas,
907 2153 951 2180 sed
964 2157 1078 2188 peccato-

287 2212 326 2232 res
347 2203 380 2230 ad
402 2202 573 2238 ptenitentiam
594 2201 603 2236 (
618 2200 710 2227 Matth.
727 2199 754 2226 9.
770 2198 840 2235 i5);
863 2203 890 2226 et
903 2205 950 2233 per
963 2197 1078 2232 prophe-

288 2255 356 2283 tam,
371 2248 574 2276 Misericordiam
589 2247 655 2279 volo,
668 2251 691 2273 et
707 2254 757 2273 non
783 2244 932 2278 sacriﬁcium
955 2243 1037 2278 (Osee
1051 2243 1078 2270 6.

289 2297 306 2325 6
318 2296 338 2331 ).
353 2296 388 2323 At
401 2302 466 2322 vero
479 2294 501 2321 si
519 2298 578 2328 post
600 2297 682 2319 tantae
696 2299 767 2319 curae
781 2298 812 2317 ac
827 2289 998 2324 providentia:
1013 2288 1079 2315 frui-

290 2342 388 2369 tionem
404 2339 539 2368 noluerint
550 2338 675 2366 meliores
690 2336 763 2369 ﬁeri,
788 2335 980 2369 veritatemque
999 2340 1080 2368 agno-

289 2395 376 2421 scere,
387 2394 421 2415 ne
431 2387 469 2414 sic
478 2385 584 2421 quidem
596 2385 655 2411 illos
665 2383 773 2416 deserit,
785 2382 831 2410 sed
841 2381 965 2417 quoniam
975 2385 1080 2408 aeterna:

288 2434 350 2461 vitae
366 2432 573 2468 participatione
593 2430 643 2465 ipsi
657 2437 687 2457 se
699 2433 749 2457 sua‘
762 2432 857 2463 Sponte
878 2427 1025 2462 privarunt,
1038 2426 1081 2453 vel

289 2479 431 2514 praesentis
443 2478 505 2504 vitm
516 2476 593 2504 home
608 2475 660 2502 illis
673 2475 761 2502 omnia
775 2474 892 2507 largitur,
908 2472 992 2500 solem
1004 2478 1081 2498 suum

290 2525 354 2552 oriri
368 2524 469 2552 faciens
490 2531 571 2559 super
583 2523 670 2550 bonos
681 2527 709 2549 et
729 2521 813 2548 malos
824 2541 831 2553 ,
847 2524 873 2546 et
887 2519 981 2554 plucns
1002 2525 1082 2553 super

289 2575 374 2606 justas
386 2575 414 2598 et
428 2570 550 2605 injustos,
569 2569 672 2603 aliaque
685 2571 816 2602 prmstans
827 2573 884 2600 qua:
897 2564 930 2592 ad
944 2564 1083 2599 praesentis

291 2617 352 2644 vita
364 2620 461 2643 statum
475 2615 620 2650 pertinent.
634 2613 711 2647 Quod
726 2613 748 2640 si
762 2611 875 2639 inimicis
890 2618 997 2646 quoque
1011 2614 1082 2636 tanta

292 2669 356 2690 cura
370 2661 505 2697 prospicit,
521 2660 612 2688 ﬁdeles
622 2666 694 2692 suos,
706 2663 732 2685 et
742 2657 786 2693 qui
802 2656 862 2684 totis
872 2656 896 2684 ei
908 2656 1006 2683 viribus
1028 2662 1083 2682 scr-

295 2709 370 2737 viunt
381 2729 389 2743 ,
412 2708 546 2744 quomodo
567 2714 690 2742 umquam
705 2703 875 2732 contemnet?
887 2703 944 2730 Non
959 2703 994 2730 ita
1006 2722 1014 2734 ,
1030 2709 1083 2728 non

295 2755 332 2783 ita
341 2760 399 2787 est;
414 2762 506 2782 verum
520 2754 584 2781 istos
595 2751 710 2779 maxime
719 2759 752 2778 ex
763 2749 886 2777 omnibus
902 2748 981 2776 fovet.
1003 2747 1085 2775 Vestri

296 2801 387 2834 enim,
413 2800 514 2835 inquit,
531 2803 553 2826 et
564 2798 650 2833 capilli
665 2796 752 2832 capitis
776 2803 860 2822 onmet
885 2794 1007 2822 numerati
1027 2798 1083 2820 sunt

298 2847 380 2883 (Luc.
395 2846 436 2874 η.
456 2845 502 2880 7).

718 130 764 158 AD
782 129 967 159 STAGIRIUM
985 129 1008 157 Δ
1024 127 1170 157 ὓιΕΜΟΝΕ
1192 129 1359 158 VEXATUM
1387 129 1449 159 LIB.

1871 134 1913 161 38‘

1157 186 1184 215 ϐ.
1199 186 1336 215 Promissis
1347 187 1393 215 Dei
1402 187 1562 215 credendum.
1577 203 1612 209 —
1624 188 1733 222 Quoties
1746 198 1808 226 ergo
1819 191 1865 218 tibi
1878 192 1903 218 in

1122 236 1238 260 mentem
1246 233 1318 261 venit
1330 237 1453 268 parentes
1461 238 1497 266 te,
1508 237 1534 262 et
1541 234 1782 270 patriam,domum,
1793 236 1900 271 amicos,

1123 279 1295 314 propinquos,
1309 287 1425 315 opesque
1440 280 1601 314 innumeras,
1614 284 1641 308 et
1652 281 1762 316 gloriam
1777 282 1849 310 illam
1866 283 1904 310 in‘

1123 329 1228 359 gentem
1242 325 1370 359 abjecisse
1382 331 1489 361 propter
1500 325 1645 359 Christum,
1656 327 1802 363 deindcque
1816 328 1907 364 hujus-

1124 370 1195 398 modi
1210 371 1374 409 vexationem
1389 374 1452 406 pati,
1466 372 1519 399 noli
1531 372 1645 407 dejicere
1660 374 1782 409 teipsum.
1792 374 1856 401 Nam
1871 382 1904 402 ex

1124 417 1219 451 quibus
1231 417 1416 452 cogitationum
1427 417 1557 445 litesitatio
1567 418 1726 453 gignitur,ex
1735 419 1835 447 eisdem
1848 428 1907 448 rur-

1123 469 1170 489 sus
1180 462 1307 501 solvetur.
1318 463 1442 496 Quonam
1461 465 1558 493 modo?
1568 465 1736 502 lmpossibile
1748 471 1790 495 est
1803 466 1911 494 mentiri

1123 508 1206 536 Deum
1213 507 1397 543 (chr.6.18):
1408 508 1529 542 promisit
1540 512 1627 535 autem
1638 508 1680 535 ille
1690 509 1770 536 vitam
1780 513 1907 536 aeternam

1125 552 1174 578 ista
1188 552 1405 586 relinquentibus.
1427 553 1564 588 iicliquisti
1578 557 1605 580 tu
1620 554 1707 581 omnia
1723 554 1786 587 ista,
1796 559 1823 582 et
1834 555 1908 589 abjc-

1124 596 1180 623 cisti
1191 597 1265 630 :quid
1278 597 1356 632 igitur
1367 597 1488 631 prohibet
1499 598 1532 625 de
1542 599 1690 633 hnjusmodi
1702 601 1833 628 conﬁdere
1846 608 1907 635 pro-

1123 642 1269 670 missione?
1283 651 1345 670 num
1355 651 1385 670 ea
1397 650 1448 678 qua
1462 651 1531 671 nunc
1541 645 1660 678 probaris
1674 645 1796 672 tentatio?
1807 646 1839 673 Et
1852 646 1907 673 inec

1124 687 1156 714 ad
1171 688 1372 722 promissionem
1383 688 1464 723 quid?
1477 688 1533 715 Non
1544 690 1613 716 enim
1626 690 1667 716 hic
1681 694 1805 717 aeternam
1818 699 1908 726 repro-

1126 732 1197 759 misit
1207 733 1287 759 vitam
1298 742 1304 759 ε
1315 734 1368 760 imo
1375 741 1438 761 vero
1448 734 1470 760 si
1479 734 1504 760 in
1516 734 1593 761 terris
1601 742 1705 769 quoque
1712 735 1841 770 ejusmodi
1853 743 1909 771 pro-

1125 778 1215 805 missio
1225 779 1356 813 implenda
1372 784 1452 812 esset,
1469 787 1502 807 ne
1523 780 1562 807 sic
1581 779 1687 815 quidem
1702 788 1771 815 aegre
1782 781 1850 808 Ferre
1865 781 1909 808 de~

1125 823 1230 856 bueras,
1238 824 1367 859 siquidem
1376 824 1479 852 ﬁdelem
1488 832 1518 852 ac
1526 825 1677 861 religiosum
1686 827 1770 853 virum
1779 826 1910 854 adeocon-

1123 873 1225 896 stanter
1246 874 1273 896 et
1294 870 1405 897 ﬁrmiter
1418 870 1547 905 promissa
1566 871 1611 898 Dei
1625 875 1715 899 tenere
1735 872 1868 905 convenit,
1883 878 1910 900 ut

1123 915 1311 950 quantumlibet
1319 916 1428 943 effectus
1436 917 1585 944 contrarios
1593 917 1711 952 aspiciat,
1719 926 1753 945 ne
1759 918 1796 945 sic
1803 919 1910 953 quidem

1124 961 1304 996 perturbetur,
1327 970 1413 997 neque
1433 963 1556 997 desperet
1569 968 1701 990 eventum.
1719 963 1823 991 intuere
1834 963 1910 991 dcui-

1123 1015 1174 1041 quc
1193 1007 1341 1042 cujusmodi
1355 1007 1570 1042 pollicitationem
1585 1008 1671 1035 ﬁdelis
1685 1008 1818 1036 Abraham
1831 1016 1908 1036 accc-

1124 1053 1202 1087 perit,
1218 1057 1245 1079 et
1257 1052 1344 1087 qualia
1359 1052 1445 1080 facere
1460 1053 1493 1080 sit
1504 1053 1603 1088 jussus.
1620 1053 1684 1080 Nam
1699 1054 1840 1088 promissio
1852 1055 1911 1088 qui.

1123 1099 1182 1126 dem
1195 1103 1262 1131 erat,
1274 1107 1306 1125 ex
1318 1099 1390 1126 Isaac
1401 1099 1561 1134 implendum
1571 1107 1630 1126 esse
1643 1100 1733 1127 orbem
1745 1100 1909 1132 universum,

1121 1143 1205 1178 jussio
1220 1148 1306 1170 autem
1322 1143 1392 1171 hunc
1404 1144 1489 1178 ipsum
1505 1143 1577 1171 lsaac
1596 1144 1733 1171 immolare
1746 1145 1863 1179 urgebat,
1876 1152 1909 1172 ex

1123 1197 1175 1225 quo
1189 1190 1260 1217 orbis
1275 1194 1344 1217 totus
1359 1195 1416 1217 erat
1429 1190 1587 1225 implendus.
1604 1190 1671 1224 Quid
1691 1190 1790 1225 igitur?
1806 1190 1910 1217 istudne

1124 1235 1286 1270 perturbavit
1305 1235 1405 1269 justum
1428 1235 1534 1262 virum?
1553 1235 1659 1262 Minime
1678 1243 1751 1268 vero,
1777 1235 1830 1262 imo
1849 1243 1910 1263 cum

1125 1286 1195 1309 tanta
1209 1281 1374 1309 dissonantia
1396 1286 1422 1309 et
1436 1282 1607 1317 repugnantia
1621 1286 1691 1309 esset
1706 1282 1829 1317 praecepti
1848 1289 1909 1309 cum

1126 1327 1265 1361 promisso,
1287 1335 1338 1353 non
1364 1327 1483 1354 turbatus
1498 1332 1547 1360 est,
1564 1335 1649 1362 neque
1668 1327 1808 1361 haesitavit,
1825 1335 1911 1363 nequa

1125 1372 1222 1407 aliquid
1238 1372 1388 1407 hnjusmodi
1403 1373 1527 1408 loquutus
1550 1377 1590 1400 est
1605 1381 1612 1399 :
1627 1373 1684 1401 Alia
1711 1374 1831 1408 promisit
1846 1374 1910 1401 mihi

1127 1418 1205 1451 Deus,
1226 1418 1278 1445 alia
1293 1419 1380 1446 facere
1397 1419 1472 1453 jubet
1487 1427 1494 1445 :
1511 1427 1541 1447 ex
1558 1427 1639 1454 puero
1664 1420 1715 1447 isto
1730 1425 1854 1454 nepotum
1870 1422 1912 1447 in—

1124 1469 1229 1498 gentem
1243 1457 1438 1491 multitudincm
1450 1465 1512 1491 mihi
1525 1465 1690 1498 promiserat,
1701 1470 1728 1493 et
1743 1466 1812 1493 hunc
1826 1466 1912 1501 ipsum

1128 1509 1207 1536 modo
1220 1517 1315 1536 necare
1327 1510 1390 1536 mihi
1405 1510 1544 1545 praecipit?
1558 1511 1690 1546 quomodo
1705 1511 1782 1546 igitur
1797 1511 1847 1538 hoc
1859 1513 1910 1539 crit

1125 1555 1213 1582 excisa
1229 1555 1337 1582 radice?
1351 1555 1455 1582 Fciellit
1474 1562 1517 1582 me
1535 1555 1614 1590 igitur
1627 1561 1705 1591 atque
1718 1555 1824 1583 delusit.
1839 1556 1914 1585 Nihli

1126 1601 1235 1636 prorsus
1249 1601 1400 1636 hnjusmodi
1414 1601 1537 1636 loquutus
1545 1605 1595 1633 est,
1609 1601 1655 1629 sed
1671 1609 1703 1629 ne
1715 1603 1838 1637 cogitavit
1851 1604 1910 1638 qni-

1123 1647 1195 1674 dem:
1205 1651 1231 1675 ct
1240 1647 1416 1675 meritosane.
1425 1647 1492 1674 Cum
1500 1647 1572 1674 enim
1583 1646 1654 1674 Deus
1663 1647 1763 1682 aliquid
1773 1647 1911 1681 pollicitus

1124 1691 1215 1726 fuerit,
1229 1693 1334 1721 etiamsi
1347 1692 1431 1719 millia
1441 1693 1497 1720 sint
1507 1700 1567 1727 qua:
1577 1692 1800 1728 pollicitationem
1813 1693 1910 1721 tollere

1122 1738 1281 1771 videantur,
1295 1738 1398 1765 turbari
1409 1738 1521 1766 minime
1529 1738 1668 1770 convenit,
1681 1742 1729 1765 aut
1740 1737 1774 1765 de
1790 1738 1843 1765 ﬁne
1857 1738 1910 1765 du-

1123 1784 1222 1812 bitare.
1232 1785 1290 1811 Hoc
1299 1785 1371 1812 enim
1383 1783 1500 1811 maxime
1509 1784 1555 1811 Dei
1563 1784 1714 1818 potentiam
1724 1785 1908 1817 commendat,

1124 1828 1188 1856 dum
1205 1828 1232 1855 in
1250 1829 1332 1856 rebus
1347 1829 1482 1864 ambiguis
1496 1829 1599 1856 exitum
1615 1830 1734 1864 reperit;
1750 1829 1830 1857 sicuti
1844 1835 1910 1857 tunc

1123 1876 1218 1903 beatus
1227 1875 1272 1902 ille
1280 1883 1372 1902 secum
1381 1876 1532 1910 reputabat.
1539 1875 1673 1908 Quocirca
1684 1875 1763 1903 ﬁdem
1773 1876 1847 1904 illius
1857 1884 1914 1903 ma-

1125 1922 1195 1949 xime
1205 1922 1345 1949 admirans
1354 1921 1465 1951 Paulus.
1473 1921 1578 1948 aiebat:
1591 1919 1657 1947 Fide
1668 1921 1762 1948 obtulit
1775 1921 1910 1948 Abraham

1125 1968 1203 1995 Isaac
1211 1969 1274 1994 dum
1283 1966 1543 2002 tentareturUieer
1550 1966 1911 2002 l-l7),unigenitumquepf—

1124 2014 1227 2042 ferebat
1233 2014 1314 2048 is,qui
1324 2013 1519 2048 promissiones
1524 2013 1735 2047 acceperatzhme
1743 2013 1800 2048 ipsa
1808 2013 1920 2041 scilicet

1130 2057 1266 2083 insinuans
1276 2061 1353 2090 atque
1363 2056 1541 2088 subindicans,
1551 2063 1610 2090 quae
1619 2063 1687 2082 nunc
1694 2063 1710 2082 a
1717 2063 1760 2082 me
1767 2056 1914 2082 stuntdicla.

1165 2114 1270 2148 Iosephi
1291 2113 1404 2148 exemplo
1415 2121 1467 2140 rem
1478 2113 1597 2139 illttstrat.
1611 2127 1646 2132 -—
1659 2112 1715 2139 Non
1727 2111 1806 2139 modo
1828 2117 1915 2139 autem

1131 2161 1197 2196 ipse,
1211 2168 1303 2188 verum
1318 2160 1403 2196 ipsius
1413 2166 1518 2194 quoque
1534 2165 1666 2193 pronepos
1678 2157 1785 2192 .loseplt,
1800 2165 1858 2185 cum
1871 2166 1917 2192 per

1131 2207 1238 2241 longum
1259 2210 1363 2240 tempus
1382 2209 1408 2232 et
1421 2204 1508 2231 varios
1529 2211 1607 2234 casus
1628 2203 1830 2238 promissionem
1847 2203 1916 2237 peri-

1132 2252 1216 2280 clitari
1243 2252 1420 2287 perspiceret.
1447 2249 1588 2278 immobilis
1617 2250 1751 2285 perstitit:
1768 2249 1823 2277 sola
1844 2249 1916 2276 enim

1133 2299 1262 2334 promissa
1277 2298 1437 2325 intuebatur.
1452 2297 1526 2330 Quod
1541 2296 1563 2323 si
1578 2295 1700 2323 humanis
1714 2295 1917 2330 cogitationibus

1133 2346 1220 2373 locum
1232 2345 1357 2378 dedisset,
1369 2344 1403 2371 dc
1417 2344 1469 2371 line
1484 2343 1660 2377 desperasset.
1672 2342 1737 2369 Nam
1752 2346 1856 2369 ostensa
1868 2341 1918 2368 sibi

1133 2391 1200 2419 visio
1213 2396 1240 2418 et
1252 2390 1360 2418 fratrum
1376 2395 1403 2417 et
1418 2393 1557 2424 parentum
1577 2387 1756 2415 adorationem
1773 2387 1918 2421 polliceba-

1134 2443 1176 2466 tur
1189 2447 1196 2466 :
1209 2445 1268 2473 qua:
1280 2445 1344 2464 vero
1359 2436 1396 2463 illi
1413 2434 1610 2470 contingebant,
1626 2441 1677 2460 non
1692 2437 1768 2460 erant
1781 2432 1919 2466 hnjusmo-

1134 2485 1171 2518 di,
1186 2484 1233 2512 scd
1256 2483 1289 2510 ab
1303 2483 1344 2511 his
1359 2482 1511 2517 longissime
1530 2483 1640 2507 remota.
1658 2478 1774 2505 Primum
1789 2478 1858 2505 enim
1883 2478 1919 2504 illi

1135 2530 1183 2565 ipsi
1199 2528 1303 2560 ﬁatres,
1318 2535 1384 2562 quos
1398 2534 1428 2554 se
1441 2525 1597 2562 prazviderat
1610 2524 1775 2556 adoraturos,
1792 2523 1817 2550 in
1831 2523 1919 2550 lacnin

1135 2575 1210 2602 illum
1231 2573 1360 2608 injiciunt,
1376 2579 1407 2599 ac
1432 2571 1550 2598 barbaris
1571 2569 1721 2596 hominibus
1742 2568 1876 2595 venditum
1892 2568 1918 2594 in

1135 2620 1247 2647 alienam
1263 2626 1294 2646 ac
1308 2616 1512 2644 remotissimam
1537 2615 1672 2650 regionem
1694 2613 1825 2643 emittunt,
1841 2617 1920 2647 atque

1136 2666 1203 2693 adeo
1217 2664 1348 2692 contraria
1370 2661 1507 2697 promissis
1518 2669 1550 2688 ea
1563 2668 1622 2695 qua:
1642 2659 1830 2694 contingebant
1847 2658 1921 2685 vidc-

1136 2712 1241 2744 bantur,
1261 2713 1291 2736 ut
1313 2707 1403 2735 miseri
1426 2707 1464 2734 illi
1488 2706 1681 2733 subsannantes
1704 2712 1764 2732 cum
1779 2703 1921 2731 dicerent:

1140 2756 1203 2783 Ecce
1227 2754 1363 2782 somniatur
1382 2752 1426 2779 ille
1445 2752 1532 2778 venit:
1546 2758 1612 2777 nunc
1632 2758 1691 2784 ergo
1711 2750 1800 2781 venite,
1822 2749 1921 2776 οιτίιίιι-

1138 2810 1192 2829 mus
1205 2808 1271 2833 eum,
1291 2804 1313 2826 et
1327 2798 1490 2833 projiciamus
1507 2797 1533 2822 in
1546 2796 1639 2827 lacum,
1656 2794 1812 2828 dit-annisque
1826 2802 1835 2820 :
1856 2793 1923 2820 Ferit

1141 2847 1246 2883 pessima
1267 2844 1389 2873 devorat-it
1405 2851 1458 2870 cum
1471 2851 1480 2874 ;
1494 2846 1516 2869 ι’(
1531 2840 1664 2869 ridebimus
1686 2839 1746 2875 quid
1761 2840 1856 2866 somnia
1877 2847 1923 2866 sua
