2076 3122
167 122 218 149 (59

165 181 214 214 ipsi
229 170 366 214 proderunt
380 175 456 212 (Cen.
481 177 525 204 57.
547 175 589 204 19.
604 175 662 209 20).
686 175 779 202 Postea
794 181 858 201 vero
871 173 897 205 ii,
912 173 956 207 qui

166 227 241 254 illum
262 229 392 257 emerant,
414 232 466 251 non
480 225 573 251 saltem
595 223 680 250 libero
694 221 803 254 homini,
820 219 866 248 sed
880 228 957 248 servo

165 273 242 299 illum
257 271 329 306 regio
343 264 461 297 vendunt
475 269 579 296 iterum.
601 268 692 301 Neque
705 266 831 294 hactenus
845 265 957 292 adversa

165 322 308 350 steterunt,
322 316 368 344 sed
384 316 409 343 in
432 315 545 342 domina:
558 313 715 341 calumniam
730 311 831 345 incidit,
845 312 957 338 damna-

167 367 263 397 tusque
279 368 410 389 carcerem
426 367 510 387 annos
524 359 652 394 plurimos
665 358 775 389 habitat,
789 361 814 384 et
829 356 957 391 effugien-

167 409 236 436 tibus
251 407 364 439 cmteris,
386 406 514 441 ampliore
536 404 590 432 illic
603 409 723 439 tempore
744 404 800 438 ipse
823 401 956 437 perdurat.

167 455 289 488 Cumque
309 458 380 479 tanta
403 457 493 478 essent
507 458 565 485 quae
587 450 657 477 illius
671 450 788 476 animum
805 447 958 483 perturbare

167 503 286 534 possent,
301 501 427 531 constans
447 501 535 524 tamen
560 500 720 530 perseverat.
736 493 871 529 Ejusmodi
895 500 958 520 vero

166 544 245 571 etiam
261 548 350 570 nostra
366 545 438 576 sunt,
453 542 505 568 imo
528 548 592 569 vero
608 541 684 575 longe
700 539 877 575 perplexiora.
894 538 958 572 Qua:

165 590 236 617 enim
250 589 378 624 promissa
402 593 464 615 sunt
477 586 564 621 nobis,
587 594 698 621 regnum
711 586 847 617 caelorum,
867 588 893 612 et
907 584 958 610 vita

165 641 275 669 (eterna,
299 639 327 663 et
349 635 522 669 incorruptio,
547 637 574 661 et
595 633 696 660 infinita
719 636 782 659 Sunt
796 632 882 663 bona;
900 638 959 665 qu.c

165 687 253 709 autem
268 682 373 708 interim
395 680 562 714 contingunt,
576 677 652 705 valde
665 678 698 705 ab
711 677 753 704 his
765 680 867 704 remota
880 681 958 710 atque

165 728 250 755 aliena
263 732 325 755 sunt
337 736 343 753 ι
357 734 430 754 mors
445 726 546 753 Scilicet
559 729 586 752 et
599 723 743 758 corruptio,
760 730 838 758 ptena
850 728 876 750 et
891 730 954 756 sup-

166 774 292 808 plicium,
311 777 338 800 et
360 771 519 800 tentationes
540 771 621 797 varia:
642 777 674 797 ac
694 769 856 804 frequentes.
877 767 959 801 Cujus

165 827 229 853 ergo
243 819 280 845 rei
293 817 376 853 gratia
398 817 449 844 hoc
464 816 525 844 facit
538 816 617 847 Deus,
635 815 815 850 pcrmittitque
827 814 958 841 contraria

166 865 303 900 promissis
318 864 465 892 advenire?
479 863 607 891 Nimirum
623 867 651 889 ut
665 864 697 889 e'x
713 862 763 888 hoc
775 861 828 888 duo
844 860 959 887 maxima

165 911 234 938 bona
256 911 363 938 eliciat:
378 918 411 937 ex
426 909 510 937 altero
528 908 705 935 certissimum
729 907 853 942 potentia:
876 906 959 940 ipsius

165 960 349 991 argumentum
365 955 494 990 praebens,
516 952 587 989 quod
609 953 709 980 scilicet
725 952 808 987 possit
829 951 957 986 despera-

166 1003 268 1030 tissima
283 1002 411 1037 promissa
434 1008 481 1028 sua
495 1007 542 1035 spe
557 1004 635 1034 atque
649 999 774 1034 opinione
788 998 883 1028 melius
897 1005 958 1032 pcr-

167 1050 256 1081 iicere,
279 1055 310 1075 ex
333 1048 418 1075 altero
437 1051 526 1074 autem
545 1050 650 1073 unstros
663 1045 766 1071 animos
780 1043 915 1075 erudiens,
931 1046 961 1069 ot

165 1096 193 1122 in
214 1095 318 1122 cunctis
339 1093 388 1129 ipsi
410 1093 561 1125 credamus,
578 1093 627 1119 etsi
644 1092 722 1119 dictis
746 1090 811 1118 facta
827 1090 958 1117 contraria

165 1142 304 1169 videantur
317 1147 464 1175 emergere.
478 1139 544 1167 Nam
557 1139 614 1174 Spei
627 1138 709 1166 virtus
721 1137 851 1172 ejusmodi
864 1140 916 1169 est,
932 1139 961 1163 ut

165 1195 225 1215 eum
247 1187 291 1222 qui
313 1187 416 1214 sincere
438 1185 476 1213 illi
498 1184 643 1216 adhzcreat,
667 1191 809 1218 numquam
833 1181 958 1210 confundi

165 1233 309 1268 permittat.
334 1231 362 1260 Si
376 1231 447 1259 enim
471 1231 499 1264 ii,
522 1229 568 1266 qui
592 1230 721 1265 promissa
744 1230 770 1256 in
794 1228 845 1256 hoc
860 1227 958 1255 saeculo

165 1282 336 1312 acceperunt,
351 1277 385 1304 ita
401 1276 539 1311 insigniter
551 1275 639 1303 allecti
651 1279 724 1308 sunt,
738 1275 821 1302 multo
835 1274 917 1308 magis
932 1273 957 1300 id

165 1333 213 1352 nos
229 1324 317 1351 facere
330 1330 440 1351 necesse
453 1327 505 1355 est,
519 1322 564 1357 qui
579 1329 632 1348 non
646 1321 672 1348 in
693 1320 818 1355 praesenti
832 1321 895 1352 vita,
911 1319 958 1347 sed

164 1371 190 1397 in
206 1369 265 1396 aliis
279 1368 387 1403 seculis
400 1368 530 1395 bonorum
543 1366 642 1394 exitum
656 1370 849 1400 exspectamus.
867 1364 894 1391 lo
909 1364 959 1392 hoc

164 1416 234 1443 enim
256 1415 353 1442 satculo
374 1420 512 1449 pressuras
527 1413 602 1440 nobis
625 1411 812 1447 angustiasque
827 1411 956 1446 promisit.

163 1461 232 1496 Quid
247 1468 309 1496 ergo
322 1465 364 1488 est
377 1459 447 1495 quod
461 1464 487 1486 te
510 1458 666 1492 perturbet?
680 1465 731 1492 qua
747 1457 849 1484 ratione
863 1464 957 1492 suspe-

164 1512 206 1534 cta
223 1506 321 1534 habeas
343 1505 473 1540 promissa
497 1503 564 1532 Dei?
579 1503 644 1530 Nam
668 1510 728 1530 cum
752 1503 818 1530 dicis
839 1507 864 1530 te
879 1503 912 1530 ab
925 1509 958 1530 eo

164 1552 270 1587 negligi,
292 1551 368 1586 cujus
389 1558 468 1577 causa
491 1549 619 1576 mundum
633 1555 738 1576 omnem
754 1548 907 1583 despexisti,
924 1548 958 1574 li-

164 1598 245 1633 quido
257 1596 376 1625 ostendis
389 1599 416 1623 te
429 1595 466 1622 illi
481 1602 531 1622 noa
545 1594 666 1627 credere,
679 1601 792 1629 eumque
805 1598 957 1628 suspectum

164 1644 272 1676 habere,
297 1642 470 1676 fallacemque
491 1641 692 1675 promissionem
713 1640 770 1674 ejus
793 1640 956 1667 existimare.

163 1691 191 1718 id
206 1695 295 1718 autem
317 1697 380 1716 vere
402 1693 442 1716 est
462 1696 478 1715 a
499 1688 620 1714 dicmone
643 1686 752 1721 corripi,
773 1694 805 1713 ac
828 1687 958 1721 gehennae

164 1738 251 1771 ignem
266 1742 421 1770 provocare.
436 1734 487 1762 Sed
501 1738 561 1761 sunt
577 1733 621 1768 qni
637 1732 727 1760 surculi
749 1732 862 1766 negotiis
877 1731 957 1758 dediti

163 1783 255 1817 quiete
278 1782 380 1808 vivunt.
403 1781 436 1807 Et
458 1779 527 1806 istud
547 1786 653 1814 quoque
677 1777 800 1812 praedixit
815 1777 956 1804 Christus:

163 1829 252 1860 Amen,
268 1835 342 1854 amen
363 1826 429 1859 dico,
446 1825 541 1860 inquit,
565 1825 641 1855 vobis,
659 1824 717 1857 quia
731 1822 862 1857 plorabitis
875 1827 897 1848 ct
911 1822 957 1856 ﬂe-

164 1874 221 1900 bitis
236 1881 289 1905 vos,
303 1871 411 1899 mundus
434 1875 516 1897 autem
530 1869 656 1905 gaudebit.
667 1867 757 1903 (Joan.
775 1868 816 1894 16.
831 1867 888 1901 ‘20).
904 1866 956 1894 Sed

163 1926 190 1948 et
204 1921 229 1947 in
244 1919 376 1954 prioribus
395 1916 609 1953 generationibus
627 1914 766 1952 Babylonii
790 1921 849 1941 cum
873 1914 955 1940 Deum

165 1967 330 2000 ignorarent,
345 1964 449 1998 opibus,
469 1962 585 1997 potentia
599 1966 625 1988 et
643 1960 724 1995 gloria
739 1960 874 1995 pollebant
888 1968 894 1992 ;
908 1959 956 1986 Ju-

163 2011 213 2038 dari
228 2018 290 2038 vero
303 2010 466 2044 captivitate,
489 2008 628 2040 servitute,
643 2006 822 2040 extremisque
845 2005 954 2032 calami-

164 2057 262 2084 tatibus
284 2055 482 2090 prcmebantur.
503 2053 536 2080 Et
563 2052 678 2080 Lazarus
700 2051 822 2087 illc(Luc.
839 2049 895 2086 16),
911 2050 956 2085 qui

164 2111 248 2139 regno
262 2102 362 2129 ccclesti
375 2101 479 2136 dignus,
496 2099 629 2127 ulceribus
644 2098 737 2133 plenus
751 2105 847 2125 canum
861 2097 957 2130 linguis

163 2154 222 2177 erat
234 2148 380 2183 expositus,
400 2151 480 2181 atque
495 2150 622 2181 perpetuo
644 2152 704 2172 cum
722 2143 790 2170 fame
806 2142 954 2178 pugnabat:

163 2195 239 2223 dives
252 2201 316 2221 vero
329 2194 354 2220 in
376 2192 478 2219 honore
490 2199 522 2218 ac
534 2189 665 2224 frequenti
685 2188 810 2216 satellitio
825 2193 852 2215 et
866 2188 957 2222 requie

163 2245 191 2268 et
205 2239 307 2268 deliciis
326 2239 406 2265 vitam
429 2237 552 2264 ducebat.
568 2234 668 2263 Verum
687 2238 715 2261 ut
731 2233 792 2260 huic
807 2234 871 2261 nihil
887 2233 956 2268 apud

164 2287 264 2314 inferos
284 2286 327 2312 illa
350 2284 438 2311 omnia
462 2283 606 2318 profuere:
623 2281 658 2307 ita
680 2287 729 2307 nec
750 2279 850 2307 Lazaro
872 2278 956 2306 fames

164 2337 210 2359 aut
223 2332 322 2363 ulcera,
336 2337 390 2366 quo
405 2329 492 2356 minus
508 2327 588 2362 probe
603 2326 714 2359 viveret,
727 2320 896 2358 obstiterunt,
908 2326 955 2353 sed

162 2377 245 2406 veluti
266 2376 373 2412 quidam
396 2373 494 2401 athleta
517 2371 591 2399 fertis
615 2371 642 2398 in
664 2376 731 2398 testu
754 2371 911 2406 gravissimo
929 2376 956 2398 et

164 2424 254 2458 algore
267 2422 383 2454 luctans,
396 2425 423 2446 et
436 2419 498 2446 vicit
510 2423 536 2445 et
549 2422 692 2445 coronatus
707 2421 757 2444 est.
774 2417 902 2450 Quocirca
915 2418 956 2444 vir

163 2469 271 2505 quidem
292 2467 399 2502 sapiens
412 2465 498 2492 aiebat
514 2473 521 2492 :
535 2463 598 2496 Fili,
614 2464 636 2490 si
649 2463 755 2490 accedas
769 2463 802 2490 ad
817 2464 956 2490 servitutem

165 2514 280 2546 Duntim',
296 2520 413 2548 prtepara
431 2511 542 2537 animant
555 2515 623 2536 tuam
645 2509 679 2536 ad
692 2510 861 2543 tentationent,
877 2510 957 2545 dirige

163 2568 205 2586 cor
221 2564 292 2586 tuum
311 2563 333 2585 et
349 2558 452 2589 sustine,
466 2561 489 2583 et
502 2564 532 2583 ne
553 2557 654 2591 festines
667 2555 692 2582 in
707 2560 817 2590 tempore
829 2555 956 2582 inductio-

163 2607 205 2634 ui:
220 2605 311 2642 (Eccli.
327 2604 354 2631 9..
371 2605 395 2631 l.
411 2604 450 2638 2).
467 2603 499 2630 Et
514 2608 573 2638 post
588 2610 670 2637 pauca
685 2611 691 2629 :
708 2602 844 2636 Quoniam,
861 2603 954 2638 inquit,

164 2654 222 2689 igne
232 2652 351 2688 probatur
369 2657 467 2682 aurum,
484 2649 595 2676 homines
607 2657 663 2676 vero
676 2649 841 2684 acceptabilcs
864 2650 889 2676 in
903 2651 957 2685 for-

163 2706 226 2726 nate
247 2695 427 2725 Immiliationis
447 2695 499 2730 (Ib.
527 2703 554 2723 υ.
573 2694 613 2730 2).
637 2695 806 2730 Rursumque
831 2696 884 2723 alio
899 2697 956 2724 loco

164 2744 290 2779 scriptum
313 2740 454 2774 esttFili,
478 2740 531 2767 uolt
555 2740 680 2776 negligere
704 2741 866 2775 disciplinam
889 2741 954 2775 Dei,

165 2799 245 2826 neque
262 2789 364 2823 deﬁcias
378 2796 435 2815 cum
449 2787 479 2814 ab
492 2795 520 2814 ιο
535 2787 668 2821 corriperis
682 2785 771 2822 (Prov.
788 2788 814 2815 5.
830 2786 884 2824 ll).
906 2788 955 2822 Qui

172 2854 173 2857 η
188 2851 192 2857 -
212 2844 236 2863 m
249 2841 342 2862 aurum
358 2833 384 2861 in
401 2832 533 2861 fornacem
548 2832 638 2866 mittit,
656 2832 725 2860 novit
748 2838 878 2867 quatenus
891 2834 956 2862 illud

538 118 566 145 S.
585 117 722 145 JOANNIS
740 115 973 143 ClillYSOSTOMI
993 114 1150 143 ARCHIEP.
1170 113 1435 144 CONSTANTINOP.
1469 129 1480 139 .

1755 113 1806 141 ζιο

1015 172 1130 206 incendi,
1146 176 1173 200 et
1187 172 1293 208 quando
1306 180 1339 200 ex
1363 173 1422 208 igne
1437 175 1559 207 oporteat
1579 171 1667 199 educi.
1692 171 1808 207 Ideoque.

1011 218 1054 246 hic
1073 218 1179 254 quidem
1203 219 1262 246 ait:
1278 217 1320 245 Ne
1339 219 1438 254 festines
1460 218 1485 244 in
1506 223 1616 251 tempore
1639 217 1808 245 inductionis:

1009 265 1136 293 Salomon
1150 270 1236 292 autem
1251 264 1302 292 hoc
1315 265 1400 299 ipsum
1412 264 1521 297 docens,
1538 263 1626 299 Neque
1639 264 1752 298 deﬁcias,
1767 263 1808 292 in-

1011 311 1077 347 quit,
1089 320 1145 339 cum
1159 312 1191 339 ab
1205 320 1234 339 eo
1249 313 1393 347 corriperis.
1408 313 1531 347 Magnum
1553 312 1616 347 quid
1634 319 1736 345 revera,
1752 319 1810 339 uia-

1009 366 1102 394 gnum,
1127 359 1245 394 inquam,
1270 366 1392 393 pressura
1408 363 1450 386 est
1470 359 1503 386 ad
1527 360 1613 386 virum
1633 358 1807 394 spectabilem

1011 405 1189 437 efficiendum,
1206 409 1286 439 atque
1310 404 1343 432 ad
1358 404 1507 432 docendum
1523 404 1656 439 patientiae
1672 405 1806 432 virtutem.

1011 450 1078 484 Quid
1100 458 1173 486 ergo,
1199 451 1314 485 inquies,
1329 451 1351 478 si
1376 451 1446 478 illius
1469 459 1516 478 nos
1539 451 1692 486 magnitudo
1706 455 1808 478 evertat

1010 502 1090 531 atque
1104 497 1228 532 dejiciat?
1243 496 1339 524 Fidelis
1353 501 1389 524 est
1410 496 1487 529 Deus,
1508 496 1550 532 qui
1572 505 1623 524 non
1637 496 1748 532 patietur
1761 505 1807 524 nos

1011 542 1102 568 tentari
1116 550 1194 576 supra
1208 550 1285 576 quam
1299 550 1440 576 possumus,
1455 542 1499 569 sed
1512 542 1586 578 faciet
1601 550 1658 569 cum
1672 543 1809 570 lentatione

1011 588 1114 620 exitum,
1128 592 1154 614 ut
1167 588 1290 623 possimus
1302 589 1423 616 sustinere
1443 589 1480 624 (Ι.
1495 587 1554 616 Cor.
1568 588 1618 616 iO.‘
1633 589 1689 624 15).
1704 588 1769 616 Nam
1785 589 1807 616 si

1011 641 1044 660 ex
1058 634 1200 661 dilectione
1221 635 1365 669 correptio,
1389 642 1422 662 ex
1442 635 1504 662 odio
1514 642 1579 662 vero
1595 635 1732 663 derelictio
1747 641 1806 668 est,

1012 687 1098 713 neque
1123 680 1242 713 ejusdem
1266 685 1308 708 est
1331 681 1483 715 quempiam
1509 680 1588 708 simul
1612 685 1639 708 et
1665 689 1754 709 amare
1779 687 1807 708 et

1012 724 1111 756 odisse,
1133 733 1219 760 neque
1242 726 1376 760 corripere
1396 726 1474 754 simul
1494 730 1521 754 et
1541 726 1720 762 dereliquerc.
1735 729 1807 760 Quo:

1012 771 1091 798 modo
1104 778 1178 805 ergo,
1200 772 1315 806 inquies,
1341 771 1415 798 multi
1436 772 1616 799 corruerunt?
1638 772 1745 807 Seipsos
1769 773 1805 799 illi

1013 816 1068 844 Deo
1092 817 1272 850 privaverunt.
1295 825 1347 844 non
1371 821 1458 844 autem
1472 824 1487 843 a
1504 817 1558 844 Deo
1585 817 1707 844 derelicti
1734 822 1804 844 sunt.

1013 861 1079 890 Ecce
1091 864 1172 894 enim,
1189 863 1285 897 tnquit,
1299 863 1342 897 qui
1355 862 1472 898 elongant
1487 871 1513 889 se
1527 871 1542 889 a
1555 867 1578 889 te
1593 862 1706 897 peribunt
1720 863 1804 898 (Psal.

1012 907 1056 935 Ὠ.
1078 907 1137 942 27).
1163 907 1293 942 Elougant
1316 916 1346 935 se
1360 915 1424 935 vero
1446 916 1461 934 a
1485 908 1539 935 Deo
1561 909 1606 943 qui
1627 910 1805 937 correctiones

1013 954 1082 981 illius
1098 961 1149 980 non
1173 954 1314 987 sustinent,
1331 954 1377 982 sed
1402 955 1551 981 irascuntur
1566 958 1645 989 atque
1668 955 1805 990 indignan-

1013 1005 1074 1033 tur;
1090 1007 1122 1027 ac
1144 1001 1222 1027 veluti
1247 1001 1364 1035 perversi
1390 1001 1445 1031 filii,
1465 1008 1526 1028 cum
1539 1009 1554 1028 a
1574 1001 1693 1035 patribus
1718 1002 1804 1028 traditi

1012 1046 1154 1080 magistris,
1169 1046 1210 1073 vel
1225 1047 1392 1080 impatientes
1405 1047 1515 1079 laboris,
1537 1047 1580 1075 vel
1604 1046 1734 1082 fugientes
1747 1056 1803 1075 ver-

1012 1092 1086 1122 bera,
1099 1096 1236 1126 parentum
1252 1097 1375 1127 aspectus
1385 1092 1530 1125 declinant,
1543 1093 1608 1120 nihil
1622 1093 1683 1120 inde
1696 1093 1802 1120 lucran-

1013 1141 1064 1168 tur,
1079 1137 1126 1165 sed
1140 1138 1305 1172 gravioribus
1320 1139 1495 1167 incommodis
1517 1147 1546 1167 se
1560 1140 1706 1175 implicant,
1726 1145 1804 1175 atque

1011 1182 1038 1210 in
1051 1184 1137 1211 aliena
1152 1184 1261 1218 regione
1273 1184 1351 1211 famis
1365 1189 1391 1212 et
1404 1185 1506 1213 erroris
1519 1193 1550 1213 ac
1563 1187 1715 1213 morborum
1732 1187 1804 1221 igno-

1012 1228 1153 1264 miniaeque
1166 1234 1192 1256 et
1204 1230 1340 1257 servitutis
1356 1238 1487 1258 aarumnas
1498 1231 1588 1259 subire
1602 1235 1732 1266 coguntur
1747 1240 1753 1258 :
1770 1233 1804 1259 ita

1011 1278 1038 1301 et
1051 1275 1096 1308 qui
1113 1274 1158 1301 Dei
1170 1274 1338 1310 disciplinam
1354 1283 1406 1303 non
1427 1280 1502 1311 grato
1515 1276 1604 1304 animo
1619 1278 1742 1310 tolerant,
1759 1277 1804 1304 in-

1011 1320 1204 1356 dignanturque
1225 1326 1253 1348 et
1271 1322 1387 1356 graviter
1408 1321 1514 1355 ferunt,
1537 1327 1714 1358 prmterqnam
1733 1323 1803 1358 quod

1011 1365 1075 1392 nihil
1091 1374 1122 1393 ex
1137 1373 1168 1393 ea
1182 1367 1328 1399 lucrantur,
1345 1367 1457 1394 summis
1478 1375 1507 1395 se
1529 1368 1724 1396 calamitatibus
1742 1368 1802 1395 afﬁ-

1010 1411 1093 1438 ciunt.
1108 1411 1237 1445 Quocirca
1254 1413 1371 1440 tolerare
1383 1412 1567 1446 admonemur,
1581 1418 1608 1440 et
1622 1414 1736 1449 dirigere
1758 1422 1803 1442 cor

1010 1463 1142 1485 nostrum.
1156 1459 1191 1486 At
1209 1459 1293 1486 multo
1306 1460 1427 1494 graviora
1444 1464 1470 1487 te
1484 1460 1585 1495 perpeti
1600 1460 1682 1488 dices.
1696 1461 1734 1488 Ne
1748 1469 1802 1495 pre-

1010 1504 1121 1531 dotriba:
1135 1505 1241 1539 quidem
1254 1513 1346 1532 omnes
1366 1506 1503 1541 mqualiter
1515 1511 1594 1541 atque
1608 1507 1703 1534 eodem
1725 1508 1804 1535 modo

1009 1556 1144 1584 exercent,
1153 1551 1199 1578 sed
1209 1552 1424 1579 imbecillioribus
1433 1553 1588 1585 imbecilles,
1597 1553 1803 1588 fortiorihusquc

1010 1598 1051 1624 sui
1072 1597 1171 1624 similes
1196 1597 1312 1624 tradunt.
1335 1598 1401 1624 Nam
1417 1599 1461 1633 qui
1485 1599 1540 1626 suis
1558 1599 1657 1626 viribus
1672 1600 1802 1627 minorem

1010 1643 1204 1677 antagonistam
1220 1642 1300 1670 fuerit
1314 1648 1418 1674 nactus.
1434 1643 1537 1671 etiamsi
1560 1648 1614 1671 tota
1626 1644 1670 1671 die
1685 1645 1722 1671 illi
1737 1652 1803 1672 con-

1009 1688 1153 1721 grediatur,
1169 1689 1355 1715 inexercitatus
1371 1693 1456 1715 tamen
1480 1694 1627 1723 permanet.
1651 1690 1704 1717 Cur
1718 1697 1782 1724 ergo
1795 1711 1801 1722 ,

1010 1734 1123 1769 inquies,
1139 1741 1191 1760 non
1206 1742 1299 1761 omnes
1319 1734 1364 1768 qui
1379 1734 1501 1762 eamdem
1521 1735 1626 1770 elegere
1640 1737 1731 1770 vitam,
1749 1737 1803 1764 eis-

1009 1780 1070 1808 dem
1091 1781 1170 1807 etiam
1194 1781 1329 1808 laboribus
1352 1786 1454 1808 certare
1477 1782 1563 1808 facit?
1583 1782 1649 1816 Quia
1673 1791 1726 1810 non
1751 1791 1802 1810 una

1009 1827 1079 1862 apud
1101 1827 1182 1854 Deum
1195 1832 1237 1854 est
1258 1827 1454 1855 exercitationis
1473 1829 1587 1863 species,
1610 1837 1697 1864 neque
1709 1837 1803 1857 omnes

1009 1873 1110 1900 eisdem
1125 1881 1192 1907 opus
1207 1873 1314 1906 habent,
1338 1873 1443 1901 etiamsi
1466 1874 1492 1901 in
1514 1874 1608 1902 eodem
1629 1876 1690 1902 vita:
1705 1884 1803 1911 genere

1009 1920 1062 1946 sint
1077 1929 1083 1946 :
1097 1920 1194 1954 quippe
1215 1924 1240 1947 et
1261 1920 1365 1954 plurimi
1385 1927 1446 1947 cum
1462 1920 1562 1948 eisdem
1586 1922 1740 1951 morborum
1760 1922 1802 1950 in-

1009 1965 1156 1993 commodis
1176 1966 1309 1998 laborent,
1325 1974 1376 1993 non
1392 1966 1492 1994 eisdem
1509 1972 1596 1994 tamen
1613 1967 1730 2003 indigent
1745 1976 1803 1995 me—

994 2009 1176 2044 .dicamentis,
1191 2011 1237 2037 sed
1249 2011 1300 2038 alia
1321 2011 1428 2046 quidem
1441 2011 1507 2045 istis,
1526 2012 1576 2039 alia
1597 2013 1649 2039 illis
1661 2020 1802 2048 apponun-

1010 2061 1060 2083 tur.
1075 2057 1161 2091 Atque
1174 2057 1241 2083 adeo
1256 2061 1283 2083 et
1297 2057 1459 2092 ﬂagellorum
1475 2058 1546 2084 modi
1560 2058 1625 2085 varii
1648 2063 1710 2086 sunt
1723 2063 1802 2094 atque

1009 2102 1172 2135 differentes,
1186 2107 1213 2130 et
1222 2103 1290 2130 alius
1302 2104 1409 2138 quidem
1421 2105 1515 2132 morbo
1523 2104 1649 2132 diuturno
1663 2106 1799 2139 probatur,

1009 2148 1076 2175 alius
1089 2149 1242 2183 gravissima
1267 2149 1364 2184 inopia,
1379 2150 1404 2176 vi
1419 2155 1499 2185 atque
1522 2151 1615 2184 injuria
1629 2151 1695 2178 alius
1709 2160 1715 2177 :
1730 2152 1801 2178 hunc

1007 2195 1089 2229 juges
1106 2199 1185 2229 atque
1208 2200 1342 2229 perpetua:
1372 2196 1515 2223 liberorum
1541 2197 1801 2232 propinquorumque

1009 2244 1166 2266 cwterorum
1189 2244 1290 2267 mortes
1312 2241 1480 2272 excruciant,
1505 2241 1600 2276 hicque
1622 2242 1655 2268 ab
1677 2243 1800 2269 omnibus

1010 2283 1143 2318 abjicitur,
1158 2284 1307 2320 nulliusque
1322 2286 1361 2312 rei
1382 2285 1477 2321 dignus
1490 2287 1637 2314 :cstimatur
1651 2295 1658 2313 :
1672 2287 1716 2314 ille
1729 2288 1800 2323 quod

1010 2330 1044 2357 de
1057 2330 1089 2357 iis
1102 2336 1250 2364 accusetur,
1265 2339 1378 2366 quorum
1398 2332 1464 2359 nihil
1483 2332 1517 2359 sit
1531 2333 1580 2360 sibi
1595 2334 1727 2366 conscius,
1744 2342 1802 2361 ma-

1011 2376 1097 2411 laeque
1109 2376 1186 2403 fanne
1199 2377 1302 2411 pondus
1313 2377 1379 2405 ferat
1392 2386 1399 2404 ε
1411 2383 1490 2413 atque
1500 2379 1567 2406 alios
1577 2379 1654 2406 aliter
1663 2379 1798 2415 afﬂigitur.

1011 2421 1102 2456 Neque
1120 2423 1191 2449 enim
1214 2423 1340 2457 possibile
1361 2428 1402 2450 est
1422 2424 1511 2451 omnia
1534 2432 1604 2452 nunc
1618 2425 1651 2452 ad
1673 2427 1800 2454 amussim

1011 2475 1160 2495 numerare.
1173 2467 1303 2495 Videntur
1315 2473 1402 2496 autem
1418 2469 1463 2496 tibi
1478 2469 1570 2497 horum
1586 2471 1700 2505 singula,
1717 2471 1739 2498 si
1752 2472 1803 2499 tuis

1010 2514 1137 2540 aerumnis
1157 2513 1344 2546 conferantur,
1360 2513 1426 2541 levia
1440 2522 1470 2542 ac
1486 2515 1556 2542 nulla
1570 2523 1630 2542 esse
1646 2525 1653 2544 :
1669 2524 1761 2544 verum
1776 2521 1801 2544 tu

1010 2559 1033 2586 si
1048 2560 1105 2586 btec
1120 2564 1244 2594 expertus
1266 2567 1350 2593 esses,
1366 2560 1518 2588 addisceres
1539 2561 1660 2595 profecto
1675 2562 1711 2594 id,
1731 2563 1802 2597 quod

1010 2613 1079 2632 nunc
1095 2609 1120 2632 te
1134 2605 1215 2640 angit,
1233 2605 1274 2632 his
1289 2606 1412 2633 omnibus
1431 2606 1594 2634 tolerabilius
1617 2614 1686 2635 esse.
1708 2608 1761 2636 Sed
1777 2613 1803 2635 et

1010 2653 1032 2679 si
1045 2652 1089 2687 qui
1102 2657 1174 2685 sunt,
1185 2660 1297 2687 quorum
1311 2653 1345 2679 sit
1358 2653 1443 2680 levior
1451 2660 1530 2687 quam
1545 2658 1634 2680 nostra
1649 2655 1800 2689 castigatio,

1010 2706 1063 2725 non
1080 2697 1139 2725 ideo
1154 2697 1338 2732 perturbemur
1352 2706 1358 2724 :
1375 2705 1435 2724 nam
1448 2697 1562 2731 adjectio
1582 2699 1701 2726 laborum
1717 2701 1802 2727 incre-

1010 2749 1129 2771 mentum
1154 2745 1322 2779 prremiorum
1345 2749 1386 2772 est
1411 2752 1442 2772 ac
1465 2746 1645 2772 firmissimum
1665 2747 1800 2774 munimen

1011 2794 1142 2822 nostrum,
1158 2797 1209 2824 quo
1225 2789 1284 2817 freti
1300 2798 1441 2825 numquam
1455 2790 1511 2818 sive
1533 2796 1638 2826 sponte,
1654 2792 1709 2820 sive
1722 2793 1800 2820 etiam

1013 2835 1087 2863 inviti
1109 2842 1264 2863 corruamus
1279 2844 1284 2862 :
1300 2843 1413 2871 namque
1429 2840 1559 2865 tumorem
1575 2837 1736 2872 comprimit,
1753 2846 1798 2864 ue-
