  <div class='ocr_page' id='page_1' title='image "/cluster/home/n/w/nwhite01/storage/ocr_20150623/47-48/njp.32101077772612/404.png"; bbox 0 0 2076 3122; ppageno 0'>
   <div class='ocr_carea' id='block_1_1' title="bbox 241 118 1023 151">
    <p class='ocr_par' dir='ltr' id='par_1_1' title="bbox 241 119 1023 151">
     <span class='ocr_line' id='line_1_1' title="bbox 241 119 1023 151; baseline -0.004 0"><span class='ocrx_word' id='word_1_1' title='bbox 241 123 287 151; x_wconf 68' lang='grc'><strong>449</strong></span> <span class='ocrx_word' id='word_1_2' title='bbox 663 122 710 150; x_wconf 80' lang='grc' dir='ltr'><strong>Μ)</strong></span> <span class='ocrx_word' id='word_1_3' title='bbox 727 120 913 150; x_wconf 77' lang='lat' dir='ltr'><strong>STAGIRIUM</strong></span> <span class='ocrx_word' id='word_1_4' title='bbox 934 120 955 148; x_wconf 80' lang='grc' dir='ltr'>Α</span> <span class='ocrx_word' id='word_1_5' title='bbox 977 119 1023 148; x_wconf 73' lang='lat' dir='ltr'><strong>DA</strong></span> 
     </span>
    </p>
   </div>
   <div class='ocr_carea' id='block_1_2' title="bbox 1077 118 1452 151">
    <p class='ocr_par' dir='ltr' id='par_1_2' title="bbox 1077 118 1452 148">
     <span class='ocr_line' id='line_1_2' title="bbox 1077 118 1452 148; baseline 0.003 -2"><span class='ocrx_word' id='word_1_6' title='bbox 1077 119 1129 147; x_wconf 61' lang='grc' dir='ltr'><strong>»ΝΕ</strong></span> <span class='ocrx_word' id='word_1_7' title='bbox 1149 119 1325 148; x_wconf 77' lang='grc' dir='ltr'><strong>νΕΧΔΤυΜ.</strong></span> <span class='ocrx_word' id='word_1_8' title='bbox 1347 118 1410 147; x_wconf 83' lang='lat' dir='ltr'><strong>LIB.</strong></span> <span class='ocrx_word' id='word_1_9' title='bbox 1431 119 1452 147; x_wconf 86' lang='grc' dir='ltr'><strong>Ι.</strong></span> 
     </span>
    </p>
   </div>
   <div class='ocr_carea' id='block_1_3' title="bbox 238 177 1031 215">
    <p class='ocr_par' dir='ltr' id='par_1_3' title="bbox 238 177 1031 215">
     <span class='ocr_line' id='line_1_3' title="bbox 238 177 1031 215; baseline -0.001 -9"><span class='ocrx_word' id='word_1_10' title='bbox 238 179 391 215; x_wconf 75' lang='lat' dir='ltr'><strong>gligemiam</strong></span> <span class='ocrx_word' id='word_1_11' title='bbox 414 179 521 212; x_wconf 85' lang='lat' dir='ltr'><strong>avertit,</strong></span> <span class='ocrx_word' id='word_1_12' title='bbox 544 178 783 214; x_wconf 88' lang='lat' dir='ltr'><strong>prudentioresque</strong></span> <span class='ocrx_word' id='word_1_13' title='bbox 802 185 833 206; x_wconf 89' lang='lat' dir='ltr'><strong>ac</strong></span> <span class='ocrx_word' id='word_1_14' title='bbox 852 177 1031 213; x_wconf 73' lang='lat' dir='ltr'><strong>religiosiores</strong></span> 
     </span>
    </p>
   </div>
   <div class='ocr_carea' id='block_1_4' title="bbox 238 224 1031 260">
    <p class='ocr_par' dir='ltr' id='par_1_4' title="bbox 238 224 1031 260">
     <span class='ocr_line' id='line_1_4' title="bbox 238 224 1031 260; baseline -0.004 -7"><span class='ocrx_word' id='word_1_15' title='bbox 238 225 328 253; x_wconf 84' lang='lat' dir='ltr'><strong>cfticit.</strong></span> <span class='ocrx_word' id='word_1_16' title='bbox 351 225 421 253; x_wconf 89' lang='lat' dir='ltr'><strong>Sane</strong></span> <span class='ocrx_word' id='word_1_17' title='bbox 434 225 456 252; x_wconf 87' lang='lat' dir='ltr'><strong>si</strong></span> <span class='ocrx_word' id='word_1_18' title='bbox 470 225 529 260; x_wconf 86' lang='lat' dir='ltr'><strong>quis</strong></span> <span class='ocrx_word' id='word_1_19' title='bbox 549 225 639 252; x_wconf 82' lang='lat' dir='ltr'><strong>omnia</strong></span> <span class='ocrx_word' id='word_1_20' title='bbox 652 231 810 252; x_wconf 82' lang='lat' dir='ltr'><strong>enumerare</strong></span> <span class='ocrx_word' id='word_1_21' title='bbox 831 224 904 257; x_wconf 94' lang='lat' dir='ltr'><strong>velit,</strong></span> <span class='ocrx_word' id='word_1_22' title='bbox 918 224 1031 259; x_wconf 83' lang='lat' dir='ltr'><strong>plurima</strong></span> 
     </span>
    </p>
   </div>
   <div class='ocr_carea' id='block_1_5' title="bbox 238 270 1031 306">
    <p class='ocr_par' dir='ltr' id='par_1_5' title="bbox 238 270 1031 306">
     <span class='ocr_line' id='line_1_5' title="bbox 238 270 1031 306; baseline -0.004 -7"><span class='ocrx_word' id='word_1_23' title='bbox 238 271 412 299; x_wconf 76' lang='lat' dir='ltr'><strong>tentationum</strong></span> <span class='ocrx_word' id='word_1_24' title='bbox 425 271 602 299; x_wconf 84' lang='lat' dir='ltr'><strong>emolumenta</strong></span> <span class='ocrx_word' id='word_1_25' title='bbox 616 271 742 306; x_wconf 89' lang='lat' dir='ltr'><strong>reperiet,</strong></span> <span class='ocrx_word' id='word_1_26' title='bbox 753 270 892 305; x_wconf 89' lang='lat' dir='ltr'><strong>nullusque</strong></span> <span class='ocrx_word' id='word_1_27' title='bbox 905 277 1031 305; x_wconf 81' lang='lat' dir='ltr'><strong>umquam</strong></span> 
     </span>
    </p>
   </div>
   <div class='ocr_carea' id='block_1_6' title="bbox 237 315 1031 352">
    <p class='ocr_par' dir='ltr' id='par_1_6' title="bbox 237 315 1031 352">
     <span class='ocr_line' id='line_1_6' title="bbox 237 315 1031 352; baseline -0.003 -8"><span class='ocrx_word' id='word_1_28' title='bbox 237 317 326 351; x_wconf 77' lang='lat' dir='ltr'><strong>exiis,</strong></span> <span class='ocrx_word' id='word_1_29' title='bbox 342 318 386 352; x_wconf 85' lang='lat' dir='ltr'><strong>qui</strong></span> <span class='ocrx_word' id='word_1_30' title='bbox 409 317 462 344; x_wconf 93' lang='lat' dir='ltr'><strong>Deo</strong></span> <span class='ocrx_word' id='word_1_31' title='bbox 481 316 658 351; x_wconf 79' lang='lat' dir='ltr'><strong>acceptabiles</strong></span> <span class='ocrx_word' id='word_1_32' title='bbox 679 315 795 349; x_wconf 89' lang='lat' dir='ltr'><strong>fuerunt,</strong></span> <span class='ocrx_word' id='word_1_33' title='bbox 818 316 877 344; x_wconf 90' lang='lat' dir='ltr'><strong>sine</strong></span> <span class='ocrx_word' id='word_1_34' title='bbox 899 315 1031 351; x_wconf 80' lang='lat' dir='ltr'><strong>pressaris</strong></span> 
     </span>
    </p>
   </div>
   <div class='ocr_carea' id='block_1_7' title="bbox 238 362 790 395">
    <p class='ocr_par' dir='ltr' id='par_1_7' title="bbox 238 362 790 395">
     <span class='ocr_line' id='line_1_7' title="bbox 238 362 790 395; baseline -0.002 -5"><span class='ocrx_word' id='word_1_35' title='bbox 238 363 313 395; x_wconf 77' lang='lat' dir='ltr'><strong>vixit,</strong></span> <span class='ocrx_word' id='word_1_36' title='bbox 329 363 434 390; x_wconf 85' lang='lat' dir='ltr'><strong>etiamsi</strong></span> <span class='ocrx_word' id='word_1_37' title='bbox 449 369 502 390; x_wconf 90' lang='lat' dir='ltr'><strong>non</strong></span> <span class='ocrx_word' id='word_1_38' title='bbox 517 362 553 389; x_wconf 87' lang='lat' dir='ltr'><strong>ita</strong></span> <span class='ocrx_word' id='word_1_39' title='bbox 568 362 645 390; x_wconf 89' lang='lat' dir='ltr'><strong>nobis</strong></span> <span class='ocrx_word' id='word_1_40' title='bbox 661 362 790 389; x_wconf 85' lang='lat' dir='ltr'><strong>videatur.</strong></span> 
     </span>
    </p>
   </div>
   <div class='ocr_carea' id='block_1_8' title="bbox 273 418 1030 455">
    <p class='ocr_par' dir='ltr' id='par_1_8' title="bbox 273 418 1030 455">
     <span class='ocr_line' id='line_1_8' title="bbox 273 418 1030 455; baseline -0.003 -8"><span class='ocrx_word' id='word_1_41' title='bbox 273 421 299 448; x_wconf 90' lang='lat'><strong>7.</strong></span> <span class='ocrx_word' id='word_1_42' title='bbox 317 419 468 455; x_wconf 70' lang='lat' dir='ltr'><strong>Exemplum</strong></span> <span class='ocrx_word' id='word_1_43' title='bbox 481 418 558 447; x_wconf 82' lang='lat' dir='ltr'><strong>Pauli</strong></span> <span class='ocrx_word' id='word_1_44' title='bbox 572 419 690 455; x_wconf 85' lang='lat' dir='ltr'><strong>apostoli.</strong></span> <span class='ocrx_word' id='word_1_45' title='bbox 699 419 808 447; x_wconf 88' lang='lat' dir='ltr'><strong>—Nam</strong></span> <span class='ocrx_word' id='word_1_46' title='bbox 820 419 841 447; x_wconf 87' lang='lat' dir='ltr'><strong>si</strong></span> <span class='ocrx_word' id='word_1_47' title='bbox 856 419 949 447; x_wconf 87' lang='lat' dir='ltr'><strong>beatus</strong></span> <span class='ocrx_word' id='word_1_48' title='bbox 960 419 1030 446; x_wconf 89' lang='lat' dir='ltr'><strong>Pau-</strong></span> 
     </span>
    </p>
   </div>
   <div class='ocr_carea' id='block_1_9' title="bbox 238 465 1030 501">
    <p class='ocr_par' dir='ltr' id='par_1_9' title="bbox 238 465 1030 501">
     <span class='ocr_line' id='line_1_9' title="bbox 238 465 1030 501; baseline -0.003 -8"><span class='ocrx_word' id='word_1_49' title='bbox 238 466 279 493; x_wconf 94' lang='lat' dir='ltr'><strong>lus</strong></span> <span class='ocrx_word' id='word_1_50' title='bbox 292 470 393 493; x_wconf 88' lang='lat' dir='ltr'><strong>tantum</strong></span> <span class='ocrx_word' id='word_1_51' title='bbox 407 465 506 501; x_wconf 78' lang='lat' dir='ltr'><strong>negotii</strong></span> <span class='ocrx_word' id='word_1_52' title='bbox 522 465 658 498; x_wconf 88' lang='lat' dir='ltr'><strong>sustinuit,</strong></span> <span class='ocrx_word' id='word_1_53' title='bbox 674 466 762 495; x_wconf 86' lang='lat' dir='ltr'><strong>nullus</strong></span> <span class='ocrx_word' id='word_1_54' title='bbox 774 473 839 493; x_wconf 87' lang='lat' dir='ltr'><strong>vero</strong></span> <span class='ocrx_word' id='word_1_55' title='bbox 849 465 931 492; x_wconf 85' lang='lat' dir='ltr'><strong>Paulo</strong></span> <span class='ocrx_word' id='word_1_56' title='bbox 944 465 1030 500; x_wconf 86' lang='lat' dir='ltr'><strong>major</strong></span> 
     </span>
    </p>
   </div>
   <div class='ocr_carea' id='block_1_10' title="bbox 237 510 1026 546">
    <p class='ocr_par' dir='ltr' id='par_1_10' title="bbox 237 510 1026 546">
     <span class='ocr_line' id='line_1_10' title="bbox 237 510 1026 546; baseline 0 -7"><span class='ocrx_word' id='word_1_57' title='bbox 237 517 289 545; x_wconf 82' lang='lat' dir='ltr'><strong>est,</strong></span> <span class='ocrx_word' id='word_1_58' title='bbox 303 516 348 539; x_wconf 90' lang='lat' dir='ltr'><strong>aut</strong></span> <span class='ocrx_word' id='word_1_59' title='bbox 365 512 446 539; x_wconf 90' lang='lat' dir='ltr'><strong>etiam</strong></span> <span class='ocrx_word' id='word_1_60' title='bbox 466 510 594 546; x_wconf 68' lang='lat' dir='ltr'><strong>aequalis:</strong></span> <span class='ocrx_word' id='word_1_61' title='bbox 610 519 661 546; x_wconf 90' lang='lat' dir='ltr'><strong>qua</strong></span> <span class='ocrx_word' id='word_1_62' title='bbox 677 511 784 538; x_wconf 88' lang='lat' dir='ltr'><strong>tandem</strong></span> <span class='ocrx_word' id='word_1_63' title='bbox 802 511 905 538; x_wconf 77' lang='lat' dir='ltr'><strong>ratione</strong></span> <span class='ocrx_word' id='word_1_64' title='bbox 919 510 955 538; x_wconf 88' lang='lat' dir='ltr'><strong>illi</strong></span> <span class='ocrx_word' id='word_1_65' title='bbox 970 518 1026 539; x_wconf 91' lang='lat' dir='ltr'><strong>cre-</strong></span> 
     </span>
    </p>
   </div>
   <div class='ocr_carea' id='block_1_11' title="bbox 237 556 1024 591">
    <p class='ocr_par' dir='ltr' id='par_1_11' title="bbox 237 556 1024 591">
     <span class='ocr_line' id='line_1_11' title="bbox 237 556 1024 591; baseline -0.001 -7"><span class='ocrx_word' id='word_1_66' title='bbox 237 557 334 584; x_wconf 85' lang='lat' dir='ltr'><strong>dantur</strong></span> <span class='ocrx_word' id='word_1_67' title='bbox 346 556 500 591; x_wconf 87' lang='lat' dir='ltr'><strong>hujusmodi</strong></span> <span class='ocrx_word' id='word_1_68' title='bbox 514 556 612 583; x_wconf 79' lang='lat' dir='ltr'><strong>auxilio</strong></span> <span class='ocrx_word' id='word_1_69' title='bbox 627 564 679 583; x_wconf 86' lang='lat' dir='ltr'><strong>non</strong></span> <span class='ocrx_word' id='word_1_70' title='bbox 694 556 860 591; x_wconf 78' lang='lat' dir='ltr'><strong>indiguisse?</strong></span> <span class='ocrx_word' id='word_1_71' title='bbox 876 556 923 584; x_wconf 90' lang='lat' dir='ltr'><strong>Sin</strong></span> <span class='ocrx_word' id='word_1_72' title='bbox 936 561 1024 583; x_wconf 86' lang='lat' dir='ltr'><strong>autem</strong></span> 
     </span>
    </p>
   </div>
   <div class='ocr_carea' id='block_1_12' title="bbox 237 602 1027 637">
    <p class='ocr_par' dir='ltr' id='par_1_12' title="bbox 237 602 1027 637">
     <span class='ocr_line' id='line_1_12' title="bbox 237 602 1027 637; baseline -0.003 -7"><span class='ocrx_word' id='word_1_73' title='bbox 237 602 343 637; x_wconf 88' lang='lat' dir='ltr'><strong>quidam</strong></span> <span class='ocrx_word' id='word_1_74' title='bbox 358 610 391 630; x_wconf 80' lang='lat' dir='ltr'><strong>ex</strong></span> <span class='ocrx_word' id='word_1_75' title='bbox 412 602 469 629; x_wconf 89' lang='lat' dir='ltr'><strong>istis</strong></span> <span class='ocrx_word' id='word_1_76' title='bbox 488 602 705 630; x_wconf 83' lang='lat' dir='ltr'><strong>tribulationibus</strong></span> <span class='ocrx_word' id='word_1_77' title='bbox 725 602 858 629; x_wconf 87' lang='lat' dir='ltr'><strong>emendati</strong></span> <span class='ocrx_word' id='word_1_78' title='bbox 882 610 935 629; x_wconf 92' lang='lat' dir='ltr'><strong>non</strong></span> <span class='ocrx_word' id='word_1_79' title='bbox 956 606 1027 635; x_wconf 92' lang='lat' dir='ltr'><strong>sunt,</strong></span> 
     </span>
    </p>
   </div>
   <div class='ocr_carea' id='block_1_13' title="bbox 238 648 1030 683">
    <p class='ocr_par' dir='ltr' id='par_1_13' title="bbox 238 648 1030 683">
     <span class='ocr_line' id='line_1_13' title="bbox 238 648 1030 683; baseline 0 -7"><span class='ocrx_word' id='word_1_80' title='bbox 238 656 290 676; x_wconf 88' lang='lat' dir='ltr'><strong>non</strong></span> <span class='ocrx_word' id='word_1_81' title='bbox 313 648 366 676; x_wconf 89' lang='lat' dir='ltr'><strong>hoc</strong></span> <span class='ocrx_word' id='word_1_82' title='bbox 380 649 417 676; x_wconf 88' lang='lat' dir='ltr'><strong>illi</strong></span> <span class='ocrx_word' id='word_1_83' title='bbox 432 648 615 683; x_wconf 87' lang='lat' dir='ltr'><strong>imputandum</strong></span> <span class='ocrx_word' id='word_1_84' title='bbox 629 653 681 682; x_wconf 83' lang='lat' dir='ltr'><strong>cst,</strong></span> <span class='ocrx_word' id='word_1_85' title='bbox 696 649 741 683; x_wconf 93' lang='lat' dir='ltr'><strong>qui</strong></span> <span class='ocrx_word' id='word_1_86' title='bbox 754 649 969 676; x_wconf 88' lang='lat' dir='ltr'><strong>emendationem</strong></span> <span class='ocrx_word' id='word_1_87' title='bbox 989 649 1030 676; x_wconf 92' lang='lat' dir='ltr'><strong>in-</strong></span> 
     </span>
    </p>
   </div>
   <div class='ocr_carea' id='block_1_14' title="bbox 238 694 1027 729">
    <p class='ocr_par' dir='ltr' id='par_1_14' title="bbox 238 694 1027 729">
     <span class='ocr_line' id='line_1_14' title="bbox 238 694 1027 729; baseline 0 -7"><span class='ocrx_word' id='word_1_88' title='bbox 238 695 307 728; x_wconf 91' lang='lat' dir='ltr'><strong>tulit,</strong></span> <span class='ocrx_word' id='word_1_89' title='bbox 318 694 365 722; x_wconf 90' lang='lat' dir='ltr'><strong>sed</strong></span> <span class='ocrx_word' id='word_1_90' title='bbox 379 694 484 721; x_wconf 92' lang='lat' dir='ltr'><strong>illorum</strong></span> <span class='ocrx_word' id='word_1_91' title='bbox 500 695 589 729; x_wconf 84' lang='lat' dir='ltr'><strong>potius</strong></span> <span class='ocrx_word' id='word_1_92' title='bbox 604 694 780 729; x_wconf 63' lang='lat' dir='ltr'><strong>negligentiae.</strong></span> <span class='ocrx_word' id='word_1_93' title='bbox 793 694 859 722; x_wconf 89' lang='lat' dir='ltr'><strong>Nam</strong></span> <span class='ocrx_word' id='word_1_94' title='bbox 874 695 896 722; x_wconf 90' lang='lat' dir='ltr'><strong>si</strong></span> <span class='ocrx_word' id='word_1_95' title='bbox 909 695 962 722; x_wconf 90' lang='lat' dir='ltr'><strong>illis</strong></span> <span class='ocrx_word' id='word_1_96' title='bbox 975 703 1027 722; x_wconf 91' lang='lat' dir='ltr'><strong>non</strong></span> 
     </span>
    </p>
   </div>
   <div class='ocr_carea' id='block_1_15' title="bbox 237 739 1027 775">
    <p class='ocr_par' dir='ltr' id='par_1_15' title="bbox 237 739 1027 775">
     <span class='ocr_line' id='line_1_15' title="bbox 237 739 1027 775; baseline 0 -8"><span class='ocrx_word' id='word_1_97' title='bbox 237 740 330 767; x_wconf 76' lang='lat' dir='ltr'><strong>fuisset</strong></span> <span class='ocrx_word' id='word_1_98' title='bbox 349 739 497 767; x_wconf 86' lang='lat' dir='ltr'><strong>adhibitum</strong></span> <span class='ocrx_word' id='word_1_99' title='bbox 514 739 738 767; x_wconf 89' lang='lat' dir='ltr'><strong>medicamentum</strong></span> <span class='ocrx_word' id='word_1_100' title='bbox 752 760 758 772; x_wconf 91' lang='lat'><strong>,</strong></span> <span class='ocrx_word' id='word_1_101' title='bbox 774 747 822 775; x_wconf 88' lang='lat' dir='ltr'><strong>per</strong></span> <span class='ocrx_word' id='word_1_102' title='bbox 841 740 1027 775; x_wconf 82' lang='lat' dir='ltr'><strong>negligentiam</strong></span> 
     </span>
    </p>
   </div>
   <div class='ocr_carea' id='block_1_16' title="bbox 236 785 1026 820">
    <p class='ocr_par' dir='ltr' id='par_1_16' title="bbox 236 785 1026 820">
     <span class='ocr_line' id='line_1_16' title="bbox 236 785 1026 820; baseline 0.001 -8"><span class='ocrx_word' id='word_1_103' title='bbox 236 785 348 820; x_wconf 86' lang='lat' dir='ltr'><strong>periisse</strong></span> <span class='ocrx_word' id='word_1_104' title='bbox 358 785 515 812; x_wconf 85' lang='lat' dir='ltr'><strong>viderentur</strong></span> <span class='ocrx_word' id='word_1_105' title='bbox 528 794 535 812; x_wconf 93' lang='lat'>:</span> <span class='ocrx_word' id='word_1_106' title='bbox 550 792 620 812; x_wconf 90' lang='lat' dir='ltr'><strong>nunc</strong></span> <span class='ocrx_word' id='word_1_107' title='bbox 631 793 695 812; x_wconf 87' lang='lat' dir='ltr'><strong>vero</strong></span> <span class='ocrx_word' id='word_1_108' title='bbox 708 793 760 812; x_wconf 94' lang='lat' dir='ltr'><strong>non</strong></span> <span class='ocrx_word' id='word_1_109' title='bbox 772 793 864 820; x_wconf 91' lang='lat' dir='ltr'><strong>parum</strong></span> <span class='ocrx_word' id='word_1_110' title='bbox 876 789 964 813; x_wconf 92' lang='lat' dir='ltr'><strong>actum</strong></span> <span class='ocrx_word' id='word_1_111' title='bbox 975 790 1026 819; x_wconf 84' lang='lat' dir='ltr'><strong>est,</strong></span> 
     </span>
    </p>
   </div>
   <div class='ocr_carea' id='block_1_17' title="bbox 237 829 1028 866">
    <p class='ocr_par' dir='ltr' id='par_1_17' title="bbox 237 829 1028 866">
     <span class='ocr_line' id='line_1_17' title="bbox 237 829 1028 866; baseline 0.003 -10"><span class='ocrx_word' id='word_1_112' title='bbox 237 837 296 857; x_wconf 85' lang='lat' dir='ltr'><strong>eum</strong></span> <span class='ocrx_word' id='word_1_113' title='bbox 309 837 387 858; x_wconf 90' lang='lat' dir='ltr'><strong>nemo</strong></span> <span class='ocrx_word' id='word_1_114' title='bbox 397 829 530 857; x_wconf 90' lang='lat' dir='ltr'><strong>medicum</strong></span> <span class='ocrx_word' id='word_1_115' title='bbox 544 837 670 857; x_wconf 81' lang='lat' dir='ltr'><strong>accusare</strong></span> <span class='ocrx_word' id='word_1_116' title='bbox 685 830 779 865; x_wconf 89' lang='lat' dir='ltr'><strong>possit,</strong></span> <span class='ocrx_word' id='word_1_117' title='bbox 797 830 844 857; x_wconf 90' lang='lat' dir='ltr'><strong>sed</strong></span> <span class='ocrx_word' id='word_1_118' title='bbox 855 835 970 866; x_wconf 73' lang='lat' dir='ltr'><strong>aegrotos</strong></span> <span class='ocrx_word' id='word_1_119' title='bbox 981 839 1028 866; x_wconf 85' lang='lat' dir='ltr'><strong>po-</strong></span> 
     </span>
    </p>
   </div>
   <div class='ocr_carea' id='block_1_18' title="bbox 237 876 1027 912">
    <p class='ocr_par' dir='ltr' id='par_1_18' title="bbox 237 876 1027 912">
     <span class='ocr_line' id='line_1_18' title="bbox 237 876 1027 912; baseline 0.001 -9"><span class='ocrx_word' id='word_1_120' title='bbox 237 876 289 904; x_wconf 87' lang='lat' dir='ltr'><strong>tius</strong></span> <span class='ocrx_word' id='word_1_121' title='bbox 303 876 474 911; x_wconf 90' lang='lat' dir='ltr'><strong>ipsorumque</strong></span> <span class='ocrx_word' id='word_1_122' title='bbox 484 876 624 903; x_wconf 88' lang='lat' dir='ltr'><strong>incuriam.</strong></span> <span class='ocrx_word' id='word_1_123' title='bbox 639 876 667 903; x_wconf 91' lang='lat' dir='ltr'><strong>Si</strong></span> <span class='ocrx_word' id='word_1_124' title='bbox 679 877 724 911; x_wconf 92' lang='lat' dir='ltr'><strong>qui</strong></span> <span class='ocrx_word' id='word_1_125' title='bbox 735 883 800 904; x_wconf 86' lang='lat' dir='ltr'><strong>vero</strong></span> <span class='ocrx_word' id='word_1_126' title='bbox 811 881 952 912; x_wconf 83' lang='lat' dir='ltr'><strong>antequam</strong></span> <span class='ocrx_word' id='word_1_127' title='bbox 969 882 1027 905; x_wconf 88' lang='lat' dir='ltr'><strong>ten-</strong></span> 
     </span>
    </p>
   </div>
   <div class='ocr_carea' id='block_1_19' title="bbox 237 923 1028 959">
    <p class='ocr_par' dir='ltr' id='par_1_19' title="bbox 237 923 1028 959">
     <span class='ocr_line' id='line_1_19' title="bbox 237 923 1028 959; baseline 0.001 -9"><span class='ocrx_word' id='word_1_128' title='bbox 237 927 366 957; x_wconf 89' lang='lat' dir='ltr'><strong>tarentur,</strong></span> <span class='ocrx_word' id='word_1_129' title='bbox 387 923 540 959; x_wconf 71' lang='lat' dir='ltr'><strong>gradientes</strong></span> <span class='ocrx_word' id='word_1_130' title='bbox 553 928 627 951; x_wconf 90' lang='lat' dir='ltr'><strong>recte</strong></span> <span class='ocrx_word' id='word_1_131' title='bbox 637 944 645 956; x_wconf 87' lang='lat'><strong>,</strong></span> <span class='ocrx_word' id='word_1_132' title='bbox 661 928 721 958; x_wconf 90' lang='lat' dir='ltr'><strong>post</strong></span> <span class='ocrx_word' id='word_1_133' title='bbox 735 924 907 951; x_wconf 85' lang='lat' dir='ltr'><strong>tentationem</strong></span> <span class='ocrx_word' id='word_1_134' title='bbox 920 930 1028 951; x_wconf 81' lang='lat' dir='ltr'><strong>corrue—</strong></span> 
     </span>
    </p>
   </div>
   <div class='ocr_carea' id='block_1_20' title="bbox 235 969 1025 1005">
    <p class='ocr_par' dir='ltr' id='par_1_20' title="bbox 235 969 1025 1005">
     <span class='ocr_line' id='line_1_20' title="bbox 235 969 1025 1005; baseline 0.001 -9"><span class='ocrx_word' id='word_1_135' title='bbox 235 973 309 1002; x_wconf 86' lang='lat' dir='ltr'><strong>runt,</strong></span> <span class='ocrx_word' id='word_1_136' title='bbox 323 969 421 1004; x_wconf 83' lang='lat' dir='ltr'><strong>aliique</strong></span> <span class='ocrx_word' id='word_1_137' title='bbox 432 977 493 996; x_wconf 86' lang='lat' dir='ltr'><strong>cum</strong></span> <span class='ocrx_word' id='word_1_138' title='bbox 514 969 637 996; x_wconf 89' lang='lat' dir='ltr'><strong>omnibus</strong></span> <span class='ocrx_word' id='word_1_139' title='bbox 656 975 745 997; x_wconf 86' lang='lat' dir='ltr'><strong>essent</strong></span> <span class='ocrx_word' id='word_1_140' title='bbox 766 970 883 1005; x_wconf 81' lang='lat' dir='ltr'><strong>peccatis</strong></span> <span class='ocrx_word' id='word_1_141' title='bbox 898 970 1005 997; x_wconf 80' lang='lat' dir='ltr'><strong>obnoxii</strong></span> <span class='ocrx_word' id='word_1_142' title='bbox 1018 991 1025 1003; x_wconf 90' lang='lat'><strong>,</strong></span> 
     </span>
    </p>
   </div>
   <div class='ocr_carea' id='block_1_21' title="bbox 237 1015 1026 1050">
    <p class='ocr_par' dir='ltr' id='par_1_21' title="bbox 237 1015 1026 1050">
     <span class='ocr_line' id='line_1_21' title="bbox 237 1015 1026 1050; baseline 0.001 -8"><span class='ocrx_word' id='word_1_143' title='bbox 237 1015 310 1042; x_wconf 89' lang='lat' dir='ltr'><strong>nulla</strong></span> <span class='ocrx_word' id='word_1_144' title='bbox 323 1015 493 1043; x_wconf 82' lang='lat' dir='ltr'><strong>tribulatione</strong></span> <span class='ocrx_word' id='word_1_145' title='bbox 503 1015 592 1042; x_wconf 84' lang='lat' dir='ltr'><strong>vexati</strong></span> <span class='ocrx_word' id='word_1_146' title='bbox 600 1020 670 1048; x_wconf 92' lang='lat' dir='ltr'><strong>sunt,</strong></span> <span class='ocrx_word' id='word_1_147' title='bbox 684 1015 727 1042; x_wconf 86' lang='lat' dir='ltr'><strong>alii</strong></span> <span class='ocrx_word' id='word_1_148' title='bbox 738 1023 801 1043; x_wconf 87' lang='lat' dir='ltr'><strong>vero</strong></span> <span class='ocrx_word' id='word_1_149' title='bbox 813 1023 828 1042; x_wconf 92' lang='lat' dir='ltr'><strong>a</strong></span> <span class='ocrx_word' id='word_1_150' title='bbox 840 1016 924 1050; x_wconf 86' lang='lat' dir='ltr'><strong>prima</strong></span> <span class='ocrx_word' id='word_1_151' title='bbox 937 1017 1026 1043; x_wconf 85' lang='lat' dir='ltr'><strong>statim</strong></span> 
     </span>
    </p>
   </div>
   <div class='ocr_carea' id='block_1_22' title="bbox 235 1061 1026 1096">
    <p class='ocr_par' dir='ltr' id='par_1_22' title="bbox 235 1061 1026 1096">
     <span class='ocr_line' id='line_1_22' title="bbox 235 1061 1026 1096; baseline 0.001 -9"><span class='ocrx_word' id='word_1_152' title='bbox 235 1065 315 1088; x_wconf 73' lang='lat' dir='ltr'><strong>mtate</strong></span> <span class='ocrx_word' id='word_1_153' title='bbox 340 1068 425 1096; x_wconf 88' lang='lat' dir='ltr'><strong>usque</strong></span> <span class='ocrx_word' id='word_1_154' title='bbox 443 1061 476 1088; x_wconf 87' lang='lat' dir='ltr'><strong>ad</strong></span> <span class='ocrx_word' id='word_1_155' title='bbox 502 1061 625 1088; x_wconf 87' lang='lat' dir='ltr'><strong>ultimum</strong></span> <span class='ocrx_word' id='word_1_156' title='bbox 647 1062 708 1088; x_wconf 69' lang='lat' dir='ltr'><strong>vita:</strong></span> <span class='ocrx_word' id='word_1_157' title='bbox 730 1061 852 1096; x_wconf 89' lang='lat' dir='ltr'><strong>spiritum</strong></span> <span class='ocrx_word' id='word_1_158' title='bbox 880 1061 1026 1089; x_wconf 88' lang='lat' dir='ltr'><strong>innumeris</strong></span> 
     </span>
    </p>
   </div>
   <div class='ocr_carea' id='block_1_23' title="bbox 235 1106 1025 1142">
    <p class='ocr_par' dir='ltr' id='par_1_23' title="bbox 235 1106 1025 1142">
     <span class='ocr_line' id='line_1_23' title="bbox 235 1106 1025 1142; baseline 0.003 -9"><span class='ocrx_word' id='word_1_159' title='bbox 235 1106 429 1135; x_wconf 83' lang='lat' dir='ltr'><strong>calamitatibus</strong></span> <span class='ocrx_word' id='word_1_160' title='bbox 455 1106 561 1134; x_wconf 90' lang='lat' dir='ltr'><strong>contriti</strong></span> <span class='ocrx_word' id='word_1_161' title='bbox 582 1111 690 1140; x_wconf 88' lang='lat' dir='ltr'><strong>sunt,a</strong></span> <span class='ocrx_word' id='word_1_162' title='bbox 718 1107 788 1134; x_wconf 91' lang='lat' dir='ltr'><strong>nulla</strong></span> <span class='ocrx_word' id='word_1_163' title='bbox 818 1107 969 1142; x_wconf 89' lang='lat' dir='ltr'><strong>hujusmodi</strong></span> <span class='ocrx_word' id='word_1_164' title='bbox 996 1116 1025 1135; x_wconf 86' lang='lat' dir='ltr'><strong>re</strong></span> 
     </span>
    </p>
   </div>
   <div class='ocr_carea' id='block_1_24' title="bbox 234 1152 1024 1187">
    <p class='ocr_par' dir='ltr' id='par_1_24' title="bbox 234 1152 1024 1187">
     <span class='ocr_line' id='line_1_24' title="bbox 234 1152 1024 1187; baseline 0 -8"><span class='ocrx_word' id='word_1_165' title='bbox 234 1152 389 1187; x_wconf 88' lang='lat' dir='ltr'><strong>dejiciamur</strong></span> <span class='ocrx_word' id='word_1_166' title='bbox 421 1157 466 1179; x_wconf 91' lang='lat' dir='ltr'><strong>aut</strong></span> <span class='ocrx_word' id='word_1_167' title='bbox 496 1152 695 1187; x_wconf 89' lang='lat' dir='ltr'><strong>perturbemur.</strong></span> <span class='ocrx_word' id='word_1_168' title='bbox 730 1153 836 1180; x_wconf 89' lang='lat' dir='ltr'><strong>Etenim</strong></span> <span class='ocrx_word' id='word_1_169' title='bbox 864 1153 886 1180; x_wconf 90' lang='lat' dir='ltr'><strong>si</strong></span> <span class='ocrx_word' id='word_1_170' title='bbox 918 1161 1024 1181; x_wconf 87' lang='lat' dir='ltr'><strong>omnem</strong></span> 
     </span>
    </p>
   </div>
   <div class='ocr_carea' id='block_1_25' title="bbox 236 1197 1025 1234">
    <p class='ocr_par' dir='ltr' id='par_1_25' title="bbox 236 1197 1025 1234">
     <span class='ocr_line' id='line_1_25' title="bbox 236 1197 1025 1234; baseline 0.003 -10"><span class='ocrx_word' id='word_1_171' title='bbox 236 1197 408 1232; x_wconf 67' lang='lat' dir='ltr'><strong>providentiae</strong></span> <span class='ocrx_word' id='word_1_172' title='bbox 419 1198 489 1225; x_wconf 92' lang='lat' dir='ltr'><strong>illius</strong></span> <span class='ocrx_word' id='word_1_173' title='bbox 500 1198 725 1234; x_wconf 88' lang='lat' dir='ltr'><strong>dispensationem</strong></span> <span class='ocrx_word' id='word_1_174' title='bbox 735 1199 804 1225; x_wconf 90' lang='lat' dir='ltr'><strong>scire</strong></span> <span class='ocrx_word' id='word_1_175' title='bbox 818 1198 969 1226; x_wconf 85' lang='lat' dir='ltr'><strong>valeremus</strong></span> <span class='ocrx_word' id='word_1_176' title='bbox 980 1204 1025 1226; x_wconf 91' lang='lat' dir='ltr'><strong>aut</strong></span> 
     </span>
    </p>
   </div>
   <div class='ocr_carea' id='block_1_26' title="bbox 234 1243 1025 1279">
    <p class='ocr_par' dir='ltr' id='par_1_26' title="bbox 234 1243 1025 1279">
     <span class='ocr_line' id='line_1_26' title="bbox 234 1243 1025 1279; baseline 0.001 -9"><span class='ocrx_word' id='word_1_177' title='bbox 234 1243 403 1276; x_wconf 86' lang='lat' dir='ltr'><strong>deberemus,</strong></span> <span class='ocrx_word' id='word_1_178' title='bbox 413 1243 463 1271; x_wconf 89' lang='lat' dir='ltr'><strong>ista</strong></span> <span class='ocrx_word' id='word_1_179' title='bbox 471 1243 635 1279; x_wconf 75' lang='lat' dir='ltr'><strong>ignorantes,</strong></span> <span class='ocrx_word' id='word_1_180' title='bbox 645 1244 768 1271; x_wconf 65' lang='lat' dir='ltr'><strong>maeroris</strong></span> <span class='ocrx_word' id='word_1_181' title='bbox 776 1251 808 1271; x_wconf 89' lang='lat' dir='ltr'><strong>ac</strong></span> <span class='ocrx_word' id='word_1_182' title='bbox 820 1245 1025 1279; x_wconf 80' lang='lat' dir='ltr'><strong>perturbationis</strong></span> 
     </span>
    </p>
   </div>
   <div class='ocr_carea' id='block_1_27' title="bbox 234 1289 1023 1323">
    <p class='ocr_par' dir='ltr' id='par_1_27' title="bbox 234 1289 1023 1323">
     <span class='ocr_line' id='line_1_27' title="bbox 234 1289 1023 1323; baseline 0 -7"><span class='ocrx_word' id='word_1_183' title='bbox 234 1296 288 1316; x_wconf 81' lang='lat' dir='ltr'><strong>non</strong></span> <span class='ocrx_word' id='word_1_184' title='bbox 299 1289 432 1316; x_wconf 88' lang='lat' dir='ltr'><strong>immerito</strong></span> <span class='ocrx_word' id='word_1_185' title='bbox 446 1296 554 1316; x_wconf 87' lang='lat' dir='ltr'><strong>causam</strong></span> <span class='ocrx_word' id='word_1_186' title='bbox 565 1289 664 1317; x_wconf 85' lang='lat' dir='ltr'><strong>habere</strong></span> <span class='ocrx_word' id='word_1_187' title='bbox 677 1289 828 1317; x_wconf 83' lang='lat' dir='ltr'><strong>videremur</strong></span> <span class='ocrx_word' id='word_1_188' title='bbox 842 1298 848 1316; x_wconf 89' lang='lat'>:</span> <span class='ocrx_word' id='word_1_189' title='bbox 863 1289 903 1316; x_wconf 92' lang='lat' dir='ltr'><strong>sin</strong></span> <span class='ocrx_word' id='word_1_190' title='bbox 918 1297 981 1316; x_wconf 86' lang='lat' dir='ltr'><strong>vero</strong></span> <span class='ocrx_word' id='word_1_191' title='bbox 992 1289 1023 1323; x_wconf 88' lang='lat' dir='ltr'><strong>is,</strong></span> 
     </span>
    </p>
   </div>
   <div class='ocr_carea' id='block_1_28' title="bbox 234 1334 1024 1370">
    <p class='ocr_par' dir='ltr' id='par_1_28' title="bbox 234 1334 1024 1370">
     <span class='ocr_line' id='line_1_28' title="bbox 234 1334 1024 1370; baseline 0.003 -10"><span class='ocrx_word' id='word_1_192' title='bbox 234 1334 278 1369; x_wconf 91' lang='lat' dir='ltr'><strong>qui</strong></span> <span class='ocrx_word' id='word_1_193' title='bbox 293 1337 425 1361; x_wconf 80' lang='lat' dir='ltr'><strong>tantorum</strong></span> <span class='ocrx_word' id='word_1_194' title='bbox 439 1341 597 1361; x_wconf 83' lang='lat' dir='ltr'><strong>arcanorum</strong></span> <span class='ocrx_word' id='word_1_195' title='bbox 609 1335 753 1370; x_wconf 85' lang='lat' dir='ltr'><strong>particeps,</strong></span> <span class='ocrx_word' id='word_1_196' title='bbox 769 1334 802 1361; x_wconf 91' lang='lat' dir='ltr'><strong>ad</strong></span> <span class='ocrx_word' id='word_1_197' title='bbox 817 1334 921 1362; x_wconf 88' lang='lat' dir='ltr'><strong>tertium</strong></span> <span class='ocrx_word' id='word_1_198' title='bbox 930 1335 1024 1362; x_wconf 71' lang='lat' dir='ltr'><strong>cadum</strong></span> 
     </span>
    </p>
   </div>
   <div class='ocr_carea' id='block_1_29' title="bbox 233 1378 1027 1416">
    <p class='ocr_par' dir='ltr' id='par_1_29' title="bbox 233 1378 1027 1416">
     <span class='ocr_line' id='line_1_29' title="bbox 233 1378 1027 1416; baseline 0.003 -10"><span class='ocrx_word' id='word_1_199' title='bbox 233 1383 326 1414; x_wconf 87' lang='lat' dir='ltr'><strong>raptus</strong></span> <span class='ocrx_word' id='word_1_200' title='bbox 339 1378 434 1413; x_wconf 88' lang='lat' dir='ltr'><strong>fuerat,</strong></span> <span class='ocrx_word' id='word_1_201' title='bbox 457 1379 491 1407; x_wconf 92' lang='lat' dir='ltr'><strong>ad</strong></span> <span class='ocrx_word' id='word_1_202' title='bbox 512 1379 582 1407; x_wconf 87' lang='lat' dir='ltr'><strong>hanc</strong></span> <span class='ocrx_word' id='word_1_203' title='bbox 598 1385 686 1407; x_wconf 87' lang='lat' dir='ltr'><strong>tamen</strong></span> <span class='ocrx_word' id='word_1_204' title='bbox 705 1379 830 1416; x_wconf 87' lang='lat' dir='ltr'><strong>abyssum</strong></span> <span class='ocrx_word' id='word_1_205' title='bbox 845 1380 949 1408; x_wconf 63' lang='lat' dir='ltr'><strong>haerens</strong></span> <span class='ocrx_word' id='word_1_206' title='bbox 962 1382 1027 1408; x_wconf 84' lang='lat' dir='ltr'><strong>sub-</strong></span> 
     </span>
    </p>
   </div>
   <div class='ocr_carea' id='block_1_30' title="bbox 233 1424 1024 1461">
    <p class='ocr_par' dir='ltr' id='par_1_30' title="bbox 233 1424 1024 1461">
     <span class='ocr_line' id='line_1_30' title="bbox 233 1424 1024 1461; baseline 0.001 -9"><span class='ocrx_word' id='word_1_207' title='bbox 233 1424 311 1457; x_wconf 88' lang='lat' dir='ltr'><strong>stitit,</strong></span> <span class='ocrx_word' id='word_1_208' title='bbox 326 1424 525 1460; x_wconf 91' lang='lat' dir='ltr'><strong>inspiciensqne</strong></span> <span class='ocrx_word' id='word_1_209' title='bbox 540 1425 566 1452; x_wconf 90' lang='lat' dir='ltr'><strong>in</strong></span> <span class='ocrx_word' id='word_1_210' title='bbox 581 1424 740 1460; x_wconf 87' lang='lat' dir='ltr'><strong>profundum</strong></span> <span class='ocrx_word' id='word_1_211' title='bbox 751 1425 903 1452; x_wconf 86' lang='lat' dir='ltr'><strong>divitiarum</strong></span> <span class='ocrx_word' id='word_1_212' title='bbox 917 1426 1024 1461; x_wconf 89' lang='lat' dir='ltr'><strong>sapien-</strong></span> 
     </span>
    </p>
   </div>
   <div class='ocr_carea' id='block_1_31' title="bbox 234 1470 1024 1506">
    <p class='ocr_par' dir='ltr' id='par_1_31' title="bbox 234 1470 1024 1506">
     <span class='ocr_line' id='line_1_31' title="bbox 234 1470 1024 1506; baseline 0.001 -9"><span class='ocrx_word' id='word_1_213' title='bbox 234 1470 277 1497; x_wconf 66' lang='lat' dir='ltr'><strong>tiae</strong></span> <span class='ocrx_word' id='word_1_214' title='bbox 289 1478 320 1497; x_wconf 88' lang='lat' dir='ltr'><strong>ac</strong></span> <span class='ocrx_word' id='word_1_215' title='bbox 332 1471 451 1498; x_wconf 68' lang='lat' dir='ltr'><strong>scientia:</strong></span> <span class='ocrx_word' id='word_1_216' title='bbox 465 1471 522 1504; x_wconf 90' lang='lat' dir='ltr'><strong>Dei,</strong></span> <span class='ocrx_word' id='word_1_217' title='bbox 536 1470 672 1505; x_wconf 89' lang='lat' dir='ltr'><strong>obstupuit</strong></span> <span class='ocrx_word' id='word_1_218' title='bbox 685 1471 789 1504; x_wconf 91' lang='lat' dir='ltr'><strong>solum,_</strong></span> <span class='ocrx_word' id='word_1_219' title='bbox 798 1476 877 1506; x_wconf 88' lang='lat' dir='ltr'><strong>atque</strong></span> <span class='ocrx_word' id='word_1_220' title='bbox 888 1471 950 1499; x_wconf 93' lang='lat' dir='ltr'><strong>inde</strong></span> <span class='ocrx_word' id='word_1_221' title='bbox 961 1471 1024 1499; x_wconf 84' lang='lat' dir='ltr'><strong>resi-</strong></span> 
     </span>
    </p>
   </div>
   <div class='ocr_carea' id='block_1_32' title="bbox 233 1515 1024 1553">
    <p class='ocr_par' dir='ltr' id='par_1_32' title="bbox 233 1515 1024 1553">
     <span class='ocr_line' id='line_1_32' title="bbox 233 1515 1024 1553; baseline 0.004 -11"><span class='ocrx_word' id='word_1_222' title='bbox 233 1515 291 1544; x_wconf 87' lang='lat' dir='ltr'><strong>liit:</strong></span> <span class='ocrx_word' id='word_1_223' title='bbox 305 1515 367 1551; x_wconf 89' lang='lat' dir='ltr'><strong>quid</strong></span> <span class='ocrx_word' id='word_1_224' title='bbox 382 1523 430 1543; x_wconf 91' lang='lat' dir='ltr'><strong>nos</strong></span> <span class='ocrx_word' id='word_1_225' title='bbox 444 1516 515 1551; x_wconf 87' lang='lat' dir='ltr'><strong>ipsos</strong></span> <span class='ocrx_word' id='word_1_226' title='bbox 528 1516 625 1544; x_wconf 76' lang='lat' dir='ltr'><strong>frustra</strong></span> <span class='ocrx_word' id='word_1_227' title='bbox 637 1517 810 1549; x_wconf 88' lang='lat' dir='ltr'><strong>concidimus,</strong></span> <span class='ocrx_word' id='word_1_228' title='bbox 826 1522 1024 1553; x_wconf 88' lang='lat' dir='ltr'><strong>perscrutantes</strong></span> 
     </span>
    </p>
   </div>
   <div class='ocr_carea' id='block_1_33' title="bbox 233 1562 1024 1598">
    <p class='ocr_par' dir='ltr' id='par_1_33' title="bbox 233 1562 1024 1598">
     <span class='ocr_line' id='line_1_33' title="bbox 233 1562 1024 1598; baseline 0.004 -9"><span class='ocrx_word' id='word_1_229' title='bbox 233 1562 425 1596; x_wconf 85' lang='lat' dir='ltr'><strong>inscrutabilia,</strong></span> <span class='ocrx_word' id='word_1_230' title='bbox 439 1568 520 1598; x_wconf 91' lang='lat' dir='ltr'><strong>atque</strong></span> <span class='ocrx_word' id='word_1_231' title='bbox 528 1563 720 1598; x_wconf 78' lang='lat' dir='ltr'><strong>investigabilia</strong></span> <span class='ocrx_word' id='word_1_232' title='bbox 729 1564 833 1591; x_wconf 86' lang='lat' dir='ltr'><strong>curiose</strong></span> <span class='ocrx_word' id='word_1_233' title='bbox 841 1564 1024 1598; x_wconf 89' lang='lat' dir='ltr'><strong>inquirentcs?</strong></span> 
     </span>
    </p>
   </div>
   <div class='ocr_carea' id='block_1_34' title="bbox 234 1608 1024 1644">
    <p class='ocr_par' dir='ltr' id='par_1_34' title="bbox 234 1608 1024 1644">
     <span class='ocr_line' id='line_1_34' title="bbox 234 1608 1024 1644; baseline 0.003 -8"><span class='ocrx_word' id='word_1_234' title='bbox 234 1608 312 1637; x_wconf 86' lang='lat' dir='ltr'><strong>Certe</strong></span> <span class='ocrx_word' id='word_1_235' title='bbox 322 1617 382 1637; x_wconf 90' lang='lat' dir='ltr'><strong>cum</strong></span> <span class='ocrx_word' id='word_1_236' title='bbox 392 1609 512 1637; x_wconf 90' lang='lat' dir='ltr'><strong>medicus</strong></span> <span class='ocrx_word' id='word_1_237' title='bbox 519 1609 653 1636; x_wconf 87' lang='lat' dir='ltr'><strong>contraria</strong></span> <span class='ocrx_word' id='word_1_238' title='bbox 663 1609 694 1636; x_wconf 91' lang='lat' dir='ltr'><strong>iis</strong></span> <span class='ocrx_word' id='word_1_239' title='bbox 702 1617 761 1644; x_wconf 73' lang='lat' dir='ltr'><strong>quae</strong></span> <span class='ocrx_word' id='word_1_240' title='bbox 771 1610 847 1637; x_wconf 90' lang='lat' dir='ltr'><strong>nobis</strong></span> <span class='ocrx_word' id='word_1_241' title='bbox 858 1609 972 1638; x_wconf 87' lang='lat' dir='ltr'><strong>salubria</strong></span> <span class='ocrx_word' id='word_1_242' title='bbox 985 1611 1024 1638; x_wconf 90' lang='lat' dir='ltr'><strong>vi-</strong></span> 
     </span>
    </p>
   </div>
   <div class='ocr_carea' id='block_1_35' title="bbox 232 1654 1023 1690">
    <p class='ocr_par' dir='ltr' id='par_1_35' title="bbox 232 1654 1023 1690">
     <span class='ocr_line' id='line_1_35' title="bbox 232 1654 1023 1690; baseline 0 -8"><span class='ocrx_word' id='word_1_243' title='bbox 232 1655 327 1682; x_wconf 91' lang='lat' dir='ltr'><strong>dentur</strong></span> <span class='ocrx_word' id='word_1_244' title='bbox 350 1654 487 1690; x_wconf 72' lang='lat' dir='ltr'><strong>prmeipit,</strong></span> <span class='ocrx_word' id='word_1_245' title='bbox 510 1655 566 1682; x_wconf 87' lang='lat' dir='ltr'><strong>sive</strong></span> <span class='ocrx_word' id='word_1_246' title='bbox 587 1654 680 1689; x_wconf 82' lang='lat' dir='ltr'><strong>algeus</strong></span> <span class='ocrx_word' id='word_1_247' title='bbox 697 1655 846 1682; x_wconf 84' lang='lat' dir='ltr'><strong>membrum</strong></span> <span class='ocrx_word' id='word_1_248' title='bbox 870 1654 935 1682; x_wconf 85' lang='lat' dir='ltr'><strong>fonti</strong></span> <span class='ocrx_word' id='word_1_249' title='bbox 957 1655 1023 1682; x_wconf 74' lang='lat' dir='ltr'><strong>sul)-</strong></span> 
     </span>
    </p>
   </div>
   <div class='ocr_carea' id='block_1_36' title="bbox 230 1696 1024 1735">
    <p class='ocr_par' dir='ltr' id='par_1_36' title="bbox 230 1696 1024 1735">
     <span class='ocr_line' id='line_1_36' title="bbox 230 1696 1024 1735; baseline 0.001 -8"><span class='ocrx_word' id='word_1_250' title='bbox 230 1699 312 1735; x_wconf 88' lang='lat' dir='ltr'><strong>jicere</strong></span> <span class='ocrx_word' id='word_1_251' title='bbox 332 1700 438 1734; x_wconf 88' lang='lat' dir='ltr'><strong>jubeat,</strong></span> <span class='ocrx_word' id='word_1_252' title='bbox 462 1700 517 1727; x_wconf 87' lang='lat' dir='ltr'><strong>sive</strong></span> <span class='ocrx_word' id='word_1_253' title='bbox 538 1699 589 1728; x_wconf 90' lang='lat' dir='ltr'><strong>alia</strong></span> <span class='ocrx_word' id='word_1_254' title='bbox 606 1696 756 1735; x_wconf 79' lang='lat' dir='ltr'><strong>huiusmodi</strong></span> <span class='ocrx_word' id='word_1_255' title='bbox 781 1700 961 1735; x_wconf 80' lang='lat' dir='ltr'><strong>inexspectata</strong></span> <span class='ocrx_word' id='word_1_256' title='bbox 982 1701 1024 1728; x_wconf 87' lang='lat' dir='ltr'><strong>fa-</strong></span> 
     </span>
    </p>
   </div>
   <div class='ocr_carea' id='block_1_37' title="bbox 231 1745 1022 1780">
    <p class='ocr_par' dir='ltr' id='par_1_37' title="bbox 231 1745 1022 1780">
     <span class='ocr_line' id='line_1_37' title="bbox 231 1745 1022 1780; baseline 0.003 -8"><span class='ocrx_word' id='word_1_257' title='bbox 231 1745 293 1778; x_wconf 90' lang='lat' dir='ltr'><strong>ciat,</strong></span> <span class='ocrx_word' id='word_1_258' title='bbox 318 1753 462 1780; x_wconf 87' lang='lat' dir='ltr'><strong>numquam</strong></span> <span class='ocrx_word' id='word_1_259' title='bbox 487 1745 665 1779; x_wconf 84' lang='lat' dir='ltr'><strong>reluctamur;</strong></span> <span class='ocrx_word' id='word_1_260' title='bbox 694 1746 741 1774; x_wconf 91' lang='lat' dir='ltr'><strong>sed</strong></span> <span class='ocrx_word' id='word_1_261' title='bbox 765 1754 824 1774; x_wconf 93' lang='lat' dir='ltr'><strong>cum</strong></span> <span class='ocrx_word' id='word_1_262' title='bbox 849 1747 926 1775; x_wconf 87' lang='lat' dir='ltr'><strong>nobis</strong></span> <span class='ocrx_word' id='word_1_263' title='bbox 945 1752 1022 1775; x_wconf 84' lang='lat' dir='ltr'><strong>antea</strong></span> 
     </span>
    </p>
   </div>
   <div class='ocr_carea' id='block_1_38' title="bbox 231 1791 1023 1827">
    <p class='ocr_par' dir='ltr' id='par_1_38' title="bbox 231 1791 1023 1827">
     <span class='ocr_line' id='line_1_38' title="bbox 231 1791 1023 1827; baseline 0.001 -9"><span class='ocrx_word' id='word_1_264' title='bbox 231 1791 441 1826; x_wconf 89' lang='lat' dir='ltr'><strong>persuaserimus</strong></span> <span class='ocrx_word' id='word_1_265' title='bbox 455 1791 519 1818; x_wconf 85' lang='lat' dir='ltr'><strong>artis</strong></span> <span class='ocrx_word' id='word_1_266' title='bbox 533 1791 606 1818; x_wconf 91' lang='lat' dir='ltr'><strong>illum</strong></span> <span class='ocrx_word' id='word_1_267' title='bbox 626 1792 728 1819; x_wconf 85' lang='lat' dir='ltr'><strong>ratione</strong></span> <span class='ocrx_word' id='word_1_268' title='bbox 747 1791 773 1818; x_wconf 88' lang='lat' dir='ltr'><strong>id</strong></span> <span class='ocrx_word' id='word_1_269' title='bbox 792 1791 888 1825; x_wconf 86' lang='lat' dir='ltr'><strong>facere,</strong></span> <span class='ocrx_word' id='word_1_270' title='bbox 900 1797 1023 1827; x_wconf 85' lang='lat' dir='ltr'><strong>prompte</strong></span> 
     </span>
    </p>
   </div>
   <div class='ocr_carea' id='block_1_39' title="bbox 230 1835 1020 1872">
    <p class='ocr_par' dir='ltr' id='par_1_39' title="bbox 230 1835 1020 1872">
     <span class='ocr_line' id='line_1_39' title="bbox 230 1835 1020 1872; baseline 0.003 -9"><span class='ocrx_word' id='word_1_271' title='bbox 230 1843 262 1864; x_wconf 89' lang='lat' dir='ltr'><strong>ac</strong></span> <span class='ocrx_word' id='word_1_272' title='bbox 274 1835 389 1863; x_wconf 89' lang='lat' dir='ltr'><strong>libenter</strong></span> <span class='ocrx_word' id='word_1_273' title='bbox 401 1836 531 1868; x_wconf 89' lang='lat' dir='ltr'><strong>cedimus,</strong></span> <span class='ocrx_word' id='word_1_274' title='bbox 545 1844 606 1863; x_wconf 91' lang='lat' dir='ltr'><strong>cum</strong></span> <span class='ocrx_word' id='word_1_275' title='bbox 623 1841 711 1864; x_wconf 90' lang='lat' dir='ltr'><strong>tamen</strong></span> <span class='ocrx_word' id='word_1_276' title='bbox 728 1837 772 1864; x_wconf 90' lang='lat' dir='ltr'><strong>ille</strong></span> <span class='ocrx_word' id='word_1_277' title='bbox 785 1837 881 1872; x_wconf 69' lang='lat' dir='ltr'><strong>smpius</strong></span> <span class='ocrx_word' id='word_1_278' title='bbox 896 1837 1002 1865; x_wconf 88' lang='lat' dir='ltr'><strong>fallatur</strong></span> <span class='ocrx_word' id='word_1_279' title='bbox 1014 1847 1020 1866; x_wconf 90' lang='lat'>:</span> 
     </span>
    </p>
   </div>
   <div class='ocr_carea' id='block_1_40' title="bbox 230 1882 1020 1918">
    <p class='ocr_par' dir='ltr' id='par_1_40' title="bbox 230 1882 1020 1918">
     <span class='ocr_line' id='line_1_40' title="bbox 230 1882 1020 1918; baseline 0.004 -10"><span class='ocrx_word' id='word_1_280' title='bbox 230 1882 313 1910; x_wconf 89' lang='lat' dir='ltr'><strong>Deum</strong></span> <span class='ocrx_word' id='word_1_281' title='bbox 335 1889 410 1917; x_wconf 86' lang='lat' dir='ltr'><strong>vero,</strong></span> <span class='ocrx_word' id='word_1_282' title='bbox 431 1883 474 1917; x_wconf 92' lang='lat' dir='ltr'><strong>qui</strong></span> <span class='ocrx_word' id='word_1_283' title='bbox 495 1886 597 1910; x_wconf 84' lang='lat' dir='ltr'><strong>tantum</strong></span> <span class='ocrx_word' id='word_1_284' title='bbox 613 1883 637 1909; x_wconf 92' lang='lat' dir='ltr'><strong>in</strong></span> <span class='ocrx_word' id='word_1_285' title='bbox 653 1882 777 1910; x_wconf 87' lang='lat' dir='ltr'><strong>omnibus</strong></span> <span class='ocrx_word' id='word_1_286' title='bbox 799 1890 813 1909; x_wconf 89' lang='lat' dir='ltr'><strong>a</strong></span> <span class='ocrx_word' id='word_1_287' title='bbox 835 1883 912 1910; x_wconf 89' lang='lat' dir='ltr'><strong>nobis</strong></span> <span class='ocrx_word' id='word_1_288' title='bbox 930 1883 1020 1918; x_wconf 89' lang='lat' dir='ltr'><strong>distat,</strong></span> 
     </span>
    </p>
   </div>
   <div class='ocr_carea' id='block_1_41' title="bbox 230 1928 1020 1964">
    <p class='ocr_par' dir='ltr' id='par_1_41' title="bbox 230 1928 1020 1964">
     <span class='ocr_line' id='line_1_41' title="bbox 230 1928 1020 1964; baseline 0.003 -9"><span class='ocrx_word' id='word_1_289' title='bbox 230 1928 275 1963; x_wconf 91' lang='lat' dir='ltr'><strong>qui</strong></span> <span class='ocrx_word' id='word_1_290' title='bbox 296 1932 337 1955; x_wconf 93' lang='lat' dir='ltr'><strong>est</strong></span> <span class='ocrx_word' id='word_1_291' title='bbox 357 1928 415 1963; x_wconf 89' lang='lat' dir='ltr'><strong>ipsa</strong></span> <span class='ocrx_word' id='word_1_292' title='bbox 446 1929 575 1963; x_wconf 88' lang='lat' dir='ltr'><strong>sapientia</strong></span> <span class='ocrx_word' id='word_1_293' title='bbox 589 1949 597 1962; x_wconf 90' lang='lat'><strong>,</strong></span> <span class='ocrx_word' id='word_1_294' title='bbox 621 1929 665 1964; x_wconf 87' lang='lat' dir='ltr'><strong>qui</strong></span> <span class='ocrx_word' id='word_1_295' title='bbox 686 1937 828 1964; x_wconf 89' lang='lat' dir='ltr'><strong>numquam</strong></span> <span class='ocrx_word' id='word_1_296' title='bbox 848 1929 902 1956; x_wconf 88' lang='lat' dir='ltr'><strong>falli</strong></span> <span class='ocrx_word' id='word_1_297' title='bbox 923 1934 1020 1964; x_wconf 86' lang='lat' dir='ltr'><strong>potest,</strong></span> 
     </span>
    </p>
   </div>
   <div class='ocr_carea' id='block_1_42' title="bbox 230 1974 1022 2011">
    <p class='ocr_par' dir='ltr' id='par_1_42' title="bbox 230 1974 1022 2011">
     <span class='ocr_line' id='line_1_42' title="bbox 230 1974 1022 2011; baseline 0.003 -10"><span class='ocrx_word' id='word_1_298' title='bbox 230 1981 324 2009; x_wconf 75' lang='lat' dir='ltr'><strong>magna</strong></span> <span class='ocrx_word' id='word_1_299' title='bbox 334 1974 487 2002; x_wconf 83' lang='lat' dir='ltr'><strong>curiositate</strong></span> <span class='ocrx_word' id='word_1_300' title='bbox 495 1975 720 2009; x_wconf 87' lang='lat' dir='ltr'><strong>perscrutabimur</strong></span> <span class='ocrx_word' id='word_1_301' title='bbox 728 1975 739 2001; x_wconf 90' lang='lat'><strong>?</strong></span> <span class='ocrx_word' id='word_1_302' title='bbox 747 1975 866 2010; x_wconf 90' lang='lat' dir='ltr'><strong>Cumque</strong></span> <span class='ocrx_word' id='word_1_303' title='bbox 875 1975 911 2002; x_wconf 91' lang='lat' dir='ltr'><strong>illi</strong></span> <span class='ocrx_word' id='word_1_304' title='bbox 920 1976 1022 2011; x_wconf 52' lang='lat' dir='ltr'><strong>simpli.</strong></span> 
     </span>
    </p>
   </div>
   <div class='ocr_carea' id='block_1_43' title="bbox 230 2019 1022 2058">
    <p class='ocr_par' dir='ltr' id='par_1_43' title="bbox 230 2019 1022 2058">
     <span class='ocr_line' id='line_1_43' title="bbox 230 2019 1022 2058; baseline 0.004 -11"><span class='ocrx_word' id='word_1_305' title='bbox 230 2019 296 2048; x_wconf 88' lang='lat' dir='ltr'><strong>citer</strong></span> <span class='ocrx_word' id='word_1_306' title='bbox 309 2020 468 2053; x_wconf 86' lang='lat' dir='ltr'><strong>credamus,</strong></span> <span class='ocrx_word' id='word_1_307' title='bbox 489 2029 504 2048; x_wconf 88' lang='lat' dir='ltr'><strong>a</strong></span> <span class='ocrx_word' id='word_1_308' title='bbox 528 2029 582 2056; x_wconf 92' lang='lat' dir='ltr'><strong>quo</strong></span> <span class='ocrx_word' id='word_1_309' title='bbox 603 2021 665 2048; x_wconf 88' lang='lat' dir='ltr'><strong>facti</strong></span> <span class='ocrx_word' id='word_1_310' title='bbox 687 2023 816 2049; x_wconf 88' lang='lat' dir='ltr'><strong>rationem</strong></span> <span class='ocrx_word' id='word_1_311' title='bbox 839 2023 946 2057; x_wconf 78' lang='lat' dir='ltr'><strong>exigere</strong></span> <span class='ocrx_word' id='word_1_312' title='bbox 961 2023 1022 2058; x_wconf 89' lang='lat' dir='ltr'><strong>jure</strong></span> 
     </span>
    </p>
   </div>
   <div class='ocr_carea' id='block_1_44' title="bbox 231 2065 1021 2100">
    <p class='ocr_par' dir='ltr' id='par_1_44' title="bbox 231 2065 1021 2100">
     <span class='ocr_line' id='line_1_44' title="bbox 231 2065 1021 2100; baseline 0.004 -8"><span class='ocrx_word' id='word_1_313' title='bbox 231 2072 381 2100; x_wconf 84' lang='lat' dir='ltr'><strong>possemus,</strong></span> <span class='ocrx_word' id='word_1_314' title='bbox 397 2065 432 2092; x_wconf 87' lang='lat' dir='ltr'><strong>ab</strong></span> <span class='ocrx_word' id='word_1_315' title='bbox 451 2066 507 2099; x_wconf 91' lang='lat' dir='ltr'><strong>illo,</strong></span> <span class='ocrx_word' id='word_1_316' title='bbox 521 2066 563 2094; x_wconf 93' lang='lat' dir='ltr'><strong>cui</strong></span> <span class='ocrx_word' id='word_1_317' title='bbox 577 2067 663 2094; x_wconf 89' lang='lat' dir='ltr'><strong>solum</strong></span> <span class='ocrx_word' id='word_1_318' title='bbox 677 2067 840 2094; x_wconf 91' lang='lat' dir='ltr'><strong>credendum</strong></span> <span class='ocrx_word' id='word_1_319' title='bbox 856 2071 907 2100; x_wconf 89' lang='lat' dir='ltr'><strong>est,</strong></span> <span class='ocrx_word' id='word_1_320' title='bbox 928 2075 1021 2096; x_wconf 85' lang='lat' dir='ltr'><strong>eorum</strong></span> 
     </span>
    </p>
   </div>
   <div class='ocr_carea' id='block_1_45' title="bbox 230 2111 1022 2149">
    <p class='ocr_par' dir='ltr' id='par_1_45' title="bbox 230 2111 1022 2149">
     <span class='ocr_line' id='line_1_45' title="bbox 230 2111 1022 2149; baseline 0.005 -11"><span class='ocrx_word' id='word_1_321' title='bbox 230 2118 289 2146; x_wconf 66' lang='lat' dir='ltr'><strong>qum</strong></span> <span class='ocrx_word' id='word_1_322' title='bbox 300 2111 414 2146; x_wconf 75' lang='lat' dir='ltr'><strong>gesserit</strong></span> <span class='ocrx_word' id='word_1_323' title='bbox 431 2118 526 2139; x_wconf 86' lang='lat' dir='ltr'><strong>causas</strong></span> <span class='ocrx_word' id='word_1_324' title='bbox 546 2119 578 2139; x_wconf 89' lang='lat' dir='ltr'><strong>ac</strong></span> <span class='ocrx_word' id='word_1_325' title='bbox 599 2114 717 2140; x_wconf 88' lang='lat' dir='ltr'><strong>rationes</strong></span> <span class='ocrx_word' id='word_1_326' title='bbox 738 2113 922 2148; x_wconf 84' lang='lat' dir='ltr'><strong>requiremus,</strong></span> <span class='ocrx_word' id='word_1_327' title='bbox 942 2118 1022 2149; x_wconf 87' lang='lat' dir='ltr'><strong>atque</strong></span> 
     </span>
    </p>
   </div>
   <div class='ocr_carea' id='block_1_46' title="bbox 230 2156 1021 2193">
    <p class='ocr_par' dir='ltr' id='par_1_46' title="bbox 230 2156 1021 2193">
     <span class='ocr_line' id='line_1_46' title="bbox 230 2156 1021 2193; baseline 0.005 -10"><span class='ocrx_word' id='word_1_328' title='bbox 230 2156 384 2191; x_wconf 71' lang='lat' dir='ltr'><strong>huiusmodi</strong></span> <span class='ocrx_word' id='word_1_329' title='bbox 406 2157 582 2193; x_wconf 75' lang='lat' dir='ltr'><strong>ignorantiam</strong></span> <span class='ocrx_word' id='word_1_330' title='bbox 611 2158 718 2192; x_wconf 77' lang='lat' dir='ltr'><strong>indigne</strong></span> <span class='ocrx_word' id='word_1_331' title='bbox 741 2158 877 2186; x_wconf 82' lang='lat' dir='ltr'><strong>feremus?</strong></span> <span class='ocrx_word' id='word_1_332' title='bbox 899 2159 1021 2188; x_wconf 82' lang='lat' dir='ltr'><strong>llaccciue</strong></span> 
     </span>
    </p>
   </div>
   <div class='ocr_carea' id='block_1_47' title="bbox 229 2202 1019 2240">
    <p class='ocr_par' dir='ltr' id='par_1_47' title="bbox 229 2202 1019 2240">
     <span class='ocr_line' id='line_1_47' title="bbox 229 2202 1019 2240; baseline 0.006 -12"><span class='ocrx_word' id='word_1_333' title='bbox 229 2206 292 2229; x_wconf 87' lang='lat' dir='ltr'><strong>sunt</strong></span> <span class='ocrx_word' id='word_1_334' title='bbox 306 2202 436 2237; x_wconf 61' lang='lat' dir='ltr'><strong>religiosa:</strong></span> <span class='ocrx_word' id='word_1_335' title='bbox 449 2203 546 2230; x_wconf 88' lang='lat' dir='ltr'><strong>mentis</strong></span> <span class='ocrx_word' id='word_1_336' title='bbox 560 2210 592 2230; x_wconf 89' lang='lat' dir='ltr'><strong>ac</strong></span> <span class='ocrx_word' id='word_1_337' title='bbox 604 2203 670 2238; x_wconf 64' lang='lat' dir='ltr'><strong>piae?</strong></span> <span class='ocrx_word' id='word_1_338' title='bbox 684 2203 732 2235; x_wconf 91' lang='lat' dir='ltr'><strong>Ne,</strong></span> <span class='ocrx_word' id='word_1_339' title='bbox 744 2211 835 2239; x_wconf 68' lang='lat' dir='ltr'><strong>quteso</strong></span> <span class='ocrx_word' id='word_1_340' title='bbox 848 2212 880 2232; x_wconf 85' lang='lat' dir='ltr'><strong>ac</strong></span> <span class='ocrx_word' id='word_1_341' title='bbox 889 2205 1019 2240; x_wconf 91' lang='lat' dir='ltr'><strong>supplico,</strong></span> 
     </span>
    </p>
   </div>
   <div class='ocr_carea' id='block_1_48' title="bbox 230 2247 1020 2284">
    <p class='ocr_par' dir='ltr' id='par_1_48' title="bbox 230 2247 1020 2284">
     <span class='ocr_line' id='line_1_48' title="bbox 230 2247 1020 2284; baseline 0.005 -10"><span class='ocrx_word' id='word_1_342' title='bbox 230 2254 264 2274; x_wconf 88' lang='lat' dir='ltr'><strong>ne</strong></span> <span class='ocrx_word' id='word_1_343' title='bbox 276 2247 309 2274; x_wconf 88' lang='lat' dir='ltr'><strong>ad</strong></span> <span class='ocrx_word' id='word_1_344' title='bbox 323 2252 423 2275; x_wconf 89' lang='lat' dir='ltr'><strong>tantam</strong></span> <span class='ocrx_word' id='word_1_345' title='bbox 443 2249 579 2276; x_wconf 83' lang='lat' dir='ltr'><strong>vesaniam</strong></span> <span class='ocrx_word' id='word_1_346' title='bbox 596 2249 808 2284; x_wconf 82' lang='lat' dir='ltr'><strong>progrediamur,</strong></span> <span class='ocrx_word' id='word_1_347' title='bbox 825 2250 872 2278; x_wconf 91' lang='lat' dir='ltr'><strong>sed</strong></span> <span class='ocrx_word' id='word_1_348' title='bbox 893 2251 919 2278; x_wconf 89' lang='lat' dir='ltr'><strong>in</strong></span> <span class='ocrx_word' id='word_1_349' title='bbox 935 2251 1020 2278; x_wconf 92' lang='lat' dir='ltr'><strong>omni-</strong></span> 
     </span>
    </p>
   </div>
   <div class='ocr_carea' id='block_1_49' title="bbox 230 2293 1020 2330">
    <p class='ocr_par' dir='ltr' id='par_1_49' title="bbox 230 2293 1020 2330">
     <span class='ocr_line' id='line_1_49' title="bbox 230 2293 1020 2330; baseline 0.005 -10"><span class='ocrx_word' id='word_1_350' title='bbox 230 2293 289 2326; x_wconf 87' lang='lat' dir='ltr'><strong>bus,</strong></span> <span class='ocrx_word' id='word_1_351' title='bbox 299 2293 325 2321; x_wconf 93' lang='lat' dir='ltr'><strong>in</strong></span> <span class='ocrx_word' id='word_1_352' title='bbox 345 2294 440 2329; x_wconf 87' lang='lat' dir='ltr'><strong>quibus</strong></span> <span class='ocrx_word' id='word_1_353' title='bbox 463 2295 632 2330; x_wconf 71' lang='lat' dir='ltr'><strong>amliigimus,</strong></span> <span class='ocrx_word' id='word_1_354' title='bbox 649 2295 713 2323; x_wconf 88' lang='lat' dir='ltr'><strong>illud</strong></span> <span class='ocrx_word' id='word_1_355' title='bbox 728 2296 847 2323; x_wconf 89' lang='lat' dir='ltr'><strong>dicamus</strong></span> <span class='ocrx_word' id='word_1_356' title='bbox 859 2296 962 2324; x_wconf 86' lang='lat' dir='ltr'><strong>Judicia</strong></span> <span class='ocrx_word' id='word_1_357' title='bbox 976 2302 1020 2324; x_wconf 89' lang='lat' dir='ltr'><strong>tua</strong></span> 
     </span>
    </p>
   </div>
   <div class='ocr_carea' id='block_1_50' title="bbox 228 2339 1019 2378">
    <p class='ocr_par' dir='ltr' id='par_1_50' title="bbox 228 2339 1019 2378">
     <span class='ocr_line' id='line_1_50' title="bbox 228 2339 1019 2378; baseline 0.008 -13"><span class='ocrx_word' id='word_1_358' title='bbox 228 2339 332 2374; x_wconf 78' lang='lat' dir='ltr'><strong>obyssus</strong></span> <span class='ocrx_word' id='word_1_359' title='bbox 340 2341 419 2368; x_wconf 86' lang='lat' dir='ltr'><strong>multa</strong></span> <span class='ocrx_word' id='word_1_360' title='bbox 425 2340 511 2375; x_wconf 82' lang='lat' dir='ltr'><strong>(Psal.</strong></span> <span class='ocrx_word' id='word_1_361' title='bbox 520 2342 605 2376; x_wconf 75' lang='lat'><strong>35.7).</strong></span> <span class='ocrx_word' id='word_1_362' title='bbox 615 2341 680 2369; x_wconf 86' lang='lat' dir='ltr'><strong>Nam</strong></span> <span class='ocrx_word' id='word_1_363' title='bbox 687 2346 714 2370; x_wconf 93' lang='lat' dir='ltr'><strong>et</strong></span> <span class='ocrx_word' id='word_1_364' title='bbox 721 2343 771 2370; x_wconf 89' lang='lat' dir='ltr'><strong>hoc</strong></span> <span class='ocrx_word' id='word_1_365' title='bbox 780 2343 876 2377; x_wconf 86' lang='lat' dir='ltr'><strong>ipsum,</strong></span> <span class='ocrx_word' id='word_1_366' title='bbox 884 2343 954 2378; x_wconf 90' lang='lat' dir='ltr'><strong>quod</strong></span> <span class='ocrx_word' id='word_1_367' title='bbox 966 2351 1019 2371; x_wconf 92' lang='lat' dir='ltr'><strong>non</strong></span> 
     </span>
    </p>
   </div>
   <div class='ocr_carea' id='block_1_51' title="bbox 229 2386 999 2424">
    <p class='ocr_par' dir='ltr' id='par_1_51' title="bbox 229 2386 999 2424">
     <span class='ocr_line' id='line_1_51' title="bbox 229 2386 999 2424; baseline 0.006 -12"><span class='ocrx_word' id='word_1_368' title='bbox 229 2386 316 2413; x_wconf 87' lang='lat' dir='ltr'><strong>omnia</strong></span> <span class='ocrx_word' id='word_1_369' title='bbox 327 2391 418 2421; x_wconf 89' lang='lat' dir='ltr'><strong>aperte</strong></span> <span class='ocrx_word' id='word_1_370' title='bbox 430 2387 540 2420; x_wconf 90' lang='lat' dir='ltr'><strong>scimus,</strong></span> <span class='ocrx_word' id='word_1_371' title='bbox 555 2388 651 2416; x_wconf 83' lang='lat' dir='ltr'><strong>divinae</strong></span> <span class='ocrx_word' id='word_1_372' title='bbox 661 2389 798 2424; x_wconf 74' lang='lat' dir='ltr'><strong>sapientia:</strong></span> <span class='ocrx_word' id='word_1_373' title='bbox 820 2389 938 2424; x_wconf 89' lang='lat' dir='ltr'><strong>profecto</strong></span> <span class='ocrx_word' id='word_1_374' title='bbox 948 2394 999 2417; x_wconf 93' lang='lat' dir='ltr'><strong>est.</strong></span> 
     </span>
    </p>
   </div>
   <div class='ocr_carea' id='block_1_52' title="bbox 265 2431 1019 2471">
    <p class='ocr_par' dir='ltr' id='par_1_52' title="bbox 265 2431 1019 2471">
     <span class='ocr_line' id='line_1_52' title="bbox 265 2431 1019 2471; baseline 0.005 -11"><span class='ocrx_word' id='word_1_375' title='bbox 265 2431 315 2460; x_wconf 84' lang='lat' dir='ltr'><strong>Ubi</strong></span> <span class='ocrx_word' id='word_1_376' title='bbox 319 2433 382 2467; x_wconf 80' lang='lat' dir='ltr'><strong>ﬁdes</strong></span> <span class='ocrx_word' id='word_1_377' title='bbox 390 2433 479 2461; x_wconf 81' lang='lat' dir='ltr'><strong>habeat</strong></span> <span class='ocrx_word' id='word_1_378' title='bbox 487 2435 678 2463; x_wconf 74' lang='lat' dir='ltr'><strong>meritum—Si</strong></span> <span class='ocrx_word' id='word_1_379' title='bbox 686 2436 757 2463; x_wconf 92' lang='lat' dir='ltr'><strong>enim</strong></span> <span class='ocrx_word' id='word_1_380' title='bbox 764 2436 881 2463; x_wconf 91' lang='lat' dir='ltr'><strong>omnium</strong></span> <span class='ocrx_word' id='word_1_381' title='bbox 887 2444 945 2471; x_wconf 73' lang='lat' dir='ltr'><strong>quae</strong></span> <span class='ocrx_word' id='word_1_382' title='bbox 954 2436 1019 2464; x_wconf 94' lang='lat' dir='ltr'><strong>ﬁunt</strong></span> 
     </span>
    </p>
   </div>
   <div class='ocr_carea' id='block_1_53' title="bbox 227 2479 1016 2516">
    <p class='ocr_par' dir='ltr' id='par_1_53' title="bbox 227 2479 1016 2516">
     <span class='ocr_line' id='line_1_53' title="bbox 227 2479 1016 2516; baseline 0.005 -10"><span class='ocrx_word' id='word_1_383' title='bbox 227 2486 308 2506; x_wconf 85' lang='lat' dir='ltr'><strong>causa</strong></span> <span class='ocrx_word' id='word_1_384' title='bbox 321 2484 348 2507; x_wconf 89' lang='lat' dir='ltr'><strong>et</strong></span> <span class='ocrx_word' id='word_1_385' title='bbox 363 2479 466 2508; x_wconf 85' lang='lat' dir='ltr'><strong>ratione</strong></span> <span class='ocrx_word' id='word_1_386' title='bbox 481 2481 595 2515; x_wconf 78' lang='lat' dir='ltr'><strong>cognita,</strong></span> <span class='ocrx_word' id='word_1_387' title='bbox 609 2481 645 2508; x_wconf 88' lang='lat' dir='ltr'><strong>ita</strong></span> <span class='ocrx_word' id='word_1_388' title='bbox 659 2481 766 2508; x_wconf 87' lang='lat' dir='ltr'><strong>demum</strong></span> <span class='ocrx_word' id='word_1_389' title='bbox 781 2482 836 2509; x_wconf 89' lang='lat' dir='ltr'><strong>Deo</strong></span> <span class='ocrx_word' id='word_1_390' title='bbox 852 2489 1016 2516; x_wconf 87' lang='lat' dir='ltr'><strong>pareremus,</strong></span> 
     </span>
    </p>
   </div>
   <div class='ocr_carea' id='block_1_54' title="bbox 228 2528 1017 2564">
    <p class='ocr_par' dir='ltr' id='par_1_54' title="bbox 228 2528 1017 2564">
     <span class='ocr_line' id='line_1_54' title="bbox 228 2528 1017 2564; baseline 0.006 -12"><span class='ocrx_word' id='word_1_391' title='bbox 228 2533 280 2552; x_wconf 88' lang='lat' dir='ltr'><strong>non</strong></span> <span class='ocrx_word' id='word_1_392' title='bbox 295 2533 389 2561; x_wconf 73' lang='lat' dir='ltr'><strong>magna</strong></span> <span class='ocrx_word' id='word_1_393' title='bbox 404 2534 506 2555; x_wconf 91' lang='lat' dir='ltr'><strong>merces</strong></span> <span class='ocrx_word' id='word_1_394' title='bbox 516 2532 599 2559; x_wconf 88' lang='lat' dir='ltr'><strong>esset,</strong></span> <span class='ocrx_word' id='word_1_395' title='bbox 611 2536 697 2564; x_wconf 87' lang='lat' dir='ltr'><strong>neque</strong></span> <span class='ocrx_word' id='word_1_396' title='bbox 713 2528 773 2556; x_wconf 91' lang='lat' dir='ltr'><strong>ﬁdei</strong></span> <span class='ocrx_word' id='word_1_397' title='bbox 789 2529 919 2556; x_wconf 80' lang='lat' dir='ltr'><strong>exhibitio</strong></span> <span class='ocrx_word' id='word_1_398' title='bbox 929 2537 962 2557; x_wconf 89' lang='lat' dir='ltr'><strong>ea</strong></span> <span class='ocrx_word' id='word_1_399' title='bbox 973 2537 1017 2557; x_wconf 87' lang='lat' dir='ltr'><strong>res</strong></span> 
     </span>
    </p>
   </div>
   <div class='ocr_carea' id='block_1_55' title="bbox 229 2571 1015 2610">
    <p class='ocr_par' dir='ltr' id='par_1_55' title="bbox 229 2571 1015 2610">
     <span class='ocr_line' id='line_1_55' title="bbox 229 2571 1015 2610; baseline 0.006 -12"><span class='ocrx_word' id='word_1_400' title='bbox 229 2571 365 2599; x_wconf 77' lang='lat' dir='ltr'><strong>videretur</strong></span> <span class='ocrx_word' id='word_1_401' title='bbox 379 2581 385 2599; x_wconf 94' lang='lat'>:</span> <span class='ocrx_word' id='word_1_402' title='bbox 401 2580 462 2600; x_wconf 91' lang='lat' dir='ltr'><strong>cum</strong></span> <span class='ocrx_word' id='word_1_403' title='bbox 476 2581 541 2601; x_wconf 86' lang='lat' dir='ltr'><strong>vero</strong></span> <span class='ocrx_word' id='word_1_404' title='bbox 555 2574 620 2601; x_wconf 89' lang='lat' dir='ltr'><strong>nihil</strong></span> <span class='ocrx_word' id='word_1_405' title='bbox 636 2575 729 2602; x_wconf 88' lang='lat' dir='ltr'><strong>horum</strong></span> <span class='ocrx_word' id='word_1_406' title='bbox 743 2576 848 2610; x_wconf 91' lang='lat' dir='ltr'><strong>penitus</strong></span> <span class='ocrx_word' id='word_1_407' title='bbox 863 2581 1015 2609; x_wconf 88' lang='lat' dir='ltr'><strong>noscentes,</strong></span> 
     </span>
    </p>
   </div>
   <div class='ocr_carea' id='block_1_56' title="bbox 228 2616 1016 2655">
    <p class='ocr_par' dir='ltr' id='par_1_56' title="bbox 228 2616 1016 2655">
     <span class='ocr_line' id='line_1_56' title="bbox 228 2616 1016 2655; baseline 0.008 -12"><span class='ocrx_word' id='word_1_408' title='bbox 228 2616 262 2643; x_wconf 86' lang='lat' dir='ltr'><strong>ita</strong></span> <span class='ocrx_word' id='word_1_409' title='bbox 273 2625 379 2653; x_wconf 88' lang='lat' dir='ltr'><strong>quoque</strong></span> <span class='ocrx_word' id='word_1_410' title='bbox 396 2626 499 2646; x_wconf 87' lang='lat' dir='ltr'><strong>summa</strong></span> <span class='ocrx_word' id='word_1_411' title='bbox 521 2619 660 2648; x_wconf 82' lang='lat' dir='ltr'><strong>affectione</strong></span> <span class='ocrx_word' id='word_1_412' title='bbox 673 2620 804 2648; x_wconf 88' lang='lat' dir='ltr'><strong>mandatis</strong></span> <span class='ocrx_word' id='word_1_413' title='bbox 817 2621 876 2655; x_wconf 84' lang='lat' dir='ltr'><strong>ejus</strong></span> <span class='ocrx_word' id='word_1_414' title='bbox 890 2622 1016 2650; x_wconf 88' lang='lat' dir='ltr'><strong>omnibus</strong></span> 
     </span>
    </p>
   </div>
   <div class='ocr_carea' id='block_1_57' title="bbox 228 2662 1013 2702">
    <p class='ocr_par' dir='ltr' id='par_1_57' title="bbox 228 2662 1013 2702">
     <span class='ocr_line' id='line_1_57' title="bbox 228 2662 1013 2702; baseline 0.006 -13"><span class='ocrx_word' id='word_1_415' title='bbox 228 2662 357 2696; x_wconf 87' lang='lat' dir='ltr'><strong>cedimus,</strong></span> <span class='ocrx_word' id='word_1_416' title='bbox 377 2670 410 2691; x_wconf 81' lang='lat' dir='ltr'><strong>ex</strong></span> <span class='ocrx_word' id='word_1_417' title='bbox 424 2663 540 2699; x_wconf 75' lang='lat' dir='ltr'><strong>legitima</strong></span> <span class='ocrx_word' id='word_1_418' title='bbox 551 2665 701 2693; x_wconf 87' lang='lat' dir='ltr'><strong>obedientia</strong></span> <span class='ocrx_word' id='word_1_419' title='bbox 725 2666 829 2702; x_wconf 83' lang='lat' dir='ltr'><strong>fideque</strong></span> <span class='ocrx_word' id='word_1_420' title='bbox 843 2666 1013 2702; x_wconf 79' lang='lat' dir='ltr'><strong>integerrima</strong></span> 
     </span>
    </p>
   </div>
   <div class='ocr_carea' id='block_1_58' title="bbox 228 2708 1015 2740">
    <p class='ocr_par' dir='ltr' id='par_1_58' title="bbox 228 2708 1015 2740">
     <span class='ocr_line' id='line_1_58' title="bbox 228 2708 1015 2740; baseline 0.008 -6"><span class='ocrx_word' id='word_1_421' title='bbox 228 2708 343 2736; x_wconf 78' lang='lat' dir='ltr'><strong>maxima</strong></span> <span class='ocrx_word' id='word_1_422' title='bbox 358 2709 497 2738; x_wconf 86' lang='lat' dir='ltr'><strong>animabus</strong></span> <span class='ocrx_word' id='word_1_423' title='bbox 523 2711 621 2738; x_wconf 87' lang='lat' dir='ltr'><strong>nostris</strong></span> <span class='ocrx_word' id='word_1_424' title='bbox 637 2712 815 2739; x_wconf 89' lang='lat' dir='ltr'><strong>emolumenta</strong></span> <span class='ocrx_word' id='word_1_425' title='bbox 830 2712 1015 2740; x_wconf 89' lang='lat' dir='ltr'><strong>conciliamus.</strong></span> 
     </span>
    </p>
   </div>
   <div class='ocr_carea' id='block_1_59' title="bbox 229 2752 1016 2791">
    <p class='ocr_par' dir='ltr' id='par_1_59' title="bbox 229 2752 1016 2791">
     <span class='ocr_line' id='line_1_59' title="bbox 229 2752 1016 2791; baseline 0.005 -10"><span class='ocrx_word' id='word_1_426' title='bbox 229 2752 286 2781; x_wconf 84' lang='lat' dir='ltr'><strong>Hoc</strong></span> <span class='ocrx_word' id='word_1_427' title='bbox 303 2754 374 2782; x_wconf 90' lang='lat' dir='ltr'><strong>enim</strong></span> <span class='ocrx_word' id='word_1_428' title='bbox 397 2755 482 2783; x_wconf 86' lang='lat' dir='ltr'><strong>solum</strong></span> <span class='ocrx_word' id='word_1_429' title='bbox 498 2755 575 2783; x_wconf 87' lang='lat' dir='ltr'><strong>nobis</strong></span> <span class='ocrx_word' id='word_1_430' title='bbox 592 2756 754 2791; x_wconf 85' lang='lat' dir='ltr'><strong>persuadere</strong></span> <span class='ocrx_word' id='word_1_431' title='bbox 768 2757 913 2791; x_wconf 86' lang='lat' dir='ltr'><strong>debemus,</strong></span> <span class='ocrx_word' id='word_1_432' title='bbox 927 2759 1016 2786; x_wconf 90' lang='lat' dir='ltr'><strong>omnia</strong></span> 
     </span>
    </p>
   </div>
   <div class='ocr_carea' id='block_1_60' title="bbox 229 2799 1015 2839">
    <p class='ocr_par' dir='ltr' id='par_1_60' title="bbox 229 2799 1015 2839">
     <span class='ocr_line' id='line_1_60' title="bbox 229 2799 1015 2839; baseline 0.006 -13"><span class='ocrx_word' id='word_1_433' title='bbox 229 2799 304 2827; x_wconf 87' lang='lat' dir='ltr'><strong>nobis</strong></span> <span class='ocrx_word' id='word_1_434' title='bbox 318 2800 417 2829; x_wconf 84' lang='lat' dir='ltr'><strong>utiliter</strong></span> <span class='ocrx_word' id='word_1_435' title='bbox 430 2807 446 2829; x_wconf 80' lang='lat' dir='ltr'><strong>a</strong></span> <span class='ocrx_word' id='word_1_436' title='bbox 467 2802 521 2830; x_wconf 88' lang='lat' dir='ltr'><strong>Deo</strong></span> <span class='ocrx_word' id='word_1_437' title='bbox 535 2801 626 2830; x_wconf 90' lang='lat' dir='ltr'><strong>inferri</strong></span> <span class='ocrx_word' id='word_1_438' title='bbox 638 2823 646 2836; x_wconf 93' lang='lat'><strong>,</strong></span> <span class='ocrx_word' id='word_1_439' title='bbox 658 2803 765 2830; x_wconf 89' lang='lat' dir='ltr'><strong>modum</strong></span> <span class='ocrx_word' id='word_1_440' title='bbox 780 2811 833 2830; x_wconf 92' lang='lat' dir='ltr'><strong>non</strong></span> <span class='ocrx_word' id='word_1_441' title='bbox 848 2804 960 2839; x_wconf 85' lang='lat' dir='ltr'><strong>amplius</strong></span> <span class='ocrx_word' id='word_1_442' title='bbox 973 2804 1015 2831; x_wconf 93' lang='lat' dir='ltr'><strong>iu-</strong></span> 
     </span>
    </p>
   </div>
   <div class='ocr_carea' id='block_1_61' title="bbox 229 2844 1016 2884">
    <p class='ocr_par' dir='ltr' id='par_1_61' title="bbox 229 2844 1016 2884">
     <span class='ocr_line' id='line_1_61' title="bbox 229 2844 1016 2884; baseline 0.006 -11"><span class='ocrx_word' id='word_1_443' title='bbox 229 2844 374 2879; x_wconf 74' lang='lat' dir='ltr'><strong>quirentes,</strong></span> <span class='ocrx_word' id='word_1_444' title='bbox 386 2853 472 2882; x_wconf 85' lang='lat' dir='ltr'><strong>neque</strong></span> <span class='ocrx_word' id='word_1_445' title='bbox 483 2846 561 2882; x_wconf 84' lang='lat' dir='ltr'><strong>hujus</strong></span> <span class='ocrx_word' id='word_1_446' title='bbox 572 2846 762 2882; x_wconf 74' lang='lat' dir='ltr'><strong>ignorationem</strong></span> <span class='ocrx_word' id='word_1_447' title='bbox 776 2848 891 2884; x_wconf 77' lang='lat' dir='ltr'><strong>graviter</strong></span> <span class='ocrx_word' id='word_1_448' title='bbox 902 2849 943 2878; x_wconf 86' lang='lat' dir='ltr'><strong>vel</strong></span> <span class='ocrx_word' id='word_1_449' title='bbox 956 2857 1016 2878; x_wconf 87' lang='lat' dir='ltr'><strong>eum</strong></span> 
     </span>
    </p>
   </div>
   <div class='ocr_carea' id='block_1_62' title="bbox 1827 115 1879 143">
    <p class='ocr_par' dir='ltr' id='par_1_62' title="bbox 1827 115 1879 143">
     <span class='ocr_line' id='line_1_62' title="bbox 1827 115 1879 143; baseline -0.019 0"><span class='ocrx_word' id='word_1_450' title='bbox 1827 115 1879 143; x_wconf 66' lang='lat' dir='ltr'><strong>tua</strong></span> 
     </span>
    </p>
   </div>
   <div class='ocr_carea' id='block_1_63' title="bbox 1087 176 1876 212">
    <p class='ocr_par' dir='ltr' id='par_1_63' title="bbox 1087 176 1876 212">
     <span class='ocr_line' id='line_1_63' title="bbox 1087 176 1876 212; baseline 0.004 -9"><span class='ocrx_word' id='word_1_451' title='bbox 1087 182 1203 204; x_wconf 61' lang='lat' dir='ltr'><strong>maerore</strong></span> <span class='ocrx_word' id='word_1_452' title='bbox 1213 176 1338 204; x_wconf 84' lang='lat' dir='ltr'><strong>ferentes.</strong></span> <span class='ocrx_word' id='word_1_453' title='bbox 1349 176 1440 212; x_wconf 86' lang='lat' dir='ltr'><strong>Neque</strong></span> <span class='ocrx_word' id='word_1_454' title='bbox 1453 176 1523 204; x_wconf 88' lang='lat' dir='ltr'><strong>enim</strong></span> <span class='ocrx_word' id='word_1_455' title='bbox 1537 176 1664 212; x_wconf 84' lang='lat' dir='ltr'><strong>possibile</strong></span> <span class='ocrx_word' id='word_1_456' title='bbox 1676 181 1717 205; x_wconf 89' lang='lat' dir='ltr'><strong>est</strong></span> <span class='ocrx_word' id='word_1_457' title='bbox 1731 177 1780 205; x_wconf 91' lang='lat' dir='ltr'><strong>ista</strong></span> <span class='ocrx_word' id='word_1_458' title='bbox 1795 178 1876 212; x_wconf 81' lang='lat' dir='ltr'><strong>scire,</strong></span> 
     </span>
    </p>
   </div>
   <div class='ocr_carea' id='block_1_64' title="bbox 1086 223 1875 260">
    <p class='ocr_par' dir='ltr' id='par_1_64' title="bbox 1086 223 1875 260">
     <span class='ocr_line' id='line_1_64' title="bbox 1086 223 1875 260; baseline 0.004 -11"><span class='ocrx_word' id='word_1_459' title='bbox 1086 230 1173 258; x_wconf 90' lang='lat' dir='ltr'><strong>neque</strong></span> <span class='ocrx_word' id='word_1_460' title='bbox 1181 223 1261 250; x_wconf 88' lang='lat' dir='ltr'><strong>utile:</strong></span> <span class='ocrx_word' id='word_1_461' title='bbox 1278 223 1343 250; x_wconf 92' lang='lat' dir='ltr'><strong>illud</strong></span> <span class='ocrx_word' id='word_1_462' title='bbox 1352 223 1412 258; x_wconf 91' lang='lat' dir='ltr'><strong>quia</strong></span> <span class='ocrx_word' id='word_1_463' title='bbox 1422 223 1547 251; x_wconf 85' lang='lat' dir='ltr'><strong>mortales</strong></span> <span class='ocrx_word' id='word_1_464' title='bbox 1559 231 1668 256; x_wconf 89' lang='lat' dir='ltr'><strong>sumus;</strong></span> <span class='ocrx_word' id='word_1_465' title='bbox 1678 224 1738 257; x_wconf 90' lang='lat' dir='ltr'><strong>hoc,</strong></span> <span class='ocrx_word' id='word_1_466' title='bbox 1748 225 1809 260; x_wconf 87' lang='lat' dir='ltr'><strong>quia</strong></span> <span class='ocrx_word' id='word_1_467' title='bbox 1822 225 1875 252; x_wconf 90' lang='lat' dir='ltr'><strong>cito</strong></span> 
     </span>
    </p>
   </div>
   <div class='ocr_carea' id='block_1_65' title="bbox 1085 267 1875 304">
    <p class='ocr_par' dir='ltr' id='par_1_65' title="bbox 1085 267 1875 304">
     <span class='ocr_line' id='line_1_65' title="bbox 1085 267 1875 304; baseline 0.004 -10"><span class='ocrx_word' id='word_1_468' title='bbox 1085 267 1112 294; x_wconf 92' lang='lat' dir='ltr'><strong>in</strong></span> <span class='ocrx_word' id='word_1_469' title='bbox 1124 268 1301 303; x_wconf 78' lang='lat' dir='ltr'><strong>arrogantiam</strong></span> <span class='ocrx_word' id='word_1_470' title='bbox 1314 269 1478 296; x_wconf 81' lang='lat' dir='ltr'><strong>extollimur.</strong></span> <span class='ocrx_word' id='word_1_471' title='bbox 1489 269 1608 296; x_wconf 85' lang='lat' dir='ltr'><strong>Plurima</strong></span> <span class='ocrx_word' id='word_1_472' title='bbox 1621 277 1669 297; x_wconf 91' lang='lat' dir='ltr'><strong>nos</strong></span> <span class='ocrx_word' id='word_1_473' title='bbox 1682 269 1804 303; x_wconf 85' lang='lat' dir='ltr'><strong>facimus,</strong></span> <span class='ocrx_word' id='word_1_474' title='bbox 1816 277 1875 304; x_wconf 77' lang='lat' dir='ltr'><strong>qua:</strong></span> 
     </span>
    </p>
   </div>
   <div class='ocr_carea' id='block_1_66' title="bbox 1084 313 1876 348">
    <p class='ocr_par' dir='ltr' id='par_1_66' title="bbox 1084 313 1876 348">
     <span class='ocr_line' id='line_1_66' title="bbox 1084 313 1876 348; baseline 0.003 -8"><span class='ocrx_word' id='word_1_475' title='bbox 1084 321 1145 340; x_wconf 89' lang='lat' dir='ltr'><strong>cum</strong></span> <span class='ocrx_word' id='word_1_476' title='bbox 1165 313 1255 341; x_wconf 89' lang='lat' dir='ltr'><strong>liberis</strong></span> <span class='ocrx_word' id='word_1_477' title='bbox 1271 314 1373 342; x_wconf 91' lang='lat' dir='ltr'><strong>nostris</strong></span> <span class='ocrx_word' id='word_1_478' title='bbox 1388 315 1466 341; x_wconf 85' lang='lat' dir='ltr'><strong>noxia</strong></span> <span class='ocrx_word' id='word_1_479' title='bbox 1481 322 1543 342; x_wconf 87' lang='lat' dir='ltr'><strong>esse</strong></span> <span class='ocrx_word' id='word_1_480' title='bbox 1558 314 1708 348; x_wconf 88' lang='lat' dir='ltr'><strong>videantur,</strong></span> <span class='ocrx_word' id='word_1_481' title='bbox 1723 315 1796 342; x_wconf 92' lang='lat' dir='ltr'><strong>utilia</strong></span> <span class='ocrx_word' id='word_1_482' title='bbox 1814 320 1876 342; x_wconf 89' lang='lat' dir='ltr'><strong>sunt</strong></span> 
     </span>
    </p>
   </div>
   <div class='ocr_carea' id='block_1_67' title="bbox 1084 361 1873 396">
    <p class='ocr_par' dir='ltr' id='par_1_67' title="bbox 1084 361 1873 396">
     <span class='ocr_line' id='line_1_67' title="bbox 1084 361 1873 396; baseline 0.003 -9"><span class='ocrx_word' id='word_1_483' title='bbox 1084 364 1172 389; x_wconf 86' lang='lat' dir='ltr'><strong>tamen</strong></span> <span class='ocrx_word' id='word_1_484' title='bbox 1187 368 1195 388; x_wconf 85' lang='lat'><strong>:</strong></span> <span class='ocrx_word' id='word_1_485' title='bbox 1210 368 1321 395; x_wconf 91' lang='lat' dir='ltr'><strong>quorum</strong></span> <span class='ocrx_word' id='word_1_486' title='bbox 1333 369 1418 396; x_wconf 88' lang='lat' dir='ltr'><strong>neque</strong></span> <span class='ocrx_word' id='word_1_487' title='bbox 1433 361 1470 388; x_wconf 91' lang='lat' dir='ltr'><strong>illi</strong></span> <span class='ocrx_word' id='word_1_488' title='bbox 1482 369 1577 389; x_wconf 88' lang='lat' dir='ltr'><strong>causas</strong></span> <span class='ocrx_word' id='word_1_489' title='bbox 1590 366 1714 396; x_wconf 70' lang='lat' dir='ltr'><strong>quarrunt</strong></span> <span class='ocrx_word' id='word_1_490' title='bbox 1723 361 1873 395; x_wconf 86' lang='lat' dir='ltr'><strong>addiscere,</strong></span> 
     </span>
    </p>
   </div>
   <div class='ocr_carea' id='block_1_68' title="bbox 1084 406 1873 443">
    <p class='ocr_par' dir='ltr' id='par_1_68' title="bbox 1084 406 1873 443">
     <span class='ocr_line' id='line_1_68' title="bbox 1084 406 1873 443; baseline 0.001 -10"><span class='ocrx_word' id='word_1_491' title='bbox 1084 414 1170 441; x_wconf 88' lang='lat' dir='ltr'><strong>neque</strong></span> <span class='ocrx_word' id='word_1_492' title='bbox 1184 413 1232 433; x_wconf 87' lang='lat' dir='ltr'><strong>nos</strong></span> <span class='ocrx_word' id='word_1_493' title='bbox 1245 406 1299 433; x_wconf 87' lang='lat' dir='ltr'><strong>illis</strong></span> <span class='ocrx_word' id='word_1_494' title='bbox 1311 410 1388 434; x_wconf 85' lang='lat' dir='ltr'><strong>antea</strong></span> <span class='ocrx_word' id='word_1_495' title='bbox 1404 407 1564 442; x_wconf 88' lang='lat' dir='ltr'><strong>persuadere</strong></span> <span class='ocrx_word' id='word_1_496' title='bbox 1578 407 1714 434; x_wconf 86' lang='lat' dir='ltr'><strong>studemus</strong></span> <span class='ocrx_word' id='word_1_497' title='bbox 1726 428 1734 441; x_wconf 92' lang='lat'><strong>,</strong></span> <span class='ocrx_word' id='word_1_498' title='bbox 1751 407 1777 434; x_wconf 90' lang='lat' dir='ltr'><strong>id</strong></span> <span class='ocrx_word' id='word_1_499' title='bbox 1791 415 1873 443; x_wconf 79' lang='lat' dir='ltr'><strong>expe—</strong></span> 
     </span>
    </p>
   </div>
   <div class='ocr_carea' id='block_1_69' title="bbox 1083 452 1874 488">
    <p class='ocr_par' dir='ltr' id='par_1_69' title="bbox 1083 452 1874 488">
     <span class='ocr_line' id='line_1_69' title="bbox 1083 452 1874 488; baseline 0.001 -8"><span class='ocrx_word' id='word_1_500' title='bbox 1083 452 1140 480; x_wconf 88' lang='lat' dir='ltr'><strong>dire</strong></span> <span class='ocrx_word' id='word_1_501' title='bbox 1156 452 1227 488; x_wconf 89' lang='lat' dir='ltr'><strong>quod</strong></span> <span class='ocrx_word' id='word_1_502' title='bbox 1244 452 1373 485; x_wconf 85' lang='lat' dir='ltr'><strong>facimus;</strong></span> <span class='ocrx_word' id='word_1_503' title='bbox 1390 453 1436 480; x_wconf 89' lang='lat' dir='ltr'><strong>sed</strong></span> <span class='ocrx_word' id='word_1_504' title='bbox 1450 453 1501 480; x_wconf 92' lang='lat' dir='ltr'><strong>hoc</strong></span> <span class='ocrx_word' id='word_1_505' title='bbox 1516 454 1601 481; x_wconf 89' lang='lat' dir='ltr'><strong>solum</strong></span> <span class='ocrx_word' id='word_1_506' title='bbox 1615 454 1674 481; x_wconf 90' lang='lat' dir='ltr'><strong>illos</strong></span> <span class='ocrx_word' id='word_1_507' title='bbox 1688 454 1874 488; x_wconf 82' lang='lat' dir='ltr'><strong>admonemus,</strong></span> 
     </span>
    </p>
   </div>
   <div class='ocr_carea' id='block_1_70' title="bbox 1082 498 1875 535">
    <p class='ocr_par' dir='ltr' id='par_1_70' title="bbox 1082 498 1875 535">
     <span class='ocr_line' id='line_1_70' title="bbox 1082 498 1875 535; baseline 0.004 -10"><span class='ocrx_word' id='word_1_508' title='bbox 1082 503 1112 525; x_wconf 91' lang='lat' dir='ltr'><strong>ut</strong></span> <span class='ocrx_word' id='word_1_509' title='bbox 1125 499 1150 525; x_wconf 93' lang='lat' dir='ltr'><strong>in</strong></span> <span class='ocrx_word' id='word_1_510' title='bbox 1169 498 1294 526; x_wconf 87' lang='lat' dir='ltr'><strong>omnibus</strong></span> <span class='ocrx_word' id='word_1_511' title='bbox 1305 499 1401 526; x_wconf 88' lang='lat' dir='ltr'><strong>cedant</strong></span> <span class='ocrx_word' id='word_1_512' title='bbox 1415 507 1588 535; x_wconf 72' lang='lat' dir='ltr'><strong>quaecumque</strong></span> <span class='ocrx_word' id='word_1_513' title='bbox 1601 502 1777 535; x_wconf 76' lang='lat' dir='ltr'><strong>przeceperint</strong></span> <span class='ocrx_word' id='word_1_514' title='bbox 1786 505 1875 535; x_wconf 89' lang='lat' dir='ltr'><strong>patres</strong></span> 
     </span>
    </p>
   </div>
   <div class='ocr_carea' id='block_1_71' title="bbox 1083 545 1876 580">
    <p class='ocr_par' dir='ltr' id='par_1_71' title="bbox 1083 545 1876 580">
     <span class='ocr_line' id='line_1_71' title="bbox 1083 545 1876 580; baseline 0.003 -9"><span class='ocrx_word' id='word_1_515' title='bbox 1083 545 1200 579; x_wconf 85' lang='lat' dir='ltr'><strong>nihilque</strong></span> <span class='ocrx_word' id='word_1_516' title='bbox 1218 545 1329 572; x_wconf 90' lang='lat' dir='ltr'><strong>ulterius</strong></span> <span class='ocrx_word' id='word_1_517' title='bbox 1345 545 1489 580; x_wconf 90' lang='lat' dir='ltr'><strong>inquirant.</strong></span> <span class='ocrx_word' id='word_1_518' title='bbox 1511 545 1586 578; x_wconf 86' lang='lat' dir='ltr'><strong>Quod</strong></span> <span class='ocrx_word' id='word_1_519' title='bbox 1606 546 1628 572; x_wconf 89' lang='lat' dir='ltr'><strong>si</strong></span> <span class='ocrx_word' id='word_1_520' title='bbox 1650 546 1804 580; x_wconf 86' lang='lat' dir='ltr'><strong>parentibus</strong></span> <span class='ocrx_word' id='word_1_521' title='bbox 1827 553 1876 573; x_wconf 86' lang='lat' dir='ltr'><strong>no-</strong></span> 
     </span>
    </p>
   </div>
   <div class='ocr_carea' id='block_1_72' title="bbox 1081 591 1874 628">
    <p class='ocr_par' dir='ltr' id='par_1_72' title="bbox 1081 591 1874 628">
     <span class='ocr_line' id='line_1_72' title="bbox 1081 591 1874 628; baseline 0.003 -10"><span class='ocrx_word' id='word_1_522' title='bbox 1081 592 1154 625; x_wconf 87' lang='lat' dir='ltr'><strong>stris,</strong></span> <span class='ocrx_word' id='word_1_523' title='bbox 1165 591 1210 626; x_wconf 94' lang='lat' dir='ltr'><strong>qui</strong></span> <span class='ocrx_word' id='word_1_524' title='bbox 1223 591 1343 627; x_wconf 87' lang='lat' dir='ltr'><strong>ejusdem</strong></span> <span class='ocrx_word' id='word_1_525' title='bbox 1358 595 1436 626; x_wconf 90' lang='lat' dir='ltr'><strong>atque</strong></span> <span class='ocrx_word' id='word_1_526' title='bbox 1444 599 1493 618; x_wconf 90' lang='lat' dir='ltr'><strong>nos</strong></span> <span class='ocrx_word' id='word_1_527' title='bbox 1505 596 1604 619; x_wconf 68' lang='lat' dir='ltr'><strong>natura:</strong></span> <span class='ocrx_word' id='word_1_528' title='bbox 1614 597 1685 626; x_wconf 90' lang='lat' dir='ltr'><strong>sunt,</strong></span> <span class='ocrx_word' id='word_1_529' title='bbox 1701 593 1736 620; x_wconf 88' lang='lat' dir='ltr'><strong>ita</strong></span> <span class='ocrx_word' id='word_1_530' title='bbox 1749 593 1874 628; x_wconf 79' lang='lat' dir='ltr'><strong>morigeri</strong></span> 
     </span>
    </p>
   </div>
   <div class='ocr_carea' id='block_1_73' title="bbox 1080 637 1872 673">
    <p class='ocr_par' dir='ltr' id='par_1_73' title="bbox 1080 637 1872 673">
     <span class='ocr_line' id='line_1_73' title="bbox 1080 637 1872 673; baseline 0.001 -8"><span class='ocrx_word' id='word_1_531' title='bbox 1080 645 1182 671; x_wconf 91' lang='lat' dir='ltr'><strong>sumus,</strong></span> <span class='ocrx_word' id='word_1_532' title='bbox 1197 646 1281 673; x_wconf 91' lang='lat' dir='ltr'><strong>neque</strong></span> <span class='ocrx_word' id='word_1_533' title='bbox 1304 638 1356 666; x_wconf 83' lang='lat' dir='ltr'><strong>ulla</strong></span> <span class='ocrx_word' id='word_1_534' title='bbox 1378 637 1480 665; x_wconf 90' lang='lat' dir='ltr'><strong>ratione</strong></span> <span class='ocrx_word' id='word_1_535' title='bbox 1496 638 1674 673; x_wconf 77' lang='lat' dir='ltr'><strong>indignamur,</strong></span> <span class='ocrx_word' id='word_1_536' title='bbox 1689 639 1780 666; x_wconf 90' lang='lat' dir='ltr'><strong>Deone</strong></span> <span class='ocrx_word' id='word_1_537' title='bbox 1801 639 1872 666; x_wconf 89' lang='lat' dir='ltr'><strong>iudi-</strong></span> 
     </span>
    </p>
   </div>
   <div class='ocr_carea' id='block_1_74' title="bbox 1080 683 1872 719">
    <p class='ocr_par' dir='ltr' id='par_1_74' title="bbox 1080 683 1872 719">
     <span class='ocr_line' id='line_1_74' title="bbox 1080 683 1872 719; baseline 0.001 -9"><span class='ocrx_word' id='word_1_538' title='bbox 1080 683 1221 718; x_wconf 78' lang='lat' dir='ltr'><strong>gnabimur</strong></span> <span class='ocrx_word' id='word_1_539' title='bbox 1231 683 1302 719; x_wconf 90' lang='lat' dir='ltr'><strong>quod</strong></span> <span class='ocrx_word' id='word_1_540' title='bbox 1314 691 1367 711; x_wconf 94' lang='lat' dir='ltr'><strong>non</strong></span> <span class='ocrx_word' id='word_1_541' title='bbox 1382 683 1452 710; x_wconf 92' lang='lat' dir='ltr'><strong>illius</strong></span> <span class='ocrx_word' id='word_1_542' title='bbox 1466 683 1555 710; x_wconf 89' lang='lat' dir='ltr'><strong>omnia</strong></span> <span class='ocrx_word' id='word_1_543' title='bbox 1571 683 1647 710; x_wconf 89' lang='lat' dir='ltr'><strong>nobis</strong></span> <span class='ocrx_word' id='word_1_544' title='bbox 1661 684 1796 718; x_wconf 83' lang='lat' dir='ltr'><strong>explorata</strong></span> <span class='ocrx_word' id='word_1_545' title='bbox 1808 684 1872 718; x_wconf 88' lang='lat' dir='ltr'><strong>sint,</strong></span> 
     </span>
    </p>
   </div>
   <div class='ocr_carea' id='block_1_75' title="bbox 1080 728 1874 764">
    <p class='ocr_par' dir='ltr' id='par_1_75' title="bbox 1080 728 1874 764">
     <span class='ocr_line' id='line_1_75' title="bbox 1080 728 1874 764; baseline 0.001 -8"><span class='ocrx_word' id='word_1_546' title='bbox 1080 729 1124 763; x_wconf 89' lang='lat' dir='ltr'><strong>qui</strong></span> <span class='ocrx_word' id='word_1_547' title='bbox 1145 733 1216 756; x_wconf 85' lang='lat' dir='ltr'><strong>tanta</strong></span> <span class='ocrx_word' id='word_1_548' title='bbox 1233 729 1389 756; x_wconf 84' lang='lat' dir='ltr'><strong>excellentia</strong></span> <span class='ocrx_word' id='word_1_549' title='bbox 1404 729 1480 756; x_wconf 91' lang='lat' dir='ltr'><strong>nobis</strong></span> <span class='ocrx_word' id='word_1_550' title='bbox 1495 728 1623 764; x_wconf 61' lang='lat' dir='ltr'><strong>prmeellit</strong></span> <span class='ocrx_word' id='word_1_551' title='bbox 1635 749 1642 761; x_wconf 90' lang='lat'><strong>,</strong></span> <span class='ocrx_word' id='word_1_552' title='bbox 1664 732 1789 764; x_wconf 89' lang='lat' dir='ltr'><strong>quantum</strong></span> <span class='ocrx_word' id='word_1_553' title='bbox 1805 730 1874 757; x_wconf 90' lang='lat' dir='ltr'><strong>inter</strong></span> 
     </span>
    </p>
   </div>
   <div class='ocr_carea' id='block_1_76' title="bbox 1081 774 1874 811">
    <p class='ocr_par' dir='ltr' id='par_1_76' title="bbox 1081 774 1874 811">
     <span class='ocr_line' id='line_1_76' title="bbox 1081 774 1874 811; baseline -0.001 -8"><span class='ocrx_word' id='word_1_554' title='bbox 1081 775 1163 803; x_wconf 89' lang='lat' dir='ltr'><strong>Deum</strong></span> <span class='ocrx_word' id='word_1_555' title='bbox 1177 780 1204 803; x_wconf 89' lang='lat' dir='ltr'><strong>et</strong></span> <span class='ocrx_word' id='word_1_556' title='bbox 1221 775 1343 803; x_wconf 89' lang='lat' dir='ltr'><strong>homines</strong></span> <span class='ocrx_word' id='word_1_557' title='bbox 1355 775 1497 803; x_wconf 89' lang='lat' dir='ltr'><strong>discrimen</strong></span> <span class='ocrx_word' id='word_1_558' title='bbox 1511 774 1670 803; x_wconf 85' lang='lat' dir='ltr'><strong>intercedit?</strong></span> <span class='ocrx_word' id='word_1_559' title='bbox 1690 775 1724 802; x_wconf 88' lang='lat' dir='ltr'><strong>Et</strong></span> <span class='ocrx_word' id='word_1_560' title='bbox 1737 775 1801 811; x_wconf 90' lang='lat' dir='ltr'><strong>quid</strong></span> <span class='ocrx_word' id='word_1_561' title='bbox 1813 775 1874 803; x_wconf 85' lang='lat' dir='ltr'><strong>huic</strong></span> 
     </span>
    </p>
   </div>
   <div class='ocr_carea' id='block_1_77' title="bbox 1080 821 1385 856">
    <p class='ocr_par' dir='ltr' id='par_1_77' title="bbox 1080 821 1385 856">
     <span class='ocr_line' id='line_1_77' title="bbox 1080 821 1385 856; baseline -0.007 -7"><span class='ocrx_word' id='word_1_562' title='bbox 1080 822 1208 856; x_wconf 85' lang='lat' dir='ltr'><strong>impietati</strong></span> <span class='ocrx_word' id='word_1_563' title='bbox 1224 829 1272 856; x_wconf 89' lang='lat' dir='ltr'><strong>par</strong></span> <span class='ocrx_word' id='word_1_564' title='bbox 1288 821 1385 849; x_wconf 87' lang='lat' dir='ltr'><strong>fuerit?</strong></span> 
     </span>
    </p>
   </div>
   <div class='ocr_carea' id='block_1_78' title="bbox 1115 866 1872 902">
    <p class='ocr_par' dir='ltr' id='par_1_78' title="bbox 1115 866 1872 902">
     <span class='ocr_line' id='line_1_78' title="bbox 1115 866 1872 902; baseline 0.001 -9"><span class='ocrx_word' id='word_1_565' title='bbox 1115 866 1203 902; x_wconf 82' lang='lat' dir='ltr'><strong>Figuli</strong></span> <span class='ocrx_word' id='word_1_566' title='bbox 1217 866 1331 902; x_wconf 76' lang='lat' dir='ltr'><strong>exemplo</strong></span> <span class='ocrx_word' id='word_1_567' title='bbox 1345 867 1470 894; x_wconf 86' lang='lat' dir='ltr'><strong>utitur.—</strong></span> <span class='ocrx_word' id='word_1_568' title='bbox 1478 866 1613 894; x_wconf 85' lang='lat' dir='ltr'><strong>Adversus</strong></span> <span class='ocrx_word' id='word_1_569' title='bbox 1624 866 1775 902; x_wconf 87' lang='lat' dir='ltr'><strong>Imjusmodi</strong></span> <span class='ocrx_word' id='word_1_570' title='bbox 1785 867 1872 894; x_wconf 91' lang='lat' dir='ltr'><strong>homi-</strong></span> 
     </span>
    </p>
   </div>
   <div class='ocr_carea' id='block_1_79' title="bbox 1080 912 1871 948">
    <p class='ocr_par' dir='ltr' id='par_1_79' title="bbox 1080 912 1871 948">
     <span class='ocr_line' id='line_1_79' title="bbox 1080 912 1871 948; baseline -0.001 -8"><span class='ocrx_word' id='word_1_571' title='bbox 1080 920 1127 940; x_wconf 89' lang='lat' dir='ltr'><strong>nes</strong></span> <span class='ocrx_word' id='word_1_572' title='bbox 1139 920 1204 940; x_wconf 83' lang='lat' dir='ltr'><strong>sane</strong></span> <span class='ocrx_word' id='word_1_573' title='bbox 1220 912 1312 940; x_wconf 85' lang='lat' dir='ltr'><strong>beatus</strong></span> <span class='ocrx_word' id='word_1_574' title='bbox 1327 912 1424 939; x_wconf 80' lang='lat' dir='ltr'><strong>Paulus</strong></span> <span class='ocrx_word' id='word_1_575' title='bbox 1445 912 1584 947; x_wconf 80' lang='lat' dir='ltr'><strong>indignans</strong></span> <span class='ocrx_word' id='word_1_576' title='bbox 1593 912 1699 940; x_wconf 88' lang='lat' dir='ltr'><strong>dicebat</strong></span> <span class='ocrx_word' id='word_1_577' title='bbox 1714 921 1720 939; x_wconf 91' lang='lat'><strong>:</strong></span> <span class='ocrx_word' id='word_1_578' title='bbox 1741 913 1871 948; x_wconf 80' lang='lat' dir='ltr'><strong>Alioquin,</strong></span> 
     </span>
    </p>
   </div>
   <div class='ocr_carea' id='block_1_80' title="bbox 1080 957 1874 994">
    <p class='ocr_par' dir='ltr' id='par_1_80' title="bbox 1080 957 1874 994">
     <span class='ocr_line' id='line_1_80' title="bbox 1080 957 1874 994; baseline 0.001 -10"><span class='ocrx_word' id='word_1_579' title='bbox 1080 967 1094 985; x_wconf 88' lang='grc' dir='ltr'><strong>ο</strong></span> <span class='ocrx_word' id='word_1_580' title='bbox 1109 958 1192 990; x_wconf 84' lang='grc' dir='ltr'><strong>Ιιοηιο,</strong></span> <span class='ocrx_word' id='word_1_581' title='bbox 1204 963 1230 984; x_wconf 91' lang='lat' dir='ltr'><strong>tu</strong></span> <span class='ocrx_word' id='word_1_582' title='bbox 1247 958 1303 992; x_wconf 83' lang='lat' dir='ltr'><strong>quis</strong></span> <span class='ocrx_word' id='word_1_583' title='bbox 1315 965 1341 985; x_wconf 81' lang='lat' dir='ltr'><strong>es</strong></span> <span class='ocrx_word' id='word_1_584' title='bbox 1357 958 1399 992; x_wconf 88' lang='lat' dir='ltr'><strong>qui</strong></span> <span class='ocrx_word' id='word_1_585' title='bbox 1414 958 1566 993; x_wconf 79' lang='lat' dir='ltr'><strong>respondeas</strong></span> <span class='ocrx_word' id='word_1_586' title='bbox 1579 957 1651 985; x_wconf 81' lang='lat' dir='ltr'><strong>Deo?</strong></span> <span class='ocrx_word' id='word_1_587' title='bbox 1660 957 1793 994; x_wconf 81' lang='lat' dir='ltr'><strong>Numquid</strong></span> <span class='ocrx_word' id='word_1_588' title='bbox 1809 960 1874 986; x_wconf 77' lang='lat' dir='ltr'><strong>dicet</strong></span> 
     </span>
    </p>
   </div>
   <div class='ocr_carea' id='block_1_81' title="bbox 1080 1004 1873 1042">
    <p class='ocr_par' dir='ltr' id='par_1_81' title="bbox 1080 1004 1873 1042">
     <span class='ocr_line' id='line_1_81' title="bbox 1080 1004 1873 1042; baseline 0.001 -11"><span class='ocrx_word' id='word_1_589' title='bbox 1080 1006 1226 1041; x_wconf 83' lang='lat' dir='ltr'><strong>ﬁgmentum</strong></span> <span class='ocrx_word' id='word_1_590' title='bbox 1245 1005 1335 1040; x_wconf 68' lang='lat' dir='ltr'><strong>(actori</strong></span> <span class='ocrx_word' id='word_1_591' title='bbox 1351 1012 1408 1036; x_wconf 82' lang='lat' dir='ltr'><strong>suo,</strong></span> <span class='ocrx_word' id='word_1_592' title='bbox 1418 1004 1469 1031; x_wconf 89' lang='lat' dir='ltr'><strong>Cur</strong></span> <span class='ocrx_word' id='word_1_593' title='bbox 1488 1012 1528 1031; x_wconf 86' lang='lat' dir='ltr'><strong>me</strong></span> <span class='ocrx_word' id='word_1_594' title='bbox 1542 1004 1578 1031; x_wconf 87' lang='lat' dir='ltr'><strong>ita</strong></span> <span class='ocrx_word' id='word_1_595' title='bbox 1591 1005 1671 1039; x_wconf 75' lang='lat' dir='ltr'><strong>fecisti</strong></span> <span class='ocrx_word' id='word_1_596' title='bbox 1680 1004 1873 1042; x_wconf 70' lang='lat' dir='ltr'><strong>(Rom.9.20)?</strong></span> 
     </span>
    </p>
   </div>
   <div class='ocr_carea' id='block_1_82' title="bbox 1080 1050 1872 1086">
    <p class='ocr_par' dir='ltr' id='par_1_82' title="bbox 1080 1050 1872 1086">
     <span class='ocr_line' id='line_1_82' title="bbox 1080 1050 1872 1086; baseline -0.001 -7"><span class='ocrx_word' id='word_1_597' title='bbox 1080 1051 1209 1086; x_wconf 88' lang='lat' dir='ltr'><strong>Equidem</strong></span> <span class='ocrx_word' id='word_1_598' title='bbox 1231 1051 1350 1078; x_wconf 84' lang='lat' dir='ltr'><strong>ﬁliorum</strong></span> <span class='ocrx_word' id='word_1_599' title='bbox 1359 1050 1494 1084; x_wconf 84' lang='lat' dir='ltr'><strong>exemplar</strong></span> <span class='ocrx_word' id='word_1_600' title='bbox 1511 1057 1717 1084; x_wconf 91' lang='lat' dir='ltr'><strong>proposueram;</strong></span> <span class='ocrx_word' id='word_1_601' title='bbox 1735 1050 1793 1086; x_wconf 91' lang='lat' dir='ltr'><strong>ipse</strong></span> <span class='ocrx_word' id='word_1_602' title='bbox 1808 1058 1872 1078; x_wconf 85' lang='lat' dir='ltr'><strong>vero</strong></span> 
     </span>
    </p>
   </div>
   <div class='ocr_carea' id='block_1_83' title="bbox 1079 1095 1873 1131">
    <p class='ocr_par' dir='ltr' id='par_1_83' title="bbox 1079 1095 1873 1131">
     <span class='ocr_line' id='line_1_83' title="bbox 1079 1095 1873 1131; baseline -0.001 -7"><span class='ocrx_word' id='word_1_603' title='bbox 1079 1097 1162 1125; x_wconf 95' lang='lat' dir='ltr'><strong>multo</strong></span> <span class='ocrx_word' id='word_1_604' title='bbox 1176 1097 1261 1131; x_wconf 89' lang='lat' dir='ltr'><strong>majus</strong></span> <span class='ocrx_word' id='word_1_605' title='bbox 1276 1096 1376 1131; x_wconf 84' lang='lat' dir='ltr'><strong>posuit,</strong></span> <span class='ocrx_word' id='word_1_606' title='bbox 1390 1095 1462 1130; x_wconf 82' lang='lat' dir='ltr'><strong>ﬁguli</strong></span> <span class='ocrx_word' id='word_1_607' title='bbox 1475 1095 1587 1127; x_wconf 86' lang='lat' dir='ltr'><strong>scilicet,</strong></span> <span class='ocrx_word' id='word_1_608' title='bbox 1601 1099 1679 1131; x_wconf 87' lang='lat' dir='ltr'><strong>atque</strong></span> <span class='ocrx_word' id='word_1_609' title='bbox 1689 1096 1722 1123; x_wconf 90' lang='lat' dir='ltr'><strong>ab</strong></span> <span class='ocrx_word' id='word_1_610' title='bbox 1731 1104 1764 1123; x_wconf 91' lang='lat' dir='ltr'><strong>eo</strong></span> <span class='ocrx_word' id='word_1_611' title='bbox 1777 1096 1803 1123; x_wconf 94' lang='lat' dir='ltr'><strong>in</strong></span> <span class='ocrx_word' id='word_1_612' title='bbox 1817 1096 1873 1124; x_wconf 92' lang='lat' dir='ltr'><strong>for-</strong></span> 
     </span>
    </p>
   </div>
   <div class='ocr_carea' id='block_1_84' title="bbox 1079 1141 1872 1178">
    <p class='ocr_par' dir='ltr' id='par_1_84' title="bbox 1079 1141 1872 1178">
     <span class='ocr_line' id='line_1_84' title="bbox 1079 1141 1872 1178; baseline 0 -8"><span class='ocrx_word' id='word_1_613' title='bbox 1079 1151 1149 1170; x_wconf 89' lang='lat' dir='ltr'><strong>mam</strong></span> <span class='ocrx_word' id='word_1_614' title='bbox 1165 1142 1264 1170; x_wconf 89' lang='lat' dir='ltr'><strong>redacti</strong></span> <span class='ocrx_word' id='word_1_615' title='bbox 1278 1142 1334 1169; x_wconf 91' lang='lat' dir='ltr'><strong>luti.</strong></span> <span class='ocrx_word' id='word_1_616' title='bbox 1351 1142 1425 1169; x_wconf 88' lang='lat' dir='ltr'><strong>Sicut</strong></span> <span class='ocrx_word' id='word_1_617' title='bbox 1446 1141 1517 1169; x_wconf 90' lang='lat' dir='ltr'><strong>enim</strong></span> <span class='ocrx_word' id='word_1_618' title='bbox 1533 1142 1616 1169; x_wconf 92' lang='lat' dir='ltr'><strong>lutum</strong></span> <span class='ocrx_word' id='word_1_619' title='bbox 1631 1149 1798 1178; x_wconf 89' lang='lat' dir='ltr'><strong>quocumque</strong></span> <span class='ocrx_word' id='word_1_620' title='bbox 1813 1151 1872 1170; x_wconf 91' lang='lat' dir='ltr'><strong>ma-</strong></span> 
     </span>
    </p>
   </div>
   <div class='ocr_carea' id='block_1_85' title="bbox 1079 1186 1873 1223">
    <p class='ocr_par' dir='ltr' id='par_1_85' title="bbox 1079 1186 1873 1223">
     <span class='ocr_line' id='line_1_85' title="bbox 1079 1186 1873 1223; baseline 0 -8"><span class='ocrx_word' id='word_1_621' title='bbox 1079 1196 1129 1215; x_wconf 87' lang='lat' dir='ltr'><strong>nus</strong></span> <span class='ocrx_word' id='word_1_622' title='bbox 1142 1196 1170 1215; x_wconf 89' lang='lat' dir='ltr'><strong>se</strong></span> <span class='ocrx_word' id='word_1_623' title='bbox 1185 1187 1323 1215; x_wconf 85' lang='lat' dir='ltr'><strong>formautis</strong></span> <span class='ocrx_word' id='word_1_624' title='bbox 1337 1187 1444 1214; x_wconf 88' lang='lat' dir='ltr'><strong>duxerit</strong></span> <span class='ocrx_word' id='word_1_625' title='bbox 1456 1186 1585 1221; x_wconf 89' lang='lat' dir='ltr'><strong>sequitur,</strong></span> <span class='ocrx_word' id='word_1_626' title='bbox 1601 1187 1636 1214; x_wconf 88' lang='lat' dir='ltr'><strong>ita</strong></span> <span class='ocrx_word' id='word_1_627' title='bbox 1651 1187 1786 1215; x_wconf 88' lang='lat' dir='ltr'><strong>hominem</strong></span> <span class='ocrx_word' id='word_1_628' title='bbox 1799 1195 1873 1223; x_wconf 78' lang='lat' dir='ltr'><strong>qua:-</strong></span> 
     </span>
    </p>
   </div>
   <div class='ocr_carea' id='block_1_86' title="bbox 1078 1233 1873 1270">
    <p class='ocr_par' dir='ltr' id='par_1_86' title="bbox 1078 1233 1873 1270">
     <span class='ocr_line' id='line_1_86' title="bbox 1078 1233 1873 1270; baseline 0 -8"><span class='ocrx_word' id='word_1_629' title='bbox 1078 1242 1192 1270; x_wconf 91' lang='lat' dir='ltr'><strong>cumque</strong></span> <span class='ocrx_word' id='word_1_630' title='bbox 1206 1234 1275 1261; x_wconf 87' lang='lat' dir='ltr'><strong>Deus</strong></span> <span class='ocrx_word' id='word_1_631' title='bbox 1286 1233 1396 1269; x_wconf 89' lang='lat' dir='ltr'><strong>jusserit</strong></span> <span class='ocrx_word' id='word_1_632' title='bbox 1414 1241 1446 1261; x_wconf 90' lang='lat' dir='ltr'><strong>ea</strong></span> <span class='ocrx_word' id='word_1_633' title='bbox 1463 1233 1557 1268; x_wconf 89' lang='lat' dir='ltr'><strong>sequi,</strong></span> <span class='ocrx_word' id='word_1_634' title='bbox 1575 1238 1601 1260; x_wconf 92' lang='lat' dir='ltr'><strong>et</strong></span> <span class='ocrx_word' id='word_1_635' title='bbox 1614 1241 1673 1268; x_wconf 53' lang='lat' dir='ltr'><strong>qua).</strong></span> <span class='ocrx_word' id='word_1_636' title='bbox 1694 1234 1738 1261; x_wconf 91' lang='lat' dir='ltr'><strong>ille</strong></span> <span class='ocrx_word' id='word_1_637' title='bbox 1755 1234 1873 1263; x_wconf 88' lang='lat' dir='ltr'><strong>intulerit</strong></span> 
     </span>
    </p>
   </div>
   <div class='ocr_carea' id='block_1_87' title="bbox 1078 1279 1873 1318">
    <p class='ocr_par' dir='ltr' id='par_1_87' title="bbox 1078 1279 1873 1318">
     <span class='ocr_line' id='line_1_87' title="bbox 1078 1279 1873 1318; baseline 0 -9"><span class='ocrx_word' id='word_1_638' title='bbox 1078 1286 1153 1318; x_wconf 80' lang='lat' dir='ltr'><strong>grato</strong></span> <span class='ocrx_word' id='word_1_639' title='bbox 1163 1282 1252 1308; x_wconf 91' lang='lat' dir='ltr'><strong>animo</strong></span> <span class='ocrx_word' id='word_1_640' title='bbox 1265 1281 1382 1315; x_wconf 87' lang='lat' dir='ltr'><strong>perferre</strong></span> <span class='ocrx_word' id='word_1_641' title='bbox 1392 1280 1528 1312; x_wconf 87' lang='lat' dir='ltr'><strong>convenit,</strong></span> <span class='ocrx_word' id='word_1_642' title='bbox 1544 1279 1610 1307; x_wconf 89' lang='lat' dir='ltr'><strong>nihil</strong></span> <span class='ocrx_word' id='word_1_643' title='bbox 1623 1280 1732 1308; x_wconf 90' lang='lat' dir='ltr'><strong>omnino</strong></span> <span class='ocrx_word' id='word_1_644' title='bbox 1741 1281 1873 1309; x_wconf 69' lang='lat' dir='ltr'><strong>reluctan&lt;</strong></span> 
     </span>
    </p>
   </div>
   <div class='ocr_carea' id='block_1_88' title="bbox 1078 1326 1873 1362">
    <p class='ocr_par' dir='ltr' id='par_1_88' title="bbox 1078 1326 1873 1362">
     <span class='ocr_line' id='line_1_88' title="bbox 1078 1326 1873 1362; baseline 0 -6"><span class='ocrx_word' id='word_1_645' title='bbox 1078 1329 1123 1361; x_wconf 93' lang='lat' dir='ltr'><strong>do,</strong></span> <span class='ocrx_word' id='word_1_646' title='bbox 1139 1329 1182 1355; x_wconf 88' lang='lat' dir='ltr'><strong>vel</strong></span> <span class='ocrx_word' id='word_1_647' title='bbox 1198 1328 1303 1356; x_wconf 90' lang='lat' dir='ltr'><strong>curiose</strong></span> <span class='ocrx_word' id='word_1_648' title='bbox 1313 1327 1451 1355; x_wconf 89' lang='lat' dir='ltr'><strong>addiscere</strong></span> <span class='ocrx_word' id='word_1_649' title='bbox 1462 1326 1616 1362; x_wconf 63' lang='lat' dir='ltr'><strong>quaerendo.</strong></span> <span class='ocrx_word' id='word_1_650' title='bbox 1631 1326 1722 1362; x_wconf 85' lang='lat' dir='ltr'><strong>Neque</strong></span> <span class='ocrx_word' id='word_1_651' title='bbox 1737 1329 1808 1356; x_wconf 89' lang='lat' dir='ltr'><strong>enim</strong></span> <span class='ocrx_word' id='word_1_652' title='bbox 1823 1336 1873 1356; x_wconf 79' lang='lat' dir='ltr'><strong>no-</strong></span> 
     </span>
    </p>
   </div>
   <div class='ocr_carea' id='block_1_89' title="bbox 1078 1374 1873 1409">
    <p class='ocr_par' dir='ltr' id='par_1_89' title="bbox 1078 1374 1873 1409">
     <span class='ocr_line' id='line_1_89' title="bbox 1078 1374 1873 1409; baseline 0 -8"><span class='ocrx_word' id='word_1_653' title='bbox 1078 1375 1119 1402; x_wconf 91' lang='lat' dir='ltr'><strong>bis</strong></span> <span class='ocrx_word' id='word_1_654' title='bbox 1132 1374 1196 1402; x_wconf 86' lang='lat' dir='ltr'><strong>solis</strong></span> <span class='ocrx_word' id='word_1_655' title='bbox 1210 1374 1259 1402; x_wconf 89' lang='lat' dir='ltr'><strong>ista</strong></span> <span class='ocrx_word' id='word_1_656' title='bbox 1274 1374 1396 1408; x_wconf 74' lang='lat' dir='ltr'><strong>ambigua</strong></span> <span class='ocrx_word' id='word_1_657' title='bbox 1411 1378 1482 1405; x_wconf 91' lang='lat' dir='ltr'><strong>sunt,</strong></span> <span class='ocrx_word' id='word_1_658' title='bbox 1498 1381 1589 1400; x_wconf 87' lang='lat' dir='ltr'><strong>verum</strong></span> <span class='ocrx_word' id='word_1_659' title='bbox 1606 1377 1633 1400; x_wconf 92' lang='lat' dir='ltr'><strong>et</strong></span> <span class='ocrx_word' id='word_1_660' title='bbox 1647 1374 1679 1400; x_wconf 88' lang='lat' dir='ltr'><strong>iis</strong></span> <span class='ocrx_word' id='word_1_661' title='bbox 1691 1374 1734 1409; x_wconf 90' lang='lat' dir='ltr'><strong>qui</strong></span> <span class='ocrx_word' id='word_1_662' title='bbox 1748 1380 1809 1401; x_wconf 89' lang='lat' dir='ltr'><strong>ante</strong></span> <span class='ocrx_word' id='word_1_663' title='bbox 1823 1382 1873 1402; x_wconf 89' lang='lat' dir='ltr'><strong>nos</strong></span> 
     </span>
    </p>
   </div>
   <div class='ocr_carea' id='block_1_90' title="bbox 1078 1419 1871 1452">
    <p class='ocr_par' dir='ltr' id='par_1_90' title="bbox 1078 1419 1871 1452">
     <span class='ocr_line' id='line_1_90' title="bbox 1078 1419 1871 1452; baseline 0.001 -5"><span class='ocrx_word' id='word_1_664' title='bbox 1078 1419 1204 1452; x_wconf 86' lang='lat' dir='ltr'><strong>fuerunt,</strong></span> <span class='ocrx_word' id='word_1_665' title='bbox 1224 1422 1324 1447; x_wconf 87' lang='lat' dir='ltr'><strong>sanctis</strong></span> <span class='ocrx_word' id='word_1_666' title='bbox 1345 1419 1397 1446; x_wconf 89' lang='lat' dir='ltr'><strong>illis</strong></span> <span class='ocrx_word' id='word_1_667' title='bbox 1413 1427 1445 1446; x_wconf 91' lang='lat' dir='ltr'><strong>ac</strong></span> <span class='ocrx_word' id='word_1_668' title='bbox 1468 1419 1632 1446; x_wconf 88' lang='lat' dir='ltr'><strong>mirabilibus</strong></span> <span class='ocrx_word' id='word_1_669' title='bbox 1654 1419 1727 1446; x_wconf 86' lang='lat' dir='ltr'><strong>viris.</strong></span> <span class='ocrx_word' id='word_1_670' title='bbox 1743 1420 1789 1447; x_wconf 84' lang='lat' dir='ltr'><strong>Ait</strong></span> <span class='ocrx_word' id='word_1_671' title='bbox 1800 1420 1871 1448; x_wconf 89' lang='lat' dir='ltr'><strong>enim</strong></span> 
     </span>
    </p>
   </div>
   <div class='ocr_carea' id='block_1_91' title="bbox 1076 1465 1871 1501">
    <p class='ocr_par' dir='ltr' id='par_1_91' title="bbox 1076 1465 1871 1501">
     <span class='ocr_line' id='line_1_91' title="bbox 1076 1465 1871 1501; baseline -0.003 -7"><span class='ocrx_word' id='word_1_672' title='bbox 1076 1466 1126 1494; x_wconf 83' lang='lat' dir='ltr'><strong>Job</strong></span> <span class='ocrx_word' id='word_1_673' title='bbox 1155 1475 1163 1493; x_wconf 85' lang='lat'><strong>:</strong></span> <span class='ocrx_word' id='word_1_674' title='bbox 1186 1465 1220 1493; x_wconf 88' lang='lat' dir='ltr'><strong>Ut</strong></span> <span class='ocrx_word' id='word_1_675' title='bbox 1244 1466 1304 1501; x_wconf 86' lang='lat' dir='ltr'><strong>quid</strong></span> <span class='ocrx_word' id='word_1_676' title='bbox 1326 1465 1398 1500; x_wconf 86' lang='lat' dir='ltr'><strong>impii</strong></span> <span class='ocrx_word' id='word_1_677' title='bbox 1423 1465 1527 1497; x_wconf 72' lang='lat' dir='ltr'><strong>uiuunt,</strong></span> <span class='ocrx_word' id='word_1_678' title='bbox 1549 1465 1687 1500; x_wconf 72' lang='lat' dir='ltr'><strong>divitiisque</strong></span> <span class='ocrx_word' id='word_1_679' title='bbox 1717 1470 1871 1493; x_wconf 77' lang='lat' dir='ltr'><strong>oeterascuut</strong></span> 
     </span>
    </p>
   </div>
   <div class='ocr_carea' id='block_1_92' title="bbox 1077 1509 1872 1548">
    <p class='ocr_par' dir='ltr' id='par_1_92' title="bbox 1077 1509 1872 1548">
     <span class='ocr_line' id='line_1_92' title="bbox 1077 1509 1872 1548; baseline -0.001 -9"><span class='ocrx_word' id='word_1_680' title='bbox 1077 1512 1138 1548; x_wconf 87' lang='lat' dir='ltr'><strong>(Job</strong></span> <span class='ocrx_word' id='word_1_681' title='bbox 1152 1512 1196 1539; x_wconf 80' lang='lat' dir='ltr'><strong>2i.</strong></span> <span class='ocrx_word' id='word_1_682' title='bbox 1209 1511 1257 1548; x_wconf 80' lang='lat'><strong>7)?</strong></span> <span class='ocrx_word' id='word_1_683' title='bbox 1271 1511 1368 1538; x_wconf 85' lang='lat' dir='ltr'><strong>Beatus</strong></span> <span class='ocrx_word' id='word_1_684' title='bbox 1393 1514 1480 1538; x_wconf 90' lang='lat' dir='ltr'><strong>autem</strong></span> <span class='ocrx_word' id='word_1_685' title='bbox 1499 1510 1593 1543; x_wconf 89' lang='lat' dir='ltr'><strong>David,</strong></span> <span class='ocrx_word' id='word_1_686' title='bbox 1613 1509 1700 1543; x_wconf 80' lang='lat' dir='ltr'><strong>Ptenc,</strong></span> <span class='ocrx_word' id='word_1_687' title='bbox 1714 1510 1807 1545; x_wconf 89' lang='lat' dir='ltr'><strong>inquit,</strong></span> <span class='ocrx_word' id='word_1_688' title='bbox 1831 1511 1872 1546; x_wconf 78' lang='lat' dir='ltr'><strong>ef-</strong></span> 
     </span>
    </p>
   </div>
   <div class='ocr_carea' id='block_1_93' title="bbox 1077 1555 1871 1594">
    <p class='ocr_par' dir='ltr' id='par_1_93' title="bbox 1077 1555 1871 1594">
     <span class='ocr_line' id='line_1_93' title="bbox 1077 1555 1871 1594; baseline -0.001 -10"><span class='ocrx_word' id='word_1_689' title='bbox 1077 1558 1128 1594; x_wconf 77' lang='lat' dir='ltr'><strong>fusi</strong></span> <span class='ocrx_word' id='word_1_690' title='bbox 1138 1562 1303 1592; x_wconf 73' lang='lat' dir='ltr'><strong>suntgressus</strong></span> <span class='ocrx_word' id='word_1_691' title='bbox 1319 1556 1378 1588; x_wconf 86' lang='lat' dir='ltr'><strong>mei,</strong></span> <span class='ocrx_word' id='word_1_692' title='bbox 1390 1556 1450 1590; x_wconf 88' lang='lat' dir='ltr'><strong>quia</strong></span> <span class='ocrx_word' id='word_1_693' title='bbox 1467 1555 1547 1582; x_wconf 63' lang='lat' dir='ltr'><strong>celavi</strong></span> <span class='ocrx_word' id='word_1_694' title='bbox 1561 1563 1638 1590; x_wconf 77' lang='lat' dir='ltr'><strong>super</strong></span> <span class='ocrx_word' id='word_1_695' title='bbox 1647 1555 1745 1591; x_wconf 84' lang='lat' dir='ltr'><strong>iniquas</strong></span> <span class='ocrx_word' id='word_1_696' title='bbox 1758 1575 1765 1589; x_wconf 94' lang='lat'><strong>,</strong></span> <span class='ocrx_word' id='word_1_697' title='bbox 1783 1564 1871 1591; x_wconf 78' lang='lat' dir='ltr'><strong>pacem</strong></span> 
     </span>
    </p>
   </div>
   <div class='ocr_carea' id='block_1_94' title="bbox 1076 1601 1870 1640">
    <p class='ocr_par' dir='ltr' id='par_1_94' title="bbox 1076 1601 1870 1640">
     <span class='ocr_line' id='line_1_94' title="bbox 1076 1601 1870 1640; baseline -0.001 -10"><span class='ocrx_word' id='word_1_698' title='bbox 1076 1608 1235 1640; x_wconf 83' lang='lat' dir='ltr'><strong>peccatorum</strong></span> <span class='ocrx_word' id='word_1_699' title='bbox 1266 1602 1352 1630; x_wconf 75' lang='lat' dir='ltr'><strong>uidens</strong></span> <span class='ocrx_word' id='word_1_700' title='bbox 1375 1610 1385 1629; x_wconf 89' lang='lat'><em>:</em></span> <span class='ocrx_word' id='word_1_701' title='bbox 1411 1601 1473 1637; x_wconf 78' lang='lat' dir='ltr'><strong>quia</strong></span> <span class='ocrx_word' id='word_1_702' title='bbox 1498 1609 1549 1628; x_wconf 84' lang='lat' dir='ltr'><strong>non</strong></span> <span class='ocrx_word' id='word_1_703' title='bbox 1575 1605 1610 1628; x_wconf 76' lang='lat' dir='ltr'><strong>est</strong></span> <span class='ocrx_word' id='word_1_704' title='bbox 1642 1607 1769 1637; x_wconf 80' lang='lat' dir='ltr'><strong>respectus</strong></span> <span class='ocrx_word' id='word_1_705' title='bbox 1793 1603 1870 1629; x_wconf 83' lang='lat' dir='ltr'><strong>morti</strong></span> 
     </span>
    </p>
   </div>
   <div class='ocr_carea' id='block_1_95' title="bbox 1076 1642 1870 1684">
    <p class='ocr_par' dir='ltr' id='par_1_95' title="bbox 1076 1642 1870 1684">
     <span class='ocr_line' id='line_1_95' title="bbox 1076 1642 1870 1684; baseline -0.003 -6"><span class='ocrx_word' id='word_1_706' title='bbox 1076 1658 1173 1684; x_wconf 86' lang='lat' dir='ltr'><strong>eorum,</strong></span> <span class='ocrx_word' id='word_1_707' title='bbox 1194 1655 1217 1677; x_wconf 87' lang='lat' dir='ltr'><strong>et</strong></span> <span class='ocrx_word' id='word_1_708' title='bbox 1235 1650 1426 1683; x_wconf 82' lang='lat' dir='ltr'><strong>ﬁrmamentum</strong></span> <span class='ocrx_word' id='word_1_709' title='bbox 1440 1648 1467 1675; x_wconf 82' lang='lat' dir='ltr'><strong>in</strong></span> <span class='ocrx_word' id='word_1_710' title='bbox 1478 1648 1553 1683; x_wconf 81' lang='lat' dir='ltr'><strong>plaga</strong></span> <span class='ocrx_word' id='word_1_711' title='bbox 1575 1642 1662 1674; x_wconf 78' lang='lat' dir='ltr'><strong>eorum</strong></span> <span class='ocrx_word' id='word_1_712' title='bbox 1672 1656 1681 1674; x_wconf 89' lang='lat'><em>:</em></span> <span class='ocrx_word' id='word_1_713' title='bbox 1700 1649 1728 1674; x_wconf 88' lang='lat' dir='ltr'><strong>in</strong></span> <span class='ocrx_word' id='word_1_714' title='bbox 1743 1648 1870 1676; x_wconf 73' lang='lat' dir='ltr'><strong>laboribus</strong></span> 
     </span>
    </p>
   </div>
   <div class='ocr_carea' id='block_1_96' title="bbox 1076 1694 1871 1731">
    <p class='ocr_par' dir='ltr' id='par_1_96' title="bbox 1076 1694 1871 1731">
     <span class='ocr_line' id='line_1_96' title="bbox 1076 1694 1871 1731; baseline -0.003 -7"><span class='ocrx_word' id='word_1_715' title='bbox 1076 1697 1205 1724; x_wconf 79' lang='lat' dir='ltr'><strong>hominum</strong></span> <span class='ocrx_word' id='word_1_716' title='bbox 1218 1704 1268 1731; x_wconf 73' lang='lat' dir='ltr'><strong>uon</strong></span> <span class='ocrx_word' id='word_1_717' title='bbox 1280 1700 1349 1728; x_wconf 82' lang='lat' dir='ltr'><strong>sunt,</strong></span> <span class='ocrx_word' id='word_1_718' title='bbox 1364 1699 1449 1722; x_wconf 81' lang='lat' dir='ltr'><strong>etcum</strong></span> <span class='ocrx_word' id='word_1_719' title='bbox 1459 1694 1602 1721; x_wconf 80' lang='lat' dir='ltr'><strong>hominibus</strong></span> <span class='ocrx_word' id='word_1_720' title='bbox 1614 1702 1664 1720; x_wconf 86' lang='lat' dir='ltr'><strong>non</strong></span> <span class='ocrx_word' id='word_1_721' title='bbox 1671 1694 1871 1729; x_wconf 81' lang='lat' dir='ltr'><strong>ﬂagellabuntur</strong></span> 
     </span>
    </p>
   </div>
   <div class='ocr_carea' id='block_1_97' title="bbox 1076 1740 1868 1779">
    <p class='ocr_par' dir='ltr' id='par_1_97' title="bbox 1076 1740 1868 1779">
     <span class='ocr_line' id='line_1_97' title="bbox 1076 1740 1868 1779; baseline -0.004 -9"><span class='ocrx_word' id='word_1_722' title='bbox 1076 1743 1161 1779; x_wconf 84' lang='lat' dir='ltr'><strong>(Psal.</strong></span> <span class='ocrx_word' id='word_1_723' title='bbox 1176 1743 1220 1770; x_wconf 81' lang='lat'><strong>72.</strong></span> <span class='ocrx_word' id='word_1_724' title='bbox 1233 1742 1318 1777; x_wconf 79' lang='lat'><strong>2,-5).</strong></span> <span class='ocrx_word' id='word_1_725' title='bbox 1330 1741 1393 1769; x_wconf 88' lang='lat' dir='ltr'><strong>Post</strong></span> <span class='ocrx_word' id='word_1_726' title='bbox 1402 1741 1473 1768; x_wconf 93' lang='lat' dir='ltr'><strong>hunc</strong></span> <span class='ocrx_word' id='word_1_727' title='bbox 1484 1740 1614 1768; x_wconf 87' lang='lat' dir='ltr'><strong>Jeremias</strong></span> <span class='ocrx_word' id='word_1_728' title='bbox 1628 1748 1733 1775; x_wconf 88' lang='lat' dir='ltr'><strong>quoque</strong></span> <span class='ocrx_word' id='word_1_729' title='bbox 1747 1740 1868 1768; x_wconf 82' lang='lat' dir='ltr'><strong>dicebat:</strong></span> 
     </span>
    </p>
   </div>
   <div class='ocr_carea' id='block_1_98' title="bbox 1075 1787 1867 1822">
    <p class='ocr_par' dir='ltr' id='par_1_98' title="bbox 1075 1787 1867 1822">
     <span class='ocr_line' id='line_1_98' title="bbox 1075 1787 1867 1822; baseline -0.003 -5"><span class='ocrx_word' id='word_1_730' title='bbox 1075 1790 1166 1817; x_wconf 81' lang='lat' dir='ltr'><strong>Justus</strong></span> <span class='ocrx_word' id='word_1_731' title='bbox 1178 1797 1214 1822; x_wconf 81' lang='lat' dir='ltr'><strong>es,</strong></span> <span class='ocrx_word' id='word_1_732' title='bbox 1237 1788 1354 1821; x_wconf 81' lang='lat' dir='ltr'><strong>Domine,</strong></span> <span class='ocrx_word' id='word_1_733' title='bbox 1379 1793 1547 1815; x_wconf 82' lang='lat' dir='ltr'><strong>uerumtamen</strong></span> <span class='ocrx_word' id='word_1_734' title='bbox 1559 1787 1660 1822; x_wconf 77' lang='lat' dir='ltr'><strong>judicia</strong></span> <span class='ocrx_word' id='word_1_735' title='bbox 1674 1787 1763 1822; x_wconf 89' lang='lat' dir='ltr'><strong>loquar</strong></span> <span class='ocrx_word' id='word_1_736' title='bbox 1778 1787 1813 1814; x_wconf 88' lang='lat' dir='ltr'><strong>ad</strong></span> <span class='ocrx_word' id='word_1_737' title='bbox 1835 1793 1867 1815; x_wconf 86' lang='lat' dir='ltr'><strong>te.</strong></span> 
     </span>
    </p>
   </div>
   <div class='ocr_carea' id='block_1_99' title="bbox 1077 1832 1867 1870">
    <p class='ocr_par' dir='ltr' id='par_1_99' title="bbox 1077 1832 1867 1870">
     <span class='ocr_line' id='line_1_99' title="bbox 1077 1832 1867 1870; baseline -0.003 -7"><span class='ocrx_word' id='word_1_738' title='bbox 1077 1836 1146 1869; x_wconf 85' lang='lat' dir='ltr'><strong>Quid</strong></span> <span class='ocrx_word' id='word_1_739' title='bbox 1161 1840 1197 1863; x_wconf 79' lang='lat' dir='ltr'><strong>est</strong></span> <span class='ocrx_word' id='word_1_740' title='bbox 1210 1835 1277 1870; x_wconf 86' lang='lat' dir='ltr'><strong>quod</strong></span> <span class='ocrx_word' id='word_1_741' title='bbox 1285 1835 1325 1862; x_wconf 82' lang='lat' dir='ltr'><strong>via</strong></span> <span class='ocrx_word' id='word_1_742' title='bbox 1335 1839 1492 1869; x_wconf 82' lang='lat' dir='ltr'><strong>peccatorum</strong></span> <span class='ocrx_word' id='word_1_743' title='bbox 1504 1836 1668 1868; x_wconf 77' lang='lat' dir='ltr'><strong>prosperatur</strong></span> <span class='ocrx_word' id='word_1_744' title='bbox 1677 1832 1744 1868; x_wconf 82' lang='lat' dir='ltr'><strong>(Jer.</strong></span> <span class='ocrx_word' id='word_1_745' title='bbox 1755 1833 1800 1860; x_wconf 71' lang='grc'><strong>12.</strong></span> <span class='ocrx_word' id='word_1_746' title='bbox 1815 1834 1842 1868; x_wconf 76' lang='grc'><strong>1)</strong></span> <span class='ocrx_word' id='word_1_747' title='bbox 1855 1833 1867 1861; x_wconf 84' lang='lat'><strong>?</strong></span> 
     </span>
    </p>
   </div>
   <div class='ocr_carea' id='block_1_100' title="bbox 1075 1879 1868 1917">
    <p class='ocr_par' dir='ltr' id='par_1_100' title="bbox 1075 1879 1868 1917">
     <span class='ocr_line' id='line_1_100' title="bbox 1075 1879 1868 1917; baseline -0.004 -7"><span class='ocrx_word' id='word_1_748' title='bbox 1075 1881 1304 1917; x_wconf 72' lang='lat' dir='ltr'><strong>Ambigebantisti</strong></span> <span class='ocrx_word' id='word_1_749' title='bbox 1314 1880 1420 1915; x_wconf 92' lang='lat' dir='ltr'><strong>quidem</strong></span> <span class='ocrx_word' id='word_1_750' title='bbox 1435 1884 1513 1915; x_wconf 90' lang='lat' dir='ltr'><strong>atque</strong></span> <span class='ocrx_word' id='word_1_751' title='bbox 1521 1879 1699 1913; x_wconf 83' lang='lat' dir='ltr'><strong>inquirebant,</strong></span> <span class='ocrx_word' id='word_1_752' title='bbox 1709 1879 1754 1906; x_wconf 92' lang='lat' dir='ltr'><strong>sed</strong></span> <span class='ocrx_word' id='word_1_753' title='bbox 1766 1886 1818 1906; x_wconf 87' lang='lat' dir='ltr'><strong>non</strong></span> <span class='ocrx_word' id='word_1_754' title='bbox 1833 1879 1868 1907; x_wconf 87' lang='lat' dir='ltr'><strong>ita</strong></span> 
     </span>
    </p>
   </div>
   <div class='ocr_carea' id='block_1_101' title="bbox 1075 1924 1865 1961">
    <p class='ocr_par' dir='ltr' id='par_1_101' title="bbox 1075 1924 1865 1961">
     <span class='ocr_line' id='line_1_101' title="bbox 1075 1924 1865 1961; baseline -0.004 -5"><span class='ocrx_word' id='word_1_755' title='bbox 1075 1933 1104 1956; x_wconf 91' lang='lat' dir='ltr'><strong>ut</strong></span> <span class='ocrx_word' id='word_1_756' title='bbox 1125 1928 1227 1956; x_wconf 86' lang='lat' dir='ltr'><strong>faciunt</strong></span> <span class='ocrx_word' id='word_1_757' title='bbox 1246 1927 1339 1961; x_wconf 88' lang='lat' dir='ltr'><strong>impii:</strong></span> <span class='ocrx_word' id='word_1_758' title='bbox 1364 1933 1449 1960; x_wconf 90' lang='lat' dir='ltr'><strong>neque</strong></span> <span class='ocrx_word' id='word_1_759' title='bbox 1461 1925 1532 1953; x_wconf 86' lang='lat' dir='ltr'><strong>enim</strong></span> <span class='ocrx_word' id='word_1_760' title='bbox 1543 1924 1702 1951; x_wconf 87' lang='lat' dir='ltr'><strong>accusabant</strong></span> <span class='ocrx_word' id='word_1_761' title='bbox 1720 1925 1815 1957; x_wconf 88' lang='lat' dir='ltr'><strong>Deum,</strong></span> <span class='ocrx_word' id='word_1_762' title='bbox 1830 1933 1865 1953; x_wconf 79' lang='lat' dir='ltr'><strong>ex</strong></span> 
     </span>
    </p>
   </div>
   <div class='ocr_carea' id='block_1_102' title="bbox 1074 1969 1869 2009">
    <p class='ocr_par' dir='ltr' id='par_1_102' title="bbox 1074 1969 1869 2009">
     <span class='ocr_line' id='line_1_102' title="bbox 1074 1969 1869 2009; baseline -0.005 -7"><span class='ocrx_word' id='word_1_763' title='bbox 1074 1974 1106 2002; x_wconf 88' lang='lat' dir='ltr'><strong>iis</strong></span> <span class='ocrx_word' id='word_1_764' title='bbox 1120 1981 1179 2009; x_wconf 85' lang='lat' dir='ltr'><strong>qme</strong></span> <span class='ocrx_word' id='word_1_765' title='bbox 1194 1973 1269 2006; x_wconf 89' lang='lat' dir='ltr'><strong>ﬁunt,</strong></span> <span class='ocrx_word' id='word_1_766' title='bbox 1286 1972 1360 1998; x_wconf 90' lang='lat' dir='ltr'><strong>illum</strong></span> <span class='ocrx_word' id='word_1_767' title='bbox 1373 1971 1487 2006; x_wconf 75' lang='lat' dir='ltr'><strong>injustire</strong></span> <span class='ocrx_word' id='word_1_768' title='bbox 1499 1970 1643 2005; x_wconf 81' lang='lat' dir='ltr'><strong>arguebant</strong></span> <span class='ocrx_word' id='word_1_769' title='bbox 1657 1978 1663 2002; x_wconf 90' lang='lat'><strong>;</strong></span> <span class='ocrx_word' id='word_1_770' title='bbox 1676 1969 1723 1997; x_wconf 89' lang='lat' dir='ltr'><strong>scd</strong></span> <span class='ocrx_word' id='word_1_771' title='bbox 1733 1970 1800 1997; x_wconf 89' lang='lat' dir='ltr'><strong>alius</strong></span> <span class='ocrx_word' id='word_1_772' title='bbox 1810 1971 1869 2006; x_wconf 89' lang='lat' dir='ltr'><strong>qui-</strong></span> 
     </span>
    </p>
   </div>
   <div class='ocr_carea' id='block_1_103' title="bbox 1074 2014 1868 2050">
    <p class='ocr_par' dir='ltr' id='par_1_103' title="bbox 1074 2014 1868 2050">
     <span class='ocr_line' id='line_1_103' title="bbox 1074 2014 1868 2050; baseline -0.004 -3"><span class='ocrx_word' id='word_1_773' title='bbox 1074 2020 1135 2047; x_wconf 90' lang='lat' dir='ltr'><strong>dem</strong></span> <span class='ocrx_word' id='word_1_774' title='bbox 1148 2018 1235 2046; x_wconf 87' lang='lat' dir='ltr'><strong>aiebat</strong></span> <span class='ocrx_word' id='word_1_775' title='bbox 1252 2026 1258 2044; x_wconf 90' lang='lat'><strong>:</strong></span> <span class='ocrx_word' id='word_1_776' title='bbox 1273 2017 1378 2044; x_wconf 71' lang='lat' dir='ltr'><strong>Iustitia</strong></span> <span class='ocrx_word' id='word_1_777' title='bbox 1391 2021 1433 2043; x_wconf 84' lang='lat' dir='ltr'><strong>tua</strong></span> <span class='ocrx_word' id='word_1_778' title='bbox 1445 2017 1510 2043; x_wconf 82' lang='lat' dir='ltr'><strong>sicut</strong></span> <span class='ocrx_word' id='word_1_779' title='bbox 1524 2019 1619 2043; x_wconf 75' lang='lat' dir='ltr'><strong>montes</strong></span> <span class='ocrx_word' id='word_1_780' title='bbox 1631 2014 1690 2048; x_wconf 84' lang='lat' dir='ltr'><strong>Dei,</strong></span> <span class='ocrx_word' id='word_1_781' title='bbox 1706 2015 1807 2050; x_wconf 84' lang='lat' dir='ltr'><strong>judicia</strong></span> <span class='ocrx_word' id='word_1_782' title='bbox 1824 2021 1868 2044; x_wconf 85' lang='lat' dir='ltr'><strong>tua</strong></span> 
     </span>
    </p>
   </div>
   <div class='ocr_carea' id='block_1_104' title="bbox 1074 2061 1868 2100">
    <p class='ocr_par' dir='ltr' id='par_1_104' title="bbox 1074 2061 1868 2100">
     <span class='ocr_line' id='line_1_104' title="bbox 1074 2061 1868 2100; baseline -0.004 -8"><span class='ocrx_word' id='word_1_783' title='bbox 1074 2066 1178 2100; x_wconf 77' lang='lat' dir='ltr'><strong>abyssus</strong></span> <span class='ocrx_word' id='word_1_784' title='bbox 1189 2063 1267 2091; x_wconf 88' lang='lat' dir='ltr'><strong>multa</strong></span> <span class='ocrx_word' id='word_1_785' title='bbox 1281 2062 1340 2099; x_wconf 90' lang='lat' dir='ltr'><strong>(Ps.</strong></span> <span class='ocrx_word' id='word_1_786' title='bbox 1357 2062 1400 2090; x_wconf 80' lang='grc'><strong>55.</strong></span> <span class='ocrx_word' id='word_1_787' title='bbox 1418 2062 1456 2096; x_wconf 88' lang='lat'><strong>7).</strong></span> <span class='ocrx_word' id='word_1_788' title='bbox 1477 2061 1513 2088; x_wconf 90' lang='lat' dir='ltr'><strong>De</strong></span> <span class='ocrx_word' id='word_1_789' title='bbox 1526 2061 1588 2093; x_wconf 86' lang='lat' dir='ltr'><strong>alio,</strong></span> <span class='ocrx_word' id='word_1_790' title='bbox 1602 2068 1663 2088; x_wconf 91' lang='lat' dir='ltr'><strong>cum</strong></span> <span class='ocrx_word' id='word_1_791' title='bbox 1681 2065 1751 2088; x_wconf 85' lang='lat' dir='ltr'><strong>tanta</strong></span> <span class='ocrx_word' id='word_1_792' title='bbox 1772 2068 1868 2096; x_wconf 87' lang='lat' dir='ltr'><strong>passus</strong></span> 
     </span>
    </p>
   </div>
   <div class='ocr_carea' id='block_1_105' title="bbox 1074 2106 1868 2144">
    <p class='ocr_par' dir='ltr' id='par_1_105' title="bbox 1074 2106 1868 2144">
     <span class='ocr_line' id='line_1_105' title="bbox 1074 2106 1868 2144; baseline -0.004 -7"><span class='ocrx_word' id='word_1_793' title='bbox 1074 2114 1153 2142; x_wconf 86' lang='lat' dir='ltr'><strong>esset,</strong></span> <span class='ocrx_word' id='word_1_794' title='bbox 1177 2109 1304 2144; x_wconf 85' lang='lat' dir='ltr'><strong>scriptum</strong></span> <span class='ocrx_word' id='word_1_795' title='bbox 1326 2112 1368 2135; x_wconf 89' lang='lat' dir='ltr'><strong>est</strong></span> <span class='ocrx_word' id='word_1_796' title='bbox 1389 2115 1396 2134; x_wconf 87' lang='lat'>:</span> <span class='ocrx_word' id='word_1_797' title='bbox 1422 2106 1483 2138; x_wconf 82' lang='lat' dir='ltr'><strong>Non</strong></span> <span class='ocrx_word' id='word_1_798' title='bbox 1514 2106 1581 2133; x_wconf 85' lang='lat' dir='ltr'><strong>dedit</strong></span> <span class='ocrx_word' id='word_1_799' title='bbox 1614 2106 1784 2141; x_wconf 81' lang='lat' dir='ltr'><strong>insipientiam</strong></span> <span class='ocrx_word' id='word_1_800' title='bbox 1814 2106 1868 2134; x_wconf 86' lang='lat' dir='ltr'><strong>Deo</strong></span> 
     </span>
    </p>
   </div>
   <div class='ocr_carea' id='block_1_106' title="bbox 1074 2151 1866 2192">
    <p class='ocr_par' dir='ltr' id='par_1_106' title="bbox 1074 2151 1866 2192">
     <span class='ocr_line' id='line_1_106' title="bbox 1074 2151 1866 2192; baseline -0.004 -9"><span class='ocrx_word' id='word_1_801' title='bbox 1074 2155 1134 2192; x_wconf 85' lang='lat' dir='ltr'><strong>(Job</strong></span> <span class='ocrx_word' id='word_1_802' title='bbox 1150 2156 1176 2183; x_wconf 83' lang='grc'><strong>1.</strong></span> <span class='ocrx_word' id='word_1_803' title='bbox 1190 2155 1248 2190; x_wconf 87' lang='lat'><strong>22).</strong></span> <span class='ocrx_word' id='word_1_804' title='bbox 1266 2155 1298 2181; x_wconf 88' lang='lat' dir='ltr'><strong>Et</strong></span> <span class='ocrx_word' id='word_1_805' title='bbox 1320 2154 1346 2181; x_wconf 94' lang='lat' dir='ltr'><strong>in</strong></span> <span class='ocrx_word' id='word_1_806' title='bbox 1365 2153 1460 2181; x_wconf 89' lang='lat' dir='ltr'><strong>eodem</strong></span> <span class='ocrx_word' id='word_1_807' title='bbox 1480 2153 1547 2180; x_wconf 91' lang='lat' dir='ltr'><strong>libro</strong></span> <span class='ocrx_word' id='word_1_808' title='bbox 1567 2151 1866 2187; x_wconf 89' lang='lat' dir='ltr'><strong>incomprehensibilem</strong></span> 
     </span>
    </p>
   </div>
   <div class='ocr_carea' id='block_1_107' title="bbox 1073 2198 1866 2236">
    <p class='ocr_par' dir='ltr' id='par_1_107' title="bbox 1073 2198 1866 2236">
     <span class='ocr_line' id='line_1_107' title="bbox 1073 2198 1866 2236; baseline -0.004 -7"><span class='ocrx_word' id='word_1_809' title='bbox 1073 2201 1229 2236; x_wconf 88' lang='lat' dir='ltr'><strong>sapientiam</strong></span> <span class='ocrx_word' id='word_1_810' title='bbox 1245 2200 1314 2227; x_wconf 91' lang='lat' dir='ltr'><strong>illius</strong></span> <span class='ocrx_word' id='word_1_811' title='bbox 1327 2204 1354 2226; x_wconf 87' lang='lat' dir='ltr'><strong>et</strong></span> <span class='ocrx_word' id='word_1_812' title='bbox 1366 2198 1592 2234; x_wconf 88' lang='lat' dir='ltr'><strong>dispensationem</strong></span> <span class='ocrx_word' id='word_1_813' title='bbox 1607 2205 1745 2231; x_wconf 87' lang='lat' dir='ltr'><strong>enarrans,</strong></span> <span class='ocrx_word' id='word_1_814' title='bbox 1760 2205 1821 2225; x_wconf 90' lang='lat' dir='ltr'><strong>eum</strong></span> <span class='ocrx_word' id='word_1_815' title='bbox 1832 2198 1866 2226; x_wconf 85' lang='lat' dir='ltr'><strong>dc</strong></span> 
     </span>
    </p>
   </div>
   <div class='ocr_carea' id='block_1_108' title="bbox 1073 2244 1865 2280">
    <p class='ocr_par' dir='ltr' id='par_1_108' title="bbox 1073 2244 1865 2280">
     <span class='ocr_line' id='line_1_108' title="bbox 1073 2244 1865 2280; baseline -0.006 -5"><span class='ocrx_word' id='word_1_816' title='bbox 1073 2249 1207 2276; x_wconf 88' lang='lat' dir='ltr'><strong>creatione</strong></span> <span class='ocrx_word' id='word_1_817' title='bbox 1217 2246 1387 2274; x_wconf 84' lang='lat' dir='ltr'><strong>disseruisset</strong></span> <span class='ocrx_word' id='word_1_818' title='bbox 1399 2255 1405 2273; x_wconf 96' lang='lat'><strong>:</strong></span> <span class='ocrx_word' id='word_1_819' title='bbox 1422 2244 1488 2271; x_wconf 83' lang='lat' dir='ltr'><strong>Ecce</strong></span> <span class='ocrx_word' id='word_1_820' title='bbox 1501 2245 1557 2271; x_wconf 72' lang='lat' dir='ltr'><strong>istm</strong></span> <span class='ocrx_word' id='word_1_821' title='bbox 1568 2250 1627 2271; x_wconf 80' lang='lat' dir='ltr'><strong>sunt</strong></span> <span class='ocrx_word' id='word_1_822' title='bbox 1637 2249 1720 2279; x_wconf 82' lang='lat' dir='ltr'><strong>partes</strong></span> <span class='ocrx_word' id='word_1_823' title='bbox 1734 2244 1781 2271; x_wconf 72' lang='lat' dir='ltr'><strong>uite</strong></span> <span class='ocrx_word' id='word_1_824' title='bbox 1800 2245 1865 2280; x_wconf 82' lang='lat' dir='ltr'><strong>ejus,</strong></span> 
     </span>
    </p>
   </div>
   <div class='ocr_carea' id='block_1_109' title="bbox 1073 2290 1866 2326">
    <p class='ocr_par' dir='ltr' id='par_1_109' title="bbox 1073 2290 1866 2326">
     <span class='ocr_line' id='line_1_109' title="bbox 1073 2290 1866 2326; baseline -0.004 -5"><span class='ocrx_word' id='word_1_825' title='bbox 1073 2299 1096 2321; x_wconf 88' lang='lat' dir='ltr'><strong>et</strong></span> <span class='ocrx_word' id='word_1_826' title='bbox 1105 2294 1139 2321; x_wconf 86' lang='lat' dir='ltr'><strong>ad</strong></span> <span class='ocrx_word' id='word_1_827' title='bbox 1152 2294 1282 2321; x_wconf 81' lang='lat' dir='ltr'><strong>humorem</strong></span> <span class='ocrx_word' id='word_1_828' title='bbox 1294 2293 1360 2320; x_wconf 83' lang='lat' dir='ltr'><strong>verbi</strong></span> <span class='ocrx_word' id='word_1_829' title='bbox 1375 2292 1505 2319; x_wconf 82' lang='lat' dir='ltr'><strong>audiemus</strong></span> <span class='ocrx_word' id='word_1_830' title='bbox 1518 2291 1544 2318; x_wconf 82' lang='lat' dir='ltr'><strong>in</strong></span> <span class='ocrx_word' id='word_1_831' title='bbox 1562 2299 1591 2318; x_wconf 86' lang='lat' dir='ltr'><strong>eo</strong></span> <span class='ocrx_word' id='word_1_832' title='bbox 1606 2290 1664 2326; x_wconf 80' lang='lat' dir='ltr'><strong>(Job</strong></span> <span class='ocrx_word' id='word_1_833' title='bbox 1689 2291 1733 2318; x_wconf 83' lang='lat'><strong>26.</strong></span> <span class='ocrx_word' id='word_1_834' title='bbox 1754 2291 1809 2326; x_wconf 72' lang='grc' dir='ltr'><strong>Η).</strong></span> <span class='ocrx_word' id='word_1_835' title='bbox 1825 2291 1866 2318; x_wconf 86' lang='lat' dir='ltr'><strong>ld-</strong></span> 
     </span>
    </p>
   </div>
   <div class='ocr_carea' id='block_1_110' title="bbox 1072 2337 1865 2376">
    <p class='ocr_par' dir='ltr' id='par_1_110' title="bbox 1072 2337 1865 2376">
     <span class='ocr_line' id='line_1_110' title="bbox 1072 2337 1865 2376; baseline -0.004 -8"><span class='ocrx_word' id='word_1_836' title='bbox 1072 2341 1159 2376; x_wconf 89' lang='lat' dir='ltr'><strong>ipsum</strong></span> <span class='ocrx_word' id='word_1_837' title='bbox 1181 2347 1286 2375; x_wconf 90' lang='lat' dir='ltr'><strong>quoque</strong></span> <span class='ocrx_word' id='word_1_838' title='bbox 1305 2339 1435 2368; x_wconf 86' lang='lat' dir='ltr'><strong>Jeremias</strong></span> <span class='ocrx_word' id='word_1_839' title='bbox 1458 2337 1599 2373; x_wconf 86' lang='lat' dir='ltr'><strong>providens</strong></span> <span class='ocrx_word' id='word_1_840' title='bbox 1612 2344 1645 2364; x_wconf 92' lang='lat' dir='ltr'><strong>ne</strong></span> <span class='ocrx_word' id='word_1_841' title='bbox 1662 2337 1721 2372; x_wconf 91' lang='lat' dir='ltr'><strong>quis</strong></span> <span class='ocrx_word' id='word_1_842' title='bbox 1740 2344 1865 2372; x_wconf 90' lang='lat' dir='ltr'><strong>umquam</strong></span> 
     </span>
    </p>
   </div>
   <div class='ocr_carea' id='block_1_111' title="bbox 1073 2383 1865 2423">
    <p class='ocr_par' dir='ltr' id='par_1_111' title="bbox 1073 2383 1865 2423">
     <span class='ocr_line' id='line_1_111' title="bbox 1073 2383 1865 2423; baseline -0.008 -8"><span class='ocrx_word' id='word_1_843' title='bbox 1073 2388 1262 2423; x_wconf 86' lang='lat' dir='ltr'><strong>suspicaretur,</strong></span> <span class='ocrx_word' id='word_1_844' title='bbox 1288 2384 1487 2420; x_wconf 79' lang='lat' dir='ltr'><strong>interrogationi</strong></span> <span class='ocrx_word' id='word_1_845' title='bbox 1503 2383 1632 2418; x_wconf 87' lang='lat' dir='ltr'><strong>judicium</strong></span> <span class='ocrx_word' id='word_1_846' title='bbox 1659 2390 1736 2410; x_wconf 90' lang='lat' dir='ltr'><strong>suum</strong></span> <span class='ocrx_word' id='word_1_847' title='bbox 1760 2390 1865 2417; x_wconf 62' lang='lat' dir='ltr'><strong>pra-po.</strong></span> 
     </span>
    </p>
   </div>
   <div class='ocr_carea' id='block_1_112' title="bbox 1073 2427 1865 2463">
    <p class='ocr_par' dir='ltr' id='par_1_112' title="bbox 1073 2427 1865 2463">
     <span class='ocr_line' id='line_1_112' title="bbox 1073 2427 1865 2463; baseline -0.006 -2"><span class='ocrx_word' id='word_1_848' title='bbox 1073 2434 1125 2461; x_wconf 89' lang='lat' dir='ltr'><strong>suit</strong></span> <span class='ocrx_word' id='word_1_849' title='bbox 1135 2432 1226 2461; x_wconf 85' lang='lat' dir='ltr'><strong>dicens</strong></span> <span class='ocrx_word' id='word_1_850' title='bbox 1241 2441 1247 2458; x_wconf 89' lang='lat'><strong><em>:</em></strong></span> <span class='ocrx_word' id='word_1_851' title='bbox 1262 2431 1351 2458; x_wconf 80' lang='lat' dir='ltr'><strong>Justus</strong></span> <span class='ocrx_word' id='word_1_852' title='bbox 1360 2439 1396 2463; x_wconf 85' lang='lat' dir='ltr'><strong>es,</strong></span> <span class='ocrx_word' id='word_1_853' title='bbox 1411 2429 1518 2457; x_wconf 82' lang='lat' dir='ltr'><strong>Domine</strong></span> <span class='ocrx_word' id='word_1_854' title='bbox 1534 2436 1544 2455; x_wconf 91' lang='lat'><em>:</em></span> <span class='ocrx_word' id='word_1_855' title='bbox 1557 2428 1607 2456; x_wconf 91' lang='lat' dir='ltr'><strong>hoc</strong></span> <span class='ocrx_word' id='word_1_856' title='bbox 1616 2433 1668 2461; x_wconf 90' lang='lat' dir='ltr'><strong>est,</strong></span> <span class='ocrx_word' id='word_1_857' title='bbox 1682 2427 1744 2455; x_wconf 87' lang='lat' dir='ltr'><strong>Scio</strong></span> <span class='ocrx_word' id='word_1_858' title='bbox 1757 2428 1865 2463; x_wconf 89' lang='lat' dir='ltr'><strong>quidem</strong></span> 
     </span>
    </p>
   </div>
   <div class='ocr_carea' id='block_1_113' title="bbox 1072 2474 1864 2512">
    <p class='ocr_par' dir='ltr' id='par_1_113' title="bbox 1072 2474 1864 2512">
     <span class='ocr_line' id='line_1_113' title="bbox 1072 2474 1864 2512; baseline -0.008 -5"><span class='ocrx_word' id='word_1_859' title='bbox 1072 2487 1087 2507; x_wconf 92' lang='lat' dir='ltr'><strong>a</strong></span> <span class='ocrx_word' id='word_1_860' title='bbox 1100 2484 1125 2507; x_wconf 91' lang='lat' dir='ltr'><strong>te</strong></span> <span class='ocrx_word' id='word_1_861' title='bbox 1135 2478 1223 2506; x_wconf 87' lang='lat' dir='ltr'><strong>omnia</strong></span> <span class='ocrx_word' id='word_1_862' title='bbox 1237 2477 1292 2504; x_wconf 88' lang='lat' dir='ltr'><strong>ﬁeri</strong></span> <span class='ocrx_word' id='word_1_863' title='bbox 1301 2477 1382 2512; x_wconf 86' lang='lat' dir='ltr'><strong>juste,</strong></span> <span class='ocrx_word' id='word_1_864' title='bbox 1395 2476 1502 2503; x_wconf 90' lang='lat' dir='ltr'><strong>modum</strong></span> <span class='ocrx_word' id='word_1_865' title='bbox 1516 2479 1605 2502; x_wconf 90' lang='lat' dir='ltr'><strong>autem</strong></span> <span class='ocrx_word' id='word_1_866' title='bbox 1619 2474 1713 2509; x_wconf 74' lang='lat' dir='ltr'><strong>ignoro</strong></span> <span class='ocrx_word' id='word_1_867' title='bbox 1723 2481 1775 2509; x_wconf 91' lang='lat' dir='ltr'><strong>quo</strong></span> <span class='ocrx_word' id='word_1_868' title='bbox 1788 2475 1864 2502; x_wconf 90' lang='lat' dir='ltr'><strong>fiunt.</strong></span> 
     </span>
    </p>
   </div>
   <div class='ocr_carea' id='block_1_114' title="bbox 1072 2520 1866 2561">
    <p class='ocr_par' dir='ltr' id='par_1_114' title="bbox 1072 2520 1866 2561">
     <span class='ocr_line' id='line_1_114' title="bbox 1072 2520 1866 2561; baseline -0.006 -8"><span class='ocrx_word' id='word_1_869' title='bbox 1072 2526 1140 2560; x_wconf 85' lang='lat' dir='ltr'><strong>Quid</strong></span> <span class='ocrx_word' id='word_1_870' title='bbox 1155 2524 1255 2561; x_wconf 83' lang='lat' dir='ltr'><strong>igitur?</strong></span> <span class='ocrx_word' id='word_1_871' title='bbox 1267 2523 1418 2558; x_wconf 88' lang='lat' dir='ltr'><strong>ampliusne</strong></span> <span class='ocrx_word' id='word_1_872' title='bbox 1433 2522 1472 2549; x_wconf 90' lang='lat' dir='ltr'><strong>illi</strong></span> <span class='ocrx_word' id='word_1_873' title='bbox 1485 2520 1650 2548; x_wconf 82' lang='lat' dir='ltr'><strong>didicerunt?</strong></span> <span class='ocrx_word' id='word_1_874' title='bbox 1665 2521 1767 2555; x_wconf 89' lang='lat' dir='ltr'><strong>Nempe</strong></span> <span class='ocrx_word' id='word_1_875' title='bbox 1787 2520 1821 2549; x_wconf 87' lang='lat' dir='ltr'><strong>de</strong></span> <span class='ocrx_word' id='word_1_876' title='bbox 1834 2521 1866 2549; x_wconf 89' lang='lat' dir='ltr'><strong>iis</strong></span> 
     </span>
    </p>
   </div>
   <div class='ocr_carea' id='block_1_115' title="bbox 1071 2569 1866 2606">
    <p class='ocr_par' dir='ltr' id='par_1_115' title="bbox 1071 2569 1866 2606">
     <span class='ocr_line' id='line_1_115' title="bbox 1071 2569 1866 2606; baseline -0.005 -6"><span class='ocrx_word' id='word_1_877' title='bbox 1071 2573 1173 2600; x_wconf 92' lang='lat' dir='ltr'><strong>nullum</strong></span> <span class='ocrx_word' id='word_1_878' title='bbox 1185 2579 1341 2606; x_wconf 89' lang='lat' dir='ltr'><strong>responsum</strong></span> <span class='ocrx_word' id='word_1_879' title='bbox 1356 2570 1506 2597; x_wconf 85' lang='lat' dir='ltr'><strong>retulerunt</strong></span> <span class='ocrx_word' id='word_1_880' title='bbox 1520 2577 1526 2595; x_wconf 90' lang='lat'><strong>:</strong></span> <span class='ocrx_word' id='word_1_881' title='bbox 1541 2569 1612 2604; x_wconf 89' lang='lat' dir='ltr'><strong>quod</strong></span> <span class='ocrx_word' id='word_1_882' title='bbox 1624 2569 1717 2597; x_wconf 85' lang='lat' dir='ltr'><strong>beatus</strong></span> <span class='ocrx_word' id='word_1_883' title='bbox 1730 2569 1811 2596; x_wconf 87' lang='lat' dir='ltr'><strong>David</strong></span> <span class='ocrx_word' id='word_1_884' title='bbox 1826 2569 1866 2596; x_wconf 82' lang='lat' dir='ltr'><strong>in-</strong></span> 
     </span>
    </p>
   </div>
   <div class='ocr_carea' id='block_1_116' title="bbox 1071 2615 1865 2652">
    <p class='ocr_par' dir='ltr' id='par_1_116' title="bbox 1071 2615 1865 2652">
     <span class='ocr_line' id='line_1_116' title="bbox 1071 2615 1865 2652; baseline -0.006 -6"><span class='ocrx_word' id='word_1_885' title='bbox 1071 2619 1152 2652; x_wconf 88' lang='lat' dir='ltr'><strong>dicat,</strong></span> <span class='ocrx_word' id='word_1_886' title='bbox 1168 2626 1228 2646; x_wconf 91' lang='lat' dir='ltr'><strong>cum</strong></span> <span class='ocrx_word' id='word_1_887' title='bbox 1239 2617 1304 2645; x_wconf 88' lang='lat' dir='ltr'><strong>dicit</strong></span> <span class='ocrx_word' id='word_1_888' title='bbox 1319 2625 1325 2643; x_wconf 91' lang='lat'>:</span> <span class='ocrx_word' id='word_1_889' title='bbox 1342 2617 1375 2644; x_wconf 88' lang='lat' dir='ltr'><strong>Et</strong></span> <span class='ocrx_word' id='word_1_890' title='bbox 1389 2615 1560 2643; x_wconf 70' lang='lat' dir='ltr'><strong>existimabam</strong></span> <span class='ocrx_word' id='word_1_891' title='bbox 1571 2619 1598 2642; x_wconf 88' lang='lat' dir='ltr'><strong>ut</strong></span> <span class='ocrx_word' id='word_1_892' title='bbox 1608 2623 1793 2650; x_wconf 81' lang='lat' dir='ltr'><strong>cognoscerent,</strong></span> <span class='ocrx_word' id='word_1_893' title='bbox 1806 2615 1865 2650; x_wconf 84' lang='lat' dir='ltr'><strong>quia</strong></span> 
     </span>
    </p>
   </div>
   <div class='ocr_carea' id='block_1_117' title="bbox 1072 2661 1864 2697">
    <p class='ocr_par' dir='ltr' id='par_1_117' title="bbox 1072 2661 1864 2697">
     <span class='ocr_line' id='line_1_117' title="bbox 1072 2661 1864 2697; baseline -0.004 -5"><span class='ocrx_word' id='word_1_894' title='bbox 1072 2665 1118 2692; x_wconf 86' lang='lat' dir='ltr'><strong>hoc</strong></span> <span class='ocrx_word' id='word_1_895' title='bbox 1136 2665 1207 2692; x_wconf 86' lang='lat' dir='ltr'><strong>labor</strong></span> <span class='ocrx_word' id='word_1_896' title='bbox 1228 2668 1263 2691; x_wconf 83' lang='lat' dir='ltr'><strong>est</strong></span> <span class='ocrx_word' id='word_1_897' title='bbox 1280 2667 1338 2690; x_wconf 83' lang='lat' dir='ltr'><strong>ante</strong></span> <span class='ocrx_word' id='word_1_898' title='bbox 1363 2671 1402 2689; x_wconf 85' lang='lat' dir='ltr'><strong>me</strong></span> <span class='ocrx_word' id='word_1_899' title='bbox 1414 2662 1423 2697; x_wconf 96' lang='lat'><strong>(</strong></span> <span class='ocrx_word' id='word_1_900' title='bbox 1434 2661 1507 2690; x_wconf 83' lang='lat' dir='ltr'><strong>Psal.</strong></span> <span class='ocrx_word' id='word_1_901' title='bbox 1521 2661 1635 2697; x_wconf 74' lang='lat'><strong>72.16).</strong></span> <span class='ocrx_word' id='word_1_902' title='bbox 1652 2661 1753 2688; x_wconf 90' lang='lat' dir='ltr'><strong>Idcirco</strong></span> <span class='ocrx_word' id='word_1_903' title='bbox 1774 2665 1864 2689; x_wconf 89' lang='lat' dir='ltr'><strong>autem</strong></span> 
     </span>
    </p>
   </div>
   <div class='ocr_carea' id='block_1_118' title="bbox 1072 2707 1865 2747">
    <p class='ocr_par' dir='ltr' id='par_1_118' title="bbox 1072 2707 1865 2747">
     <span class='ocr_line' id='line_1_118' title="bbox 1072 2707 1865 2747; baseline -0.006 -7"><span class='ocrx_word' id='word_1_904' title='bbox 1072 2719 1199 2747; x_wconf 85' lang='lat' dir='ltr'><strong>responsa</strong></span> <span class='ocrx_word' id='word_1_905' title='bbox 1220 2718 1299 2746; x_wconf 89' lang='lat' dir='ltr'><strong>super</strong></span> <span class='ocrx_word' id='word_1_906' title='bbox 1322 2710 1363 2737; x_wconf 90' lang='lat' dir='ltr'><strong>his</strong></span> <span class='ocrx_word' id='word_1_907' title='bbox 1377 2716 1430 2736; x_wconf 90' lang='lat' dir='ltr'><strong>non</strong></span> <span class='ocrx_word' id='word_1_908' title='bbox 1443 2712 1620 2743; x_wconf 89' lang='lat' dir='ltr'><strong>acceperunt,</strong></span> <span class='ocrx_word' id='word_1_909' title='bbox 1632 2711 1661 2735; x_wconf 89' lang='lat' dir='ltr'><strong>ut</strong></span> <span class='ocrx_word' id='word_1_910' title='bbox 1673 2707 1865 2742; x_wconf 87' lang='lat' dir='ltr'><strong>posterioribus</strong></span> 
     </span>
    </p>
   </div>
   <div class='ocr_carea' id='block_1_119' title="bbox 1073 2751 1864 2788">
    <p class='ocr_par' dir='ltr' id='par_1_119' title="bbox 1073 2751 1864 2788">
     <span class='ocr_line' id='line_1_119' title="bbox 1073 2751 1864 2788; baseline -0.004 -4"><span class='ocrx_word' id='word_1_911' title='bbox 1073 2757 1176 2784; x_wconf 66' lang='lat' dir='ltr'><strong>saeculis</strong></span> <span class='ocrx_word' id='word_1_912' title='bbox 1193 2756 1295 2783; x_wconf 89' lang='lat' dir='ltr'><strong>futuros</strong></span> <span class='ocrx_word' id='word_1_913' title='bbox 1310 2755 1430 2783; x_wconf 86' lang='lat' dir='ltr'><strong>homines</strong></span> <span class='ocrx_word' id='word_1_914' title='bbox 1447 2753 1574 2781; x_wconf 90' lang='lat' dir='ltr'><strong>docerent</strong></span> <span class='ocrx_word' id='word_1_915' title='bbox 1587 2753 1667 2780; x_wconf 88' lang='lat' dir='ltr'><strong>etiam</strong></span> <span class='ocrx_word' id='word_1_916' title='bbox 1683 2751 1733 2788; x_wconf 86' lang='lat' dir='ltr'><strong>ipsi</strong></span> <span class='ocrx_word' id='word_1_917' title='bbox 1747 2752 1864 2781; x_wconf 85' lang='lat' dir='ltr'><strong>interro-</strong></span> 
     </span>
    </p>
   </div>
   <div class='ocr_carea' id='block_1_120' title="bbox 1072 2799 1863 2838">
    <p class='ocr_par' dir='ltr' id='par_1_120' title="bbox 1072 2799 1863 2838">
     <span class='ocr_line' id='line_1_120' title="bbox 1072 2799 1863 2838; baseline -0.006 -8"><span class='ocrx_word' id='word_1_918' title='bbox 1072 2803 1178 2838; x_wconf 76' lang='lat' dir='ltr'><strong>gatione</strong></span> <span class='ocrx_word' id='word_1_919' title='bbox 1205 2803 1348 2830; x_wconf 87' lang='lat' dir='ltr'><strong>abstinere.</strong></span> <span class='ocrx_word' id='word_1_920' title='bbox 1369 2802 1456 2836; x_wconf 82' lang='lat' dir='ltr'><strong>Atque</strong></span> <span class='ocrx_word' id='word_1_921' title='bbox 1479 2800 1517 2827; x_wconf 92' lang='lat' dir='ltr'><strong>illi</strong></span> <span class='ocrx_word' id='word_1_922' title='bbox 1538 2799 1645 2835; x_wconf 83' lang='lat' dir='ltr'><strong>quidem</strong></span> <span class='ocrx_word' id='word_1_923' title='bbox 1659 2806 1741 2826; x_wconf 82' lang='lat' dir='ltr'><strong>unum</strong></span> <span class='ocrx_word' id='word_1_924' title='bbox 1762 2803 1863 2826; x_wconf 89' lang='lat' dir='ltr'><strong>tantum</strong></span> 
     </span>
    </p>
   </div>
   <div class='ocr_carea' id='block_1_121' title="bbox 1073 2845 1862 2884">
    <p class='ocr_par' dir='ltr' id='par_1_121' title="bbox 1073 2845 1862 2884">
     <span class='ocr_line' id='line_1_121' title="bbox 1073 2845 1862 2884; baseline -0.001 -8"><span class='ocrx_word' id='word_1_925' title='bbox 1073 2848 1252 2884; x_wconf 86' lang='lat' dir='ltr'><strong>inquirebant,</strong></span> <span class='ocrx_word' id='word_1_926' title='bbox 1264 2855 1312 2876; x_wconf 90' lang='lat' dir='ltr'><strong>cur</strong></span> <span class='ocrx_word' id='word_1_927' title='bbox 1322 2847 1424 2875; x_wconf 83' lang='lat' dir='ltr'><strong>scilicet</strong></span> <span class='ocrx_word' id='word_1_928' title='bbox 1437 2845 1509 2882; x_wconf 84' lang='lat' dir='ltr'><strong>impii</strong></span> <span class='ocrx_word' id='word_1_929' title='bbox 1521 2846 1546 2874; x_wconf 76' lang='lat' dir='ltr'><strong>in</strong></span> <span class='ocrx_word' id='word_1_930' title='bbox 1559 2846 1634 2882; x_wconf 88' lang='lat' dir='ltr'><strong>copia</strong></span> <span class='ocrx_word' id='word_1_931' title='bbox 1643 2853 1732 2874; x_wconf 88' lang='lat' dir='ltr'><strong>rerum</strong></span> <span class='ocrx_word' id='word_1_932' title='bbox 1744 2847 1862 2877; x_wconf 88' lang='lat' dir='ltr'><strong>omnium</strong></span> 
     </span>
    </p>
   </div>
  </div>
