2076 3122
210 119 261 148 ιιδ

210 182 237 204 et
247 175 420 210 prosperitate
433 173 564 206 viverent,
573 177 600 200 et
613 179 645 199 ne
658 171 697 198 sic
713 169 818 205 quidem
827 169 975 196 didicerunt
987 177 994 195 ι

212 231 239 249 at
254 229 315 249 vero
329 221 370 248 isti
387 221 463 255 longe
478 219 553 254 plura
576 225 654 253 quam
669 216 707 243 illi
720 217 824 243 curiose
834 219 995 242 scrutantur.

210 268 248 296 Ea
274 268 344 295 enim
372 274 430 302 quae
456 273 525 292 nunc
551 268 743 299 proponuntur,
769 262 852 289 multo
876 262 997 297 graviora

209 318 280 340 sunt.
295 312 384 346 Itaque
400 311 536 338 manifesta
552 310 645 336 horum
666 309 737 335 ratio
757 307 794 335 illi
816 307 995 344 permittatur,

209 359 254 394 qui
270 358 342 385 novit
356 357 444 384 omnia
457 361 595 390 antequam
605 355 677 381 ﬂant.

246 404 272 432 8.
288 404 339 432 Cur
351 404 409 430 boni
437 402 580 437 afﬂiguntur
602 400 766 436 quarrendum
791 408 841 426 non
867 403 911 426 est.
923 397 997 425 —-—Si

209 455 297 478 tamen
308 456 375 484 opus
387 448 420 475 sit
435 456 484 475 nos
499 455 532 475 ex
549 448 590 480 iis,
602 455 661 482 qua:
676 447 731 481 jam
745 449 807 473 nota
819 445 896 472 nobis
913 448 975 471 sunt
988 464 996 477 ,

209 495 368 522 solutionem
392 494 564 528 quzesitorum
582 497 609 519 et
620 491 828 519 consolationem
848 491 1000 524 excogitare

209 545 318 575 propter
338 547 384 566 eos
398 539 443 574 qui
466 542 519 565 tam
539 538 643 565 curiose
662 537 706 564 illa
726 537 911 569 sciscitantur,
933 535 999 563 illud

209 586 320 614 dixerim
332 608 340 620 ,
354 585 488 620 indignum
510 593 571 612 esse
590 592 709 619 quatrere
726 592 773 611 cur
788 584 849 611 boni
875 584 900 610 in
924 590 999 617 pres-

209 632 278 659 suris
288 651 296 664 ,
312 631 373 658 mali
387 636 479 658 contra
495 631 520 658 in
549 631 639 665 requie
654 631 809 664 persismnt,
824 629 924 656 caslesti
943 628 998 663 jam

209 677 326 704 revelato
347 684 428 711 regno
440 697 447 709 ,
464 676 598 711 futurique
611 676 700 702 Stcculi
717 676 826 710 praemio
851 675 927 702 nobis
952 681 998 702 os—

211 727 296 749 tenso.
312 721 447 749 Natucum
463 722 488 748 in
505 722 546 748 illa
566 722 618 748 vita
639 721 734 755 singuli
748 721 825 755 digna
840 720 894 748 suis
914 720 997 747 meri-

211 769 245 796 tis
259 769 387 802 recipiant
400 789 407 802 ,
425 768 487 803 quid
498 768 552 803 jam
566 768 604 794 eis
623 767 702 794 rebus
722 766 907 801 pertttrbamur
917 787 924 798 ,
940 773 999 800 qua:

215 815 258 842 hic
272 815 349 842 bonis
363 819 407 842 aut
424 814 500 841 malis
521 813 699 848 contingunt?
715 813 783 840 Deus
798 812 868 840 enim
886 819 933 839 eos
956 812 998 846 qui

212 861 263 888 sibi
280 860 427 891 adhaerent,
443 859 523 887 veluti
539 859 698 886 fortissimos
711 859 834 891 athletas,
846 857 998 891 lmjusmodi

216 907 351 934 laboribus
364 910 481 938 exercet,
497 905 686 932 imbecilliores
706 912 770 931 vero
782 911 814 931 ac
829 903 958 931 tardiores
972 903 980 918 '
990 922 998 936 ,

214 957 240 981 et
264 953 309 988 qui
333 952 400 980 nihil
425 952 551 979 durorum
578 951 698 978 laborum
728 951 849 986 perferre
872 954 999 984 possunt,

216 999 288 1033 prius
321 998 354 1025 ad
385 998 454 1025 bona
480 1005 561 1032 opera
589 997 719 1024 hortatur.
745 996 820 1030 Quod
857 996 880 1023 si
909 1001 1000 1023 contra

215 1051 412 1078 nonnumquam
433 1043 537 1075 evenit,
555 1042 714 1077 plurimique
727 1042 791 1077 justi
805 1042 847 1069 hic
862 1042 888 1068 in
907 1041 1000 1076 requie

213 1089 293 1116 vitam
302 1096 362 1115 cum
375 1088 476 1115 honore
488 1093 578 1123 agunt,
590 1087 652 1114 mali
662 1095 724 1115 vero
734 1088 759 1114 in
771 1086 914 1122 ignominia
927 1093 1000 1113 sum-

212 1134 315 1168 misque
324 1133 527 1160 adversitatibus
538 1133 695 1168 perdurant,
703 1133 809 1160 interim
815 1132 921 1168 quidem
929 1133 1002 1166 prior

211 1180 254 1207 illa
278 1179 391 1213 objectio
405 1200 412 1212 ,
435 1187 494 1214 qua:
511 1179 592 1214 afﬂigi
607 1179 703 1212 bonos,
723 1178 807 1205 malos
823 1185 888 1205 vero
904 1178 1002 1220 jngiter

190 1248 193 1254 .
215 1233 274 1253 esse
296 1226 322 1252 in
338 1225 440 1252 deliciis
454 1225 668 1260 conquerebatur
681 1246 689 1257 ,
711 1225 761 1252 hac
786 1225 888 1252 ratione
909 1232 1001 1252 eversa

211 1269 376 1305 proﬂigatur.
393 1270 438 1297 Sin
450 1274 538 1297 autem
553 1275 580 1297 et
600 1270 678 1304 hujus
689 1270 727 1297 rei
745 1277 852 1297 causam
868 1270 1002 1305 inquirere

211 1316 324 1343 velimus
335 1336 343 1347 ,
359 1315 384 1342 id
410 1315 529 1350 profecto
551 1315 664 1342 dixerim
679 1336 686 1347 ,
704 1316 785 1342 Deum
799 1319 887 1342 nostra
911 1315 1000 1342 omnia

179 1353 183 1356 ’
211 1369 264 1389 non
289 1368 342 1388 uno
356 1361 435 1388 modo
448 1361 554 1388 solitum
576 1368 636 1388 esse
663 1360 806 1395 disponere
819 1380 828 1393 ,
843 1359 889 1387 sed
911 1367 1000 1387 rerum

211 1406 287 1441 copia
302 1406 470 1438 instructum,
493 1407 582 1441 plures
598 1405 675 1433 nobis
688 1406 721 1432 ad
735 1406 847 1433 salutem
862 1405 918 1433 vias
933 1409 1002 1432 ster-

213 1459 286 1478 nere.
300 1451 366 1478 Cum
392 1453 480 1487 itaque
494 1452 583 1486 plures
609 1452 681 1484 sint,
696 1451 742 1486 qui
765 1451 844 1478 futuri
857 1450 946 1478 szcculi
970 1458 1002 1478 ac

211 1499 415 1526 resurrectionis
437 1498 584 1525 doctrinam
603 1499 743 1525 admittere
764 1498 933 1533 pertinaciter
956 1506 1000 1525 re-

211 1549 303 1578 nuant,
318 1545 398 1572 veluti
416 1545 440 1572 in
456 1545 526 1572 brevi
542 1545 630 1571 tabula
644 1545 686 1571 hic
699 1544 790 1579 judicii
812 1544 892 1571 futuri
907 1543 1001 1580 imagi-

211 1599 273 1617 nem
286 1590 421 1622 ostendit,
436 1598 494 1618 cum
510 1591 583 1625 punit
607 1590 691 1617 malos
706 1610 713 1622 ,
730 1590 815 1617 bonos
838 1595 999 1617 remunerat.

211 1637 288 1670 Quod
302 1645 361 1664 cum
378 1637 403 1663 in
416 1637 514 1671 judicio
523 1637 567 1663 illo
579 1644 702 1671 supremo
713 1637 872 1671 generaliter
885 1637 1000 1664 futurum

214 1683 266 1716 sit,
282 1684 360 1710 etiam
377 1691 448 1710 nunc
458 1691 489 1710 ex
505 1687 579 1717 parte
593 1683 679 1717 aliqtta
695 1683 755 1710 ideo
770 1683 799 1709 lit
810 1703 817 1715 ,
831 1688 859 1709 ut
875 1683 918 1717 qui
932 1683 1001 1710 circa

213 1730 387 1766 longinquum
401 1730 464 1757 illud
476 1730 603 1764 judicium
617 1737 663 1764 spe
675 1729 739 1763 lapsi
753 1734 830 1762 sunt,
845 1729 886 1756 vel
899 1729 930 1755 iis
943 1736 1001 1763 qua:

219 1778 247 1804 in
264 1777 314 1803 hoc
328 1776 424 1803 sarculo
438 1776 592 1810 contingunt
605 1774 742 1806 adm0uili,
758 1775 951 1801 mansuetiores
963 1778 1003 1801 at-

214 1830 267 1858 que
277 1821 399 1848 meliores
410 1821 480 1848 ﬂant.
488 1821 515 1848 Si
524 1822 593 1847 enim
603 1821 690 1847 nullus
699 1820 741 1846 ltic
749 1820 856 1846 omnitto
866 1819 1002 1854 puniretur

214 1868 310 1900 malus,
327 1867 466 1901 nullasque
479 1867 655 1893 Itonoraretur
669 1866 765 1898 bonus,
781 1864 888 1900 plurimi
908 1873 943 1892 ex
970 1864 1002 1892 iis

213 1915 257 1948 qui
282 1913 505 1940 resurrectionem
532 1919 585 1939 non
603 1911 743 1943 credunt,
770 1911 895 1938 virtutem
921 1910 1001 1937 veluti

214 1959 343 1985 malorutn
359 1966 465 1989 causam
482 1957 625 1992 fugerent,
649 1956 821 1984 vitiositatem
836 1964 901 1983 vero
920 1956 1002 1983 veluti

212 2005 343 2032 bonorum
368 2012 475 2032 causam
500 2008 722 2039 persequerentur
746 2012 753 2030 :
778 2003 800 2030 si
826 2010 933 2030 rursum
961 2003 1004 2030 hic

213 2050 311 2085 singuli
334 2051 408 2085 juxta
435 2051 529 2077 merita
554 2051 727 2084 reciperent,
754 2049 915 2084 superﬂuam
948 2049 1001 2083 jam

211 2097 360 2131 falsamque
374 2096 661 2130 existimarentjudicii
685 2095 846 2122 doctrinam.
863 2096 956 2129 Itaque
969 2103 1002 2122 ne

216 2143 279 2170 huic
301 2150 354 2169 non
381 2142 534 2169 crederetur
549 2162 556 2175 ,
570 2149 603 2168 ne
625 2142 717 2175 ingens
739 2141 908 2175 vulgarisque
927 2140 1002 2167 turba

214 2197 247 2216 ex
260 2193 363 2216 contem
370 2193 413 2222 ptn
429 2187 546 2214 deterior
570 2187 644 2214 ﬂeret
654 2207 660 2218 ,
675 2187 773 2213 multos
788 2187 831 2214 hic
850 2191 1002 2221 peccatores

213 2235 360 2267 ulciscitur,
373 2234 554 2268 quosdamque
564 2241 612 2268 pro
627 2238 699 2260 recte
714 2233 788 2260 factis
800 2238 962 2266 remunerat,
974 2238 1004 2260 ut

211 2289 248 2308 ex
263 2288 296 2308 eo
314 2280 384 2315 quod
400 2287 452 2306 non
469 2279 494 2306 in
517 2279 640 2306 omnibus
663 2279 688 2305 id
710 2278 773 2305 facit
791 2279 881 2313 judicii
901 2283 1004 2306 asserat

214 2327 309 2358 ﬁdem,
325 2334 356 2353 ex
371 2333 403 2353 eo
421 2333 485 2352 vero
498 2325 568 2359 quod
583 2325 779 2359 antejudieium
800 2333 905 2360 quoque
920 2326 1003 2352 malos

213 2373 317 2407 aliquos
332 2371 468 2406 suppliciis
483 2371 564 2397 aflicit
574 2391 580 2403 ,
597 2370 803 2405 profundissimo
818 2372 892 2406 quasi
907 2379 1002 2398 somno

211 2417 332 2451 sepultos
346 2416 452 2443 excitet.
468 2416 531 2442 Nam
546 2423 580 2443 ex
600 2415 730 2442 malorum
742 2416 848 2450 quidem
865 2417 1002 2451 punitione

215 2457 319 2496 plurimi
334 2462 428 2488 timore
440 2461 616 2496 corriguntur,
627 2469 659 2488 ne
671 2462 802 2496 patiantur
814 2461 918 2494 eadem;
928 2470 960 2489 ex
969 2470 1002 2488 eo

213 2512 302 2534 autent
318 2507 387 2542 quod
400 2515 450 2534 non
465 2507 589 2534 omnibus
602 2515 649 2542 pro
664 2509 759 2535 merito
773 2507 816 2535 hic
829 2508 1000 2538 retribuatnr.

212 2553 331 2587 cogitare
356 2553 550 2587 compelluntur
575 2553 725 2588 hujusmodi
742 2554 850 2588 prremia
876 2554 902 2581 in
929 2554 999 2582 aliud

213 2602 318 2632 tempus
332 2605 393 2625 esse
407 2604 551 2626 reservata.

249 2643 302 2670 Cur
326 2652 376 2670 non
410 2652 495 2671 autne:
522 2645 562 2671 hic
594 2644 660 2672 Deus
683 2646 829 2680 puniat.—
853 2645 1000 2680 Numquam

212 2689 284 2716 enim
309 2689 425 2724 profecto
440 2711 448 2723 ,
473 2697 533 2718 cum
563 2690 708 2725 justus-sit
734 2691 825 2724 Deus,
864 2695 903 2718 tot
924 2698 1000 2725 Sper-

212 2740 290 2762 neret
311 2735 368 2763 sive
393 2736 477 2763 malos
492 2736 635 2771 impunitos
659 2744 693 2763 ex
713 2736 765 2763 rita
790 2737 918 2772 migrare,
944 2737 1000 2764 sive

212 2780 298 2808 bonos
328 2781 371 2809 hic
393 2781 538 2809 innumeris
567 2782 742 2809 incommodis
768 2781 858 2815 afﬁci,
892 2783 913 2810 si
946 2789 998 2810 non

244 2847 252 2863 ¹
271 2847 371 2873 Insavil.
387 2852 411 2874 et
422 2848 485 2874 Coll).
497 2848 584 2874 desunt
597 2848 679 2878 verba,
692 2854 719 2872 ac
731 2850 857 2873 tardiores.

562 116 591 144 S.
609 113 746 144 JOANNIS
764 111 999 142 CllliYSOSTOlll
1019 110 1178 138 ARClllEP.
1197 109 1461 138 CONSTANTINOP.

1787 111 1838 140 αι

1050 168 1169 202 utrisque
1190 167 1272 195 alium
1297 168 1324 195 in
1348 169 1436 195 futuro
1459 168 1557 196 steculo
1581 172 1679 196 statum
1709 176 1838 204 parasset.

1049 214 1177 249 Quocirca
1208 223 1263 243 non
1289 222 1384 242 omnes
1425 215 1468 242 vel
1506 216 1636 250 supplicio
1663 216 1704 242 vel
1739 215 1839 244 honore

1049 259 1141 293 allicit,
1156 259 1203 287 sed
1230 260 1370 295 quosdam,
1387 261 1455 288 sicut
1478 261 1541 288 etin
1558 260 1700 288 Persarum
1714 269 1776 296 rege
1789 282 1796 294 ,
1813 267 1841 289 et

1049 308 1074 335 in
1099 307 1211 335 Ezechia
1231 307 1358 342 contigit,
1383 315 1543 342 quamquam
1564 307 1663 335 fuerint
1687 308 1795 343 plurimi
1814 313 1840 336 et

1049 353 1159 388 Assyrio
1185 353 1339 388 impietate,
1360 358 1387 380 et
1413 353 1535 380 Ezccltite
1560 354 1657 388 pietate
1684 361 1716 381 ac
1742 353 1841 382 virtute

1049 405 1135 433 pares.
1151 398 1204 425 Sed
1219 407 1271 425 non
1284 406 1346 434 erga
1359 406 1453 426 omnes
1468 398 1520 426 hoc
1533 399 1586 434 agit
1600 399 1669 427 Deus
1684 408 1691 426 :
1705 400 1782 434 cujus
1803 401 1840 428 rei

1049 452 1128 471 causa
1146 449 1202 476 est,
1219 449 1247 471 ut
1263 445 1335 477 dixi,
1357 445 1427 480 quod
1443 446 1559 473 nondum
1573 446 1642 473 adsit
1654 446 1746 480 judicii
1772 452 1840 473 tem-

1049 498 1110 524 pus.
1125 490 1201 524 Quod
1215 496 1303 517 autcm
1328 491 1377 517 ista
1394 490 1515 518 doctrina
1539 499 1597 518 mea
1614 499 1666 519 non
1680 492 1735 524 sit,
1756 492 1789 519 ab
1809 500 1841 520 eo

1050 536 1094 570 qui
1109 544 1157 563 nos
1173 540 1234 563 tunc
1245 535 1412 570 judicatnrus
1430 541 1471 563 est
1489 536 1569 563 modo
1582 537 1684 564 audies.
1699 537 1764 564 Nam
1779 546 1840 565 eum

1050 581 1164 617 profecti
1191 582 1224 609 ad
1247 590 1307 610 eum
1328 583 1434 617 quidam
1458 587 1571 610 mortem
1598 583 1703 610 illorum
1726 583 1771 618 qui
1792 584 1842 611 sub

1051 632 1124 654 turre
1137 627 1223 654 obruti
1247 627 1371 662 fuerant,
1388 628 1517 663 Pilatiqne
1531 628 1664 656 vesaniam
1684 629 1842 657 annuntias-

1051 678 1120 708 sent,
1136 682 1214 709 quam
1230 675 1255 701 in
1268 682 1315 701 eos
1327 674 1371 709 qui
1387 675 1484 701 mortui
1498 674 1602 702 fuerant
1614 675 1748 704 ostendit.
1759 675 1842 702 sacri-

1051 719 1118 747 ﬂciis
1133 721 1237 747 illorum
1251 721 1407 756 sanguinem
1425 720 1561 748 miscendo
1573 742 1580 755 ,
1596 725 1651 749 tum
1665 721 1719 748 ait:
1740 721 1841 749 Putatis

1050 766 1116 800 quod
1134 766 1161 792 lu'
1176 765 1275 793 (ἱαιίίωὶ
1299 771 1440 800 peccatores
1465 774 1518 799 pne
1531 768 1626 794 mter-ia
1658 767 1770 794 Galilaeis
1786 769 1841 802 fue-

1050 813 1101 839 rint
1115 833 1122 844 ,
1139 813 1182 848 qui
1194 813 1255 839 (alia
1269 813 1337 848 passi
1354 813 1434 840 sunt?
1449 812 1508 839 Non
1522 834 1530 846 ,
1545 813 1601 840 dico
1626 813 1693 840 vobis
1707 834 1715 846 ,
1729 814 1774 841 sed
1793 814 1842 840 nisi

1051 860 1220 894 penitentiam
1237 860 1334 894 egeritis
1346 881 1353 892 ,
1368 867 1452 886 omnes
1465 859 1581 886 similiter
1602 860 1723 894 peribitis.
1740 859 1789 886 Aut
1803 860 1842 886 illi

1051 907 1135 934 decem
1151 911 1174 934 et
1184 911 1240 933 octo
1252 914 1330 941 super
1344 914 1406 940 quos
1422 906 1509 932 cecidit
1528 906 1604 932 turris
1614 906 1694 938 Siloa,
1715 911 1738 933 et
1753 906 1842 933 occidit

1051 952 1126 984 illos,
1150 952 1243 987 putatis
1265 953 1333 987 quod
1354 952 1404 986 ipsi
1428 959 1481 987 prta
1503 951 1636 984 omnibus,
1656 952 1700 986 qui
1727 951 1841 978 habitant

1050 996 1208 1030 Jerusalem,
1223 997 1344 1024 debitores
1355 996 1466 1031 fuerint?
1479 996 1546 1028 Non,
1563 997 1619 1023 dico
1632 997 1699 1023 vobis
1708 1017 1715 1030 ,
1729 996 1774 1024 sed
1791 997 1839 1024 nisi

1053 1043 1221 1076 renitentiam
1246 1043 1345 1078 egeritis
1358 1063 1366 1075 ,
1391 1051 1477 1070 omnes
1500 1043 1614 1069 similiter
1635 1043 1747 1078 peribitis
1760 1042 1834 1077 (Luc.

1052 1089 1096 1116 15,
1122 1088 1172 1116 2-5
1187 1089 1206 1124 ).
1235 1088 1298 1116 Haec
1321 1088 1456 1115 dilationis
1478 1095 1558 1115 causa
1590 1092 1640 1115 est.
1667 1087 1767 1115 Idcirco
1788 1095 1841 1115 non

1052 1141 1145 1161 omnes
1169 1134 1215 1169 qui
1240 1133 1340 1161 eisdem
1364 1133 1502 1168 suppliciis
1521 1133 1666 1169 suntdigni
1680 1141 1732 1160 una
1748 1134 1842 1168 punire

1051 1180 1199 1212 consuevit,
1212 1184 1240 1207 ut
1254 1179 1347 1215 reliqui
1359 1188 1451 1207 eorttm
1463 1180 1568 1207 casibus
1577 1180 1705 1207 admoniti
1719 1180 1843 1208 meliores

1053 1226 1126 1253 ﬂant.
1149 1226 1236 1260 Atque
1257 1225 1307 1252 ista
1320 1225 1427 1260 quidem
1457 1226 1562 1253 interim
1587 1226 1698 1253 solvisse
1718 1225 1842 1253 sufficiat.

1051 1272 1103 1299 Sed
1126 1272 1198 1299 enim
1219 1277 1247 1299 tu
1274 1272 1394 1299 fortaSsis
1421 1279 1451 1299 ea
1477 1272 1577 1304 etiam,
1597 1279 1657 1306 quae
1677 1271 1755 1306 paulo
1782 1276 1843 1299 ante

1053 1319 1257 1352 proposuimus,
1272 1318 1357 1345 multo
1381 1318 1461 1345 etiam
1478 1317 1644 1352 perplexiora
1656 1338 1664 1350 ,
1679 1322 1708 1344 ut
1722 1317 1844 1344 similiter

1052 1363 1208 1396 enodemus,
1224 1364 1344 1398 inquiris.
1361 1364 1414 1391 Sed
1426 1371 1485 1391 cum
1499 1364 1588 1399 priora
1602 1371 1652 1399 pro
1661 1364 1760 1391 viribus
1772 1368 1844 1398 pate-

1051 1410 1202 1443 fecerimus,
1214 1411 1247 1437 ad
1260 1411 1303 1438 illa
1311 1411 1390 1438 etiam
1407 1411 1531 1438 solvenda
1543 1410 1712 1437 fundamenta
1722 1410 1843 1445 qumdam

1050 1457 1121 1492 jacta
1134 1456 1216 1484 fuisse
1230 1457 1399 1484 arbitramur.

1088 1513 1140 1540 Cur
1163 1512 1236 1539 multi
1258 1518 1309 1539 tota
1329 1513 1378 1539 vita
1393 1513 1542 1548 afﬂigantur.
1560 1527 1597 1532 —
1615 1512 1683 1545 Quid
1698 1519 1761 1546 ergo
1781 1512 1843 1539 illud

1052 1563 1102 1591 est,
1119 1558 1144 1585 in
1160 1566 1213 1593 quo
1231 1558 1317 1586 haeres
1333 1563 1359 1585 et
1377 1558 1508 1585 ﬂuctuas?
1522 1558 1597 1591 Quod
1614 1558 1719 1593 plurimi
1735 1567 1766 1585 ex
1790 1559 1844 1593 pri-

1052 1605 1161 1632 mordiis
1176 1606 1260 1632 tctatis
1283 1605 1315 1632 ad
1339 1606 1418 1632 linem
1439 1613 1522 1639 usque
1546 1605 1626 1631 variis
1651 1605 1844 1631 calamitatibus

1054 1650 1108 1676 sint
1133 1650 1229 1677 aﬂccti.
1256 1650 1313 1685 Ego
1333 1655 1359 1677 et
1372 1650 1405 1677 de
1420 1650 1460 1676 his
1481 1650 1553 1676 etde
1569 1650 1702 1684 prioribus
1719 1650 1843 1683 dixerim,

1053 1696 1186 1730 prmcipue
1202 1696 1308 1730 quidem
1329 1697 1388 1723 illos
1403 1696 1438 1722 ob
1451 1696 1558 1730 propria
1571 1697 1633 1722 vitia
1648 1696 1751 1731 puniri,
1767 1696 1843 1723 dein-

1052 1751 1115 1777 ceps
1130 1750 1203 1774 vero,
1220 1743 1300 1770 utalii
1314 1750 1420 1778 quoque
1438 1743 1544 1770 illorum
1560 1743 1684 1777 exemplo
1697 1743 1843 1770 emenden-

1053 1793 1103 1815 tur.
1128 1789 1204 1821 Quod
1229 1790 1250 1816 si
1271 1796 1323 1816 non
1339 1790 1364 1815 in
1381 1789 1504 1816 omnibus
1520 1789 1545 1816 id
1567 1789 1604 1820 lit,
1626 1789 1690 1816 nihil
1709 1793 1751 1817 est
1773 1790 1843 1824 quod

1053 1835 1159 1861 mireris
1177 1844 1183 1862 :
1200 1835 1316 1862 nondum
1330 1836 1400 1862 enim
1417 1835 1507 1869 judicii
1523 1840 1627 1870 tempus
1640 1836 1754 1863 advenit.
1775 1835 1843 1869 Quid

1053 1889 1115 1915 ergo
1130 1881 1163 1908 de
1178 1881 1229 1908 illis
1240 1882 1320 1913 dices,
1345 1882 1440 1916 inquis,
1457 1882 1500 1916 qui
1521 1887 1661 1916 antequam
1676 1889 1723 1917 per
1735 1887 1841 1910 mtatem

1054 1926 1120 1953 bona
1137 1927 1176 1954 vel
1189 1928 1255 1953 mala
1267 1927 1418 1955 discernere
1433 1928 1544 1962 pOSsint,
1557 1929 1631 1962 quasi
1648 1929 1763 1955 maxime
1778 1936 1841 1963 pec-

1053 1973 1181 2005 caverint,
1197 1973 1333 2007 suppliciis
1345 1973 1514 2000 afliciuntur?
1526 1973 1609 2009 llnjus
1619 1974 1725 2008 quidem
1736 1975 1773 2001 rei
1791 1982 1842 2001 non

1053 2025 1104 2044 una
1115 2023 1256 2050 estcausa,
1281 2019 1326 2045 sed
1338 2019 1458 2054 plurima:
1471 2027 1502 2046 ac
1519 2020 1608 2046 variae.
1624 2019 1689 2046 Nam
1706 2025 1733 2046 et
1747 2028 1779 2046 ex
1799 2028 1844 2054 pa-

1053 2067 1156 2089 rentum
1171 2064 1383 2098 intemperantia,
1399 2069 1425 2091 et
1438 2072 1470 2091 ex
1486 2065 1657 2092 nutritiorum
1673 2066 1842 2101 negligentia,

1052 2113 1078 2136 et
1094 2116 1125 2135 ex
1137 2109 1294 2144 intemperie
1306 2115 1384 2144 atque
1395 2110 1573 2145 inrequalilale
1586 2111 1654 2138 aeris
1664 2131 1671 2143 ,
1687 2115 1714 2138 et
1737 2119 1769 2138 ex
1784 2111 1843 2138 aliis

1053 2154 1174 2188 plurimis
1197 2155 1348 2189 hujnsmodi
1373 2156 1479 2182 casibus
1508 2155 1534 2183 id
1562 2157 1717 2192 contingere
1744 2161 1841 2191 potest.

1054 2201 1184 2229 Prtcterea
1219 2209 1278 2228 cum
1315 2202 1442 2236 plurimos
1467 2202 1574 2229 illorum
1600 2202 1703 2229 futuros
1728 2211 1840 2237 nequam

1053 2248 1218 2282 praesciverit
1231 2248 1317 2280 Deus,
1333 2256 1379 2276 eos
1390 2248 1469 2275 veluti
1487 2249 1660 2282 compedibus
1682 2249 1838 2283 quibusdam

1053 2293 1204 2328 hujusmodi
1218 2295 1347 2328 supplicio
1361 2299 1476 2321 coercet.
1490 2288 1598 2321 Att-non
1614 2295 1687 2322 vides
1697 2300 1724 2322 et
1737 2295 1841 2322 mendi-

1053 2347 1145 2366 corum
1157 2339 1285 2374 plurimos
1300 2340 1369 2367 inter
1382 2347 1518 2374 pressuras
1532 2340 1602 2374 ipsas
1616 2345 1643 2367 et
1655 2341 1791 2375 angustias
1802 2340 1841 2367 in-

1053 2393 1160 2412 numera
1171 2391 1356 2420 perpetrantes
1368 2386 1481 2419 scelera,
1491 2394 1603 2420 quorum
1620 2391 1707 2413 tamen
1722 2387 1840 2413 omnium

1052 2438 1130 2458 causa
1146 2439 1197 2458 non
1209 2431 1320 2458 afﬂictio
1333 2433 1493 2466 paupertatis
1507 2437 1557 2465 est,
1574 2433 1620 2459 sed
1639 2433 1694 2459 sola
1709 2433 1842 2467 nequitia?

1052 2478 1148 2504 Audivi
1172 2485 1221 2512 ego
1233 2479 1362 2513 quosdam
1377 2478 1519 2513 aliquando
1533 2486 1593 2505 cum
1607 2479 1726 2506 dicerent
1747 2479 1840 2514 hujus-

1052 2523 1122 2549 tnodi
1137 2523 1257 2550 homines
1283 2523 1422 2550 mulierem
1438 2523 1579 2558 quamdam
1592 2524 1729 2551 honestam
1744 2529 1771 2551 et
1784 2524 1840 2551 for-

1054 2576 1096 2594 ma
1110 2568 1214 2595 liberali
1231 2568 1256 2595 in
1272 2568 1416 2595 solitudine
1430 2574 1531 2601 nactos,
1545 2569 1569 2596 ei
1583 2570 1713 2596 violenter
1725 2577 1756 2596 ac
1766 2575 1841 2604 petu-

1052 2615 1137 2640 lanter
1151 2614 1276 2641 illusisse.
1292 2614 1370 2648 Atqui
1383 2621 1434 2648 qua
1445 2615 1612 2648 necessitate,
1628 2623 1678 2650 qua
1691 2615 1840 2644 calamitate

1050 2660 1082 2686 ad
1094 2660 1143 2686 hoc
1155 2660 1252 2687 inducti
1269 2661 1349 2686 sunt?
1365 2668 1422 2694 qua:
1434 2660 1475 2687 isti
1485 2661 1583 2687 scelera
1597 2669 1647 2688 non
1657 2661 1836 2693 admisissent,

1051 2706 1071 2732 si
1084 2713 1135 2732 non
1144 2705 1293 2740 ltujusmodi
1303 2706 1375 2740 quasi
1387 2706 1498 2734 vinculis
1508 2708 1727 2734 continerentur?
1741 2708 1837 2735 [Corum

1050 2759 1112 2778 vero
1126 2752 1170 2785 qui
1187 2752 1338 2778 carceribus
1357 2752 1449 2778 inclusi
1465 2757 1526 2780 sunt
1540 2754 1598 2787 quis
1613 2753 1688 2781 facile
1702 2755 1836 2780 vesaniam

1050 2802 1075 2825 et
1087 2798 1187 2824 rabiem
1204 2798 1320 2832 perferre
1337 2798 1433 2833 possit?
1446 2799 1477 2826 At
1493 2799 1508 2825 ii
1529 2799 1572 2834 qui
1587 2807 1600 2826 a
1612 2800 1733 2827 dmmonc
1751 2801 1835 2826 corri-

1053 2844 1158 2878 piuntur
1168 2844 1251 2872 nihilo
1265 2844 1367 2872 tninora
1383 2844 1424 2873 bis
1440 2844 1537 2872 factum
1550 2853 1556 2871 :
1570 2853 1622 2874 non
1638 2849 1725 2873 autent
1736 2853 1766 2873 ea
1778 2852 1835 2873 mo-
