2055 3122
202 140 255 170 789

196 200 299 229 ΜιαιιΙι.
313 200 340 229 ὃ.
356 199 384 236 4)
395 207 402 227 :
416 203 444 227 et
457 199 507 226 hoc
519 198 629 226 llesaias
638 204 731 225 rursus
740 194 910 227 vociferatur,
918 192 982 221 dum

200 251 232 270 ex
242 246 359 278 persona
369 243 489 272 Deidicit
498 252 505 270 :
514 241 599 277 Super
605 250 681 278 quem
688 243 838 278 respiciam,
851 242 903 269 nisi
911 249 989 276 super

199 290 294 316 mitem
300 292 327 316 et
335 287 461 325 qiu'etttm.‘
471 294 495 316 et
505 293 653 316 trementem
659 296 792 316 sermones
799 296 868 315 meos
884 286 988 324 (Hesai.

200 334 279 369 66.2)
287 334 388 361 f'Beatt
396 334 577 362 misericordes
587 334 694 367 (Matth.
705 334 731 362 5.
741 334 769 370 7)
779 344 786 361 :
796 338 822 362 et
832 334 884 362 hoc
894 336 990 362 rursus

201 379 461 415 ubiquetlispe’rsttm
469 385 521 408 est.
533 380 573 407 Ne
580 380 720 415 defraudes
728 380 989 415 enim,iuquit,vitam

200 428 335 461 pauperis.
346 427 489 460 supplicem
503 427 529 453 in
541 426 713 453 tribulatione
721 427 835 460 positum
845 435 875 453 ne
884 426 989 460 rejicias

199 472 292 509 (Et-cli.
307 471 334 502 4.
348 473 375 508 4)
391 480 397 498 ;
418 476 443 499 ct
456 478 549 506 magna
568 470 664 505 ubique
680 470 791 498 habetur
805 471 904 498 mentio
918 470 992 497 beni-

200 520 315 555 gnitatis.
332 518 403 545 Beati
417 518 504 544 mundi
525 518 599 544 corde
613 516 718 552 (Matt/1.
733 517 760 544 5.
775 517 814 552 8).
838 517 893 544 lloc
912 517 991 543 etiam

201 565 266 592 dixit
279 564 359 591 David
377 572 382 590 :
400 563 449 590 Cor
460 562 580 589 mundum
590 570 647 588 crea
657 562 683 588 in
696 569 735 588 me
750 561 829 595 Deus,
844 567 867 588 et
877 562 993 596 spiritum.

202 612 295 637 rectum
309 611 399 636 innova
412 609 437 635 in
452 608 585 634 visceribus
598 608 657 634 meis
673 606 757 643 (Psal.
772 607 816 634 50.
834 607 878 642 1‘2)
901 616 908 635 :
930 607 993 634 reli-

202 662 267 690 quas
290 655 368 682 etiam
393 653 569 682 beatitttdines
596 653 618 679 si
639 654 697 687 quis
717 657 864 687 percurrat,
886 652 993 680 multam

203 700 372 727 concordiam
395 707 456 726 esse
479 700 634 733 cotupcriet.
658 698 711 725 Cur
735 698 823 733 igitur,
849 706 908 725 cutn
932 697 995 724 nihil

204 745 364 772 contrarium
379 744 510 778 prioribus
524 743 646 776 dixisset,
663 743 760 777 adjecit
774 751 780 769 :
797 741 884 769 Nolite
897 747 995 777 putare,

205 791 322 825 quoniam
336 789 391 816 veni
412 789 506 815 solvere
527 789 616 823 legem,
637 793 679 814 aut
696 788 832 823 prop/tetas
847 787 952 823 (Mattlt.
968 787 995 814 5.

207 836 274 871 l7)?
287 835 345 862 Non
358 835 391 862 ob
405 843 435 862 ea
448 842 506 869 qua:
520 834 588 861 dicta
601 834 705 860 fuerant
725 833 792 860 hanc
806 834 996 860 correctionem

207 881 336 916 adjunxit.
360 880 427 907 Nam
452 882 512 913 quia
539 879 571 906 ad
597 879 830 913 amplificationem
856 878 997 913 quamdam

208 927 393 954 mandatorum
412 926 522 961 gradum
538 924 655 951 facturus
668 930 733 957 crat,
755 932 789 951 nc
807 925 998 952 incrementunt

209 977 333 1008 putarent
345 972 544 1007 repugnantiam
561 979 619 999 esse
634 971 785 1005 quamdam,
803 975 850 998 aut
867 971 999 998 accessio-

210 1026 339 1046 netncsse
353 1026 479 1053 pugnam,
501 1017 599 1044 idcirco
618 1017 694 1049 dixit,
712 1016 799 1045 Nolite
810 1021 916 1051 ‘putare,
937 1025 1000 1051 quo-

210 1066 278 1091 niam
293 1064 348 1091 veni
361 1064 455 1090 solvere
475 1064 563 1098 legem,
578 1068 619 1088 aut
633 1062 768 1097 prop/tetas
784 1070 793 1088 :
809 1063 858 1089 hoc
871 1067 920 1095 est,
941 1069 1001 1097 per-

210 1110 318 1137 fectiora
332 1109 451 1136 dicturus
463 1116 525 1135 sum,
536 1109 584 1141 iis,
593 1110 651 1143 (μὴν
665 1109 727 1135 ante
739 1107 801 1135 sunt
811 1107 889 1135 dicta.
902 1108 999 1135 Exem-

213 1157 246 1191 pli
259 1163 347 1187 causa,
365 1155 490 1185 Audistis,
504 1153 564 1181 Non
578 1155 674 1181 occides
688 1162 697 1180 :
711 1161 755 1189 ego
770 1158 852 1181 autent
861 1154 930 1185 dico,
940 1151 1001 1180 Non

212 1202 335 1228 irasceris.
357 1201 477 1231 Audistis,
494 1199 557 1227 Non
575 1199 748 1232 trime/laberis,
772 1207 816 1234 ego
835 1203 919 1225 autem
933 1198 1000 1230 dico,

210 1246 372 1279 Quicumque
379 1244 515 1273 mulierem
533 1243 678 1278 respicitad
691 1244 917 1278 cotmupiscendum
935 1252 1000 1277 eam,

213 1292 265 1325 iam
282 1291 417 1318 moechatus
439 1292 474 1314 est
501 1288 609 1325 (Matth.
625 1289 697 1316 5.2L
712 1289 756 1316 22.
770 1290 815 1317 27.
828 1289 885 1325 ⁸28),
902 1295 928 1317 et
941 1289 1003 1316 talia

213 1345 395 1373 quaecumque.
407 1337 445 1365 Ne
461 1338 538 1372 igitur
550 1337 746 1371 aluogatiouem
758 1340 818 1364 esse
832 1336 928 1371 putetis
937 1344 1003 1363 con-

214 1385 418 1412 summationem
431 1392 437 1410 :
455 1391 506 1411 non
521 1383 589 1410 enim
603 1388 644 1410 est
657 1383 805 1417 abrogatio,
821 1383 866 1410 sed
880 1382 1005 1417 adimple-

216 1431 251 1457 tio
266 1438 272 1456 ε
292 1434 318 1456 ct
331 1430 401 1464 qttod
417 1429 442 1456 in
457 1429 613 1463 corporibus
628 1428 698 1461 fecit,
714 1428 765 1456 hoc
779 1434 805 1455 et
821 1428 846 1455 in
861 1429 919 1463 lege
932 1428 1002 1454 facit.

215 1475 282 1510 Quid
305 1480 393 1502 autem
419 1475 445 1502 itt
464 1475 620 1509 corporibus
643 1475 786 1509 praestitit?
800 1474 865 1502 Ctttn
885 1475 1003 1502 mutilata

216 1521 296 1548 multa
311 1522 427 1548 membra
441 1521 593 1555 repet-isset,
608 1526 634 1548 et
647 1521 737 1548 omnia
751 1520 856 1548 defectu
872 1521 1004 1554 laborare,

215 1566 336 1602 perfecit,
357 1571 384 1594 et
397 1567 424 1594 in
435 1568 639 1595 convenientem
653 1567 771 1595 restituit
784 1566 1005 1601 pulchritudinem

215 1617 242 1639 ct
254 1612 430 1646 integritatem
446 1620 452 1638 :
468 1619 499 1639 ac
516 1612 594 1638 rebus
607 1612 671 1646 ipsis
685 1612 807 1639 omnibus
821 1612 953 1646 patefecit,
977 1619 1006 1639 se

218 1662 334 1685 veterum
353 1658 441 1692 legum
465 1662 600 1684 auctorem
627 1658 717 1689 fuisse,
742 1665 773 1684 ac
792 1663 893 1685 natura:
908 1662 1007 1684 nostra:

216 1703 391 1730 conditorem.

252 1748 389 1783 Conﬁrmat
400 1748 512 1776 Christus
522 1757 552 1775 ea:
563 1749 694 1775 sanatione
707 1749 776 1782 traxi,
791 1749 908 1787 selegnm
919 1754 1008 1774 aucto-

217 1802 268 1820 rem
278 1794 462 1828 esse—Atque
474 1794 523 1821 hoc
533 1794 605 1820 illum
616 1793 757 1820 ostendere
765 1793 907 1825 studuisse,
921 1801 953 1821 ex
963 1801 1007 1820 sa-

219 1841 325 1868 natione
337 1840 401 1868 etcci
421 1841 552 1875 praecipue
572 1845 685 1867 constat.
711 1840 871 1868 Przeteriens
891 1842 960 1868 enim
983 1845 1009 1868 et

218 1895 317 1914 caseum
329 1887 470 1922 quemdam
485 1887 587 1919 videns,
603 1887 685 1913 lutum
701 1886 772 1918 fecit,
786 1891 814 1914 et
826 1887 954 1921 ejusmodi
967 1887 1008 1913 lu-

221 1939 274 1961 tum
289 1934 371 1961 oculis
387 1933 469 1960 illevit
488 1933 638 1965 exetecatis,
659 1934 735 1968 eique
749 1933 814 1961 dixit
831 1942 837 1960 :
863 1933 939 1965 Vade,
954 1934 1010 1961 lava

219 1980 245 2006 in
256 1980 353 2007 Siloam
373 1979 461 2015 (Joan.
480 1979 506 2006 9.
524 1980 549 2006 6.
566 1979 603 2014 7).
624 1979 704 2014 Cujus
720 1980 758 2007 rei
777 1980 861 2014 gratia
880 1988 939 2006 cum
954 1982 1010 2006 solo

219 2025 292 2059 iussu
304 2030 422 2052 mortuos
435 2025 585 2059 frequenter
599 2025 717 2056 suscitet,
732 2030 758 2052 et
776 2025 827 2052 alia
841 2026 921 2052 multa
938 2026 1011 2052 simi-

220 2071 254 2097 lia
269 2070 329 2097 edat
342 2071 477 2103 miracula,
492 2070 534 2097 hic
547 2078 613 2105 opus
626 2070 757 2105 quoddam
771 2071 872 2105 adjicit,
894 2071 957 2098 dum
969 2072 1009 2098 lu-

222 2121 276 2142 tum
294 2116 410 2149 coniicit,
433 2121 460 2143 et
479 2117 515 2143 illi
535 2117 626 2143 oculos
642 2117 734 2151 lingit?
754 2117 821 2143 Num
841 2118 905 2143 satis
929 2117 1011 2152 liquet

222 2163 320 2190 idcirco
332 2162 356 2189 id
369 2163 423 2190 ﬁeri
435 2183 441 2195 ,
458 2168 486 2189 ut
504 2171 563 2190 cum
576 2163 710 2190 audivrris
726 2163 807 2190 Deum
824 2164 958 2198 pulverem
968 2171 1011 2191 ac-

221 2210 322 2244 cepisse
335 2209 367 2236 de
383 2213 451 2235 terra
468 2208 655 2244 hominemque
666 2208 807 2242 formasse,
823 2209 909 2236 discas
924 2210 1009 2241 exiis,

221 2263 280 2290 qute
294 2263 364 2282 nunc
375 2259 511 2289 geruntur,
532 2255 602 2282 hunc
614 2251 686 2282 illum
697 2250 769 2288 eSSe,
785 2256 831 2290 qui
850 2256 983 2283 hominem
996 2264 1011 2284 a

223 2302 350 2336 principio
373 2302 515 2328 formavit?
533 2302 639 2336 Alioqui
652 2301 702 2329 nisi
717 2303 902 2330 ltoc'indicarc
920 2304 1010 2336 vellet,

224 2347 383 2381 superﬂuum
397 2348 489 2375 fuisset
500 2347 526 2374 id
537 2348 607 2382 quod
615 2342 718 2383 agebat.
730 2346 828 2376 Deinde
839 2354 867 2376 ut
881 2350 1012 2384 intelligas

225 2399 298 2418 usum
313 2392 359 2419 ltiti
373 2393 436 2419 nihil
453 2393 485 2419 ad
502 2393 587 2420 visum
602 2401 672 2421 cmco
687 2392 879 2422 restituendum
897 2396 1008 2430 opitula-

225 2442 281 2464 tum
301 2438 336 2464 illi
358 2445 427 2470 esse,
451 2438 496 2465 sed
509 2438 609 2474 absque
623 2439 666 2466 illa
680 2440 789 2466 materia
805 2440 862 2467 solo
872 2441 947 2474 jussu
961 2441 1012 2467 litt-

225 2490 288 2517 gere
309 2483 399 2510 oculos
414 2484 539 2517 potuisse,
563 2484 681 2520 adjungit
701 2490 727 2512 et
747 2485 800 2512 ait:
823 2485 900 2519 Vade,
915 2487 970 2513 lava
987 2487 1013 2513 in

227 2528 335 2555 Siloam.
359 2528 500 2563 Postquam
520 2529 590 2557 enim
603 2530 660 2564 ipso
674 2530 715 2557 sui
727 2531 823 2565 Opific'ti
839 2531 918 2558 modo
938 2532 1014 2559 ttobis

227 2574 353 2606 ostendit,
370 2574 429 2609 quis
441 2579 511 2602 esset
520 2576 565 2611 qui
577 2575 711 2603 hominem
722 2577 875 2611 a‘principio
886 2582 1012 2609 creasset,

227 2625 290 2647 tunc
308 2620 345 2647 ait
359 2620 406 2653 illi,
426 2619 503 2653 Vade,
527 2621 585 2648 lava
596 2622 623 2648 in
639 2621 745 2649 Siloam.
761 2622 795 2650 Ut
809 2623 888 2657 igitur
900 2624 1015 2657 optitntts

227 2667 370 2694 statuarius
384 2668 475 2693 volens
490 2675 537 2701 per
551 2675 629 2702 opera
643 2675 717 2695 suam
736 2669 856 2703 peritiam
870 2673 1014 2702 ostentare,

229 2719 333 2748 partem
347 2713 487 2748 quamdam
502 2714 609 2747 emittit,
632 2713 693 2741 dum
715 2719 827 2742 statuam
847 2716 931 2750 lingit,
947 2721 975 2742 ut
990 2717 1014 2743 in

229 2767 262 2786 eo
276 2759 346 2794 quod
358 2759 444 2791 deest,
468 2759 547 2786 totius
560 2760 647 2793 operis
659 2761 792 2794 specimen
806 2761 868 2787 artis
883 2761 943 2788 edat
959 2771 964 2788 :
983 2762 1017 2788 ita

230 2805 351 2833 Christus
363 2806 443 2833 etiam
457 2813 516 2832 cum
536 2804 652 2832 indicare
667 2806 744 2832 vellet
758 2811 841 2833 totum
855 2806 988 2834 hominem
1004 2815 1019 2835 a

233 2859 262 2878 se
276 2851 356 2879 fuisse
378 2851 513 2878 conditum
527 2871 534 2885 ,
558 2850 628 2878 hunc
645 2851 826 2886 imperfectum
853 2853 971 2888 reliquit,
993 2859 1020 2881 ut

610 138 654 167 DE
671 135 804 166 CHRISTI
825 133 999 167 PRECIBUS,
1019 131 1154 161 CONTRA
1176 131 1361 160 ΑΝοΜοΕοε.
1382 131 1415 158 X.

1778 123 1832 162 τρο

1041 195 1100 217 eum
1115 190 1241 223 venisset,
1252 192 1331 225 atque
1345 191 1435 218 oculos
1450 187 1484 218 illi
1505 191 1673 226 restituisset,
1683 191 1769 226 partis
1785 194 1831 219 be-

1041 236 1135 263 neflcio
1149 236 1183 263 dc
1196 240 1251 263 toto
1265 236 1343 263 fidem
1357 237 1495 264 insereret.

1076 280 1128 308 Cur
1134 281 1161 308 in
1170 280 1249 308 oculis
1260 281 1409 308 miraculum
1417 282 1598 310 editum—Ac
1608 281 1666 310 vide
1675 289 1726 317 qua
1738 282 1763 310 in
1773 290 1834 318 par-

1042 332 1067 355 te
1076 327 1100 354 id
1110 327 1280 362 praestiterit:
1293 336 1345 355 non
1355 328 1379 354 itt
1390 335 1479 361 manu,
1494 335 1524 355 ac
1537 327 1613 362 pede,
1627 328 1673 355 sed
1689 329 1715 356 in
1735 329 1833 362 oculis,

1043 373 1112 408 quod
1133 373 1312 401 membrorum
1337 378 1487 401 nostrorum
1509 374 1715 409 pulcherrimum
1736 380 1786 405 est.
1807 379 1835 402 et

1044 420 1161 446 maxime
1169 420 1357 451 necessarium,
1366 425 1448 455 etquo
1455 421 1553 448 mdlum
1561 421 1636 448 nobis
1645 421 1783 456 pretiosius
1793 425 1836 449 est

1045 465 1202 493 membrum.
1211 465 1342 493 Cancrum
1350 467 1393 501 qui
1402 467 1608 502 pulcherrimum
1617 468 1782 502 maximeque
1789 469 1835 494 ite-

1046 512 1188 539 cesSarittnt
1197 513 1294 547 fingere
1303 513 1396 546 potuit,
1405 513 1528 540 nimirum
1537 514 1637 546 oculos,
1650 513 1718 540 ltatid
1726 512 1836 541 dubium

1046 559 1109 592 quin
1118 566 1223 584 manum
1231 566 1336 593 quoque
1344 558 1478 592 ctpcdcm,
1488 566 1520 586 ac
1527 563 1619 586 castora
1628 559 1710 594 possit
1718 558 1838 587 membra

1047 604 1173 631 formare.
1190 604 1211 631 Ο
1224 604 1315 631 beatos
1329 604 1387 630 illos
1401 604 1490 631 oculos
1500 624 1507 636 ,
1530 604 1574 638 qui
1590 604 1767 638 spectaculum
1779 611 1837 631 ont-

1048 649 1125 676 nihus
1138 649 1251 681 fuerunt,
1268 649 1311 684 qui
1323 649 1441 680 aderant.
1454 653 1480 675 et
1493 656 1586 675 omnes
1597 648 1628 676 ad
1644 655 1672 676 se
1687 648 1836 683 rapiebant,

1050 702 1192 729 vocemque
1198 701 1326 727 persuam
1333 694 1555 729 pulchritudinem
1566 694 1715 727 mittebant,
1727 699 1753 722 ct:
1763 695 1839 722 Chri—

1049 741 1081 767 Stl
1092 741 1213 767 virtutem
1225 748 1318 767 omnes
1328 740 1462 767 adstantes
1472 739 1612 767 docebant.
1625 740 1766 768 Enimvero
1777 748 1839 775 per-

1050 786 1145 813 mirum
1162 785 1219 818 fuit,
1235 785 1304 820 quod
1320 785 1407 818 ﬂebat,
1423 792 1481 812 cum
1498 792 1584 812 caecus
1598 786 1717 813 videntes
1730 793 1841 813 cernere

1050 831 1158 858 doceret
1174 840 1180 857 ε
1194 831 1264 865 quod
1285 831 1375 865 utique
1396 830 1516 858 Christus
1539 831 1657 858 indicans
1677 831 1763 858 aiebat
1780 839 1786 857 :
1809 830 1842 858 In

1047 876 1171 911 judicium
1183 876 1239 903 feni
1259 877 1284 903 in
1299 876 1365 903 hunc
1378 877 1509 908 mundum,
1528 882 1554 903 ut
1570 878 1612 911 qui
1627 886 1676 904 non
1691 877 1787 910 vident,
1802 877 1840 904 vi.

1052 921 1135 954 deant,
1150 927 1173 948 et
1185 922 1227 956 qui
1241 921 1333 954 vident,
1345 920 1404 949 eieci
1416 922 1478 956 ﬁant
1492 921 1580 957 (Joan.
1594 923 1619 949 9.
1633 921 1688 957 59).
1702 921 1723 949 0
1737 922 1840 949 beatam

1051 968 1212 995 caecitatem!
1224 968 1296 1001 Quos
1311 969 1381 995 enim
1395 975 1409 994 a
1425 973 1518 994 natura
1534 975 1585 994 non
1597 968 1708 1002 accepit,
1728 975 1742 994 a
1757 968 1844 1003 gratia

1053 1014 1164 1048 accepit,
1189 1022 1238 1041 nec
1263 1018 1363 1041 tantum
1381 1014 1470 1041 damni
1486 1021 1579 1048 passus
1592 1018 1633 1041 est
1650 1022 1682 1041 ex
1702 1014 1842 1045 dilatione,

1053 1065 1179 1095 quantum
1206 1068 1237 1088 ex
1256 1059 1354 1095 opiﬁcii
1377 1060 1457 1087 modo
1476 1060 1590 1087 lucratus
1613 1065 1662 1087 est.
1685 1060 1753 1093 Quid
1773 1061 1843 1087 enim

1053 1107 1137 1133 oculis
1156 1106 1208 1133 illis
1230 1106 1287 1133 fieri
1307 1110 1394 1140 potest
1409 1106 1565 1137 mirabilius,
1589 1111 1655 1139 quos
1669 1106 1845 1133 immaculata:

1054 1158 1205 1186 Sanctatquc
1215 1159 1309 1178 manus
1323 1151 1372 1178 illae
1385 1151 1483 1185 ﬁngere
1494 1150 1607 1186 dignata:
1620 1152 1699 1178 sunt?
1714 1151 1844 1186 Quodque

1054 1198 1080 1225 in
1093 1198 1176 1225 sterili
1188 1198 1292 1231 accidit,
1308 1198 1359 1225 hoc
1374 1199 1470 1225 factum
1482 1202 1523 1225 est
1537 1198 1585 1224 hoc
1599 1198 1667 1225 loco.
1682 1197 1746 1224 Nam
1762 1202 1791 1224 ttt
1802 1198 1845 1225 illa

1055 1245 1156 1271 nullum
1175 1252 1208 1271 ex
1220 1244 1346 1271 dilatione
1359 1245 1430 1278 cepit
1442 1241 1639 1276 detrimentum,
1655 1244 1701 1271 sed
1715 1244 1798 1271 multo
1813 1244 1845 1271 il-

1055 1290 1162 1317 lustrior
1172 1290 1266 1322 evasit,
1280 1292 1339 1324 quae
1352 1297 1403 1316 non
1419 1290 1477 1324 lege
1492 1293 1602 1320 natum,
1623 1289 1669 1316 sed
1685 1289 1742 1324 lege
1755 1290 1847 1325 gratia:

1056 1336 1137 1363 tilium
1151 1336 1271 1370 accepit:
1286 1335 1462 1362 sicuimirttm
1476 1340 1504 1362 ct
1515 1341 1602 1362 caecus
1621 1330 1690 1362 nihil
1707 1339 1739 1362 ex
1753 1341 1848 1371 priete-

1056 1383 1106 1409 rita
1119 1383 1199 1409 lassus
1219 1386 1260 1409 est
1279 1383 1406 1416 carcitate,
1431 1383 1476 1410 sed
1491 1383 1582 1418 ingens
1595 1376 1700 1410 lucrum
1713 1383 1774 1411 inde
1787 1391 1849 1419 per—

1056 1428 1135 1463 cepit,
1150 1428 1191 1455 cui
1206 1428 1295 1455 datum
1309 1434 1358 1461 est,
1375 1434 1403 1456 ut
1417 1429 1488 1463 prius
1501 1430 1583 1456 solem
1598 1430 1706 1464 justitiac
1715 1435 1848 1464 cerneret,

1056 1482 1088 1501 ac
1099 1474 1195 1502 deinde
1209 1474 1279 1501 hunc
1293 1475 1440 1509 subjectum
1457 1475 1589 1502 sensibus.

1092 1520 1118 1548 5.
1133 1520 1189 1548 Lex
1207 1521 1353 1556 imperfecta
1366 1521 1500 1553 quomodo.
1511 1536 1547 1542 -—-
1560 1521 1622 1549 Ηωο
1633 1529 1649 1549 a
1663 1529 1706 1549 me
1714 1521 1850 1555 dicuntur,

1058 1574 1092 1593 ne
1110 1572 1180 1601 aegre
1204 1566 1331 1599 feramus,
1352 1567 1373 1594 si
1388 1566 1492 1601 quando
1505 1567 1545 1594 vel
1560 1575 1609 1594 nos
1623 1568 1704 1602 ipsos,
1729 1569 1770 1595 vel
1784 1568 1850 1595 alios

1058 1612 1186 1646 quosdant
1203 1613 1286 1647 premi
1300 1613 1492 1639 calamitatibus
1503 1613 1640 1640 videamus
1655 1622 1661 1640 :
1673 1614 1694 1641 si
1708 1614 1778 1641 enim
1790 1621 1850 1641 cum

1059 1657 1200 1691 gratiarum
1216 1658 1319 1684 actione
1342 1665 1373 1684 ac
1396 1658 1527 1692 patienter
1546 1658 1660 1686 feramus
1678 1663 1771 1686 cuncta
1793 1667 1852 1694 quas

1060 1702 1193 1735 accidunt,
1212 1704 1321 1730 omnino
1336 1704 1434 1731 bonum
1456 1704 1533 1731 linem
1557 1704 1700 1739 multisque
1715 1704 1791 1732 bonis
1806 1713 1853 1732 cu-

1061 1749 1188 1776 mulatum
1203 1750 1289 1776 omnis
1304 1754 1392 1776 nostra
1407 1750 1543 1777 calamitas
1555 1750 1692 1777 sortietur.
1715 1750 1766 1778 Sed
1783 1751 1852 1785 quod

1060 1794 1150 1821 dicere
1164 1795 1285 1822 volebam
1299 1795 1522 1830 quemadmodum
1537 1802 1658 1830 corpora,
1673 1803 1733 1831 qua:
1748 1796 1851 1824 defectu

1061 1839 1226 1873 laborabant,
1242 1839 1357 1874 perfecta
1373 1845 1399 1867 et
1409 1841 1509 1875 integra
1531 1840 1645 1868 reddidit
1656 1843 1666 1867 ε’
1677 1841 1715 1869 sic
1729 1847 1755 1868 et
1766 1842 1852 1877 legem

1062 1885 1241 1920 imperfectam
1256 1894 1315 1913 cum
1329 1886 1484 1920 accepisset,
1498 1887 1658 1920 emendavit,
1673 1889 1852 1923 concinnavit,

1062 1938 1088 1959 ct
1101 1933 1238 1960 meliorem
1249 1932 1281 1959 ad
1294 1937 1390 1959 statuat
1405 1933 1501 1960 evexit.
1519 1933 1602 1960 Nemo
1616 1939 1716 1967 autem,
1731 1942 1790 1962 cum
1805 1945 1853 1963 att-

1062 1978 1100 2005 dit
1115 1979 1293 2012 imperfectam
1308 1979 1389 2006 fuisse
1402 1979 1496 2013 legem,
1518 1987 1566 2007 nos
1580 1988 1639 2007 eum
1656 1981 1699 2014 qui
1718 1981 1785 2007 lator
1797 1982 1855 2014 ejus

1064 2024 1148 2051 fuerat
1162 2032 1287 2051 accusare
1301 2025 1367 2051 velle
1380 2025 1538 2056 arbitretur;
1555 2025 1685 2060 siquidem
1700 2026 1856 2060 imperfecta

1062 2074 1120 2096 erat
1133 2070 1174 2096 illa
1189 2078 1242 2096 non
1261 2077 1294 2096 ex
1308 2076 1355 2096 sua
1376 2075 1479 2102 natura,
1504 2071 1550 2097 sed
1564 2078 1710 2105 progressu
1729 2073 1857 2106 temporis

1063 2115 1159 2142 deinde
1175 2115 1233 2141 talis
1248 2120 1381 2142 evaserat.
1402 2116 1619 2150 Quandoquidem
1645 2109 1700 2143 tum
1715 2119 1853 2152 temporis,

1062 2168 1123 2188 cum
1151 2162 1300 2188 introducta
1325 2166 1375 2194 est,
1403 2162 1548 2188 admodum
1563 2160 1680 2196 perfecta
1699 2167 1765 2195 erat,
1782 2168 1808 2190 et
1824 2163 1856 2190 iis

1063 2209 1106 2241 qui
1122 2208 1283 2242 recipiebant
1295 2209 1351 2235 Eam
1366 2209 1528 2235 conveniens
1542 2218 1549 2235 :
1566 2213 1705 2244 postquam
1719 2212 1806 2237 autem
1822 2210 1856 2237 ab

1064 2254 1109 2281 illo
1120 2254 1212 2281 edoeta
1225 2258 1317 2281 natura
1333 2254 1458 2288 deinceps
1471 2255 1554 2282 erevit
1573 2255 1598 2281 in
1613 2248 1716 2288 melius,
1733 2256 1789 2283 hate
1803 2256 1854 2282 im-

1064 2301 1205 2335 perfectior
1224 2301 1315 2333 evasit,
1343 2309 1394 2327 non
1411 2309 1442 2327 ex
1466 2308 1512 2328 sua
1528 2306 1630 2334 natura,
1646 2301 1692 2329 sed
1715 2302 1749 2329 ob
1766 2303 1853 2329 incre-

1065 2352 1183 2373 mentum
1195 2347 1300 2373 virttttis
1313 2354 1415 2379 eorum,
1432 2354 1498 2381 quos
1511 2347 1555 2374 illa
1568 2347 1704 2374 docuerat.
1718 2348 1749 2374 Et
1762 2356 1855 2382 quem.

1065 2393 1205 2419 adtnodum
1228 2400 1306 2419 arcus
1331 2396 1358 2419 et
1380 2393 1490 2426 sagittas,
1513 2400 1572 2427 qua:
1593 2393 1667 2428 regio
1690 2393 1800 2427 puerulo
1822 2394 1857 2421 ad

1066 2439 1282 2466 exercitationem
1300 2439 1385 2472 potius
1398 2438 1523 2465 fabricata
1536 2439 1598 2471 siut,
1609 2446 1687 2473 quam
1699 2439 1730 2465 ad
1741 2447 1855 2474 pugnam

1066 2491 1092 2512 et
1105 2485 1213 2516 bellum,
1229 2485 1271 2511 ubi
1286 2492 1350 2519 puer
1363 2484 1478 2511 adolevit
1493 2489 1519 2511 et
1535 2485 1559 2511 in
1573 2484 1648 2511 bellis
1661 2484 1765 2512 fortiter
1776 2492 1856 2520 agere

1067 2532 1167 2564 didicit,
1181 2532 1283 2558 inutilia
1293 2530 1457 2558 redduntur:
1473 2532 1507 2557 ita
1523 2539 1627 2566 quoque
1641 2535 1742 2558 natura:
1758 2536 1856 2558 nostra:

1067 2578 1162 2605 accidit
1177 2588 1183 2605 :
1198 2578 1321 2612 quamdiu
1335 2577 1544 2612 impcrfectiores
1557 2585 1673 2609 eramus,
1689 2585 1720 2605 ac
1731 2578 1859 2605 discendo

1069 2633 1117 2652 nos
1137 2625 1336 2656 excrccbamus,
1352 2624 1534 2651 convenientia
1549 2623 1625 2651 nobis
1639 2632 1711 2651 arma
1733 2625 1857 2659 suppedi-

1070 2671 1143 2704 tavit,
1166 2678 1224 2705 qua:
1239 2670 1315 2697 facile
1328 2675 1431 2705 gestare
1444 2674 1597 2704 poteramus
1617 2679 1623 2697 :
1646 2677 1706 2697 cum
1728 2678 1791 2697 vero
1802 2670 1857 2705 jatn

1071 2718 1146 2744 factis
1160 2717 1185 2744 in
1197 2717 1292 2744 virtute
1306 2716 1490 2751 progressibus
1503 2716 1675 2747 adolevimus,
1692 2715 1726 2743 ob
1740 2721 1859 2742 nostram

1072 2763 1259 2798 perfectionem
1284 2763 1327 2789 illa
1351 2762 1476 2796 deinceps
1494 2762 1645 2797 imperfecta
1665 2766 1725 2789 sunt
1747 2762 1860 2789 reddita.

1073 2810 1215 2843 Propterea
1229 2809 1300 2836 venit
1313 2808 1441 2839 Christus,
1458 2812 1486 2835 ut
1498 2808 1547 2834 alia
1568 2808 1668 2842 majora
1682 2808 1759 2835 nobis
1773 2808 1861 2835 trade-

1074 2860 1123 2883 ret.
1141 2856 1179 2882 Ac
1194 2854 1253 2882 vide
1267 2862 1345 2890 quam
1360 2854 1504 2890 prudenter
1514 2858 1541 2882 et
1552 2858 1656 2882 veteres
1673 2854 1744 2890 leges
1759 2854 1862 2888 recitet,
