2055 3122
238 109 289 138 791

241 219 363 253 antiquis,
374 217 433 246 Non
441 218 539 245 occides
554 216 660 249 (Matth.
675 217 702 243 5.
715 216 773 250 2|).
791 215 837 242 Dic
849 216 930 242 etiam
950 223 965 242 a
980 222 1033 250 quo

242 265 275 290 sit
287 265 398 291 dictum.
412 263 452 290 Tu
466 262 623 294 hocdisisti,
637 270 670 288 an
684 261 762 289 Pater
773 261 850 289 tuus?
862 261 1032 297 Nequaquam

243 309 294 337 hoc
309 310 382 337 dicit.

276 355 327 382 Cur
346 355 497 390 legislatoris
515 363 604 381 nomen
617 358 696 381 taceat
709 354 835 382 Christus.
846 370 882 375 —
891 354 945 382 Cur
955 354 1033 389 igitur

241 401 290 428 hoc
304 401 394 431 tacuit,
410 408 506 435 neque,
528 401 587 436 quis
601 400 708 433 dixerit,
725 400 882 435 declaravit,
906 401 952 428 sed
967 409 1032 435 sup-

239 443 330 480 pressa
348 445 506 481 legislatoris
526 454 639 479 persona
655 446 739 482 legem
759 446 884 482 protulit?
902 445 1031 479 Quoniam

238 492 261 519 si
278 492 400 525 dixisset,
422 490 483 518 Non
499 491 677 528 oceides,cgo
694 497 782 521 autem
794 493 852 520 dico
871 493 957 525 vobis,
972 493 1031 520 Non

239 538 371 571 irasceris,
388 545 469 573 grave
491 539 582 567 luisset
594 540 691 572 vismn,
707 539 777 574 quod
797 539 911 572 dicebat,
925 544 1032 574 propter

238 591 330 611 eorum
345 585 390 620 qui
412 585 557 612 audiebant
574 585 736 618 vecordiam,
761 587 805 621 qui
829 586 939 613 necdum
955 586 1032 612 intel-

239 630 320 665 ligere
347 635 477 665 poterant,
501 639 563 659 eum
579 632 696 658 nondum
716 632 748 659 ad
772 632 914 660 evertenda
932 631 1030 666 priora,

239 675 286 702 sed
296 675 329 703 ad
339 683 370 703 ea
379 676 497 711 augenda
510 677 566 704 haec
577 678 681 704 sancire
694 686 700 704 :
712 685 743 705 ac
753 678 792 705 sic
802 685 862 705 cum
875 677 1033 712 compclias-

240 726 300 749 sent
314 731 320 748 τ
334 722 402 756 Quid
414 723 474 750 ais?
488 723 565 750 Pater
577 728 636 751 tuus
649 723 726 757 dixit,
736 722 796 749 Non
812 722 957 757 ocrides,tu
967 731 1032 751 vero

238 767 382 801 dieis,Non
402 769 547 796 irasceris?
568 769 605 796 Ne
618 769 677 804 quis
697 769 776 805 igitur
785 769 854 797 Patri
870 769 1031 796 contrarium

238 814 323 848 ipsum
345 818 459 848 putaret,
482 815 522 841 vel
547 820 680 849 tamquam
699 814 797 850 aliquid
819 815 964 850 sapientius
986 815 1031 842 illo

239 859 367 893 proferre.
393 867 446 886 non
471 860 536 887 dixit
556 869 564 887 :
585 860 701 888 Audistis
720 868 734 887 a
759 861 846 888 Patre.
871 861 982 894 ltursus,
1008 861 1030 888 si

237 903 356 937 dixisset,
366 904 554 940 Audistisquia
566 905 619 932 dixi
628 905 752 940 antiquis,
771 905 965 934 intolerandum
981 906 1030 933 hoc

236 958 351 985 quoque,
365 958 451 986 neque
471 953 557 978 minus
578 958 657 986 quam
677 951 741 978 illud
758 951 830 986 prius
844 951 928 978 visum
949 956 1029 978 cssot.

236 996 302 1024 Nam
318 997 339 1024 si
362 1004 421 1024 cum
436 996 561 1029 dixisset,
573 997 712 1032 Antequam
732 997 857 1024 Abraham
877 998 958 1032 ﬁeret,
984 1006 1030 1032 ego

236 1051 292 1069 sum
316 1043 403 1078 (Joan.
418 1043 445 1070 8.
461 1043 518 1078 58),
545 1043 676 1078 lapidibus
696 1051 758 1070 eum
781 1043 895 1071 obruere
913 1045 1029 1079 aggressi

236 1094 306 1121 sunt,
329 1089 351 1116 si
363 1088 515 1123 adjecissct.
541 1096 570 1116 se
591 1096 696 1124 quoque
715 1089 798 1124 Moysi
813 1089 898 1124 legem
913 1089 1028 1122 dedisse,

234 1133 296 1168 quid
311 1141 362 1161 non
377 1133 521 1161 fecissent?
539 1134 723 1169 Quamobrem
739 1142 825 1170 neque
837 1134 870 1162 de
883 1141 923 1168 se,
944 1143 1030 1170 neque

234 1179 266 1206 de
281 1180 357 1206 Patre
377 1179 519 1215 quidquam
534 1179 636 1214 dicens,
657 1180 704 1207 scd
722 1180 748 1208 in
762 1180 851 1208 medio
865 1181 1029 1216 relinquens,

233 1233 293 1252 cum
315 1225 437 1258 dixisset,
458 1225 582 1258 Audistis,
603 1227 662 1260 quia
676 1226 770 1252 dictant
785 1230 822 1253 est
837 1226 955 1259 antiquis,
972 1224 1030 1253 Non

237 1271 334 1297 occulas
347 1278 357 1297 :
377 1270 448 1305 quod
473 1271 499 1297 in
523 1271 680 1305 corporibus
700 1271 765 1306 egit,
787 1278 846 1298 cum
866 1278 899 1298 ex
911 1270 1031 1298 defectus

233 1316 416 1351 supplemento
429 1316 562 1344 docuisset
573 1324 630 1350 eos,
645 1317 705 1352 quis
720 1317 855 1344 hominem
869 1324 884 1344 a
899 1317 1030 1352 principio

232 1361 405 1393 condidisset,
421 1361 446 1389 id
465 1362 544 1389 etiam
560 1361 610 1389 hoc
624 1362 684 1390 loco
698 1362 830 1398 pnestitit,
846 1361 909 1390 dum
930 1370 976 1396 per
989 1363 1028 1390 le-

232 1407 272 1442 gis
293 1407 505 1435 emendationem
528 1412 555 1435 et
569 1407 729 1435 additionem
757 1408 815 1442 ejus
837 1407 908 1443 quod
927 1408 1028 1441 deerat,

232 1454 292 1489 quis
305 1454 348 1481 ille
363 1453 442 1481 fuerit
460 1454 549 1487 docet,
564 1454 608 1488 qui
623 1453 657 1480 ab
670 1453 744 1481 initio
765 1454 850 1489 legem
868 1453 938 1481 tulit.
961 1453 1029 1480 Pro~

232 1505 324 1536 pterea
338 1508 444 1535 quoque
459 1500 521 1527 dum
535 1505 625 1536 ageret
640 1499 674 1527 de
687 1500 823 1528 creatione
835 1500 960 1534 hominis,
982 1508 1030 1528 ne-

233 1554 285 1581 que
295 1546 335 1573 sui
349 1546 480 1579 meminit,
503 1553 589 1581 neque
605 1546 701 1579 Putris,
718 1545 765 1573 sed
781 1546 823 1573 hic
838 1553 944 1581 quoque
959 1546 1029 1573 nulla

233 1600 358 1628 expressa
373 1601 484 1628 persona
495 1593 657 1621 indelinitam
668 1592 744 1620 affert
758 1593 904 1620 orationem
919 1593 1026 1620 dicens:

234 1640 284 1674 Qui
308 1640 366 1675 fecit
389 1639 420 1666 ab
445 1640 527 1672 initio,
552 1639 693 1666 masculum
713 1644 735 1666 et
757 1639 878 1673 [culinam
898 1639 955 1674 fecit
987 1646 1029 1665 eos

233 1685 341 1720 (Matth.
360 1685 403 1712 t9.
419 1684 458 1718 Δ),
483 1689 510 1711 ct
534 1684 614 1711 verbo
638 1683 743 1718 quidem
768 1688 916 1711 creatorem
938 1684 1028 1716 tacuit,

233 1737 315 1765 opere
329 1734 417 1757 autem
433 1730 531 1763 docuit,
545 1729 606 1756 dum
620 1737 762 1764 corporum
775 1729 906 1757 delectum
921 1729 1027 1764 supple-

234 1777 281 1803 vit.
297 1776 334 1803 lta
350 1776 392 1803 hie
405 1776 485 1804 etiam
501 1783 559 1802 cuin
575 1775 697 1807 dixisset,
719 1775 846 1809 Audistis,
863 1776 922 1811 quia
934 1775 1029 1802 dictum

234 1828 269 1849 cst
282 1822 401 1856 antiquis,
418 1823 497 1849 tacuit
510 1821 616 1856 quidem
631 1830 645 1848 a
665 1829 717 1857 quo
728 1821 827 1849 dictmn
840 1826 921 1856 esset,
936 1829 1028 1849 verum

233 1870 350 1904 seipsmn
371 1869 496 1903 operibus
511 1868 574 1903 ipsis
593 1869 716 1896 ostendit.
739 1869 788 1903 Qui
807 1869 878 1896 enim
897 1869 1029 1897 defectum

235 1916 375 1950 supplevit,
391 1916 448 1949 ipse
462 1921 502 1942 est
513 1915 557 1950 qui
572 1914 604 1941 ab
618 1915 726 1942 iuitioin
738 1915 824 1942 lucem
837 1915 922 1950 ipsum
933 1915 1027 1942 edidit.

234 1961 307 1996 Ipsos
323 1966 450 1996 prmterea
461 1965 565 1988 veteres
579 1961 650 1995 leges
661 1961 732 1993 citat,
746 1965 775 1987 ut
785 1969 816 1988 ex
830 1962 1029 1995 comparatione

234 2007 337 2034 discant
350 2006 494 2037 auditores,
517 2014 568 2033 non
593 2007 651 2041 ejus
669 2007 712 2041 qui
733 2006 900 2034 adversarius
922 2007 957 2034 sit
972 2007 1029 2034 lure

235 2060 294 2080 esse
308 2053 388 2079 verba
398 2073 406 2085 ,
427 2057 455 2079 et
468 2059 497 2079 se
514 2052 607 2079 eadem
628 2060 688 2079 cum
703 2052 780 2080 Patre
799 2052 938 2087 pra-(litum
954 2057 1030 2087 pote-

235 2102 313 2125 state.
328 2097 389 2124 llazc
401 2097 480 2124 etiam
494 2097 578 2124 Juda-i
593 2097 795 2129 intellexerunt,
815 2102 841 2124 et
856 2097 944 2124 mirati
957 2102 1029 2124 sunt.

235 2145 323 2178 Atque
336 2147 364 2170 ut
383 2143 492 2169 miratos
507 2143 567 2169 illos
580 2150 639 2169 esse
653 2149 808 2176 cognoscas,
824 2141 884 2168 audi
894 2143 1029 2177 cvangeli-

235 2194 304 2217 sL'tm
326 2190 376 2216 hoc
397 2189 575 2216 declarantem
600 2196 630 2215 ac
656 2188 788 2215 dicentem
806 2197 811 2214 :
834 2188 1031 2215 Admirabantur

237 2236 316 2263 turba:
328 2243 403 2268 super
416 2234 532 2261 doctrina
550 2236 615 2268 ejus,
631 2234 689 2267 quia
702 2233 806 2260 docebat
821 2241 862 2259 eos
884 2233 948 2259 sicut
961 2239 1029 2268 pote—

237 2287 327 2308 statem
341 2280 451 2311 habens,
478 2285 501 2307 et
521 2288 570 2306 non
597 2279 661 2306 sicut
686 2278 773 2306 scriba!
792 2284 813 2305 et
828 2277 952 2305 Phariswi
974 2278 1028 2314 (Id.

237 2327 263 2354 7.
286 2327 330 2354 '28.
351 2327 408 2361 Ἡ).
434 2325 500 2359 Quid
527 2326 617 2360 igitur,
646 2325 667 2351 si
697 2331 832 2358 perperam
864 2324 914 2351 hoc
942 2325 1029 2359 suspi-

236 2371 386 2399 cabantur?
400 2371 468 2398 dicet
483 2370 578 2405 aliquis
597 2379 603 2397 :
621 2374 736 2396 attamen
755 2377 801 2396 eos
819 2377 871 2396 non
887 2370 1031 2404 reprehen-

238 2418 286 2449 dit,
301 2425 350 2444 nec
363 2416 516 2450 increpavit,
538 2415 584 2442 sed
598 2419 626 2442 et
641 2414 744 2441 illorum
758 2415 917 2442 sententiam
931 2415 1030 2442 conﬁr-

239 2463 328 2490 mavit.
345 2462 411 2490 Cum
422 2462 492 2489 enim
504 2461 591 2488 statim
608 2460 761 2488 accessisset
773 2460 894 2494 leprosos
903 2467 934 2487 ac
948 2460 1031 2488 dixis-

242 2510 294 2538 set,
321 2505 441 2536 Domine,
460 2505 483 2530 si
500 2505 547 2533 vis,
568 2509 639 2537 potes
662 2512 701 2530 me
725 2504 851 2531 mundare
880 2503 935 2540 (Id.
951 2505 1028 2536 ελ).

241 2551 311 2584 Quid
328 2550 386 2577 ait?
402 2549 478 2581 Volo,
496 2550 634 2577 mundare.
651 2549 707 2577 Cur
718 2554 809 2577 autem
827 2558 882 2577 non
894 2550 1025 2585 simplici-

241 2601 283 2625 ter
297 2596 377 2628 dixit,
396 2595 527 2623 llluudare
538 2596 550 2623 ?
560 2595 669 2623 tametsi
683 2595 850 2623 testiﬁcatus
861 2596 900 2623 illi
919 2601 977 2623 erat
992 2597 1029 2624 le-

240 2651 339 2679 prosus
365 2646 526 2678 potestatem
543 2643 632 2677 ipsum
655 2642 764 2675 habere,
788 2649 849 2668 cum
868 2641 981 2674 diceret,
998 2642 1028 2669 Si

241 2688 290 2715 vis.
308 2686 361 2714 Sed
380 2695 414 2714 ne
435 2687 611 2715 existimares
633 2686 775 2714 sentcntize
797 2690 903 2713 tantum
928 2687 1027 2722 leprosi

238 2732 460 2765 adscribendum,
481 2732 511 2760 Si
527 2732 576 2764 vis,
602 2732 702 2766 adjecit
718 2733 776 2767 ipse
791 2739 900 2767 quoque
916 2732 1026 2764 dicens,

244 2779 322 2812 Volo,
339 2780 477 2807 mumlare.
490 2779 536 2807 Sic
543 2779 605 2806 data
613 2786 695 2814 opera
706 2787 783 2806 suam
795 2779 894 2814 ubique
907 2785 1027 2815 potesta-

194 2846 199 2852 .
238 2830 292 2853 tem
309 2825 512 2859 manil’estabat,
533 2833 616 2860 seque
634 2825 725 2853 omnia
739 2833 771 2852 ex
783 2825 945 2853 auctoritate
957 2833 1025 2860 prcc-

596 115 624 144 S.
645 114 783 143 JOANNlS
803 113 1039 142 CllliYSOS'l'UMl
1061 114 1217 142 AllClllEP.
1233 114 1497 142 CONSTAXTINOP.

241 181 273 203 ct
289 181 370 202 novas
392 177 531 209 proponat.
555 172 678 204 Audistis,
703 171 797 206 inquit,
817 170 877 205 quia
893 171 988 196 dictant
999 175 1036 197 est

1825 106 1840 132 7
1845 105 1879 131 {)9

1090 177 1162 200 stare
1173 183 1179 201 :
1191 174 1292 208 alioqui
1302 174 1354 201 nisi
1363 174 1398 200 ita
1405 178 1488 206 esset,
1497 174 1635 209 superﬂua
1645 175 1690 203 illa
1699 180 1876 206 essetoratio.

1125 218 1152 245 6.
1165 219 1233 246 Cum
1251 220 1334 254 igitur
1349 221 1376 246 in
1393 220 1521 248 omnibus
1532 220 1593 255 eius
1608 226 1769 256 potestatem
1782 218 1877 252 disca-

1087 269 1156 295 mus,
1180 262 1201 289 si
1225 262 1287 297 quid
1303 263 1363 290 alibi
1380 263 1478 290 humile
1491 263 1579 290 facere
1593 264 1667 291 illum
1683 265 1723 292 vel
1737 266 1825 294 dicere
1839 268 1880 294 \i-

1085 307 1214 341 derimus,
1225 315 1284 334 cum
1296 313 1404 342 propter
1411 316 1468 341 cas,
1482 316 1548 343 quas
1558 318 1643 344 nuper
1652 312 1879 346 enumeravimus,

1085 360 1190 386 causas,
1212 358 1267 380 tmn
1289 353 1358 388 quod
1372 354 1506 381 auditores
1518 355 1550 381 ad
1568 355 1743 384 humilitatem
1763 358 1827 385 velit
1841 359 1874 385 in-

1085 399 1180 431 citare,
1196 407 1229 425 ne
1241 399 1339 426 idcirco
1351 400 1476 427 vilitatem
1490 400 1526 427 illi
1538 401 1693 429 substantia:
1704 403 1882 438 impuletnus;

1085 445 1214 480 siquidem
1223 444 1274 472 hoc
1285 445 1368 480 ipsum
1379 446 1448 480 quod
1459 453 1566 473 carnem
1576 449 1730 482 assumpsit,
1740 449 1773 476 ab
1781 457 1813 476 eo
1823 457 1879 484 pne

1086 491 1165 517 nimia
1181 491 1328 517 humilitate
1339 496 1491 525 susceptum
1505 496 1556 524 est,
1573 500 1624 519 non
1637 493 1707 527 quod
1719 494 1879 522 Patre‘csset

1086 536 1203 563 interior.
1221 535 1296 564 Unde
1310 544 1372 563 vero
1389 537 1413 563 id
1429 537 1554 564 constat?
1569 537 1633 564 Nam
1651 539 1701 565 hoc
1715 547 1820 574 quoque
1833 547 1882 566 vc—

1085 582 1168 608 ritatis
1186 581 1275 609 hostes
1289 582 1478 610 circumierunt
1494 583 1633 611 dicentes:
1650 585 1672 611 si
1692 585 1801 619 :equalis
1820 588 1878 612 erat

1085 627 1166 660 Patri,
1185 635 1264 662 quam
1278 628 1312 655 ob
1326 636 1431 655 causam
1447 629 1525 656 Pater
1538 637 1644 657 carnem
1659 639 1710 657 non
1724 631 1878 665 assumpsit,

1083 674 1130 702 sed
1146 673 1228 702 Filius
1242 675 1310 701 servi
1321 675 1441 702 .formam
1464 675 1570 703 induit?
1590 674 1686 702 Annon
1709 682 1750 704 est
1765 677 1877 704 mauile-

1083 725 1165 753 stum,
1181 720 1306 754 quOniam
1323 720 1433 748 inferior
1443 722 1519 754 erat?
1543 723 1621 756 Atqui
1637 722 1658 749 si
1675 727 1813 757 propterea
1829 729 1877 749 no-

1083 772 1166 793 stram
1185 767 1302 801 suscepit
1323 771 1455 800 naturam,
1474 767 1611 802 Spiritum,
1635 777 1714 803 quem
1734 769 1783 804 ipsi
1808 768 1877 796 Filio

1083 812 1213 840 minorem
1225 820 1284 840 esse
1296 817 1434 840 autumant
1449 818 1513 849 (non
1527 814 1598 841 enim
1614 814 1662 842 hoc
1676 823 1724 842 nos
1736 815 1874 850 dicimus),

1083 865 1190 885 carnem
1204 858 1344 892 oportebat
1363 866 1510 886 assumere.
1531 859 1559 886 Si
1584 860 1654 886 enim
1675 860 1772 888 idcirco
1790 861 1876 896 major

1083 908 1122 930 est
1141 903 1207 930 Filio
1222 903 1309 934 Pater,
1324 904 1449 938 quoniam
1463 904 1506 932 ille
1527 904 1679 932 incarnatus
1693 910 1744 938 est,
1759 905 1802 933 hic
1821 914 1876 933 non

1084 953 1125 975 est
1139 948 1300 982 incarnatus,
1323 950 1373 976 erit
1396 950 1475 977 etiam
1491 949 1605 984 Spiritus
1619 951 1676 985 ejus
1699 950 1734 978 ob
1755 952 1877 979 eamdem

1082 1002 1189 1022 causam
1214 995 1272 1030 ipso
1291 995 1400 1031 major:
1419 1004 1505 1032 neque
1529 998 1598 1024 enim
1624 998 1680 1032 ipse
1704 1005 1810 1025 carnem
1832 1005 1877 1026 as-

1082 1041 1206 1075 sumpsit.

1118 1086 1160 1114 Ez
1171 1087 1309 1122 Scripturis
1318 1089 1438 1124 probatur
1449 1089 1543 1116 Filium
1553 1098 1606 1117 esse
1620 1090 1690 1117 Patri
1703 1091 1829 1126 (aqualem.
1840 1107 1874 1112 —

1082 1132 1134 1160 Sed
1149 1141 1182 1161 ne
1196 1135 1361 1169 argumentis
1383 1134 1452 1162 istud
1466 1135 1689 1168 demenstremns,
1705 1144 1752 1172 age
1764 1145 1795 1164 ex
1810 1137 1876 1172 ipsis

1083 1180 1227 1214 Scripturis
1242 1181 1328 1215 ipsum
1344 1181 1488 1216 probemus
1501 1201 1508 1214 ,
1522 1187 1549 1209 et
1561 1183 1714 1210 humilitatis
1728 1191 1804 1210 causa
1818 1191 1877 1211 car—

1082 1233 1143 1252 nem
1157 1225 1229 1252 illum
1248 1226 1425 1260 assumpsisse
1447 1227 1627 1254 ostendamus.
1651 1227 1748 1255 Paulus
1771 1228 1875 1262 quidem

1081 1275 1166 1303 certe,
1181 1271 1225 1306 qui
1240 1271 1296 1298 lucc
1309 1276 1428 1304 noverat,
1444 1279 1503 1299 cum
1524 1272 1556 1299 ad
1569 1273 1702 1308 quidpiam
1724 1275 1799 1301 nobis
1814 1275 1877 1302 uti'o

1082 1324 1131 1344 nos
1146 1317 1335 1344 cohortaturus
1351 1322 1401 1350 cst,
1414 1317 1534 1353 exempla
1553 1318 1628 1345 nobis
1642 1319 1746 1346 virtutis
1761 1319 1795 1347 de
1808 1319 1875 1347 cado

1081 1362 1197 1389 demittit
1210 1370 1218 1389 :
1235 1367 1263 1390 ut
1276 1370 1336 1389 cum
1351 1370 1536 1397 smpenumero
1550 1364 1667 1391 caritatis
1681 1365 1799 1392 colenda:
1812 1372 1876 1392 con.

1087 1408 1175 1434 silium
1191 1407 1248 1441 dat,
1272 1413 1298 1435 et
1312 1413 1339 1435 ut
1353 1416 1382 1435 se
1402 1414 1496 1435 mutuo
1515 1409 1633 1444 diligant,
1649 1410 1723 1444 cupit
1736 1410 1877 1445 discipulos

1082 1453 1203 1486 incitare,
1214 1453 1346 1481 Christum
1362 1455 1469 1482 adducit
1485 1455 1512 1481 in
1526 1455 1641 1482 medium
1651 1455 1756 1483 dicens:
1772 1455 1876 1485 Virtuti-

1081 1499 1151 1534 ligite
1161 1507 1262 1531 uxores,
1281 1499 1344 1526 sicut
1359 1505 1381 1526 et
1393 1500 1506 1527 Christus
1518 1500 1606 1527 dilexit
1618 1500 1755 1528 Ecclesium
1767 1501 1874 1537 (Ephes.

1082 1543 1108 1571 5.
1125 1543 1182 1579 25).
1199 1545 1310 1579 liursus,
1331 1547 1374 1573 ubi
1393 1546 1426 1573 de
1443 1546 1610 1582 clecmosyna
1629 1546 1749 1580 dissorit,
1764 1548 1877 1582 idipsum

1082 1590 1164 1618 facit:
1192 1592 1315 1626 quocirca
1340 1593 1420 1620 etiam
1434 1593 1496 1620 dicit
1518 1602 1525 1620 :
1549 1593 1626 1621 Scitis
1648 1594 1755 1629 gratiam
1771 1594 1874 1622 Domini

1081 1637 1159 1664 nostri
1175 1637 1237 1664 Jcsu
1251 1638 1352 1670 Christi,
1373 1639 1491 1673 quoniam
1512 1644 1614 1673 propter
1627 1648 1669 1667 vos
1683 1648 1775 1675 egenus
1795 1642 1878 1676 [artus

1081 1687 1126 1715 est,
1143 1691 1199 1710 cum
1217 1689 1279 1710 esset
1296 1684 1373 1716 divas,
1391 1689 1418 1710 ut
1435 1684 1504 1711 illius
1522 1685 1609 1719 inopia
1630 1693 1672 1712 eos
1687 1686 1773 1713 divites
1790 1687 1876 1713 essetis

1081 1728 1119 1763 (2.
1141 1728 1199 1755 Cor.
1216 1729 1242 1756 8.
1259 1728 1297 1765 9).
1326 1729 1427 1756 llorum
1450 1735 1537 1757 autem
1560 1731 1701 1758 verborum
1721 1731 1764 1758 hic
1783 1739 1877 1759 sensus

1080 1778 1122 1801 est
1135 1783 1142 1800 :
1157 1774 1380 1808 qutmiadmodnm
1401 1774 1486 1802 factus
1503 1780 1544 1803 est
1555 1784 1654 1810 egenus
1676 1777 1802 1804 Dominus
1817 1783 1878 1804 tuus

1080 1826 1187 1846 carnem
1201 1827 1350 1851 assumens,
1367 1820 1401 1847 ita
1416 1824 1442 1847 tu
1457 1821 1482 1847 in
1496 1821 1612 1854 pecuniis
1627 1829 1726 1856 egenus
1742 1821 1799 1849 ﬁas.
1812 1822 1876 1849 Nam

1081 1869 1109 1891 ut
1123 1864 1195 1890 illtun
1211 1869 1316 1899 egestas
1328 1865 1420 1900 gloritc
1432 1865 1497 1892 nihil
1513 1866 1589 1898 Lcsit,
1606 1867 1645 1893 sic
1659 1875 1745 1902 neque
1758 1872 1783 1895 te
1798 1875 1878 1902 pecu-
1896 1882 1900 1886 ι

1081 1909 1185 1937 niarmn
1201 1909 1289 1944 inopia
1307 1910 1405 1938 la-dere
1421 1912 1528 1946 poterit,
1543 1912 1590 1939 sed
1604 1913 1700 1939 multas
1714 1913 1760 1940 tibi
1770 1913 1877 1940 divitias

1081 1956 1256 1990 comparabit.
1279 1957 1323 1984 Sic
1344 1962 1370 1984 et
1390 1957 1424 1984 de
1445 1957 1594 1985 humilitate
1608 1958 1677 1993 apud
1693 1958 1877 1994 Philippenses

1081 2001 1215 2029 disserens
1225 2002 1359 2029 Christum
1375 2003 1399 2029 in
1415 2002 1529 2030 medimn
1544 2003 1659 2036 adducit,
1672 2011 1786 2039 cumque
1797 2005 1878 2032 dixis-

1081 2051 1141 2078 set,
1178 2046 1327 2074 liumilitate
1353 2048 1400 2074 sibi
1433 2048 1536 2074 invicem
1562 2049 1702 2083 superiores
1727 2049 1877 2077 arbitrantes

1082 2092 1210 2128 (Philipp.
1227 2093 1252 2119 2.
1269 2094 1308 2128 5),
1332 2094 1462 2128 adjunxit,
1484 2093 1540 2121 Hoc
1561 2095 1627 2121 enim
1645 2095 1733 2122 sentite
1751 2096 1777 2122 in
1798 2096 1875 2129 vobis,

1081 2138 1148 2172 quod
1171 2143 1194 2164 et
1207 2139 1233 2165 in
1247 2138 1346 2165 Christo
1364 2138 1436 2171 Iesu,
1451 2139 1498 2173 qui
1512 2147 1569 2166 cum
1586 2139 1612 2166 in
1633 2140 1715 2175 {arma
1734 2139 1783 2167 Dei
1803 2147 1875 2173 esset,

1083 2191 1132 2210 uou
1150 2184 1276 2218 rapinam-
1289 2185 1425 2211 arbitratus
1444 2187 1479 2211 est
1493 2193 1545 2212 esse
1561 2194 1588 2212 se
1605 2186 1727 2219 azqualem
1748 2185 1811 2219 Deo,
1833 2187 1876 2214 scd

1082 2230 1241 2265 semetipsum
1255 2230 1393 2257 exinanivit
1408 2232 1518 2265 formam
1531 2232 1595 2258 servi
1609 2232 1734 2267 accipiens
1745 2231 1797 2267 (Ib.
1811 2241 1834 2259 υ.
1847 2234 1873 2260 5.

1083 2275 1121 2309 7).
1137 2277 1222 2310 Atque
1242 2276 1263 2303 si
1279 2276 1349 2311 quod
1364 2281 1435 2304 esset
1448 2281 1541 2305 natura
1560 2277 1680 2310 inferior,
1700 2286 1806 2306 carnem
1828 2287 1875 2312 ec-

1083 2326 1154 2347 stare
1167 2321 1289 2356 dignatus
1303 2327 1354 2353 est,
1375 2329 1426 2349 non
1437 2322 1492 2357 jam
1509 2323 1571 2350 illud
1585 2322 1683 2351 factum
1697 2325 1747 2351 erit
1766 2325 1875 2351 humili-

1084 2367 1154 2399 tatis,
1177 2367 1223 2395 sed
1245 2367 1342 2395 frustra
1359 2369 1467 2403 protulit
1491 2369 1552 2396 illud
1569 2370 1677 2404 Paulus,
1693 2371 1756 2398 dum
1771 2373 1803 2399 ad
1825 2372 1875 2399 lm-

1085 2412 1221 2439 militatem
1235 2414 1400 2441 adhortatur.
1422 2415 1489 2442 Tum
1503 2416 1572 2442 enim
1594 2416 1728 2444 lmmilitas
1741 2422 1793 2450 est,
1813 2426 1873 2445 cum

1083 2459 1194 2492 urqualis
1204 2459 1294 2486 obcdit
1302 2461 1406 2495 aequali.
1418 2461 1684 2496 lloeigiturindicans
1694 2468 1721 2490 et
1732 2463 1789 2498 ipse
1797 2464 1875 2491 dicit:

1086 2504 1204 2536 Quicum
1226 2506 1252 2532 in
1273 2507 1355 2541 [arma
1371 2508 1418 2534 Dei
1439 2512 1510 2538 esset,
1535 2516 1584 2534 non
1602 2509 1719 2543 rapinam
1740 2510 1878 2538 arbitratus

1085 2556 1119 2579 est
1133 2560 1185 2579 esse
1198 2561 1224 2580 se
1233 2553 1354 2588 wqualem
1369 2553 1430 2586 Deo,
1446 2555 1489 2581 sed
1501 2555 1659 2590 semetipsum
1673 2556 1810 2583 exinauivit
1821 2559 1878 2591 [or-

1084 2605 1150 2622 mam
1164 2598 1227 2624 serui
1242 2598 1377 2633 accipiens.
1390 2598 1456 2632 Quid
1470 2604 1522 2632 est,
1539 2598 1598 2626 Non
1610 2600 1728 2634 rapinam
1740 2601 1879 2628 arbitratus

1085 2647 1120 2669 est
1141 2651 1194 2670 esse
1215 2653 1240 2670 se
1261 2645 1384 2679 ter/uatem
1406 2644 1477 2678 Deo,
1500 2645 1544 2672 sed
1562 2646 1720 2680 semetipsum
1740 2647 1880 2674 exinaniuit

1085 2690 1192 2722 formam
1209 2690 1272 2716 servi
1285 2690 1430 2724 accipiens?
1442 2691 1491 2724 Qui
1504 2692 1591 2726 rapuit
1603 2693 1700 2727 aliquid
1712 2701 1744 2720 ex
1760 2695 1801 2727 iis,
1818 2703 1881 2730 quas

1085 2734 1150 2760 nihil
1175 2735 1207 2761 ad
1229 2742 1258 2762 se
1278 2736 1400 2767 attinent,
1427 2736 1491 2763 illud
1514 2742 1640 2772 perpetuo
1660 2739 1765 2771 retinet,
1791 2748 1880 2775 neque

1087 2784 1172 2814 potest
1194 2781 1288 2808 adduci
1304 2787 1332 2808 ut
1349 2782 1412 2809 illud
1425 2783 1557 2817 deponat,
1574 2785 1644 2819 quod
1661 2790 1757 2812 metuat
1768 2807 1774 2817 ,
1792 2795 1880 2822 nequc

1087 2825 1250 2853 conﬁdenter
1263 2826 1324 2853 illud
1341 2827 1494 2862 possideat:
1515 2829 1559 2863 qui
1575 2837 1637 2858 vero
1657 2830 1753 2858 bonum
1770 2833 1879 2865 alituod
