2039 3151
233 205 284 233 793

236 261 360 296 possalet,
375 259 444 294 quod
458 258 554 286 auferri
571 265 621 283 nun
636 260 732 291 potest,
750 254 809 281 licet
824 251 885 279 illud
897 249 1020 280 occultet,

236 307 342 334 minime
358 307 442 332 timet.

272 352 416 379 Similitudo
432 359 446 376 α
460 357 529 377 serra
544 353 565 375 ct
578 348 630 382 ﬁlio
647 347 731 373 (ιω-ια.
743 360 778 365 -
793 343 870 370 Verbi
885 342 978 377 gratia,
995 346 1022 367 ut

236 399 364 433 exemplis
382 396 451 431 quod
465 396 523 422 dico
538 394 705 421 manifestum
719 391 821 421 evadat,
837 390 869 415 sit
882 388 1021 433 quispiam,

236 431 354 478 ejusdem
371 449 438 469 unus
457 447 558 471 servus,
575 439 642 465 alter
658 437 735 463 ﬁlius.
750 436 776 463 Si
791 443 853 469 ergo
868 441 958 460 servits
975 431 1022 458 mi~

237 492 307 517 nime
332 487 532 515 convenientem
556 485 604 519 ipsi
631 484 777 510 libertatein
801 482 868 508 elata
892 487 955 506 voce
974 479 1023 505 sibi

239 535 364 566 vindicet,
386 541 416 560 ac
431 532 538 559 domino
562 538 591 557 se
613 533 737 564 Opponal,
754 527 847 554 adduci
864 534 915 552 non
939 528 1025 559 potest

238 587 264 607 ut
279 580 374 607 servile
389 578 529 613 quidquam
548 580 617 610 agat,
634 582 719 608 neque
735 572 872 607 pra-ceptis
887 571 1023 603 obtempe-

238 631 288 659 rat,
305 627 403 653 veritus
418 633 450 651 ne
473 624 523 650 hoc
547 623 631 657 ipsum
656 621 754 647 ofﬁciat
769 618 894 649 libertati,
911 621 937 643 et
959 616 1024 642 obes

238 673 315 699 diens
331 675 463 706 prteccpto
476 669 524 696 sihi
547 667 710 695 obstacttltun
726 664 831 698 objiciat
849 672 855 690 :
869 662 966 697 quippe
981 661 1024 694 qui

241 719 367 744 honorem
382 715 531 749 arripuerit,
545 721 574 740 ac
591 717 684 747 przeter
698 711 850 744 dignitatem
875 706 1005 742 possideat
1018 715 1024 732 :

241 764 310 789 lilius
325 767 411 789 autem
434 761 528 788 servile
553 759 663 794 quodvis
687 765 753 791 opus
769 755 895 790 perﬁcere
918 752 1026 779 tttinitne

240 807 381 839 recusabit,
398 814 457 832 cuttt
473 805 547 835 sciat,
570 803 671 829 tametsi
687 806 780 827 cuneta
796 806 933 827 servorum
949 798 1027 823 obeat

239 852 395 884 ministeria,
424 851 487 877 nihil
512 850 554 876 illa
577 856 651 874 suam
675 848 821 873 libertatem
850 844 953 874 hesura,
979 841 1024 867 sed

239 899 375 924 immotam
403 896 473 922 illattt
498 900 708 929 permansuram,
734 898 793 917 cum
819 897 897 922 opera
922 887 1025 914 servilia

238 943 354 970 nativam
365 942 399 968 illi
410 949 460 968 non
473 940 572 974 possint
582 938 744 964 nohilitatcnt
755 934 857 962 auferre
869 942 876 961 ε
888 933 957 967 quod
968 939 1026 959 eam

238 997 293 1015 non
318 989 407 1022 rapina
433 992 532 1021 partam
555 990 582 1011 ut
597 990 688 1011 servus
712 982 814 1012 haheat,
839 980 885 1008 sed
909 987 922 1006 a
946 978 1028 1005 nmlto

237 1039 362 1069 tctttpore
377 1038 454 1067 atqtte
475 1032 506 1059 ah
520 1032 575 1064 ipso
599 1030 682 1064 primo
696 1029 738 1055 die
760 1025 901 1053 nativitatis
915 1024 1028 1058 acquisi-

234 1086 305 1107 t:tm.
323 1080 376 1106 lloc
392 1079 468 1113 igitur
483 1082 509 1104 et
524 1077 617 1102 Partim
633 1074 750 1101 iudicans
764 1073 797 1099 de
812 1072 916 1099 Christo
930 1069 1025 1104 inquit:

235 1124 452 1160 quandoquidem
476 1128 567 1149 natura
590 1121 665 1151 lihcr,
681 1124 707 1146 et
721 1119 850 1153 genuinus
874 1118 941 1143 [ilius
954 1120 1026 1147 erat,

238 1179 293 1197 lion
307 1170 379 1204 quasi
396 1168 513 1202 rapinam
526 1167 700 1200 tl‘tlltztlit'llcln
712 1164 760 1190 sibi
772 1166 931 1197 arrogasset,
945 1161 1027 1195 ipsam

238 1216 331 1243 debuit
354 1215 495 1246 occultare,
511 1212 555 1239 sed
579 1211 690 1238 formam
714 1209 782 1236 servi
798 1207 960 1235 conﬁdenter
983 1214 1028 1233 as-

239 1262 362 1297 sumpsit.
374 1260 490 1288 Noverat
503 1258 584 1290 enim,
600 1257 680 1292 probe
696 1260 813 1287 noverat,
823 1253 1027 1281 condescensio‘

240 1315 301 1334 nem
316 1306 426 1341 gloriam
452 1305 500 1338 ipsi
515 1311 589 1330 suattt
612 1302 767 1328 itmttinuere
790 1307 841 1325 non
857 1306 933 1333 posse
947 1306 953 1323 :
969 1305 1028 1324 cum

240 1352 351 1379 ascititia
368 1359 419 1378 non
434 1355 517 1380 esset,
535 1356 619 1383 neque
635 1355 682 1381 per
703 1346 821 1379 rapinam
844 1344 963 1379 qutcsita,
980 1351 1028 1369 nec

241 1398 327 1425 aliena
341 1402 366 1424 et
381 1405 432 1423 non
449 1395 562 1429 propria,
579 1393 625 1420 sed
640 1392 767 1419 naturalis
780 1398 810 1417 ac
823 1390 950 1424 legitima.
965 1389 1030 1415 Pro-

242 1449 331 1477 pterea
353 1442 421 1469 servi
444 1441 557 1468 fortnam
580 1438 730 1471 assumpsit,
748 1444 807 1463 cum
823 1435 904 1469 probe
927 1434 1027 1465 sciret,

241 1489 345 1522 sibique
369 1486 539 1521 persuaderet
563 1484 636 1516 fore,
663 1487 691 1509 ut
715 1482 780 1508 nihil
802 1481 852 1508 hoc
877 1481 925 1516 ipsi
942 1484 1031 1514 posset

243 1540 348 1559 nocere.
366 1531 507 1558 Enimvero
520 1530 670 1556 nullatenus
684 1527 782 1559 nocuit,
798 1526 844 1553 Sed
860 1530 885 1552 ct
897 1526 923 1553 itt
947 1525 1028 1551 forma

242 1579 311 1605 servi
326 1578 445 1604 eamdem
466 1577 575 1610 gloriam
592 1574 708 1601 retinnit.
729 1573 806 1599 Vides
822 1576 850 1598 ut
872 1571 927 1605 ipsa
942 1569 1029 1597 carnis

242 1624 386 1659 assumptio
402 1623 436 1650 sit
457 1622 581 1649 indicium
599 1621 692 1647 Filium
715 1619 842 1653 :cqualetn
857 1625 917 1645 esse
938 1617 1028 1649 Patri,

241 1668 574 1704 atquehancmqualicucm
585 1674 636 1693 tton
646 1665 814 1693 adventitiam
823 1670 1031 1698 esse,uequeac-

243 1715 337 1742 cedere
350 1714 438 1741 solere
454 1721 484 1740 ac
499 1712 632 1743 recedere,
646 1710 692 1738 sed
714 1711 849 1737 immotam
870 1714 896 1735 et
909 1708 1029 1735 stabilem

242 1768 312 1794 esse,
328 1760 484 1795 qualemque
506 1757 629 1785 convenit
652 1756 734 1783 ﬁlium
759 1763 820 1789 erga
836 1759 936 1789 patrem
959 1753 1029 1780 obti-

243 1806 328 1833 nere?

278 1853 304 1878 7.
322 1851 359 1878 De
382 1850 517 1877 inimicitiis
542 1848 705 1883 deportandis.
720 1862 755 1866 —
767 1847 832 1873 lltcc
850 1846 927 1880 igitur
941 1845 1030 1872 omnia

243 1898 360 1925 dicamus
372 1897 432 1929 illis,
447 1901 482 1928 et,
494 1900 620 1930 quantum
632 1894 736 1929 quidem
749 1894 773 1919 in
787 1893 862 1919 nobis
877 1893 954 1918 situm
969 1891 1029 1923 erit,

243 1945 277 1972 ab
290 1944 333 1971 illa
345 1951 423 1979 prava
439 1941 535 1970 hzeresi
549 1942 621 1976 ipsos
631 1940 763 1967 abducere
776 1938 939 1971 studeamus,
952 1942 1032 1972 atque

242 1990 276 2017 ad
297 1989 436 2017 veritatem
458 1987 595 2015 reducere.
619 1984 653 2013 Et
670 1992 733 2012 vero
753 1992 802 2011 nos
826 1984 876 2018 ipsi
891 1991 924 2010 tte
947 1983 1030 2009 solam

244 2035 322 2063 ﬁdem
346 2034 422 2062 nobis
435 2033 469 2061 ad
490 2033 603 2060 salutem
627 2031 750 2059 sufﬁcere
764 2037 930 2061 censeamus,
946 2028 992 2055 sed
1005 2032 1032 2054 et

243 2080 451 2113 conversationis
460 2087 550 2109 curam
564 2085 696 2114 geramus,
705 2077 865 2112 optima‘quc
871 2076 931 2103 vita:
943 2075 1031 2110 speci-

244 2135 305 2155 men
313 2126 423 2155 edamus
436 2135 442 2154 :
454 2131 483 2153 ut
492 2133 524 2152 ex
536 2129 645 2159 utraque
656 2127 729 2158 parte
741 2122 882 2159 perlectam
894 2122 1031 2149 utilitatem

245 2173 420 2208 percipiamus
433 2181 440 2199 :
456 2176 483 2199 et
502 2171 536 2198 ad
550 2170 620 2205 quod
644 2177 728 2204 imper
744 2169 864 2195 hortatus
877 2175 946 2200 sntn,
963 2174 1033 2194 nuttc

245 2228 361 2256 quoque,
375 2224 404 2247 ut
426 2218 512 2253 reipsa
527 2222 694 2252 przestemus,
710 2223 758 2242 vos
771 2215 871 2247 hortor,
888 2219 914 2241 et
929 2218 1034 2241 mutuas

246 2265 396 2294 inimicitias
417 2264 591 2298 deponantus,
608 2270 657 2289 uec
681 2262 794 2296 amplius
816 2268 894 2296 quant
919 2267 970 2287 uno
991 2259 1034 2286 die

242 2312 382 2346 quisquam
405 2308 518 2344 proximi
547 2309 582 2336 sit
605 2308 746 2340 initnicus,
770 2307 817 2334 sed
841 2311 903 2333 ante
929 2309 1033 2333 noctem

245 2358 314 2385 iram
326 2356 442 2391 obiiciat,
465 2362 499 2382 ne
521 2361 582 2385 eunt
608 2354 679 2381 solus
699 2353 769 2387 apud
783 2360 812 2379 se
834 2352 921 2383 fuerit,
937 2355 1035 2386 etquae

245 2407 320 2436 gesta
340 2402 465 2436 dictaque
483 2398 602 2433 fuerint,
628 2399 690 2427 odio
712 2399 874 2433 impellente,
896 2398 1035 2433 diligenter

247 2447 396 2483 collegerit,
411 2446 590 2474 molestiorem
605 2446 685 2472 linem
701 2445 809 2476 efﬁciat,
820 2449 847 2472 et
860 2443 1035 2472 difficiliorem

247 2492 340 2520 reddat
351 2493 603 2520 reconciliationem.
616 2491 683 2518 Nam
702 2490 925 2526 quemadmodum
942 2497 1036 2524 corpo-

250 2539 285 2566 ris
299 2539 383 2566 nostri
403 2546 463 2566 ossa
485 2546 547 2566 cum
560 2545 576 2567 θ
589 2545 637 2565 sua
659 2537 755 2564 fuerint
776 2536 841 2563 sede
860 2536 996 2567 convulsa,
1012 2535 1035 2566 si

248 2583 388 2611 confestim
403 2584 585 2615 restituantur,
598 2590 651 2610 non
673 2589 770 2617 magno
783 2588 843 2609 cum
863 2581 953 2609 labore
975 2587 1037 2615 pro—

248 2629 336 2663 prium
355 2629 443 2656 locum
457 2632 615 2664 recuperarit
629 2637 636 2654 :
650 2628 692 2656 sin
713 2633 801 2655 autem
816 2626 894 2661 longo
918 2631 1037 2661 tempore

247 2679 324 2702 extra
338 2674 429 2703 sedem
441 2682 516 2702 suam
537 2674 694 2708 manserint,
717 2673 858 2702 difﬁculter
880 2677 970 2707 postea
992 2680 1036 2702 re-

249 2723 399 2752 vertuntur,
414 2724 442 2747 et
461 2720 488 2747 in
513 2728 590 2752 suum
611 2720 699 2748 locum
722 2719 843 2751 redeunt,
864 2726 896 2746 ac
914 2719 1036 2747 restituta

249 2766 395 2794 multorum
401 2766 503 2794 dictum
512 2767 598 2802 spatio
606 2766 734 2802 indigent,
743 2769 773 2793 ut
780 2765 899 2801 adaptari
906 2770 1000 2793 exacte
1006 2772 1037 2792 ac

250 2812 364 2841 stabiliri
382 2812 484 2847 possint
497 2817 524 2840 et
536 2820 693 2848 permanere
708 2821 715 2839 :
731 2813 770 2840 sic
783 2811 907 2839 nimirum
921 2815 949 2839 et
970 2818 1037 2844 nos,

250 2858 385 2893 siquidem
399 2859 488 2886 statim
500 2866 559 2886 eum
583 2859 698 2887 inimicis
710 2858 923 2892 reconciliemur,
938 2858 1037 2886 decen-

252 2906 292 2929 ter
306 2903 331 2931 id
343 2904 456 2939 agimus,
473 2911 559 2940 neque
576 2912 671 2940 magno
686 2905 773 2934 studio
792 2904 949 2940 indigemus,
964 2909 992 2932 ut
1011 2904 1039 2933 in

621 201 663 227 DE
682 197 815 228 CHRISTI
837 193 1013 228 l‘RECIBUS,
1032 191 1168 220 CONTRA
1188 191 1370 218 ANOMOEOS.
1392 190 1424 217 Χ.

1771 201 1773 204 ⁴
1810 188 1863 215 794

1076 252 1191 274 veterem
1207 246 1346 273 amicitiam
1361 247 1522 281 gratiamque
1542 246 1680 273 redeamus
1696 256 1702 273 :
1718 247 1758 273 siti
1774 252 1861 274 autem

1076 293 1229 320 diuturnum
1250 298 1353 326 tempus
1368 292 1564 325 intercesserit,
1582 296 1714 326 tamquam
1737 292 1799 320 odio
1814 301 1858 320 et-

1076 339 1167 366 c:ecati
1189 338 1379 370 erubescimus,
1404 337 1599 371 confundimur,
1614 338 1672 365 aliis
1695 339 1841 373 indigemus
1855 360 1862 372 ,

1077 386 1119 420 qui
1135 393 1186 412 non
1210 385 1287 412 tnodo
1302 384 1482 417 reconcilient,
1496 384 1542 411 sed
1560 389 1587 412 et
1608 390 1744 419 postquam
1761 386 1786 412 in
1802 393 1864 420 gra-

1079 432 1139 459 tiam
1166 432 1278 458 reditum
1302 436 1352 463 est,
1378 439 1425 457 tios
1444 436 1595 458 constanter
1618 432 1757 463 retineant,
1779 432 1864 458 donec

1079 478 1192 511 priorem
1206 476 1391 503 conﬁdentiam
1406 476 1658 511 recuperaveritttus.
1673 476 1742 504 Nihil
1760 477 1818 504 dico
1832 477 1864 504 de

1080 523 1220 558 ignominia
1234 527 1261 549 et
1276 522 1386 556 pudore.
1402 523 1496 549 Annon
1510 529 1678 557 summopere
1686 521 1864 549 condemnan-

1078 571 1139 596 dmn
1156 574 1205 601 est,
1221 569 1242 596 si
1268 569 1327 595 aliis
1340 576 1474 603 egeamus,
1489 569 1533 603 qui
1546 576 1605 594 cum
1621 568 1716 595 nostris
1740 569 1865 596 membris

1079 624 1127 642 nos
1140 615 1282 649 copuleut?
1296 614 1387 648 Neque
1403 621 1465 640 vero
1487 614 1571 640 solum
1592 613 1618 640 id
1633 614 1730 640 tnalmn
1750 622 1782 641 ex
1798 621 1863 641 cun-

1079 661 1195 687 ctatione
1209 660 1250 686 illa
1274 664 1300 686 et
1313 659 1438 687 dilatione
1455 660 1634 694 cottscquitnr,
1651 660 1697 686 sed
1717 660 1785 694 quod
1803 668 1863 694 pm-

1079 712 1135 733 cata
1159 707 1268 733 minime
1295 714 1366 738 vera,
1390 706 1484 733 deinde
1508 711 1614 740 peccata
1635 714 1693 733 esse
1719 706 1864 732 vidcantur.

1079 752 1268 786 Quodcumque
1291 752 1415 786 loquutus
1438 751 1516 778 fuerit
1541 751 1673 783 inituicus,
1695 752 1782 778 omnia
1807 760 1865 778 cum

1079 798 1229 832 suspicione
1243 797 1410 831 suscipimus,
1425 796 1481 824 sive
1502 801 1615 831 gestum,
1638 797 1692 823 sive
1712 802 1845 831 aspectum
1859 818 1865 828 ,

1080 845 1135 870 sive
1149 851 1249 874 vocem,
1265 843 1319 870 sive
1333 843 1474 869 incessunt.
1491 843 1556 869 Cum
1571 843 1641 869 enim
1653 843 1778 876 cernitur,
1793 843 1867 869 indu-

1081 896 1163 916 tnitain
1178 890 1292 916 animam
1308 889 1462 918 inﬁatnmat.
1480 893 1505 915 ct
1518 889 1539 915 si
1556 897 1606 915 non
1621 894 1754 921 cernatur,
1771 890 1867 923 pariter

1081 944 1171 963 rursus
1195 936 1314 963 dolorem
1343 935 1433 961 inurit.
1462 934 1519 961 Non
1554 935 1624 961 enim
1648 939 1748 961 tatttum
1775 942 1867 961 eorum

1080 988 1213 1017 aspectus,
1228 982 1272 1017 qui
1295 981 1417 1016 injuriatn
1438 981 1592 1011 intulerunt.
1608 980 1654 1007 sed
1675 985 1701 1007 et
1721 980 1869 1007 recordatio

1082 1029 1156 1055 uoltis
1172 1028 1319 1056 molestiam
1342 1028 1436 1055 achrrc
1458 1028 1595 1054 consuevit
1609 1036 1615 1053 :
1630 1035 1661 1054 ac
1674 1027 1694 1054 si
1710 1028 1820 1052 alterunt
1836 1027 1869 1053 de

1081 1084 1113 1102 eo
1128 1075 1279 1110 loquentem
1302 1074 1472 1105 audierimus,
1494 1074 1591 1107 pariter
1613 1073 1691 1099 verba
1708 1072 1827 1103 facimus,
1843 1076 1870 1098 et

1083 1126 1162 1147 totam
1179 1121 1256 1155 plattc
1271 1120 1351 1146 vitam
1368 1119 1392 1145 itt
1417 1119 1521 1146 tristitia
1543 1123 1569 1145 et
1582 1118 1674 1145 dolore
1691 1117 1849 1144 tradueintus
1861 1137 1869 1149 ,

1081 1175 1112 1194 ac
1125 1167 1223 1200 majora
1240 1166 1316 1193 nobis
1332 1165 1396 1200 ipsis
1410 1165 1476 1192 mala
1490 1172 1568 1199 quam
1583 1164 1633 1190 illis
1649 1164 1794 1196 inferimus,
1807 1163 1868 1190 dum

1083 1219 1237 1247 perpetuum
1253 1213 1350 1240 hellnut
1374 1212 1399 1240 in
1413 1212 1499 1238 anima
1514 1218 1711 1238 conservamus.

1119 1258 1240 1293 Epilogus
1254 1258 1383 1285 orationis.
1393 1273 1427 1276 —
1438 1257 1499 1284 lhee
1514 1257 1592 1291 igitur
1606 1257 1693 1283 omnia
1708 1264 1766 1282 cum
1780 1255 1871 1288 explo-

1082 1309 1137 1330 rata
1152 1304 1202 1330 sitit
1219 1302 1304 1334 nobis,
1321 1302 1494 1334 dilectissimi,
1511 1302 1628 1328 maxime
1643 1301 1748 1336 quidem
1764 1300 1871 1328 stridea-

1083 1358 1140 1375 mus
1155 1349 1240 1375 nullas
1262 1357 1320 1375 cum
1344 1348 1431 1383 aliquo
1448 1347 1598 1374 inimicitias
1619 1354 1762 1378 exercere;
1778 1347 1798 1373 si
1813 1354 1871 1380 qum

1083 1403 1145 1422 vero
1159 1395 1367 1427 intercesserint,
1381 1394 1474 1421 eodeni
1490 1394 1547 1429 ipso
1558 1394 1600 1420 die
1616 1394 1826 1420 rceoncrlienmr.
1843 1394 1871 1420 Si

1082 1440 1152 1468 enini
1180 1441 1291 1467 alterum
1327 1440 1466 1467 tertiutnve
1498 1439 1568 1467 diem
1604 1439 1758 1473 attigerint,
1782 1439 1870 1465 statim

1083 1486 1159 1513 tertia
1180 1487 1209 1512 lit
1233 1490 1323 1521 quarta
1337 1506 1344 1517 ,
1369 1491 1395 1513 et
1421 1486 1464 1512 illa
1487 1485 1589 1520 quittta,
1612 1489 1690 1520 atque
1713 1485 1768 1512 ha‘c
1790 1486 1872 1511 multo

1083 1532 1172 1565 plures
1187 1531 1283 1557 deinde
1295 1531 1351 1557 dies
1364 1531 1440 1557 nobis
1456 1531 1538 1565 pariet
1551 1530 1756 1557 inimicitiarmn.
1769 1531 1871 1562 Quanto

1082 1575 1153 1602 enim
1166 1576 1279 1610 atnplius
1294 1575 1450 1607 differimus,
1467 1579 1538 1602 tanto
1553 1575 1666 1609 amplius
1680 1575 1871 1603 eruhcsciums.

1083 1623 1116 1648 At
1127 1621 1255 1649 accedere
1271 1625 1295 1647 te
1319 1620 1408 1655 pudet,
1425 1625 1450 1648 et
1463 1620 1610 1647 deosculari
1626 1628 1686 1647 eum
1701 1621 1745 1655 qui
1763 1626 1786 1647 te
1806 1621 1872 1647 affe—

1082 1669 1117 1695 cit
1132 1667 1226 1702 injuria
1239 1667 1249 1694 ?

1118 1714 1157 1740 Ad
1176 1713 1402 1740 reconciliationem
1425 1721 1481 1739 cum
1502 1712 1609 1739 inimicis
1629 1712 1752 1739 hortatur.
1766 1727 1801 1732 -—
1816 1712 1870 1739 lmo

1083 1768 1145 1787 vcro
1159 1760 1210 1787 hoc
1231 1759 1287 1786 laus
1301 1764 1353 1792 est,
1378 1759 1428 1786 huc
1442 1767 1550 1791 corona,
1574 1759 1624 1785 ltoc
1647 1759 1805 1790 cncomium,
1822 1759 1871 1785 ltoc

1084 1807 1184 1833 lucrum
1201 1810 1228 1833 et
1240 1807 1380 1833 thesaurus
1400 1810 1439 1832 est
1452 1806 1528 1832 bonis
1544 1806 1689 1833 innumeris
1703 1806 1851 1833 cumulatus
1863 1826 1871 1838 ,

1083 1857 1110 1878 et
1136 1852 1192 1886 ipse
1217 1856 1242 1878 te
1257 1851 1452 1878 commendabit
1476 1852 1643 1883 inimicus,ct
1667 1859 1760 1878 ontttes
1782 1851 1872 1878 laudau

1084 1898 1158 1930 lmnt,
1174 1897 1217 1931 qui
1239 1897 1351 1924 aderunt
1366 1906 1371 1922 :
1387 1902 1414 1924 ct
1433 1904 1496 1923 vero
1519 1897 1579 1923 licet
1595 1897 1716 1923 homines
1730 1897 1872 1930 reprehen-

1083 1943 1157 1976 dant,
1174 1942 1242 1970 Deus
1256 1942 1314 1970 sine
1327 1942 1408 1969 dubio
1429 1942 1576 1969 coronabit.
1593 1941 1668 1975 Quod
1687 1942 1710 1969 si
1724 1946 1873 1976 exspectes,

1083 1993 1112 2015 ut
1125 1988 1198 2023 prior
1209 1988 1297 2015 veniat
1308 1995 1339 2015 ac
1352 1987 1455 2015 veniam
1469 1992 1551 2022 petat,
1565 1995 1617 2015 nou
1632 1992 1733 2014 tantum
1742 1992 1871 2022 quatstum

1085 2034 1176 2067 facies,
1192 2034 1323 2069 siquidem
1343 2034 1388 2061 ille
1412 2033 1550 2068 przemium
1575 2033 1717 2068 praeripiet,
1742 2037 1769 2060 et
1791 2037 1873 2060 totattt

1086 2080 1297 2109 benedictionem
1317 2079 1344 2106 in
1357 2086 1386 2107 se
1401 2078 1542 2107 transferet
1559 2088 1565 2106 :
1582 2079 1623 2106 sin
1643 2083 1731 2107 autem
1747 2079 1819 2114 prior
1831 2087 1867 2106 ac

1084 2133 1187 2159 curras,
1203 2133 1255 2152 non
1267 2125 1445 2160 supcraberis,
1460 2125 1506 2153 sed
1530 2125 1595 2152 iram
1608 2125 1708 2158 vinces,
1724 2125 1874 2160 passionem

1085 2171 1201 2206 subiges,
1225 2178 1348 2205 magnum
1375 2170 1550 2205 philosophia:
1571 2171 1705 2205 specimen
1724 2171 1798 2203 cdes,
1815 2178 1874 2197 cutn

1087 2217 1143 2244 Deo
1167 2216 1381 2251 obtemperabis,
1401 2216 1587 2251 jucundiorem
1609 2216 1717 2251 reliqua:
1737 2217 1796 2243 vita:
1824 2221 1875 2243 tua:

1086 2271 1192 2291 cursum
1207 2263 1314 2296 reddes,
1330 2267 1357 2290 et
1367 2262 1400 2289 ab
1414 2262 1538 2290 omnibus
1549 2262 1662 2297 negotiis
1675 2270 1706 2289 ac
1719 2262 1875 2289 tumultibus

1087 2308 1250 2336 liheraberis.
1266 2308 1321 2336 Nec
1341 2307 1411 2343 apud
1433 2308 1513 2335 Deum
1527 2307 1624 2341 solum,
1640 2307 1685 2335 sed
1701 2312 1727 2334 et
1745 2307 1814 2342 apud
1829 2307 1874 2334 lto-

1087 2354 1174 2382 mines
1191 2353 1322 2382 lubricum
1342 2361 1375 2381 ac
1396 2353 1572 2388 periculosum
1594 2358 1636 2381 est
1658 2353 1755 2380 multos
1777 2353 1876 2380 habere

1088 2400 1218 2430 inimicos.
1231 2399 1300 2434 Quid
1318 2400 1377 2429 dico
1391 2400 1509 2427 multos?
1522 2399 1608 2430 Unum
1628 2407 1660 2427 ac
1683 2399 1769 2428 solum
1790 2400 1875 2428 inimi-

1087 2454 1148 2475 cum
1163 2446 1261 2475 habere
1275 2446 1451 2481 periculosum
1473 2450 1523 2478 est,
1538 2446 1607 2485 sicut
1620 2450 1703 2473 lutum
1717 2453 1749 2473 ac
1762 2446 1877 2473 salutare

1088 2492 1110 2519 si
1126 2492 1172 2520 tibi
1185 2499 1278 2520 omnes
1288 2492 1342 2520 sint
1355 2492 1443 2520 amici.
1458 2491 1517 2520 Non
1531 2491 1566 2519 ita
1579 2491 1679 2520 reditus
1692 2492 1875 2526 pecuniarum,

1090 2546 1143 2566 non
1166 2538 1202 2566 ita
1214 2546 1300 2571 arma,
1322 2539 1431 2571 romula,
1445 2538 1532 2570 fossae,
1548 2542 1627 2572 atque
1650 2538 1796 2568 innumerae
1816 2538 1878 2566 reli-

1089 2591 1149 2618 quie
1162 2583 1292 2613 machina:
1305 2591 1354 2612 nos
1367 2584 1470 2613 munire
1482 2583 1579 2617 solent,
1594 2588 1621 2610 ut
1634 2584 1749 2613 amicitia
1762 2584 1876 2613 sincera.

1091 2630 1145 2658 [Ioc
1155 2629 1390 2664 propugnaculum.
1403 2629 1455 2657 hoc
1464 2631 1601 2662 securltas,
1613 2629 1664 2657 hoc
1671 2630 1817 2664 opulentia,
1828 2629 1879 2657 hoc

1090 2676 1201 2709 delicizc,
1225 2675 1275 2703 hoc
1294 2675 1406 2707 efﬁciet,
1428 2679 1458 2703 ut
1477 2680 1505 2703 et
1526 2675 1606 2702 vitam
1635 2681 1793 2710 praesentem
1816 2681 1881 2703 eum

1089 2721 1171 2747 διιίωί
1193 2720 1382 2755 tranquillitate
1402 2720 1548 2756 degamus,
1572 2725 1600 2748 et
1623 2719 1738 2749 futuram
1753 2720 1878 2756 largietur

1092 2764 1185 2793 vitam.
1201 2765 1266 2799 Qua:
1298 2766 1422 2793 nimirum
1445 2766 1533 2794 omnia
1559 2770 1649 2793 mente
1673 2771 1826 2800 versantes,
1853 2773 1880 2793 et

1091 2816 1217 2848 quantutn
1232 2819 1266 2839 ex
1289 2819 1321 2839 ea
1342 2819 1371 2839 re
1393 2811 1495 2839 lucrum
1516 2811 1666 2846 deeerptnri
1685 2812 1769 2840 simus
1790 2812 1880 2839 animo

1091 2862 1254 2893 reputantes,
1270 2857 1335 2885 nihil
1349 2865 1401 2885 non
1423 2865 1531 2893 agamus
1552 2862 1631 2894 atque
1645 2858 1795 2891 moliamur,
1812 2863 1840 2885 ut
1854 2863 1880 2885 et

1093 2912 1161 2941 quos
1173 2904 1302 2933 habemus
1315 2904 1391 2933 nobis
1405 2904 1607 2933 reconcilientur
1628 2904 1760 2939 inimicos,
1775 2909 1802 2932 et
1814 2911 1881 2942 quos
