2055 3122
163 130 216 157 795

159 186 275 216 habituri
302 196 440 226 essemus,
467 193 656 229 impedimnus,
685 204 784 232 eOSque
807 200 852 233 qui
878 201 954 229 nobis

159 234 240 262 amici
265 240 327 264 sunt
351 237 483 267 ﬁrmiores
514 242 759 278 constantioresque
787 245 951 273 reddamus:

159 279 290 314 siquidem
316 282 420 310 initium
433 289 460 311 et
484 284 543 312 linis
555 286 642 313 omnis
656 287 760 316 virtutis
779 294 821 317 est
832 291 928 318 caritas
943 301 950 318 ε

156 332 208 358 qua
222 326 326 355 sincere
345 335 377 355 ac
391 334 518 364 perpetuo
532 331 648 360 fruentes
662 338 689 360 ut
702 341 811 370 regnum
824 336 950 365 cwlorum

164 453 791 480 .==--_——:—-—~_==

517 137 545 165 S.
564 138 702 169 JOANNIS
722 142 958 174 CHRYSUSTUMI
978 146 1136 183 QRCHIEP.
1157 148 1422 180 CONSTANTINOP.

1745 151 1796 180 796

1007 195 1196 238 adipiscamur,
1212 206 1277 234 faxit
1288 209 1372 242 gratia
1386 214 1413 237 et
1435 209 1583 246 benignitas
1597 212 1701 241 Domini
1710 214 1796 242 nostri

1006 247 1069 276 Jesu
1083 249 1192 282 Christi,
1206 251 1248 279 cui
1262 253 1346 287 gloria
1360 258 1388 282 et
1400 255 1539 291 imperium
1553 258 1580 286 in
1598 259 1694 288 szeeula
1716 268 1799 289 διεω-

1007 293 1103 321 lorum.
1119 296 1214 324 Amen.

667 465 1729 478 Μ

280 591 320 621 ΙΝ
342 592 542 626 HOMILIAS
557 595 660 626 DUAS
675 595 835 627 CONTRA
858 595 1069 629 ANOMOEOS
1089 599 1465 631 CONSTANTINOPOLI
1485 600 1660 631 HABITAS

188 868 265 897 Licet
278 871 327 898 has
343 879 439 900 contra
463 875 614 901 Anommos
637 875 766 902 homilias
791 874 947 902 Constanti-

155 927 247 962 nopoli
273 927 401 956 habuerit
425 928 652 965 Cbrysostomus,
682 931 809 959 undecim
839 931 948 960 circiter

154 985 234 1012 annis
250 991 396 1021 postquam
413 986 474 1015 illas
489 987 558 1016 alias
582 993 677 1016 contra
705 990 855 1018 Anommos
880 997 947 1018 con-

154 1041 248 1071 ciones
262 1042 415 1072 Antiochiae
428 1044 592 1076 absolverat,
607 1047 760 1082 argumenti
787 1052 877 1076 tamen
906 1055 948 1075 ra-

155 1098 230 1126 tione
243 1098 328 1134 ducti,
339 1107 386 1128 eas
398 1106 599 1136 consequenter
609 1103 762 1138 posuimus,
775 1111 855 1132 secus
864 1113 946 1139 quam

152 1154 256 1183 Fronto
276 1155 402 1190 Ducaaus,
417 1157 463 1192 qui
480 1158 596 1193 primam
614 1160 708 1195 procul
724 1159 759 1188 ab
773 1161 834 1189 aliis
853 1167 947 1189 comra

151 1213 302 1241 Anomazos
324 1214 506 1243 concionibus
532 1217 662 1250 positam,
691 1225 754 1245 cum
785 1218 837 1246 hoc
856 1223 946 1246 tamen

151 1268 241 1302 titulo,
255 1274 349 1297 contra
359 1270 496 1299 Anomwas
512 1271 556 1305 γι,
567 1273 699 1301 ediderat.
713 1274 868 1302 Secundam
882 1284 948 1304 vero

151 1327 248 1362 paucis
263 1332 325 1362 post
344 1328 442 1356 diebus
467 1329 587 1357 habitum
615 1338 670 1358 non
689 1331 834 1361 advertens
849 1338 947 1362 cointra

151 1383 303 1411 Anommos
330 1391 402 1417 esse,
421 1385 448 1412 in
476 1385 602 1421 quintum
631 1391 736 1415 tomum
762 1388 946 1424 ablegaverat.

153 1436 250 1467 Habita
268 1444 359 1468 autem
375 1445 418 1468 est
432 1445 549 1477 utraque
563 1450 636 1470 anno
659 1443 722 1470 598.
741 1442 820 1471 Prior
843 1449 884 1472 est
900 1452 945 1473 se-

152 1497 242 1525 cunda
275 1497 349 1525 illius
381 1497 416 1525 ad
443 1497 779 1535 Constantinopolitannm
813 1501 943 1536 populum

153 1556 262 1588 concio,
278 1560 308 1584 ut
321 1555 399 1584 initio
415 1556 474 1591 ipse
495 1557 679 1591 testiﬁcatur;
705 1565 800 1586 verum
824 1567 867 1592 ea,
884 1568 945 1597 qum

153 1613 227 1640 hanc
239 1613 389 1648 praecessit,
406 1613 543 1641 interiisse
561 1614 678 1642 videtur.
699 1614 729 1642 Si
746 1615 813 1644 ﬁdes
837 1617 945 1646 duobus

152 1668 269 1696 vetustis
284 1669 437 1703 codicibus,
462 1670 581 1705 priorem
609 1671 706 1698 habuit
732 1672 945 1708 Chrysostomus

153 1725 182 1752 in
194 1723 269 1752 Nova
288 1724 421 1758 Ecclesia,
438 1725 468 1752 ὲν
480 1726 513 1761 τῇ
536 1726 624 1763 Καινῇ
649 1726 806 1763 Ἑκκλησίᾳ.
825 1729 859 1756 At
876 1731 945 1758 veri-

999 872 1089 899 simile
1105 875 1146 900 cst
1162 871 1188 898 id
1203 873 1229 898 in
1245 872 1322 899 titulo
1338 872 1463 906 posuisse
1479 872 1617 906 librarios,
1633 871 1685 900 hoc
1705 870 1790 908 Chry-

998 928 1110 956 sostomi
1126 927 1187 955 loco
1200 929 1309 960 ductos,
1325 928 1370 964 qui
1383 928 1464 964 paulo
1479 933 1539 963 post
1553 928 1661 956 initium
1674 929 1789 964 legitur:

999 984 1048 1012 Est
1064 989 1089 1012 et
1103 984 1152 1011 ltoc
1178 984 1337 1011 admirabile
1355 985 1426 1019 quod
1443 985 1560 1012 videmus
1588 985 1615 1012 in
1649 986 1698 1012 hac
1714 991 1791 1020 parte

998 1042 1116 1069 civitatis
1135 1041 1282 1069 Ecclesium
1296 1041 1364 1069 hanc
1377 1041 1539 1077 plantatam,
1563 1043 1788 1078 πεφυτευμένην,

997 1103 1022 1126 et
1042 1099 1213 1126 nihilominus
1224 1099 1300 1134 quasi
1316 1099 1344 1126 in
1360 1099 1446 1126 medio
1462 1100 1566 1126 camino
1592 1099 1677 1126 oleam
1692 1100 1790 1134 germi-

999 1160 1116 1188 nantem,
1139 1156 1263 1190 foliisque
1284 1160 1436 1183 comantem
1462 1160 1487 1183 et
1505 1156 1595 1191 fructu
1609 1164 1724 1191 gravem.
1745 1156 1792 1184 Sic

999 1219 1064 1239 vero
1080 1211 1212 1247 loquitur,
1228 1217 1256 1239 ut
1270 1212 1355 1247 liquet
1368 1220 1401 1239 ex
1419 1212 1453 1239 iis
1466 1220 1527 1247 quae
1543 1213 1710 1247 praecedunt,
1726 1213 1791 1248 quia

999 1270 1046 1298 illa
1061 1270 1135 1298 urbis
1151 1277 1214 1305 pars
1228 1270 1262 1297 ab
1284 1270 1420 1298 haereticis
1438 1275 1468 1298 ut
1485 1270 1633 1306 plurimum
1651 1271 1790 1298 incoleba-

999 1334 1064 1356 tur:
1080 1336 1169 1363 neque
1195 1333 1286 1356 tamen
1305 1328 1372 1356 dicit
1403 1336 1520 1364 usquam
1539 1330 1683 1358 ecclesiam
1716 1330 1789 1357 illam

999 1393 1095 1413 recens
1122 1389 1253 1413 structam
1286 1385 1382 1413 fuisse.
1411 1385 1595 1419 Quamobrem
1624 1386 1711 1414 donec
1727 1386 1792 1422 quid

998 1443 1101 1471 certius
1113 1447 1244 1479 emergat,
1262 1443 1326 1471 huic
1343 1443 1595 1479 manuscriptorum
1615 1443 1731 1472 duorum
1757 1444 1793 1471 ti-

1000 1499 1059 1527 tulo
1074 1507 1128 1527 non
1143 1499 1295 1527 habendam
1308 1507 1369 1528 esse
1377 1500 1458 1527 ﬁdem
1471 1508 1581 1528 censeo.

1035 1560 1114 1594 Huic,
1129 1566 1159 1589 ut
1180 1561 1309 1594 diximus,
1325 1567 1352 1589 et
1379 1562 1511 1597 temporis
1525 1567 1552 1590 et
1570 1562 1724 1597 argumenti
1748 1570 1794 1589 ra-

999 1618 1073 1645 tione
1088 1617 1172 1651 ducti,
1189 1618 1383 1654 subjungimus
1398 1619 1537 1646 homiliam
1555 1620 1582 1646 in
1597 1619 1790 1654 paralyticum,

998 1678 1025 1701 ct
1042 1673 1080 1701 De
1096 1674 1235 1701 divinitate
1251 1673 1362 1707 Christi,
1378 1675 1460 1711 deque
1470 1675 1527 1709 eius
1538 1684 1598 1702 cum
1610 1675 1691 1703 Patre
1705 1684 1790 1711 a‘qun-

1000 1733 1086 1764 lilate,
1104 1739 1187 1766 quam
1214 1732 1310 1766 paucis
1335 1737 1397 1767 post
1427 1732 1501 1760 illam
1533 1739 1627 1761 contra
1656 1734 1795 1762 Anomaeas

165 2038 299 2061 HOMILIA
321 2038 609 2060 CONSTANTINOPOLI
632 2039 750 2060 ΗΔΒΙΤΔ
771 2037 894 2059 CONTRA
917 2035 1080 2058 ANOMOEOS
1102 2035 1142 2055 DE
1165 2034 1486 2056 INCOMPREHENSIBILI
1508 2033 1561 2054 DEI
1583 2033 1710 2055 NATURA
1724 2034 1746 2061 ι,
1762 2035 1799 2056 ΕΤ

207 2088 291 2115 QUOD
312 2089 422 2111 NOVUM
443 2089 680 2111 TESTAMENTUM
704 2087 818 2111 VETERI
841 2087 1015 2114 CONSONET,
1039 2085 1142 2111 ATQUE
1164 2084 1196 2105 IN
1220 2083 1293 2110 EOS,
1316 2083 1370 2109 QUI
1398 2083 1517 2105 DIVINIS
1539 2083 1601 2105 NON
1624 2082 1801 2105 INTEBSUNT

204 2139 429 2162 εοΝνΕΝτιιιυς.

411 2266 518 2286 Πολιιιιλ
537 2265 668 2285 uunacma
684 2257 733 2292 (a).

204 2308 230 2334 1.
252 2306 372 2334 Secunda
389 2305 476 2332 concio
489 2304 708 2339 Constantinopoli
721 2304 806 2330 habita
820 2310 888 2329 anno
896 2302 958 2330 598.

169 2367 205 2374 ——
215 2352 302 2381 Unum
318 2351 387 2386 apud
403 2358 450 2378 vos
464 2351 533 2377 diem
547 2349 670 2381 disserui,
681 2354 708 2376 et
722 2349 784 2376 inde
798 2353 900 2376 tantum
912 2354 960 2374 vos

167 2398 259 2430 dilexi,
273 2402 399 2432 quantum
422 2397 443 2423 si
463 2395 498 2423 ab
515 2395 590 2422 initio
603 2394 738 2422 vobiscum
757 2401 844 2421 essem
859 2392 960 2420 educa-

168 2449 214 2472 tus
227 2452 234 2471 :
250 2443 286 2471 ita
299 2450 358 2470 sum
371 2442 446 2469 vobis
460 2441 577 2469 caritatis
591 2441 704 2468 vinculis
722 2439 878 2474 conjunctus
892 2446 923 2465 ac
937 2439 960 2465 si

168 2489 283 2525 plurimo
297 2492 417 2522 tempore
436 2487 536 2514 fructus
548 2485 710 2513 dulcissima:
731 2483 932 2512 consuetudinis
945 2491 960 2509 ιι

170 2535 246 2563 vobis
268 2534 456 2569 percepissem.
472 2532 548 2567 Quod
569 2534 598 2559 lit
611 2540 664 2559 non
681 2531 740 2566 quia
757 2538 805 2565 ego
819 2530 960 2557 admodum

172 2581 207 2608 ad
232 2579 376 2608 amicitiam
402 2583 429 2607 et
452 2579 588 2606 caritatem
611 2578 662 2605 sim
685 2577 805 2609 idoneus,
833 2575 880 2603 sed
901 2575 961 2610 quia

202 2671 211 2686 ι
229 2668 280 2698 Alii,
293 2668 401 2697 eiusdem
415 2667 446 2692 de
452 2664 686 2699 ittcompreltcttsilrlli
696 2667 779 2699 contra
791 2669 910 2699 mammas
920 2663 963 2699 Iro-

169 2701 237 2726 mtlia
247 2694 323 2725 aelate.
331 2702 380 2724 Duo
388 2703 469 2723 autem
480 2694 600 2728 adjiciunt,
610 2696 689 2722 habita
696 2695 741 2727 fuit
751 2695 777 2728 in
783 2701 847 2728 nova,
852 2694 962 2724 ecclesia,

169 2731 234 2763 quod
245 2730 431 2763 additamentum
449 2727 532 2763 aetatu
543 2730 643 2759 dignum
656 2731 702 2752 est.
716 2727 774 2751 vide
785 2727 910 2751 monitum.
922 2730 963 2750 sa-

168 2760 212 2796 ﬁl,
225 2765 252 2796 et
263 2760 344 2796 Morel.
358 2760 452 2796 titulum
464 2761 556 2785 habent
567 2764 692 2796 utsupra;
716 2789 730 2796 __
739 2795 743 2796 ν
752 2795 774 2796 ἡ
794 2791 823 2796 Μ

185 2793 239 2854 9&3)
250 2796 275 2817 In
285 2792 347 2829 hanc
369 2791 493 2816 Homiliam
510 2787 655 2829 contulimus
677 2789 775 2815 codices
794 2788 881 2820 Regios
895 2787 961 2818 1925,

171 2826 182 2853 l
232 2843 239 2855 .
254 2823 321 2854 1960,
334 2823 394 2850 19ῖῦ
405 2826 430 2848 et
437 2822 541 2848 Colbert.
554 2821 609 2846 om.

1015 2259 1062 2279 vos
1087 2252 1296 2285 desiderabiles,
1321 2251 1493 2286 omniumque
1523 2252 1640 2279 maxime
1665 2252 1803 2280 amabiles.

1012 2297 1077 2330 Quis
1090 2298 1161 2325 enim
1178 2305 1231 2325 non
1244 2298 1422 2325 admiraretur
1435 2298 1541 2333 igneum
1554 2298 1652 2332 zelum,
1667 2299 1804 2326 caritatem

1012 2343 1112 2378 absque
1133 2343 1312 2376 simulatione,
1334 2343 1547 2371 benevolentiam
1567 2343 1593 2370 in
1616 2348 1804 2378 praeceptores,

1011 2389 1184 2417 concordiam
1204 2390 1272 2417 inter
1287 2396 1343 2421 vos,
1366 2397 1425 2424 qua:
1448 2397 1514 2416 sane
1526 2389 1614 2416 omnia
1632 2390 1696 2417 satis
1716 2393 1807 2416 essent

1014 2440 1043 2463 ut
1066 2435 1109 2462 vel
1127 2435 1258 2470 lapideam
1285 2435 1402 2462 animam
1424 2434 1500 2462 vobis
1521 2435 1715 2462 conciliarent?
1736 2435 1807 2462 Pro'

1014 2486 1104 2515 pterea
1119 2488 1171 2508 non
1185 2481 1273 2508 minus
1285 2488 1332 2508 vos
1344 2488 1475 2513 amamus,
1486 2487 1565 2515 quam
1578 2480 1721 2507 Ecclesiam
1731 2478 1808 2506 illam

1014 2527 1042 2554 in
1056 2534 1107 2562 qua
1127 2527 1192 2560 nati,
1214 2526 1330 2558 educati,
1354 2530 1382 2553 et.
1396 2525 1492 2553 eruditi
1508 2533 1600 2553 sumus
1616 2534 1622 2553 :
1638 2533 1716 2552 soror
1732 2524 1808 2554 enim

1015 2573 1086 2600 illius
1105 2573 1163 2600 haec
1184 2577 1235 2605 est,
1251 2580 1355 2608 vosque
1371 2572 1556 2608 cognationem
1572 2572 1644 2599 illam
1659 2579 1742 2606 opere
1757 2572 1807 2599 de-

1015 2619 1146 2647 clarastis.
1160 2619 1288 2652 Quamvis
1301 2624 1389 2646 autem
1405 2619 1450 2646 illa
1466 2623 1587 2653 tempore
1607 2618 1642 2646 sit
1662 2619 1807 2654 antiquior,

1016 2664 1074 2691 haec
1088 2671 1175 2692 tamen
1201 2665 1253 2691 ﬁde
1267 2664 1413 2692 ferventior
1437 2669 1489 2698 est,
1511 2669 1539 2692 et
1560 2664 1615 2691 illic
1637 2665 1722 2699 major
1741 2672 1808 2691 con-

1016 2715 1110 2738 ventus
1125 2714 1166 2738 est
1183 2717 1216 2737 ac
1234 2710 1365 2737 celebrius
1379 2710 1522 2742 theatrum,
1543 2710 1591 2737 sed
1604 2710 1647 2737 hic
1662 2710 1747 2745 major
1763 2718 1809 2745 pa-

1017 2756 1120 2787 tientia,
1135 2754 1298 2790 majorisque
1317 2754 1479 2782 fortitudinis
1498 2755 1634 2783 indicium.
1651 2754 1717 2782 Nam
1730 2755 1809 2782 video

1016 2801 1190 2837 tmdcquaquc
1205 2801 1247 2830 hic
1260 2801 1337 2836 lupos
1357 2801 1538 2836 obambulare,
1562 2802 1632 2830 ovile
1645 2807 1735 2829 autem
1755 2810 1808 2830 nou
