2055 3122
240 165 294 194 197
772 194 778 199 ,

241 221 371 255 imminui.
383 219 556 254 Circumdant
574 222 693 246 sanctam
715 217 784 254 hanc
802 216 890 249 narim
905 215 1033 251 continuo

241 271 386 303 tempestas
400 270 427 293 et
446 266 541 303 hiems,
562 264 792 300 procellarumque
810 269 873 289 vts:
893 269 946 289 non
967 262 1030 292 sub-

241 317 396 348 merguntur
418 315 507 339 tamen
528 310 572 345 qui
597 310 622 337 in
645 317 675 336 ea
691 309 825 344 navigant.
842 307 1033 342 Undecumque

242 359 371 386 invadunt
386 357 517 384 haeretica:
536 356 660 388 llammre,
676 360 702 382 et
713 355 757 390 qui
773 354 797 386 iu
812 353 899 381 medio
913 357 974 382 sunt
989 360 1033 379 ea-

242 405 327 438 mino,
345 411 405 431 rore
425 403 555 437 spirituali
570 402 753 437 perfruuntur.
775 401 822 429 Est
837 405 863 427 et
878 400 929 427 hoc
948 399 1033 426 admi-

242 450 337 483 rabile,
352 449 422 484 quod
436 448 556 476 videmus
570 448 595 475 in
612 448 659 474 hac
671 451 746 481 parte
760 446 873 473 civitatis
886 445 1032 475 Ecclesium

242 495 310 521 hanc
325 496 479 529 plantatam,
505 498 530 520 et
552 493 722 519 nihilominus
741 492 816 526 quasi
840 492 866 518 in
889 491 976 518 Incdio
990 497 1033 521 ca-

242 541 314 567 mino
338 541 424 567 oleam
447 540 651 575 germinantem,
677 538 799 573 foliisque
823 543 982 570 comantem,
1008 542 1033 564 et

242 585 329 612 fructu
354 594 471 621 gravem.
495 586 575 620 lg7tur
598 593 657 611 cum
686 592 732 611 \‘os
759 589 811 611 tam
841 584 940 617 cordati
964 584 1032 616 sitis,

243 635 350 665 tamque
366 631 454 665 multis
470 631 545 665 bonis
564 630 645 665 digni,
663 637 711 664 age
726 634 848 665 prompto
864 629 951 656 studio
972 637 1033 663 pro-

242 677 395 705 missionem
409 685 491 711 nuper
505 677 578 703 robis
597 676 690 703 factam
706 676 856 702 reddamus.
872 676 946 702 Tunc
961 676 1031 702 enim

242 723 276 749 de
286 723 366 749 armis
384 722 463 749 David
478 727 504 749 et
518 722 621 749 Goliath
636 721 705 755 apud
717 729 763 748 vos
781 721 1033 756 philosophabamur

243 767 282 802 (l.
294 767 358 802 Reg.
371 766 426 803 l7),
442 767 612 794 ostendentes
621 767 690 794 hunc
701 767 805 801 quidem
818 767 957 802 onmigeua
970 774 1031 802 gra-

241 813 320 847 vique
333 818 466 840 armatura
481 813 595 847 titulique
607 813 747 846 munitum,
764 812 836 845 illum
852 817 939 846 autem
951 814 1032 840 armis

242 858 353 891 nudum,
383 859 435 886 ﬁde
459 859 675 892 munitissimum,
704 863 731 886 et
759 858 829 891 hunc
851 859 956 893 quidem
984 867 1031 886 cx-

212 911 216 914 '
242 904 372 931 trinsecus
386 904 510 939 fulgidum
526 905 634 936 thorace
652 909 678 931 et
696 909 782 937 scuto,
795 905 870 931 illum
885 910 972 931 autem
990 905 1031 931 in-

241 954 285 976 tus
296 950 389 984 spiritu
404 955 431 977 et
441 951 525 985 gratia
537 951 693 983 radiantem,
708 955 787 985 atque
801 951 870 978 hanc
882 951 914 978 ob
925 958 1030 977 causam

241 1003 256 1022 a
271 1003 353 1029 puero
369 996 514 1025 certamine
529 997 626 1023 victum
638 997 775 1031 juvenem,
798 1004 813 1023 a
829 997 899 1023 nudo
920 1004 1031 1031 supera-

241 1045 296 1067 tum
312 1046 453 1074 armatum,
475 1050 488 1068 a
505 1047 610 1076 pastore
630 1047 789 1077 prostratum
813 1043 933 1074 militem,
957 1050 972 1069 a
987 1050 1032 1077 pa-

241 1087 347 1113 storalis
359 1087 452 1121 lapidis
468 1092 559 1114 natura
575 1087 661 1114 bellici
676 1087 737 1113 aeris
753 1092 873 1115 naturam
890 1088 1030 1119 contritam

240 1131 469 1164 etlabefactalam.
487 1132 601 1159 Proinde
614 1137 640 1159 et
655 1140 703 1159 nos
717 1133 829 1167 lapidem
846 1133 919 1159 illum
937 1133 961 1159 in
975 1140 1032 1159 ma-

240 1184 290 1204 nus
309 1178 479 1212 accipiamus,
503 1179 656 1212 angularem
673 1179 745 1205 illum
763 1183 790 1206 et
811 1179 974 1213 spiritualcm
991 1179 1031 1206 in—

240 1231 330 1257 quatn.
353 1224 380 1251 Si
395 1224 465 1251 enim
485 1224 566 1251 Paulo
581 1224 760 1259 philosophari
781 1225 854 1258 licuit
867 1225 900 1252 de
914 1230 987 1259 petra
1005 1226 1029 1252 in

240 1269 382 1296 solitudine
401 1269 438 1304 (l.
453 1269 512 1296 Cor.
529 1270 572 1296 10.
589 1270 626 1304 4),
648 1278 733 1305 neque
756 1271 832 1298 nobis
847 1271 906 1305 quis
919 1279 1030 1298 succcn-

239 1314 320 1347 sehit,
342 1315 364 1341 si
390 1315 503 1349 lapidem
533 1316 605 1342 illum
634 1317 726 1343 eodem
756 1317 834 1350 modo
858 1318 1028 1352 accipiamus.

239 1359 304 1386 Nam
324 1361 391 1388 sicut
414 1369 466 1388 non
483 1367 576 1389 natura
597 1366 678 1397 petra:
691 1362 801 1395 \‘isibil‘s
821 1364 889 1397 apud
911 1364 1026 1396 Judecos,

239 1404 287 1435 scd
306 1406 390 1433 virtus
404 1406 548 1440 spiritualis
564 1412 647 1441 petra:
668 1409 807 1439 emittebat
828 1409 930 1436 illarum
946 1417 1028 1443 aqua-

239 1458 298 1478 rum
320 1452 426 1478 flumina
440 1460 447 1484 ;
463 1452 497 1479 ila
518 1453 608 1487 utique
631 1453 699 1487 apud
723 1454 802 1480 David
826 1462 877 1480 non
897 1454 1029 1483 sensibilis

239 1496 285 1525 sed
306 1497 450 1530 spiritualis
472 1497 539 1532 lapis
561 1498 725 1525 barbaricum
750 1499 811 1526 illud
827 1503 906 1533 caput
920 1500 1027 1533 deiecit.

238 1541 281 1568 Sic
302 1549 407 1577 quoque
422 1543 614 1577 pollicebamur
631 1544 717 1575 vobis,
739 1544 804 1571 nihil
827 1552 860 1571 ex
882 1545 1028 1579 ratiociniis

239 1587 367 1615 dicturos.
391 1588 488 1615 Nostra
500 1590 566 1616 enim
580 1598 662 1621 arma,
679 1598 728 1616 non
746 1591 870 1623 carnalia,
891 1590 935 1623 sed
949 1590 1026 1625 spiri-

239 1633 328 1665 tualia,
354 1633 507 1660 destrueulia
528 1635 648 1666 rationes,
672 1639 694 1661 et
720 1643 817 1666 omnem
839 1635 1026 1668 sublimitatem,

237 1685 294 1712 qua:
316 1686 393 1712 super
414 1684 506 1708 terram
527 1687 580 1710 sese
601 1679 697 1707 extollit
720 1684 806 1706 contra
827 1680 956 1714 scientiam
980 1679 1029 1706 Dei

238 1723 277 1757 (‘2.
295 1723 353 1750 Cor.
371 1724 413 1752 10.
429 1725 455 1751 Α..
471 1723 509 1759 5).
526 1724 691 1758 Praeceptum
710 1726 787 1756 nobis
806 1730 856 1760 est,
878 1730 906 1757 ut
921 1733 966 1754 eas
980 1726 1028 1753 de-

237 1769 388 1802 moliamur,
406 1777 456 1796 non
468 1774 635 1801 exstruamus
650 1779 656 1796 :
672 1770 828 1804 imperatum
843 1771 919 1804 nobis
933 1776 983 1804 est,
999 1775 1028 1803 ut

236 1822 282 1842 eas
295 1815 480 1849 dissolvamus,
496 1824 548 1842 non
562 1824 710 1849 armemus;
726 1817 868 1849 Ratioriuia
882 1817 947 1844 enim
960 1826 1027 1844 mar—

237 1862 325 1888 Iulium
337 1862 424 1889 timida
437 1866 495 1889 sunt
506 1862 583 1897 (δίῳ.
595 1863 621 1888 9.
637 1862 690 1897 14).
701 1863 768 1895 Quid
782 1862 846 1890 illud
862 1868 903 1890 est
916 1863 1026 1890 timida?

236 1907 365 1941 Timidus,
392 1908 496 1935 etiamsi
523 1915 617 1935 securo
637 1909 695 1935 loco
713 1909 839 1942 ambulet,
862 1917 914 1936 non
935 1909 1024 1941 audet,

236 1953 283 1980 sed
295 1953 418 1981 formidat
432 1961 463 1981 ac
477 1954 591 1989 trepidat
605 1963 611 1981 :
627 1955 662 1981 ita
675 1954 745 1989 quod
759 1955 903 1983 ratiociniis
916 1955 1026 1983 demou-

236 2004 346 2026 stratum
361 2005 411 2032 cst,
432 2000 534 2027 etiamsi
555 2008 646 2027 verum
664 2001 707 2033 sit,
725 2000 840 2027 nondum
857 2005 943 2028 tamen
961 2002 1026 2028 satis

236 2049 306 2072 certa
332 2050 501 2079 argumenta,
527 2045 686 2080 dignamque
712 2046 789 2073 fidem
816 2047 912 2073 anima:
936 2047 1023 2073 all'ert.

236 2089 350 2116 Proinde
364 2091 424 2124 quia
439 2095 508 2118 tanta
524 2091 656 2123 rationum
673 2091 812 2118 infirmitas
823 2095 873 2125 est,
888 2100 935 2128 age
950 2093 1031 2121 Scri-l

1030 2158 1033 2169 γ
1076 2138 1148 2170 dicit,
1164 2138 1296 2172 faciamus,
1308 2143 1336 2164 nt
1360 2138 1443 2168 forma
1456 2139 1622 2170 consultandi
1637 2140 1746 2174 mqualis
1759 2140 1865 2175 deti-ge-

236 2136 320 2169 pluris
333 2140 425 2168 90ner
437 2136 603 2172 adversarios
619 2145 773 2172 pugnemus.

271 2181 411 2215 Scriptura:
425 2182 561 2215 auctoritas
576 2183 658 2216 potior
668 2182 815 2214 rationibus.
828 2198 864 2203 —
878 2183 954 2218 Upde
973 2184 1033 2219 igi-‘,

236 2230 277 2252 tur
290 2227 419 2260 sermonis
432 2227 567 2259 exordium
585 2228 741 2262 sumendum
753 2228 763 2254 ?
784 2228 860 2256 Unde
874 2230 949 2262 vobis
965 2231 1023 2265 pla-

235 2270 323 2304 cebit,
351 2271 408 2303 sive
431 2280 462 2298 ex
492 2272 581 2305 Nova,
607 2273 666 2300 sive
692 2281 724 2301 ex
749 2273 848 2301 Veteri.
872 2274 929 2306 Non
952 2275 1022 2303 enim

234 2317 321 2351 solum
341 2318 367 2351 in
387 2318 533 2353 evangeliis
555 2324 581 2345 ct
600 2319 752 2353 apostolicis
765 2320 862 2354 verbis,
885 2321 932 2349 scd
955 2322 1024 2348 etin

234 2364 374 2397 prophetis
393 2368 420 2390 et.
444 2365 470 2392 iu
496 2369 548 2391 tota
564 2364 654 2392 Veteri
676 2366 733 2400 lege
753 2366 895 2400 fulgentem
917 2367 1022 2396 abunde

236 2408 370 2443 Unigeniti
382 2408 494 2442 gloriam
506 2408 597 2437 videre
611 2410 683 2441 licet.
700 2411 786 2444 Unde,
801 2420 859 2445 mea
878 2414 1020 2446 sententia,

235 2457 314 2483 etiam
334 2453 396 2484 inde
411 2454 539 2484 adversus
559 2455 619 2482 illos
638 2455 802 2490 corripienda
826 2462 887 2489 sunt
909 2458 969 2485 tela.
985 2458 1021 2486 Ita

235 2497 304 2524 cnim
319 2504 372 2524 non
385 2498 444 2527 illos
463 2503 575 2533 tantum,
591 2500 637 2527 sed
651 2507 679 2534 et
690 2502 788 2532 mullos
802 2503 868 2534 alios
881 2503 1021 2531 limreticos

234 2540 315 2571 simul
334 2546 507 2576 prosternere
519 2545 679 2578 poterimus,
696 2546 822 2581 videlicet,
837 2546 1016 2581 Marcionem,

232 2585 420 2620 Manichaeum,
436 2587 624 2622 Valentinum,
636 2590 846 2627 Iud-morumque
857 2597 943 2621 cmtus
959 2602 1017 2621 om-

232 2640 292 2660 nes.
312 2632 379 2665 Nam
398 2633 469 2664 sicut
489 2642 551 2662 eum
576 2643 591 2662 a
609 2635 711 2671 Davide
728 2641 884 2672 prostratus
903 2644 944 2666 est
962 2639 1015 2668 Gov

231 2679 296 2705 liath
315 2679 351 2713 (l.
373 2678 434 2713 Reg.
454 2680 497 2707 Π.
518 2681 573 2716 5i),
600 2682 626 2709 in
652 2682 743 2717 fugam
759 2684 839 2712 simul
863 2693 959 2712 versus
974 2691 1015 2714 est

231 2725 321 2752 omnis
341 2725 539 2759 allophylorum
561 2727 698 2758 exercitus
726 2733 778 2756 :et
806 2737 879 2758 mors
905 2732 1013 2765 quidem

230 2768 313 2795 unius
342 2769 467 2804 corporis
495 2775 521 2797 et
546 2773 688 2805 percussio
717 2774 798 2802 unius
825 2775 922 2810 capitis
944 2782 1013 2811 erat,

232 2814 296 2849 fuga
316 2820 406 2843 autem
424 2817 589 2847 communis.
610 2821 635 2844 et
652 2818 733 2845 timor
749 2819 832 2847 totius
849 2822 985 2850 exercitus
1006 2833 1011 2850 :

238 2862 274 2887 ita
295 2865 321 2888 et
347 2861 369 2889 si
390 2869 439 2888 nos
464 2864 545 2889 unam
568 2862 692 2891 haeresim
715 2864 911 2900 deiet-erimus,
937 2874 1013 2895 com-

865 157 999 194 cosirua
1021 156 1205 201 mortuos.
1227 158 1272 186 xi.

1050 1003 1068 1020 ι)

1825 162 1878 190 798

1089 214 1181 242 munis
1208 215 1260 243 erit
1296 219 1518 244 enumeratorum
1544 217 1665 245 omnium
1707 218 1871 255 profligatio.

1125 258 1268 286 Manio/um"
1287 259 1435 295 Prophetas
1451 261 1743 296 rejiciunt.—Manicllaei
1756 264 1828 291 enim
1847 269 1875 291 ct

1087 306 1131 340 qui
1148 306 1251 334 illorum
1267 307 1361 335 morbo
1381 307 1513 342 laborant,
1528 308 1652 337 videntur
1664 310 1785 345 accipere
1798 311 1876 343 Clltl‘

1087 356 1155 378 stum
1172 352 1214 386 qui
1229 352 1387 387 prmdicatur
1397 362 1404 380 ε
1416 353 1559 389 prophetas
1567 359 1653 382 autem
1664 360 1690 383 et
1700 355 1875 395 patriarchas,

1086 398 1130 432 qui
1147 398 1219 425 illum
1236 398 1391 435 praedicant,
1405 404 1579 427 contemnunt
1593 410 1600 428 :
1617 406 1708 428 contra
1720 401 1804 429 Judaei
1817 410 1878 436 eos,

1086 442 1129 477 qui
1143 443 1276 472 Christum
1288 444 1443 479 praedicant,
1463 445 1584 482 accipere
1603 446 1736 480 videntur,
1760 447 1874 482 prophe-

1087 493 1136 521 tas,
1150 489 1273 524 inquam,
1290 494 1316 517 et
1337 490 1514 527 legislaturem
1528 498 1603 518 suum
1618 501 1623 519 :
1639 492 1772 525 Christum
1787 499 1875 522 autem

1085 535 1129 570 qui
1142 535 1175 561 ab
1190 535 1241 562 illis
1255 536 1422 570 prtedicalur,
1437 543 1619 566 contemnunt.
1635 539 1716 573 Igitur
1729 540 1751 570 Si
1770 540 1875 569 favente

1085 581 1169 615 gratia
1184 581 1229 609 Dei
1246 582 1515 612 demonstraverimus
1531 592 1652 618 magnam
1668 586 1795 620 Itnigoniti
1816 588 1869 622 glo-

1085 626 1150 653 riam
1167 627 1192 653 iu
1210 627 1297 654 Veteri
1311 628 1475 663 praedictam,
1487 630 1575 656 omnia
1588 630 1629 657 illa
1642 631 1695 658 Deo
1706 632 1814 659 adversa
1829 641 1874 661 ora

1085 671 1240 707 linguasque
1265 673 1431 707 blasphemas
1454 674 1646 703 confundenms
1676 681 1703 703 et
1724 685 1876 712 compesce-

1085 726 1153 745 nius.
1165 718 1230 745 Nam
1243 719 1264 746 si
1279 720 1377 753 liqueat
1390 720 1523 748 Christum
1547 722 1573 748 in
1595 722 1683 749 Veteri
1705 724 1875 751 Testamento

1085 764 1234 798 praedicari,
1249 772 1298 799 qua
1311 773 1339 792 se
1353 766 1506 794 defensione
1522 768 1677 797 tutabantur
1690 769 1836 803 Manicbmi,
1849 776 1876 797 et

1084 811 1172 844 cmteri
1196 811 1239 844 qui
1264 818 1324 837 cum
1346 811 1397 844 i|lis
1418 812 1579 847 Scriptor-am
1603 820 1786 849 contemnunt,
1816 824 1875 850 qum

1086 857 1210 891 praedicat
1226 858 1296 891 illum
1309 866 1476 887 communem
1491 860 1608 887 onmium
1625 861 1785 889 Dominum?
1797 862 1874 896 Quod

1085 902 1147 928 item
1162 902 1286 937 effugium
1307 903 1358 932 erit
1378 903 1488 937 ludatis,
1505 913 1583 937 quam
1605 907 1708 933 reniam
1731 908 1874 934 merebun-

1085 953 1135 980 tur,
1151 948 1194 983 qui
1208 956 1222 974 a
1236 949 1373 983 prophetis
1383 951 1590 984 prarnnnciatum
1607 961 1658 979 non
1674 954 1839 987 suscipiunt?

1118 994 1146 1020 ‘2.
1166 994 1291 1023 Diuiuitas
1302 995 1364 1023 Filii
1379 996 1499 1031 probatur
1510 998 1564 1024 exi
1579 997 1707 1025 Genes.—
1717 999 1807 1034 Itaque
1815 1007 1874 1026 cum

1084 1040 1187 1067 abunde
1199 1040 1233 1068 de
1247 1041 1286 1067 eis
1299 1042 1461 1076 triumphare
1476 1043 1616 1077 possimus,
1627 1052 1777 1072 sermonem
1793 1046 1825 1072 ad
1841 1047 1873 1072 li-

1084 1086 1145 1113 bros
1156 1087 1316 1114 vetustiores
1330 1092 1474 1120 vertamus,
1486 1093 1511 1115 et
1524 1088 1556 1115 ad
1576 1089 1661 1123 ipsum
1679 1090 1723 1125 qui
1745 1091 1804 1118 aliis
1821 1098 1874 1117 om-

1083 1133 1160 1159 nibus
1174 1133 1303 1161 vetustior
1313 1138 1363 1165 est,
1379 1134 1410 1160 ad
1426 1134 1561 1166 Genesim,
1578 1135 1695 1170 inquam,
1707 1141 1734 1163 et
1746 1137 1778 1163 ad
1795 1143 1875 1171 caput

1083 1177 1219 1205 Geneseos
1233 1179 1451 1207 conscendamus.
1468 1180 1544 1213 Quod
1559 1181 1629 1207 enim
1645 1181 1678 1208 de
1690 1181 1795 1209 Christo
1807 1184 1876 1209 mul-

1084 1228 1109 1251 ta
1124 1223 1221 1253 dixerit
1236 1225 1349 1260 Moyses.
1363 1226 1423 1252 audi
1437 1226 1587 1260 loquentem
1603 1227 1736 1254 Christum
1754 1237 1760 1255 :
1776 1228 1807 1255 Si
1817 1237 1872 1255 crc-

1083 1269 1173 1297 deretis
1194 1270 1289 1305 Moysi,
1315 1271 1447 1298 crederetis
1466 1272 1549 1304 utique
1565 1277 1590 1299 et
1612 1273 1682 1305 milii,
1704 1282 1763 1300 nam
1785 1275 1816 1301 de
1834 1283 1874 1301 me

1082 1316 1182 1350 scripsit
1193 1316 1281 1351 (Joan.
1296 1317 1321 1344 5.
1336 1316 1392 1353 46).
1402 1318 1512 1345 Ubinam
1525 1319 1557 1345 de
1571 1319 1615 1346 illo
1630 1320 1754 1354 scripsit?
1766 1320 1792 1347 ld
1804 1329 1874 1347 nilne

1083 1362 1220 1389 declarare
1247 1363 1417 1390 tentabimus.
1444 1364 1619 1399 Posteaquam
1651 1366 1730 1400 igitur
1756 1366 1872 1401 perfecta

1081 1408 1169 1439 omnis
1182 1413 1313 1441 creatura,
1328 1409 1475 1444 etelumque
1489 1410 1562 1437 vario
1574 1410 1689 1438 siderum
1704 1411 1786 1438 choro
1796 1419 1873 1439 coro-

1081 1458 1182 1485 natum,
1198 1458 1225 1481 et.
1240 1459 1311 1484 terra
1329 1456 1476 1490 Omnigcnis
1498 1455 1607 1483 florilms
1628 1463 1720 1484 ornata
1741 1462 1791 1491 est,
1814 1458 1872 1493 plc-

1081 1507 1167 1534 naquc
1181 1508 1241 1527 cum
1254 1505 1344 1528 essent
1361 1503 1489 1528 montium
1502 1503 1649 1536 cacumina,
1664 1503 1734 1538 pleni
1746 1505 1831 1539 campi
1845 1509 1872 1532 et

1080 1545 1172 1579 valles,
1187 1550 1213 1573 et
1228 1547 1253 1572 in
1266 1554 1380 1580 summa,
1397 1548 1482 1575 omnis
1497 1553 1574 1575 terrae
1588 1548 1667 1576 facies
1679 1549 1773 1583 plantis
1788 1555 1814 1576 et
1826 1558 1872 1577 ar-

1080 1589 1189 1618 boribus
1203 1597 1229 1618 et
1242 1591 1341 1625 herbis,
1357 1593 1561 1627 lascivirentque
1574 1602 1668 1629 greges
1685 1600 1711 1621 ct
1728 1601 1846 1623 armenta
1862 1605 1870 1623 :

1080 1643 1170 1662 acrem
1190 1641 1277 1663 autem
1303 1638 1425 1672 impleret
1450 1638 1549 1666 chorus
1569 1639 1656 1666 avium
1679 1641 1870 1668 cantillanlium

1081 1682 1167 1708 nativa
1182 1688 1206 1708 et
1228 1683 1354 1716 singulari
1377 1683 1477 1710 musica
1500 1693 1506 1710 :
1529 1684 1612 1711 maria
1634 1692 1738 1719 quoque
1761 1686 1871 1712 marinis

1079 1727 1239 1753 animalibus
1254 1727 1329 1762 plena
1345 1737 1352 1755 :
1366 1728 1490 1755 similiter
1504 1734 1530 1756 et
1552 1734 1655 1764 stagna,
1675 1734 1702 1756 et
1724 1729 1822 1764 fontes,
1843 1736 1871 1758 et

1080 1773 1161 1805 ﬂuvii,
1178 1774 1301 1800 omnibus
1315 1781 1375 1808 quae
1396 1774 1421 1800 in
1436 1774 1474 1801 eis
1485 1779 1628 1801 nascuntur
1644 1783 1651 1801 :
1668 1775 1786 1810 nihilque
1799 1781 1871 1803 esset

1080 1819 1282 1853 imperfectum,
1304 1819 1350 1846 sed
1374 1819 1489 1854 perfecta
1511 1821 1598 1846 omnia
1621 1828 1627 1846 :
1651 1825 1713 1847 tunc
1734 1821 1870 1855 qumrebat

1079 1872 1175 1898 corpus
1188 1869 1276 1898 caput,
1292 1865 1385 1891 civitas
1400 1865 1556 1899 principem,
1572 1870 1691 1892 creatura
1705 1873 1805 1899 regem,
1818 1866 1868 1892 ho-

1079 1910 1176 1935 minem
1192 1909 1505 1943 inquam..Formaturus
1526 1910 1606 1944 igitur
1627 1910 1712 1944 ipsqu
1735 1911 1804 1937 Deus
1826 1911 1867 1938 in-

1078 1956 1143 1989 quit,
1161 1955 1297 1982 Faciamus
1308 1956 1432 1982 hominem
1447 1956 1583 1983 secundum
1597 1957 1763 1991 imaginante!
1775 1957 1867 1983 simili-

1078 2002 1189 2028 tudinem
1201 2007 1311 2028 nostram
1323 2001 1398 2036 (Gen.
1425 2002 1450 2028 l.
1465 2002 1522 2036 26).
1538 2002 1577 2029 Ad
1593 2010 1673 2037 quem
1688 2002 1769 2029 dicit?
1781 2003 1866 2030 Mani-

1079 2048 1185 2078 festum,
1202 2047 1271 2082 quod
1284 2047 1317 2074 ad
1333 2047 1496 2082 unigenitum
1511 2050 1597 2074 suum.
1613 2047 1669 2077 Non
1681 2048 1757 2081 dixit,
1772 2049 1823 2082 fac,
1838 2053 1867 2075 ut

1077 2101 1110 2120 ne
1128 2094 1223 2120 servile
1247 2094 1345 2128 aliquid
1368 2094 1509 2127 suspiceris
1534 2099 1692 2129 praiccptum
1714 2095 1793 2127 dari:
1819 2096 1865 2122 scd

1076 2188 1150 2210 retur
1164 2183 1259 2210 honor.
1267 2184 1330 2210 Nam
1343 2184 1410 2210 Deus
1421 2184 1553 2211 interdum
1564 2186 1744 2212 consiliarium
1755 2186 1862 2219 habere,

1076 2230 1208 2257 interdum
1225 2238 1278 2256 non
1292 2230 1388 2257 habere
1403 2230 1500 2257 dicitur
1514 2239 1520 2256 :
1535 2238 1585 2257 nec
1597 2230 1647 2258 sibi
1668 2231 1718 2265 ipsi
1736 2236 1863 2266 repugnat

1075 2275 1221 2311 Scriptura,
1235 2276 1281 2303 sed
1298 2284 1346 2310 per
1360 2276 1416 2303 luuc
1436 2277 1514 2303 ambo
1535 2277 1689 2310 aperiuntur
1711 2277 1786 2304 nobis
1803 2278 1863 2304 abs-

1075 2321 1180 2348 condita
1211 2322 1344 2356 dogmata.
1373 2321 1485 2354 Quando
1513 2322 1584 2348 enim
1616 2322 1766 2356 significare
1788 2322 1861 2355 vult,

1075 2368 1158 2394 Deum
1172 2367 1268 2393 nullius
1281 2375 1370 2401 egere,
1385 2367 1449 2394 dicit
1461 2375 1520 2394 eum
1544 2375 1596 2394 non
1617 2367 1717 2394 habere
1738 2368 1857 2395 consilia-

1075 2415 1143 2441 rium
1159 2423 1165 2441 :
1179 2415 1284 2449 quando
1298 2418 1387 2440 autem
1408 2414 1486 2440 docet
1506 2414 1634 2448 mqiialeni
1656 2415 1781 2449 unigeniti
1801 2414 1858 2449 glo-

1075 2460 1153 2492 riam,
1165 2459 1344 2486 consiliarium
1362 2463 1439 2489 vocat
1452 2458 1546 2489 Filium
1563 2459 1617 2485 Dei.

1110 2504 1273 2532 Consiliarius
1294 2504 1341 2530 Dei
1363 2504 1486 2529 Christus.
1499 2517 1535 2523 —
1549 2503 1583 2530 Et
1600 2507 1629 2530 ut
1649 2503 1706 2530 hmc
1724 2504 1802 2530 ambo
1821 2504 1861 2531 di.

1074 2558 1132 2577 scas
1142 2571 1149 2582 ,
1164 2549 1233 2584 quod
1247 2547 1586 2583 propltethiliummceut
1600 2549 1791 2582 consiliarium,
1807 2557 1859 2577 non

1073 2595 1142 2630 quod
1158 2596 1235 2622 Pater
1249 2602 1315 2629 opus
1329 2595 1386 2629 ejus
1399 2594 1510 2621 consilio
1524 2594 1630 2625 haheat,
1651 2594 1698 2621 sed
1717 2599 1745 2620 ut
1769 2595 1858 2629 unige-

1074 2641 1120 2667 niti
1131 2640 1240 2675 gloriam
1256 2640 1379 2672 doceant,
1393 2638 1499 2674 etquod
1515 2647 1567 2666 non
1581 2647 1649 2673 opus
1663 2639 1757 2666 habeat
1769 2639 1859 2666 cousi—

1074 2687 1159 2720 liario,
1171 2686 1231 2713 audi
1245 2686 1353 2713 Paulum
1371 2685 1502 2712 dicentem
1516 2693 1523 2711 :
1538 2685 1560 2712 Ο
1579 2685 1686 2712 altitudo
1708 2683 1861 2711 divitiarum

1073 2733 1203 2768 sapientia:
1220 2737 1242 2759 ct
1257 2732 1366 2759 scientia;
1382 2732 1448 2758 Dei!
1471 2731 1553 2764 Quam
1571 2731 1743 2758 immutabili):
1762 2731 1859 2767 judicia

1073 2779 1126 2812 ejus
1140 2795 1147 2808 ,
1162 2782 1187 2804 et
1212 2777 1394 2812 inuestigabiles
1404 2778 1450 2803 via:
1463 2777 1536 2811 ejus!
1547 2777 1609 2810 Quis
1628 2777 1694 2804 enim
1713 2778 1780 2803 nouit
1801 2785 1858 2803 leu-

1072 2833 1127 2851 .mm
1141 2824 1244 2851 Domini
1253 2824 1265 2850 ξ’
1280 2825 1317 2850 uel
1331 2824 1386 2858 quis
1398 2823 1556 2850 consiliarius
1568 2824 1624 2858 ejus
1639 2823 1687 2858 fuit
1707 2822 1794 2857 (Rom.
1815 2826 1857 2851 ll.

1073 2870 1116 2898 53.
1134 2871 1200 2906 5i)?
1215 2870 1263 2898 llic
1277 2867 1366 2906 itaque
1381 2877 1440 2898 cum
1456 2869 1553 2898 nullius
1569 2869 1686 2906 indigere
1704 2869 1855 2898 declarant.
