2055 3122
177 135 231 162 799

179 192 288 219 llesaias
302 200 366 220 vero
386 193 480 221 iterum
503 195 536 221 de
552 195 692 230 liiiigeiiito
712 197 756 224 Dei
779 197 903 231 loquens,
924 197 963 224 sic

179 238 282 272 inquit:
300 238 331 264 Et
347 239 446 273 cupient
461 240 482 266 si
504 240 566 273 fiant
587 241 644 275 igne
661 241 792 268 combusti.
816 242 881 275 Quia
904 251 966 276 puer

178 289 253 310 natus
263 289 299 310 est
311 285 392 316 nobis,
405 290 428 311 et
441 285 509 319 filius
518 285 591 311 datus
604 292 641 313 est
653 287 734 320 nobis,
748 293 771 315 et
785 289 911 315 vocabitur
920 297 964 315 no-

178 337 234 354 men
244 329 297 363 ejus
310 330 395 364 magni
408 329 506 356 consilii
516 330 630 365 anyelus,
643 332 800 359 admirabilis
808 334 966 360 consiliarius

177 373 270 406 (Ilesai
279 373 305 400 9.
320 374 360 408 5).
377 374 409 401 Et
423 375 444 401 si
459 375 624 403 admirabilis
642 377 818 410 Consiliarius,
831 379 965 413 quomodo

178 417 274 444 l'aulus
284 418 358 450 dicit,
375 418 436 450 Quis
453 421 517 445 enim
537 429 624 448 sensus
642 423 709 448 novit
723 422 836 457 Domini,
856 424 894 450 vel
909 425 966 458 quis

176 463 336 490 consiliarius
346 465 401 499 ejus
414 465 462 498 fuit
477 465 564 501 (Rom.
582 467 624 494 Η.
642 468 707 502 '54)?
718 469 766 496 nisi
776 471 846 504 quod
858 470 965 502 Paulus,

176 508 245 534 sicut
258 508 322 540 dixi,
338 509 456 537 indicare
467 511 548 538 voluit
563 512 667 540 Patrem
682 514 755 540 nullo
769 515 896 550 indigere,
906 523 967 549 pro-

178 553 254 587 pheta
267 559 355 581 autem
372 556 500 590 :rqtialein
517 557 577 583 Filii
589 558 697 592 gloriam
709 559 805 586 docere
819 561 909 587 voluit.
925 560 966 587 ld-

176 598 248 624 cireo
262 599 342 625 etiam
362 599 405 626 hic
420 608 471 627 non
492 601 568 633 dixit,
590 603 641 637 fac,
665 603 722 636 sed,
746 605 880 639 faciamus.
900 605 965 633 llltid

177 643 260 675 enim,
275 646 326 679 fac,
341 651 501 679 pra-ceptum
517 652 588 673 esset
600 655 677 675 servo
689 648 779 676 datum
802 657 810 676 :
830 651 899 685 quod
926 651 965 678 di-

177 696 253 716 scere
269 690 329 717 iude
351 692 458 725 poteris.
483 693 603 720 Accessit
622 694 766 728 aliquando
788 697 908 724 centurio
932 697 965 724 ad

177 733 279 766 Iesum,
293 740 320 762 et
332 736 398 762 dixit
411 745 418 762 :
434 736 550 771 Domine,
562 746 626 773 puer
640 747 708 766 metu
713 741 782 775 jacet
794 741 820 768 in
831 741 905 768 domo
919 751 966 776 pa—

177 779 308 814 rulytt'cus,
321 785 344 807 et
354 782 462 816 graviter
476 787 604 817 torquetur
615 783 721 819 (Matth.
736 785 762 812 8.
777 785 816 822 ti).
832 786 899 820 Quid
918 788 967 823 igi-

179 829 223 850 tur
240 824 382 852 Christus?
400 826 456 862 Ego
473 829 580 860 veniam,
595 834 619 855 et
637 830 730 857 curabo
744 839 799 857 eum
812 831 864 868 (Ib.
886 840 908 859 υ.
926 833 964 869 7).

178 869 304 896 Centurio
315 876 402 898 autem
416 880 468 899 non
482 874 595 901 audebat
608 874 739 902 medicum
754 877 779 903 in
791 877 900 905 domum
914 883 967 904 im-

179 915 254 947 here,
268 920 295 942 at
308 916 460 945 misericors
477 918 521 945 ille
539 925 634 953 sponte
648 928 694 947 sua
708 922 881 956 pollicebatur
892 931 920 951 se
936 925 968 950 il-

179 960 221 986 luc
235 961 343 993 iturum,
358 967 386 989 ut
398 970 504 990 causam
515 969 542 991 et.
563 967 728 993 occasionem
751 968 787 994 illi
810 969 895 1002 daret,
916 978 966 1004 qua

178 1006 302 1033 virtutem
315 1015 389 1034 suam
402 1009 477 1036 nobis
490 1010 647 1038 declararet.
664 1013 792 1040 Prtescitis
811 1015 881 1041 enim
904 1016 966 1050 quid

179 1051 225 1078 ille
237 1052 357 1081 dicturus
371 1059 438 1086 erat,
456 1055 587 1088 pollicitus
602 1063 642 1084 est
663 1066 692 1085 se
704 1058 856 1092 :iﬂ‘uturuin,
873 1066 900 1086 iit
918 1061 966 1088 viri

180 1098 440 1132 pieuiteiiidisceres.
457 1102 524 1133 Quid
543 1103 614 1129 enim
634 1104 671 1130 ait
690 1105 827 1132 centurio?
849 1105 966 1140 Domine,

179 1151 230 1169 non
253 1152 309 1170 sum
328 1145 430 1180 dignus,
447 1152 473 1172 ut
492 1148 569 1175 intres
589 1149 635 1175 sub
649 1154 738 1176 tectum
760 1159 842 1178 nteant
865 1151 916 1186 (Ib.
940 1159 967 1178 υ.

180 1188 219 1222 8).
236 1189 325 1224 Neque
339 1191 424 1217 n.0i-bi
441 1193 584 1220 necessitas
603 1201 664 1221 eum
687 1202 702 1221 a
727 1196 824 1230 pietate
845 1202 968 1224 avertere

179 1234 296 1268 valebat,
313 1244 345 1262 ne
364 1237 549 1264 excellentiam
566 1238 670 1266 Domini
684 1245 834 1274 testaretur,
847 1242 925 1268 etiam
941 1242 966 1269 iii

183 1285 257 1307 tanta
271 1283 434 1311 calamitate.
453 1284 602 1320 Eaproptcr
611 1287 695 1314 dicit:
709 1288 758 1315 Dic
769 1294 869 1316 tantum
879 1291 965 1322 rei-lio,

181 1330 206 1352 et
216 1326 356 1353 sanabitur
363 1336 428 1362 piter
441 1338 522 1357 meus.
533 1331 602 1358 Nam
612 1337 636 1358 et
644 1341 691 1367 ego
705 1333 783 1360 homo
790 1343 859 1368 sntit,
869 1335 966 1363 habens

182 1370 230 1396 sub
245 1379 285 1398 me
302 1372 411 1406 milites,
423 1379 448 1401 et
460 1375 518 1402 ilico
532 1376 602 1408 huic,
613 1378 686 1410 rode,
701 1383 726 1404 et
740 1380 812 1406 vadit
822 1387 865 1408 :et
876 1382 965 1415 alteri,

181 1418 372 1449 veni,etvenit:
383 1424 408 1446 et
416 1429 490 1448 servo
501 1430 567 1454 meo,
578 1423 622 1457 fac
630 1424 689 1455 hoc,
696 1430 718 1450 et
726 1425 791 1459 facit
798 1426 851 1459 (Ib.
861 1435 885 1454 υ.
892 1431 918 1455 8.
925 1428 965 1456 9).

214 1461 255 1488 Ait
267 1470 364 1489 servant
378 1463 469 1490 dicitur
481 1466 532 1500 fac,
553 1466 586 1491 ad
600 1467 722 1501 a-qualem
734 1468 865 1503 faciamus.
876 1484 912 1489 -
923 1469 969 1496 Vi-

179 1506 228 1534 des
241 1509 359 1540 verbum,
376 1510 428 1544 fac,
443 1517 502 1537 esse
517 1511 616 1538 domini
636 1512 669 1539 ad
689 1520 796 1540 servum
819 1514 968 1549 loquentis?

179 1553 224 1585 At,
249 1554 382 1588 faciamus,
404 1556 512 1582 verbum
534 1561 576 1584 est
597 1557 662 1591 ejus,
677 1558 718 1584 cui
739 1559 848 1593 :rqualis
871 1560 966 1587 honor.

179 1598 292 1632 Quando
313 1599 383 1626 enim
408 1608 486 1628 servo
505 1601 628 1629 dominus
652 1603 777 1637 loquitur,
791 1604 876 1638 dicit,
902 1607 943 1640 fac
958 1613 968 1632 :

180 1644 286 1678 quando
301 1650 388 1671 autem
412 1646 490 1673 Pater
510 1646 586 1679 Filio,
600 1647 673 1679 dicit,
689 1647 821 1682 faciamus.
836 1649 913 1683 Quid,
928 1651 968 1677 iii-

180 1690 237 1724 quit
251 1689 427 1725 (hmi'eticus),
446 1691 467 1717 si
489 1692 609 1718 centurio
627 1693 662 1719 ita
682 1693 865 1727 suspicabatur
879 1695 887 1709 ¹
903 1703 909 1721 :
925 1702 968 1722 res

180 1739 267 1761 autem
279 1743 330 1761 non
344 1735 383 1762 sic
395 1743 423 1762 se
438 1735 570 1763 habebat?
583 1737 650 1764 Num
663 1738 800 1772 apostolus
817 1743 859 1766 est
872 1744 967 1767 centu-

180 1780 238 1806 rio?
253 1788 314 1807 num
329 1780 484 1816 discipulus,
501 1787 529 1808 ut
549 1782 631 1816 ipsius
644 1783 730 1810 verbis
744 1784 902 1811 credamus?
915 1784 966 1811 Ve-

180 1825 291 1852 risimile
305 1831 346 1854 est
356 1833 416 1853 etim
438 1834 551 1854 errasse.
574 1828 656 1860 Bene.
683 1837 735 1855 non
759 1834 799 1856 est
820 1830 964 1865 apostolus.

180 1871 249 1904 Quid
261 1873 344 1907 ergo?
360 1872 501 1901 Videamus
520 1874 590 1908 quod
614 1875 742 1909 sequitur.
762 1875 837 1902 Num
851 1877 967 1903 correxit

181 1917 266 1952 ipsum
283 1917 422 1946 Christus?
442 1927 504 1946 num
520 1919 666 1954 increpavit
680 1926 708 1947 ut
721 1921 831 1956 lapsum,
845 1926 872 1948 et
886 1929 967 1956 prava

180 1963 302 1998 dogmata
317 1965 498 2000 ingerentem?
511 1974 572 1993 num
586 1966 652 1993 dixit
670 1961 712 1993 ad’
725 1967 822 2001 ipsum,
843 1967 896 1994 Cur
916 1967 968 1995 hoc

181 2009 256 2042 iacis,
268 2010 365 2037 homo?
379 2011 505 2046 Majorem
517 2012 550 2038 de
562 2019 605 2039 me
618 2011 701 2039 habes
714 2013 876 2047 opinionem,
888 2020 967 2047 quam

181 2064 228 2092 par
241 2061 281 2084 est
294 2066 300 2082 :
316 2057 389 2092 plura
404 2057 468 2085 mihi
484 2058 588 2091 tribuis,
609 2066 687 2093 quam
701 2059 764 2085 mihi
781 2058 920 2091 debentur,
935 2067 968 2086 ex

179 2103 335 2129 auctoritate
349 2107 426 2137 putas
441 2111 483 2130 me
496 2104 636 2138 imperare,
650 2111 709 2130 cum
724 2112 775 2131 non
794 2104 828 2130 sit
842 2104 904 2131 mihi
919 2112 967 2130 au-

179 2149 298 2175 ctoritas.
313 2147 380 2175 Nuni
393 2149 459 2175 dixit
471 2149 522 2176 tale
535 2149 617 2183 quid?
631 2149 753 2182 Minime,
776 2149 825 2176 sed
842 2149 969 2177 stabilivit

180 2194 251 2222 illius
266 2194 435 2226 sententiam,
451 2198 479 2221 et
496 2195 667 2229 sequentibus
687 2194 754 2222 dixit
777 2203 784 2221 τ
811 2195 889 2221 Amen
911 2195 968 2222 dico

180 2241 247 2267 orbis
260 2261 268 2274 ,
297 2249 375 2276 neque
386 2241 412 2267 in
431 2240 514 2267 Israel
536 2245 630 2267 tantum
652 2240 729 2274 ﬁdem
749 2240 830 2267 inveni
851 2239 930 2276 (Ibid.
943 2249 966 2267 υ.

182 2286 237 2320 10).
255 2285 335 2321 igitur
351 2286 478 2314 Dominus
499 2286 630 2313 laudando
647 2286 787 2315 conﬁrmat
806 2286 967 2314 centurionis

180 2332 271 2358 verba.
284 2331 342 2358 Iam
357 2331 428 2359 enim
444 2339 495 2358 non
509 2335 572 2358 sunt
584 2332 746 2358 centurionis
757 2332 902 2365 verba,sed
914 2332 968 2359 Do-

180 2377 245 2404 mini
257 2377 397 2404 sententia.
412 2377 488 2410 Quod
502 2377 573 2404 enim
587 2377 643 2411 ipse
658 2377 757 2410 laudat,
765 2382 792 2404 et
805 2378 906 2405 calculo
918 2386 967 2406 suo

181 2427 314 2458 tamquam
330 2423 397 2450 bene
407 2423 506 2451 dictum
526 2424 664 2458 approbat,
680 2432 728 2459 pro
747 2425 836 2452 divino
858 2425 968 2453 oraculo

181 2468 330 2495 habendum
341 2472 383 2495 est
394 2469 591 2496 :auctoritatem
605 2469 675 2496 enim
697 2476 812 2505 superne
829 2478 844 2497 :i
868 2470 967 2498 Christi

180 2513 353 2548 responsione
363 2513 454 2540 sumit.

215 2559 241 2586 5.
269 2558 342 2585 Vetus
355 2558 538 2586 Testamentum
550 2568 608 2587 cum
620 2568 683 2588 notio
698 2567 828 2588 consonat.
840 2577 876 2583 -—
887 2563 968 2591 Vides

180 2609 208 2631 ut
223 2603 326 2631 Novum
343 2603 431 2631 Veteri
448 2610 576 2632 consonet
590 2606 797 2641 Testamentum,
818 2612 845 2634 et
864 2612 967 2635 utrum-

179 2657 231 2684 que
246 2649 427 2676 auctoritatem
442 2649 539 2678 Christi
555 2651 671 2679 indicet?
685 2653 752 2687 Quid
766 2653 863 2688 igitur?
874 2653 967 2681 Facie-

180 2695 224 2722 bat
234 2695 341 2730 quidem
354 2695 498 2732 hominem,
513 2698 559 2726 sed
579 2703 608 2726 ut
625 2699 748 2727 minister
770 2699 901 2728 faciebat?
916 2701 967 2729 Sed

211 2784 219 2799 ¹
239 2784 408 2818 tt_ic_errorem
424 2789 556 2818 sttsiicatur
575 2793 683 2818 nuperus
708 2787 819 2818 quidam;
843 2787 886 2813 seti
903 2788 968 2813 locus

178 2813 339 2871 ξιυᾶιῶιέεὼει.
351 2820 405 2841 Nam
419 2813 597 2849 chrisostomus
608 2813 745 2844 ληοιιιωιίω
756 2813 968 2850 hmbhjicicutcm

189 2853 203 2869 Il
247 2853 252 2859 ’
274 2863 281 2870 ι

189 2853 281 2870 ιιυυωι.

535 138 562 166 S.
583 139 720 167 J0.\NNIS
739 140 975 168 CllliYSOSTOMl
996 140 1154 169 ARCHIEP.
1174 142 1438 173 CONSTANTINOP.

1757 146 1809 175 800

1020 198 1080 226 ludi
1094 200 1172 226 verba
1185 208 1244 236 qua:
1258 207 1412 236 sequuntur,
1427 208 1454 230 ct
1466 202 1565 230 desiste
1575 204 1607 231 ab
1622 205 1805 239 intempestiva

1019 245 1198 272 contentione.
1216 246 1357 274 Enimvero
1380 253 1408 275 ut
1425 248 1502 281 dixit,
1525 248 1659 276 Faciamus
1674 250 1804 278 hominem

1019 289 1094 325 (Gen.
1111 291 1137 318 I.
1151 290 1197 326 26)
1215 299 1221 318 ε
1241 299 1293 318 non
1307 292 1381 324 dixit,
1401 293 1545 320 secundum
1570 294 1710 330 imaginem
1734 303 1805 322 niam

1019 337 1158 368 minorem,
1173 344 1259 372 neque
1266 338 1411 365 secundum
1421 339 1561 373 imaginem
1571 347 1657 366 meam
1667 341 1809 376 majorem,

1018 382 1065 409 sed
1080 381 1224 409 Secundum
1237 384 1371 419 imaginem
1384 390 1510 417 nostram,
1525 393 1620 420 nempe
1631 386 1748 413 indicans
1757 385 1808 415 Pa-

1019 429 1067 456 tris
1082 433 1108 456 et
1120 428 1178 455 Filii
1192 429 1332 463 imaginem
1347 437 1425 456 unam
1439 438 1508 457 esse.
1518 430 1574 458 Non
1586 431 1656 458 enim
1665 431 1730 458 dixit
1743 431 1810 457 imp

1018 475 1104 508 gines,
1125 474 1172 501 sed
1195 474 1334 510 Imaginem
1353 481 1481 508 nostram;
1501 483 1553 503 non
1576 477 1646 503 enim
1666 477 1724 503 dute
1746 481 1807 503 sunt

1019 520 1172 554 inmqiiales,
1188 520 1234 547 sed
1251 528 1302 547 una
1318 525 1344 547 et
1355 521 1448 548 eadem
1469 522 1577 556 aequalis
1592 521 1677 549 Patris
1697 522 1808 556 Filiique

1019 564 1116 599 imago.
1134 564 1209 592 Unde
1221 569 1248 592 et
1261 572 1276 592 a
1289 565 1390 592 dextris
1410 565 1486 600 jubet
1504 566 1608 597 sedere.
1626 571 1656 594 ut
1677 568 1807 601 aequalem

1020 609 1159 643 honorem,
1174 615 1201 638 et
1216 615 1372 645 potestatem
1389 620 1440 638 non
1462 611 1614 639 inferiorem
1637 613 1733 640 discas.
1757 613 1809 640 Mi-

1019 655 1102 683 nister
1112 657 1182 683 enim
1196 664 1248 683 non
1263 656 1355 689 sedet,
1369 657 1415 684 sed
1430 661 1526 684 adstat.
1541 657 1607 685 Nam
1625 658 1694 692 quod
1713 658 1808 685 sedere

1020 701 1160 729 dominica:
1186 703 1323 737 potestatis
1345 703 1396 735 sit,
1419 703 1524 730 adstare
1544 704 1648 731 servilis
1670 708 1697 731 et
1715 704 1807 738 subje-

1019 753 1069 774 cta:
1086 748 1260 781 conditionis,
1275 749 1336 776 audi
1360 749 1495 784 quomodo
1515 750 1607 777 Daniel
1626 750 1715 777 dicat:
1732 750 1807 784 Aspi-

1019 793 1113 820 cicbam
1133 794 1212 820 donec
1224 794 1299 829 positi
1312 800 1370 821 sunt
1383 795 1477 826 throni,
1492 800 1516 822 et
1529 795 1645 830 antiquits
1657 795 1753 822 dierum
1767 803 1804 821 se-

1019 839 1055 864 dit
1070 846 1080 865 :
1093 838 1175 865 decies
1188 831 1256 866 inille
1268 840 1393 874 myriades
1405 839 1579 866 ministrabant
1590 840 1623 872 ei,
1639 845 1661 866 et
1674 840 1741 866 mille
1752 832 1811 866 iuil-A

1020 884 1055 910 lia
1068 884 1212 911 assistebant
1227 885 1249 911 ei
1263 884 1342 920 (Dan.
1359 886 1385 912 7.
1401 885 1428 913 9.
1443 885 1499 919 10).
1516 885 1550 912 ΕΙ,
1565 886 1659 913 iterum
1676 885 1784 912 llesaias
1799 894 1808 910 -.

1025 929 1142 956 Videbam
1156 929 1292 956 Dominum
1303 931 1427 957 sedentem
1440 939 1516 965 super
1525 931 1641 957 thronum
1651 931 1774 957 excelsum
1785 935 1808 956 rt

1019 975 1152 1007 eleuatum,
1169 980 1194 1001 et
1218 975 1353 1009 Seraplitm
1366 975 1463 1001 stabant
1475 975 1500 1001 in
1516 975 1621 1002 circuitu
1635 976 1688 1009 ejus
1704 974 1806 1009 (Ilesai.

1020 1021 1046 1046 ti.
1064 1020 1100 1055 l).
1121 1020 1245 1047 Michmas
1257 1025 1364 1047 autem:
1385 1019 1440 1046 Vidi
1463 1020 1598 1046 Dominum
1624 1019 1705 1046 Deum
1727 1019 1809 1045 Israel

1019 1067 1144 1093 sedentem
1155 1075 1230 1102 super
1245 1067 1361 1093 thronum
1374 1075 1456 1097 suum,
1471 1071 1494 1092 et
1508 1067 1588 1093 omnis
1607 1066 1733 1093 exercitus
1752 1066 1808 1092 ctcli'

1019 1113 1101 1139 stabat
1114 1121 1130 1138 a
1143 1113 1237 1140 dextris
1249 1113 1302 1148 ejus
1313 1118 1335 1138 et
1346 1121 1360 1138 a
1370 1113 1480 1138 sinistris
1494 1112 1548 1147 ejus
1559 1112 1596 1146 (3.
1610 1111 1672 1146 Reg.
1688 1111 1732 1138 Ὠ.
1750 1111 1806 1145 l9).

1020 1157 1100 1185 Vides
1126 1158 1222 1192 ubique
1244 1165 1372 1192 supernas
1394 1158 1504 1184 virtutes
1526 1158 1696 1190 assistentes,
1722 1157 1807 1191 ipsum

1019 1209 1106 1230 autem
1123 1204 1280 1231 sedentem?
1294 1203 1359 1230 Cum
1372 1204 1450 1238 igitur
1463 1203 1559 1230 videris
1572 1208 1599 1230 et
1611 1203 1705 1230 Filium
1717 1203 1806 1229 sedem

1019 1257 1034 1275 a
1058 1249 1159 1276 dextris
1189 1248 1350 1280 habentem,
1375 1257 1426 1275 non
1455 1249 1629 1275 ministrantis
1653 1249 1807 1283 dignitatem

1019 1295 1160 1329 quamdam
1177 1299 1262 1329 putes,
1278 1295 1325 1321 sed
1346 1294 1468 1321 habentis
1485 1293 1668 1320 aui‘toritaiem
1691 1293 1806 1319 domini-

1020 1348 1089 1367 cam.
1104 1341 1204 1367 idcirco
1217 1344 1244 1367 et
1259 1340 1354 1366 Paulus
1368 1348 1427 1366 cum
1443 1344 1553 1374 utraque
1566 1339 1661 1370 sciret,
1676 1339 1746 1374 qttod
1760 1339 1808 1365 ad-

1020 1391 1091 1414 stare
1111 1387 1318 1413 ministrantium
1333 1387 1376 1416 sit.
1391 1386 1486 1413 sedere
1508 1390 1595 1412 autem
1620 1386 1805 1420 imperantium

1020 1435 1047 1457 et
1061 1431 1270 1465 praesidentium,
1284 1430 1344 1457 vide
1358 1431 1491 1465 quomodo
1514 1431 1570 1458 lucc
1589 1430 1742 1465 distinguat,
1764 1430 1808 1457 di-

1019 1484 1084 1504 cens
1096 1486 1102 1503 :
1114 1476 1216 1511 Angelis
1230 1476 1329 1510 quidem
1339 1477 1390 1503 sitis
1402 1476 1492 1511 inquit,
1506 1476 1555 1510 Qui
1567 1476 1627 1511 facit
1638 1476 1739 1510 angelos
1746 1484 1807 1503 suos

1020 1522 1132 1556 spiritus,
1145 1526 1168 1548 et
1181 1522 1307 1548 ministros
1322 1530 1379 1549 suos
1393 1522 1522 1556 ﬂammam
1537 1522 1620 1556 ignis;
1633 1521 1700 1548 Filio
1709 1526 1806 1553 autem,

1022 1567 1137 1595 Thronus
1147 1572 1204 1594 tuus
1220 1567 1286 1594 Deus
1299 1568 1325 1594 in
1338 1568 1457 1594 steculunt
1469 1567 1554 1594 sa'culi
1571 1567 1662 1602 (Hebr.
1683 1568 1707 1594 l.
1722 1568 1748 1594 'I.
1765 1567 1806 1602 8),

1021 1621 1068 1647 per
1088 1613 1212 1640 thronum
1235 1614 1334 1648 regiam
1359 1617 1518 1647 potestatem
1541 1613 1693 1647 designans.
1719 1612 1808 1647 Itaque

1020 1667 1081 1686 cum
1095 1666 1183 1686 seruio
1199 1663 1290 1686 noster
1309 1659 1418 1690 omnino
1437 1658 1554 1692 probarit
1575 1658 1634 1685 Filii
1655 1655 1806 1689 dignitatem

1021 1713 1074 1732 non
1085 1705 1218 1737 servilem,
1230 1704 1276 1732 sed
1288 1704 1398 1731 herilem
1421 1711 1491 1737 esse,
1513 1703 1655 1730 adoremus
1673 1704 1758 1737 ipsum
1780 1707 1809 1730 ut

1022 1750 1164 1777 Dominum
1190 1754 1216 1776 et
1232 1749 1302 1776 Patri
1318 1750 1418 1776 honore
1432 1749 1592 1783 eoatqualeiii
1609 1758 1616 1774 :
1631 1748 1670 1775 sic
1689 1749 1760 1777 enim
1781 1753 1810 1775 et

1022 1796 1080 1830 ipse
1094 1795 1220 1830 pnecepit
1235 1803 1294 1822 cum
1309 1795 1385 1828 dixit,
1401 1794 1434 1822 Ut
1448 1803 1533 1821 omnes
1554 1795 1675 1821 honorent
1700 1793 1807 1826 Filium,

1021 1842 1084 1868 sicut
1105 1842 1228 1868 honorant
1248 1841 1351 1868 Patrem
1371 1841 1459 1877 (Joan.
1480 1841 1507 1868 5.
1529 1841 1588 1876 25).
1612 1840 1809 1875 Conjiingamus

1022 1888 1084 1914 item
1099 1888 1244 1915 sinceritati
1264 1887 1416 1922 dogmatum
1435 1887 1597 1922 diligentiam
1617 1887 1676 1913 vitro
1695 1890 1723 1913 et
1742 1893 1810 1920 ope-

1022 1942 1090 1966 rum,
1106 1939 1133 1960 iit
1148 1941 1182 1961 ne
1197 1933 1353 1960 dimidiatiin
1369 1941 1427 1968 qua:
1439 1933 1473 1961 ad
1486 1937 1605 1960 nostram
1620 1932 1734 1960 salutem
1745 1940 1809 1967 spe—

1020 1983 1091 2005 ctant
1107 1983 1243 2006 ειη-ωηατ.

1062 2024 1163 2051 Versari
1172 2025 1198 2051 in
1217 2025 1315 2060 templis
1328 2024 1398 2051 debet
1412 2024 1512 2051 assidue
1524 2024 1690 2051 Christianus.
1704 2038 1740 2044 —-
1749 2022 1808 2051 Iam

1022 2070 1081 2096 vita:
1095 2069 1257 2104 diligentiam
1271 2073 1298 2097 et
1314 2070 1453 2103 puritatem
1468 2069 1533 2096 nihil
1544 2069 1582 2096 sic
1599 2068 1682 2096 efﬁcit
1699 2073 1727 2096 et
1746 2076 1810 2096 cor-

1021 2116 1091 2150 rigit.
1108 2121 1135 2143 ut
1148 2115 1273 2151 frequens
1285 2116 1327 2143 hic
1337 2121 1493 2148 conventus,
1509 2120 1536 2143 et
1551 2116 1639 2143 alacre
1650 2115 1684 2142 ad
1698 2115 1808 2142 audien-

1021 2162 1083 2189 duni
1099 2162 1208 2190 verbum
1229 2163 1276 2189 Dei
1299 2162 1426 2189 studium.
1451 2162 1527 2196 Quod
1553 2162 1623 2188 enim
1645 2161 1749 2196 corpori
1768 2165 1810 2188 est

1021 2208 1105 2240 cibus,
1132 2209 1182 2235 hoc
1204 2209 1300 2235 animm
1320 2208 1469 2234 divinorum
1489 2208 1654 2242 eloquiorum
1675 2207 1807 2234 doctrina.

1023 2253 1083 2280 Non
1095 2254 1160 2280 enim
1175 2254 1201 2280 in
1213 2253 1268 2280 solo
1281 2262 1346 2288 pane
1355 2254 1412 2280 vivit
1425 2254 1508 2284 homo,
1520 2254 1564 2279 sed
1575 2258 1598 2280 et
1608 2253 1634 2279 in
1646 2253 1715 2279 omni
1725 2252 1808 2284 verba,

1019 2299 1086 2334 quod
1105 2299 1216 2333 procedit
1235 2299 1267 2325 de
1285 2307 1328 2325 ore
1345 2298 1393 2325 Dei
1408 2298 1495 2334 (Deut.
1514 2299 1540 2326 8.
1554 2299 1571 2326 3
1591 2298 1705 2330 ;Mattlt.
1725 2298 1751 2325 4.
1768 2298 1808 2332 Δ).

1022 2345 1088 2371 llinc
1102 2349 1130 2371 et
1142 2344 1225 2371 fames
1239 2344 1330 2371 induci
1348 2345 1426 2377 solet,
1443 2345 1464 2371 si
1482 2344 1542 2371 huic
1557 2351 1654 2370 mensa:
1668 2351 1720 2370 non
1735 2351 1810 2370 com-

1021 2390 1180 2416 municatur.
1202 2389 1270 2416 Audi
1290 2389 1378 2424 itaque
1392 2389 1441 2416 hac
1453 2389 1486 2416 de
1501 2397 1529 2416 re
1543 2389 1766 2420 intermiiiaiitem,
1782 2392 1810 2415 et

1020 2435 1116 2463 famem
1131 2433 1198 2461 hanc
1215 2434 1241 2461 in
1259 2433 1353 2461 ordine
1368 2433 1557 2468 suppliciorum
1571 2438 1599 2460 et
1612 2441 1750 2468 pinnarum
1768 2434 1810 2460 iii-

1021 2484 1177 2506 tentaiitcm.
1190 2479 1260 2506 Dabo
1273 2480 1338 2506 enim
1356 2479 1402 2512 eis,
1426 2479 1520 2513 inquit,
1541 2487 1592 2505 non
1612 2480 1703 2513 famem
1725 2479 1810 2513 panis,

1020 2533 1099 2558 neque
1109 2525 1175 2551 sitim
1190 2533 1271 2559 aquae,
1294 2525 1338 2551 sed
1353 2527 1445 2560 [anteiit
1458 2525 1577 2551 audiendi
1597 2533 1735 2551 sermonem
1755 2524 1811 2551 Do-

1021 2571 1182 2605 mini(Anios
1205 2570 1232 2597 8.
1248 2570 1304 2604 ll).
1332 2570 1471 2603 Quomodo
1492 2570 1570 2604 igitur
1590 2578 1642 2596 non
1665 2569 1810 2596 absurdum

1021 2625 1070 2652 pro
1083 2617 1213 2652 corporali
1228 2617 1295 2644 fame
1309 2617 1460 2651 repellenda
1476 2617 1562 2643 facere
1571 2621 1598 2643 ct
1608 2620 1740 2643 attentare
1753 2624 1810 2641 oni-

1021 2662 1075 2693 nia,
1091 2663 1187 2689 anima:
1197 2667 1285 2689 autem
1308 2662 1404 2689 famem
1424 2667 1519 2696 sponte
1537 2669 1665 2696 qua‘rore,
1687 2661 1811 2696 quamvis

1021 2708 1105 2736 multo
1120 2708 1225 2742 gravior
1238 2708 1282 2740 sit,
1297 2712 1396 2742 quanto
1411 2707 1511 2734 scilicet
1522 2707 1628 2741 gravius
1640 2712 1681 2734 est
1695 2712 1722 2734 et
1736 2707 1811 2733 dam.

1021 2755 1103 2783 num?
1116 2755 1169 2781 Oro
1182 2758 1208 2781 et
1223 2754 1352 2788 supplico,
1369 2762 1403 2781 ne
1423 2759 1476 2780 tam
1497 2754 1566 2781 male
1585 2754 1662 2780 nobis
1683 2753 1809 2780 consula-

1022 2807 1091 2832 mus,
1105 2800 1151 2827 scd
1167 2800 1321 2834 pra-teratur
1335 2799 1379 2826 hic
1394 2804 1540 2826 conventus
1551 2798 1770 2833 occupationibus
1783 2802 1809 2825 et

1022 2845 1092 2873 curis
1106 2847 1238 2874 omnibus.
1252 2845 1319 2879 Quid
1330 2845 1398 2873 enini
1409 2850 1510 2872 tantum
1524 2845 1618 2872 lucrari
1629 2849 1712 2879 poles,
1725 2851 1808 2879 quan-
