2039 3151
210 182 259 210 8M
593 179 636 208 DE
656 180 787 208 ClllllSTl
808 178 1013 217 DIVINITATE,
1033 181 1167 210 CONTRA
1185 180 1371 210 ANOMfEOS.
1392 181 1448 210 Xll.
1782 180 1831 213 882

211 245 266 265 tum
278 238 369 266 damni
382 238 444 265 facis
455 241 481 265 et
494 237 540 265 tibi
554 237 614 273 ipsi,
630 242 657 265 et
671 238 717 265 toti
728 238 828 270 domui,
844 238 866 265 si
880 245 995 266 conven-

212 289 265 310 tum
279 288 305 311 et
326 284 445 319 synaxim
469 283 595 318 relinquis
603 285 614 309 '!
631 283 755 315 Quamvis
773 284 843 310 cnint
864 283 994 318 integrum

212 330 364 355 thesaurum
380 336 445 355 auro
458 328 583 356 referttnn
600 329 728 360 invenias,
748 333 776 355 et
796 331 903 363 propter
922 330 995 355 illtun

211 376 282 402 absis
298 385 303 401 :
317 375 401 409 majus
414 380 501 401 tamen
523 375 711 402 detrimentum
734 382 812 409 quam
834 375 935 402 lucrum
957 375 995 400 fa-

212 421 276 452 cies,
296 427 322 447 et
338 424 410 447 tanto
430 421 523 454 majus,
547 423 645 455 quanto
664 420 832 448 sensibilibus
852 421 996 455 spiritualia

211 470 271 492 sunt
286 466 403 492 meliora.
416 465 481 492 Nam
500 466 560 492 licet
571 466 613 492 illa
628 466 708 492 multa
722 466 775 492 sint
788 470 814 492 et
825 466 997 500 undequaqtte

212 510 329 543 affluant,
343 518 393 536 non
409 515 495 537 tamen
512 511 572 537 hinc
583 515 669 538 tecum
683 511 894 545 eommigrabunt
911 510 943 537 ad
957 511 996 537 vi-

213 561 265 582 tam
281 556 404 588 futuram,
423 565 507 591 neque
526 557 604 584 simul
627 557 764 584 nobiscum
778 557 804 583 in
817 557 896 584 cmlos
910 561 996 583 trans

213 601 340 635 ferentur,
356 611 441 637 neque
460 603 602 631 atlstabunt
624 604 693 638 apud
716 604 831 631 terribile
854 604 965 631 tribunal
989 612 996 630 :

214 649 267 674 imo
284 656 354 682 Stepe
377 654 404 676 ct
423 655 482 676 ante
504 655 615 677 mortem
637 651 789 677 dilabuntur
808 660 814 677 :
836 651 904 685 quod
925 652 945 677 si
965 650 997 677 ad

214 693 292 719 linem
309 702 392 728 usque
405 696 560 726 manserint,
576 697 725 723 necessario
740 699 826 723 tamen
848 696 897 723 sttb
913 696 997 730 ipstuu

215 741 292 768 linem
308 742 442 769 tolluntur.
455 742 604 777 Spiritualis
619 743 855 770 autemtltdsaurus
867 744 999 777 possessio

214 790 265 817 cst,
279 794 337 820 qum
351 786 448 814 auferri
461 788 561 822 nequit,
573 792 598 814 et
609 788 706 823 ubique
728 795 817 815 eomes
837 792 886 820 cst,
909 789 999 823 sequi~

215 836 308 865 lurque
322 837 432 867 peregre
444 838 546 867 ElllllLS,
561 834 672 860 multutn
687 834 789 861 llducim
805 833 875 868 apud
886 834 998 861 tribunal

214 876 310 903 Christi
325 878 400 905 nobis
413 879 541 906 tribuens.

249 922 274 948 4.
293 922 393 956 Duplam
408 926 503 958 fructus
518 932 550 950 ex
560 925 638 951 sacris
655 925 822 957 conventibus,
843 930 866 951 et
879 926 998 953 collectis.

214 982 249 986 --
261 967 336 1000 Quod
356 968 377 995 si
391 975 423 996 ex
443 970 501 997 aliis
520 971 692 997 conventibus
707 975 806 998 tantum
823 972 887 998 lucri
904 978 998 998 conse-

215 1013 329 1046 quimur,
346 1016 417 1041 certe
436 1016 469 1041 ab
490 1016 521 1042 iis
540 1017 584 1049 qui
607 1016 648 1043 hic
663 1017 830 1044 celebrantur
844 1017 941 1051 duplex
962 1018 1000 1044 lu-

214 1065 288 1084 crum
300 1063 454 1093 exspectare
466 1061 537 1088 licet.
550 1060 606 1088 Non
622 1062 691 1088 enint
706 1061 774 1088 hunc
789 1062 900 1090 fructum
915 1063 1000 1090 solum

215 1106 343 1139 capimus,
358 1107 428 1141 quod
442 1108 556 1135 animam
576 1108 671 1135 divinis
686 1109 798 1143 eloquiis
813 1110 938 1144 rigentus,
954 1110 1000 1136 sed

216 1157 242 1177 et
256 1152 327 1186 quod
345 1153 434 1180 hostes
449 1154 547 1188 ingenti
563 1155 664 1188 pudore
683 1154 838 1185 afficiamus,
855 1155 1001 1189 fratresque

217 1202 322 1224 nostros
344 1199 424 1225 multa
444 1200 626 1226 consolatione
644 1200 803 1234 repleamus.
819 1200 874 1228 Hoc
892 1201 960 1228 enim
976 1202 1000 1228 in

216 1243 280 1269 aciei
303 1243 403 1270 lucrum
419 1245 498 1277 cedit,
517 1245 538 1272 si
560 1245 591 1272 ad
613 1251 714 1279 partem
734 1247 817 1280 praelii
837 1247 960 1274 afflictam
976 1253 1002 1274 et

217 1289 407 1321 periclitantem
423 1297 603 1325 properemus.
617 1291 757 1325 Propterea
769 1299 861 1319 omnes
875 1293 925 1320 huc
939 1300 1002 1319 cou-

217 1334 298 1361 llucre
313 1336 461 1368 oportebat,
473 1340 499 1363 et
513 1336 604 1363 hostes
617 1338 659 1371 qui
676 1344 723 1364 nos
738 1338 902 1370 adoriuntur,
918 1341 1002 1373 repel-

218 1381 281 1407 lere.
306 1380 379 1413 Esto,
405 1389 520 1416 nequeas
544 1382 649 1417 longum
673 1391 822 1410 sermonem
844 1384 1000 1418 producere,

218 1433 266 1452 nec
286 1425 383 1452 habeas
402 1426 512 1453 docendi
532 1427 642 1461 gratiam
660 1428 749 1455 :adsis
761 1429 857 1462 solum,
873 1434 899 1456 et
920 1434 1002 1456 totum

219 1471 359 1503 perfecisti.
379 1471 443 1497 Nam
465 1473 583 1506 corporis
604 1474 744 1506 praesentia
765 1482 902 1501 numerum
917 1475 1004 1508 gregis

218 1515 338 1549 adauget.
359 1523 390 1542 ac
410 1517 517 1542 multatn
540 1517 663 1544 fratribus
681 1518 731 1544 tuis
751 1519 826 1545 all'ert
844 1520 1005 1546 consolatio-

219 1569 290 1592 nem,
303 1567 329 1588 et
345 1562 463 1588 hostibus
477 1563 615 1596 pudorem.
632 1564 735 1590 Etenim
748 1565 770 1591 si
785 1565 842 1599 quis
857 1565 913 1591 ltazc
928 1572 1002 1592 saera

219 1606 353 1639 ingressus
368 1607 507 1640 vestilmla,
525 1615 621 1641 paucos
636 1609 732 1641 videat,
749 1610 911 1636 alacritatem
929 1617 1003 1636 Suam

220 1652 338 1683 remittit,
364 1653 498 1685 torpescit,
523 1653 658 1687 laetusque
680 1655 786 1689 segnior
810 1655 870 1682 hinc
891 1655 1002 1687 recedit,

219 1698 309 1731 sicque
323 1698 446 1731 paulatim
460 1699 546 1725 omnis
561 1700 699 1726 multitudo
720 1700 837 1734 ignavior
853 1706 879 1727 et
893 1701 1006 1727 dissolu-

221 1743 271 1768 tior
289 1744 385 1770 evadit.
401 1744 446 1770 Sin
466 1744 559 1771 viderit
578 1752 736 1772 concurrere
757 1746 932 1781 uudequaque
950 1754 1006 1773 ma-

220 1795 323 1821 gnoque
345 1788 442 1819 studio,
464 1789 543 1814 etiam
565 1789 586 1815 si
607 1789 682 1816 valde
703 1790 811 1823 ignarus
833 1791 876 1823 sit,
894 1791 1006 1818 alacrior

222 1833 348 1859 redditur.
367 1834 431 1859 Nam
452 1834 473 1859 si
496 1834 560 1869 lapis
581 1842 651 1868 smpc
673 1836 705 1862 ad
727 1836 839 1870 lapidem
861 1844 1005 1864 concussus

221 1880 349 1905 scintillas
368 1880 476 1906 exsilire
490 1880 558 1911 facit,
578 1881 680 1907 tametsi
702 1882 766 1908 nihil
786 1882 819 1908 sit
839 1882 957 1917 frigidius
970 1883 1007 1909 la-

222 1926 291 1960 pide,
307 1927 422 1962 nihilque
438 1929 497 1962 igne
511 1929 628 1960 calidius,
645 1934 759 1956 attamen
775 1931 925 1962 concussio,
936 1931 1006 1957 vieta

223 1977 325 2004 natura,
343 1974 428 2007 ignem
443 1974 523 2000 elicit.
538 1974 611 2007 Quod
628 1975 648 2000 si
665 1975 689 2001 id
712 1974 737 2001 in
758 1975 853 2009 lapillis
868 1975 1005 2009 contingit,

224 2019 399 2054 multomagis
412 2019 479 2046 idem
495 2020 521 2046 lit
534 2025 559 2046 et
575 2021 599 2046 in
614 2021 750 2047 animabus
764 2028 822 2055 quze
837 2025 928 2047 mutuo
940 2025 1008 2047 atte-

224 2068 320 2089 runtur
335 2069 360 2089 (
386 2065 446 2099 igne
459 2065 576 2099 Spiritus
590 2068 793 2094 concalescunt.
810 2068 868 2095 Non
889 2069 1006 2098 audistis

221 2109 290 2141 apud
307 2109 425 2142 majores
434 2114 542 2137 nostros
554 2115 658 2138 tantum
666 2117 775 2139 centttm
783 2114 908 2149 etviginti
920 2115 1006 2143 fuisse

222 2159 307 2180 totum
323 2155 440 2181 Iidelium
451 2164 591 2182 numerum
607 2157 674 2192 (Act.
689 2158 713 2185 l.
725 2158 768 2189 l5)
779 2168 785 2185 :
798 2160 852 2186 imo
871 2165 932 2187 ante
943 2160 1004 2188 illos

224 2205 329 2226 centum
345 2206 370 2227 et
390 2201 491 2235 viginti,
508 2202 647 2228 duodecim
667 2206 767 2228 tantum
782 2206 866 2234 erant,
881 2207 907 2229 et
925 2211 1010 2237 ncqtte

225 2246 249 2273 hi
272 2251 424 2273 manserunt
445 2255 546 2279 omnes,
563 2247 608 2274 sed
624 2255 690 2274 untts
713 2255 744 2274 ex
760 2247 798 2274 eis
817 2247 897 2274 Judas
913 2248 1010 2281 periit?

226 2293 256 2318 lit
276 2298 351 2319 erant
372 2292 493 2319 undecim
509 2300 611 2324 omnes,
634 2298 748 2320 attamen
769 2301 801 2320 ex
820 2294 942 2321 undecim
959 2294 1010 2321 illis

226 2339 283 2365 tacti
295 2343 355 2365 sunt
367 2343 471 2365 centum
487 2344 513 2365 et
527 2339 634 2373 viginti;
647 2347 679 2366 ex
694 2344 799 2366 centum
814 2345 841 2367 ct
853 2340 943 2374 viginti
961 2342 1009 2367 tria

1048 239 1139 271 millia,
1154 239 1250 267 deinde
1271 240 1385 275 quinque
1399 240 1491 272 millia,
1513 238 1629 276 denique
1644 243 1727 268 totum
1742 242 1833 269 urbem

1051 289 1179 311 terrarum
1203 286 1377 320 impleverunt
1391 287 1542 321 cognitione
1557 287 1613 314 Dei.
1636 287 1699 322 Ejus
1716 295 1779 314 vero
1797 289 1833 316 rei

1049 337 1128 357 causa
1143 330 1200 357 lucc
1212 332 1261 357 est.
1276 330 1422 366 Numquam
1435 335 1593 359 conventum
1608 332 1774 366 deterebant,
1787 333 1834 360 sed

1049 374 1127 402 simul
1147 375 1172 401 in
1194 376 1292 410 templo
1311 376 1544 409 conrersabantnr,
1564 377 1686 411 precibus
1702 383 1729 405 et
1743 378 1835 406 lectio.

1050 420 1127 447 nibus
1142 420 1234 447 intenti
1252 429 1257 447 :
1276 425 1413 455 propterea
1428 429 1550 456 maguum
1566 423 1715 450 incendium
1731 424 1835 450 excita-

1050 469 1125 498 runt,
1153 470 1291 500 propterea
1317 474 1459 500 numquam
1481 466 1663 501 difuxerunt,
1684 468 1730 495 sed
1752 472 1836 495 totum

1050 516 1214 539 attraxerunt
1237 512 1339 539 urbem.
1364 513 1416 539 llos
1438 519 1464 540 ct
1490 521 1539 540 nos
1563 519 1668 547 quoque
1691 514 1834 541 imitemur.

1051 557 1188 590 Quomodo
1209 558 1278 583 enim
1299 563 1350 584 non
1374 558 1528 590 absurdum,
1549 566 1602 585 non
1626 562 1724 585 tantam
1745 562 1835 586 curam

1039 603 1177 630 'Ecclesire
1192 604 1294 636 haberi,
1308 606 1432 638 quantam
1448 605 1541 631 vicinis
1557 605 1611 632 suis
1627 606 1749 632 mulieres
1763 605 1836 632 exhi-

1052 649 1132 676 bent?
1148 649 1200 676 llla:
1210 656 1269 676 cum
1285 650 1397 677 viderint
1412 650 1538 683 virginem
1553 651 1666 685 aliquam
1681 659 1834 685 pauperem.

1051 699 1077 721 et
1092 695 1164 721 omni
1183 695 1334 722 destitutam
1355 696 1489 730 praesidio,
1504 695 1623 723 officiose
1643 703 1690 722 sua
1712 697 1835 728 afferunt,

1052 741 1258 775 propinquorum
1281 743 1351 769 vices
1370 742 1508 775 obeuntes,
1532 747 1558 769 et
1579 747 1700 776 magnam
1722 743 1781 777 quis
1801 743 1836 769 ibi

1051 787 1122 814 videt
1144 788 1326 822 frequentiam,
1346 788 1409 815 dum
1430 788 1503 823 virgo
1523 788 1720 822 desponsatur:
1737 793 1763 816 et
1779 789 1837 815 alia:

1051 833 1156 868 quidem
1179 833 1293 860 offerunt
1313 833 1453 867 pecunias,
1476 833 1535 860 alim
1560 835 1671 868 Corpore
1693 839 1837 868 prtrsentea

1052 882 1122 910 sunt,
1136 878 1205 913 quod
1218 879 1295 905 etlam
1306 880 1391 912 ipsum
1404 886 1455 905 non
1466 885 1558 913 parum
1567 883 1608 905 est
1620 887 1627 906 :
1639 886 1729 906 earum
1742 879 1838 913 quippe

1052 923 1167 950 studium
1182 924 1315 950 tenuitatis
1330 924 1411 958 ipsius
1422 924 1543 951 velamen
1558 928 1608 956 est,
1623 932 1767 958 earumque
1780 925 1837 950 ala-

1052 970 1145 996 critate
1159 975 1299 1004 paupertas
1313 969 1454 1005 obtegitur.
1469 970 1525 997 lloc
1537 973 1564 997 et
1577 977 1624 997 vos
1639 971 1664 997 in
1681 970 1729 997 hac
1744 970 1837 997 Eccle-

1053 1016 1090 1042 sia
1104 1015 1180 1042 facite
1194 1024 1201 1042 :
1216 1022 1405 1043 coneurramus
1416 1020 1509 1043 omnes
1519 1016 1645 1050 undique,
1661 1019 1688 1043 et
1702 1017 1759 1050 ejus
1772 1021 1837 1042 con-

1053 1067 1171 1097 tegamus
1190 1062 1316 1096 inopiam,
1337 1062 1390 1089 imo
1413 1062 1548 1089 solvamus
1565 1062 1624 1096 ejus
1645 1064 1837 1096 paupertatem,

1054 1108 1096 1134 hic
1121 1107 1272 1142 frequenter
1297 1107 1481 1134 adventantes.
1507 1107 1588 1142 Caput
1610 1107 1721 1133 mulieris
1746 1108 1784 1132 vir
1801 1111 1839 1133 eu

1055 1153 1161 1189 (Ep/tes.
1176 1153 1202 1180 5.
1216 1153 1274 1188 25),
1289 1153 1384 1180 mulier
1398 1153 1447 1179 viri
1468 1152 1595 1187 adjutrix.
1610 1152 1648 1180 Ne
1668 1153 1747 1187 igitur
1759 1157 1839 1187 caput

1054 1199 1153 1233 absque
1165 1204 1277 1233 corpore
1289 1199 1357 1225 viam
1371 1198 1404 1225 ad
1420 1198 1478 1225 hate
1496 1203 1586 1225 saneta
1607 1198 1698 1225 limina
1719 1199 1838 1233 arripiat,

1055 1252 1140 1278 neque
1154 1250 1249 1278 corpus
1264 1244 1363 1277 absque
1383 1243 1484 1278 capite,
1500 1243 1546 1270 sed
1562 1243 1665 1278 integer
1684 1243 1736 1270 huc
1750 1243 1839 1278 ingre-

1054 1289 1142 1316 diatur
1155 1290 1234 1315 homo
1247 1288 1336 1323 pueris
1348 1289 1545 1316 comitantibus.

1090 1334 1153 1361 Filii
1160 1334 1193 1361 ad
1202 1334 1321 1368 templum
1329 1333 1484 1360 ducendi.-
1490 1333 1554 1360 Nam
1564 1334 1585 1361 si
1594 1333 1739 1368 jucundum
1752 1338 1793 1361 est
1806 1333 1842 1360 ri-

1055 1380 1118 1408 dere
1132 1380 1253 1407 arborem
1267 1387 1326 1406 cum
1345 1387 1413 1406 nova
1427 1379 1515 1414 planta
1532 1386 1547 1406 e
1566 1378 1656 1406 radice
1674 1379 1731 1413 ejus
1745 1386 1839 1406 exsur-

1055 1431 1134 1461 gente
1149 1434 1154 1451 :
1171 1424 1254 1452 multo
1269 1425 1351 1459 magis
1368 1425 1513 1459 jucundum
1528 1429 1569 1451 est
1583 1423 1673 1451 videre
1688 1424 1821 1451 hominem
1832 1445 1840 1456 ,

1055 1473 1127 1499 omni
1147 1473 1205 1500 olea
1225 1472 1407 1501 amtmiorem,
1423 1479 1438 1497 a
1458 1471 1547 1498 radice
1568 1478 1616 1497 sua
1640 1470 1722 1497 liuni
1741 1469 1840 1497 habere

1056 1518 1215 1549 adstantem,
1236 1518 1310 1552 quasi
1334 1522 1428 1543 novam
1453 1517 1567 1550 plantam
1592 1525 1599 1543 :
1622 1523 1673 1543 non
1695 1516 1841 1551 jucundum

1056 1568 1143 1592 autem
1155 1564 1251 1596 solum,
1264 1563 1311 1590 sed
1325 1567 1351 1590 et
1361 1563 1435 1589 utile.
1450 1562 1568 1594 Etenim,
1582 1567 1609 1590 ut
1623 1567 1685 1589 ante
1698 1562 1764 1595 dixi,
1777 1569 1842 1589 con-

1056 1609 1173 1644 gregatis
1188 1609 1271 1643 majus
1293 1608 1394 1635 lucrum
1414 1608 1474 1635 erit.
1496 1608 1637 1634 Enimvero
1655 1613 1681 1634 et
1699 1607 1842 1642 agricolam

1058 1660 1118 1682 ttmc
1134 1655 1251 1681 maxime
1265 1653 1437 1683 admiramur,
1448 1660 1500 1680 non
1514 1659 1573 1680 eum
1587 1660 1679 1688 agrum
1689 1653 1753 1680 colit
1765 1657 1843 1680 antea

1058 1701 1125 1727 bene
1138 1700 1249 1731 cultum,
1263 1699 1308 1726 sed
1329 1706 1389 1725 cum
1411 1699 1466 1725 loca
1482 1705 1534 1725 non
1556 1698 1683 1725 seminata
1702 1703 1729 1725 et
1743 1698 1843 1725 inarata

1058 1752 1160 1772 summa
1179 1752 1241 1772 cttra
1256 1745 1360 1771 excolit.
1382 1743 1425 1771 Sic
1446 1748 1472 1770 et
1491 1743 1587 1771 Paulus
1605 1742 1726 1775 faciebat,
1743 1743 1843 1778 majore

1059 1791 1145 1818 studio
1158 1790 1350 1824 evangelizans,
1365 1790 1408 1816 ubi
1421 1788 1540 1816 Christus
1556 1788 1671 1816 nondum
1683 1794 1740 1816 erat
1757 1788 1844 1815 nomi-

1059 1841 1145 1863 natus.
1158 1836 1231 1862 llltun
1246 1839 1271 1861 et
1284 1841 1331 1861 nos
1346 1834 1378 1860 ad
1398 1835 1588 1861 incrementum
1604 1834 1728 1861 Ecclesia:
1743 1834 1841 1860 utilitav

1061 1887 1165 1916 temque
1183 1887 1299 1908 nostram
1316 1881 1458 1913 imitemur,
1472 1880 1589 1914 quotidie
1604 1880 1636 1907 ad
1653 1880 1720 1907 hanc
1731 1888 1843 1914 congre-

1059 1929 1190 1963 gationem
1206 1927 1377 1954 confluentes.
1393 1926 1456 1952 Nam
1475 1927 1496 1952 si
1510 1926 1721 1960 Concupiscrntia
1737 1925 1843 1960 flagras,

1061 1978 1160 2001 tantum
1174 1973 1223 2000 hac
1233 1973 1286 1999 visa
1301 1973 1388 2004 domo,
1401 1972 1498 2005 poteris
1508 1979 1566 1998 eam
1578 1971 1653 1998 facile
1663 1971 1826 2005 restinguere
1837 1980 1844 1998 :

1061 2025 1087 2047 et
1102 2021 1123 2047 si
1138 2020 1268 2051 irascaris,
1285 2019 1354 2045 illam
1371 2018 1446 2044 facile
1462 2018 1543 2044 feram
1558 2018 1679 2044 domabis
1718 2022 1744 2043 et
1757 2018 1778 2043 si
1793 2017 1844 2043 alia

1062 2066 1182 2100 quapiam
1196 2065 1332 2092 affectione
1348 2063 1492 2098 impeteris,
1506 2067 1687 2097 tempestatem
1702 2070 1759 2090 eam
1772 2062 1847 2090 facile

1062 2112 1176 2144 sedabis,
1193 2111 1338 2145 reddesque
1352 2117 1441 2144 pacem
1455 2114 1482 2136 et
1492 2109 1659 2136 serenitatem
1675 2109 1769 2135 animm
1785 2114 1847 2136 tnze.

1061 2156 1118 2189 Qua
1140 2163 1187 2183 nos
1207 2164 1299 2183 omnes
1318 2155 1368 2182 frui
1387 2155 1520 2189 conlingat
1539 2155 1621 2189 gratia
1643 2158 1669 2180 et
1688 2155 1849 2188 benignitate

1062 2203 1166 2230 Domini
1186 2202 1268 2229 nostri
1287 2201 1348 2228 .lcSu
1369 2200 1477 2231 Christi,
1495 2200 1601 2234 quicum
1621 2199 1691 2226 Patri
1710 2203 1737 2226 et
1756 2203 1848 2226 sancto

1063 2248 1171 2283 Spiritui
1187 2248 1220 2274 sit
1231 2247 1313 2281 gloria
1328 2253 1396 2273 nunc
1411 2249 1436 2272 et
1450 2251 1566 2279 semper,
1578 2249 1604 2271 et
1616 2244 1641 2270 in
1656 2244 1752 2271 smcula
1765 2251 1849 2270 swee-

1064 2295 1158 2321 lorum.
1174 2294 1268 2320 Amen.

227 2452 257 2475 1N
279 2450 512 2482 PARALYTICUM,
535 2455 588 2482 QUI
611 2455 709 2476 annos
731 2456 881 2477 TRIGINTA
1008 2450 1216 2476 DECUBUERAT
1237 2447 1268 2469 IN
1290 2438 1499 2468 mmthm
1522 2438 1591 2468 sos,
1615 2439 1654 2463 E'r
1676 2441 1707 2462 IN
1729 2440 1823 2462 .
1837 2453 1845 2467 ,

439 2506 540 2528 PATER
564 2505 646 2528 usus
661 2505 761 2532 usque
783 2505 870 2528 nono
890 2504 1067 2530 orem-run,
1091 2501 1131 2522 ET
1153 2498 1212 2521 eeo
1228 2496 1351 2518 orsnon
1374 2485 1487 2526 (Joan.
1502 2483 1532 2513 5.
1556 2483 1618 2522 17).

463 2650 558 2681 (contra
569 2653 702 2674 Anomceos.
711 2651 748 2673 xu
765 2648 796 2679 .)

262 2691 289 2718 l.
303 2690 461 2719 Benedictus
480 2691 550 2719 Deus
565 2700 572 2718 :
586 2691 690 2726 singulo
704 2697 810 2726 quoque
828 2693 959 2717 conventu
972 2688 1014 2715 vi-

223 2735 278 2763 deo
298 2743 391 2763 arvum
413 2743 552 2770 crescere,
565 2743 643 2772 agrOs
661 2740 781 2764 comatos
800 2734 908 2766 florere,
925 2741 1013 2761 aream

221 2781 343 2816 impleri,
365 2781 533 2816 multiplicari
549 2782 716 2817 manipulos;
738 2781 842 2809 tametsi
865 2788 917 2807 non
939 2779 1014 2807 mttlti

222 2827 285 2856 dies
295 2828 490 2863 praeterierunt,
502 2832 641 2863 postquam
655 2832 800 2856 sementem
812 2827 879 2855 hanc
888 2826 1011 2862 iecimus,

285 2879 373 2906 collata
384 2887 438 2906 eum
448 2884 489 2907 Is.
497 2881 571 2913 Regio
581 2881 651 2906 2424.

1067 2654 1130 2675 ecce
1141 2652 1207 2673 vero
1218 2643 1413 2679 quamprimum
1425 2641 1499 2668 dives
1512 2639 1590 2667 nobis
1604 2637 1765 2666 obedientiaa
1779 2638 1852 2671 aplca

1067 2690 1232 2728 germinavit.
1254 2689 1293 2716 Ex
1312 2695 1365 2723 qtto
1387 2686 1555 2721 perspicuum
1574 2689 1615 2711 est
1637 2690 1688 2710 non
1709 2683 1851 2710 humanam

1066 2745 1127 2766 esse
1142 2735 1297 2772 potentiam,
1308 2733 1355 2762 sed
1370 2733 1479 2768 gratiam
1490 2731 1616 2763 divinam,
1630 2737 1689 2764 qua
1702 2729 1770 2756 hanc
1781 2728 1853 2755 colat

1067 2783 1221 2812 Ecclesiam.
1246 2780 1312 2809 Nam
1335 2784 1362 2807 et
1390 2776 1540 2813 huiusmodi
1563 2779 1606 2804 est
1627 2779 1721 2802 natura
1745 2773 1853 2801 seminis

1067 2828 1221 2865 spiritualis.
1235 2827 1292 2855 Non
1307 2829 1443 2860 exspectat
1456 2829 1570 2858 tempus,
1587 2828 1640 2849 non
1658 2820 1852 2848 multitudinem

1068 2876 1182 2908 dierutn,
1206 2881 1258 2902 non
1280 2872 1405 2902 circuitus
1429 2869 1571 2903 mensium,
1601 2875 1656 2896 non
1673 2870 1854 2903 tempestates,
