2055 3122
220 118 275 147 803

219 182 273 202 non
288 181 373 202 annos
389 183 396 201 :
410 173 457 202 sed
472 174 535 201 licet
546 174 625 201 unico
638 174 680 200 die
692 173 832 207 jaeicntem
846 179 937 198 semen
953 171 1009 206 ple-

220 229 282 248 nam
297 226 325 248 et.
343 221 489 248 confertam
510 220 582 247 brevi
597 219 648 246 hoc
662 219 747 253 spatio
767 224 881 244 messem
896 222 1008 244 metere.

171 274 174 277 '
221 266 324 293 Etenim
340 265 384 300 qui
400 265 469 292 ltanc
488 264 577 291 sensui
592 263 737 298 subjectam
758 267 858 290 terram
875 262 1008 294 scindunt,

219 311 252 338 iis
264 315 292 338 et
310 311 452 346 plurintum
476 309 572 336 laboris
592 308 743 335 necessario
756 307 937 335 adhibendum
957 312 1008 339 est,

219 363 247 384 et.
269 358 314 384 diu
338 355 562 391 exspectandum.
583 354 650 382 Nam
671 358 698 382 et
717 355 798 382 boves
819 359 939 382 aratores
960 354 1010 381 sub

218 404 310 438 iugum
335 403 442 430 mittere
464 406 605 437 coguntur,
623 406 651 428 et
671 401 829 436 profundum
849 400 951 428 sulcum
972 400 1010 426 fo—

219 448 293 479 dere,
309 452 336 475 et
355 448 457 474 semina
471 447 579 482 copiose
591 446 691 481 jacere,
707 450 735 474 et
749 446 917 481 superﬁciem
933 450 1011 473 terra:

219 493 399 527 coutplanare,
413 497 440 520 et
450 493 539 520 omnia
553 499 727 528 qutecumque
738 492 810 526 jacta
823 491 931 524 fuerint,
947 499 1012 518 con-

220 544 320 574 tegere,
331 543 356 566 ct
367 543 523 573 exspectare
536 543 700 574 opportunos
711 538 857 573 pluviarum
868 537 1009 570 adventus,

220 586 363 621 multisque
379 585 439 612 aliis
459 585 484 612 in
504 585 584 612 rebus
607 585 726 612 laborem
747 591 779 612 ac
798 583 914 612 studium
938 583 1011 610 insu-

220 639 304 664 mere,
320 636 347 658 et
366 631 477 658 multam
500 631 626 665 tctnporis
641 633 796 665 exspectare
809 637 841 656 ac
856 633 919 656 tunc
933 629 1011 656 deni-

221 685 274 712 que
296 678 375 703 linem
393 684 471 703 suum
493 675 630 710 consequi.
651 675 699 702 llic
716 680 805 702 autem
825 679 852 702 et
871 678 964 702 testate
985 678 1012 702 et

223 721 310 749 hieme
333 725 361 748 et
379 728 469 748 serere
482 725 510 748 et
522 725 622 748 metere
640 720 712 753 licet,
732 725 758 747 et
771 719 866 747 eodem
886 727 956 754 saepe
969 719 1012 747 die

221 771 363 801 utrttntque
381 766 507 800 contigit,
525 765 690 800 potissimum
713 765 758 792 ubi
775 764 878 800 pinguis
899 769 925 791 et
946 764 1012 791 uber

223 812 301 840 fuerit
315 812 403 839 attima
421 819 481 846 qua:
501 811 608 838 colitur.
624 811 699 844 Quod
721 818 785 837 sane
800 810 827 837 in
844 810 919 837 vobis
931 811 1011 837 etiam

221 859 283 885 licet
296 865 407 885 cernere
422 866 427 883 :
443 857 615 892 quamobrem
630 860 658 884 et
672 864 721 883 nos
733 856 846 883 alacrius
859 856 892 883 ad
907 863 954 882 vos
967 864 1012 884 ac-

221 903 363 930 curritnus.
388 902 454 930 Nam
476 907 502 929 et
523 901 638 936 agricola
661 901 731 928 illam
754 900 893 936 diligenter
914 905 1010 928 terram

221 949 296 982 colit,
313 956 346 976 ex
360 956 411 984 qua
430 955 501 983 smpe
516 955 605 975 areatn
621 947 751 982 implevit.
767 947 878 981 Quando
892 947 971 982 igitur
985 951 1012 974 et

221 1002 269 1022 vos
282 1002 366 1030 pauco
380 1001 413 1021 ex
426 994 519 1022 labore
532 1001 656 1029 magnum
669 993 745 1021 nobis
758 994 882 1028 praebetis
896 1001 1011 1028 proven-

223 1045 288 1072 tum,
303 1047 397 1074 magna
411 1046 471 1066 cum
485 1039 631 1066 attentione
643 1038 676 1065 ad
690 1038 758 1065 hanc
771 1038 924 1066 accedimus
936 1039 1010 1073 agri-

221 1086 365 1119 culturam,
380 1089 407 1112 ct
421 1092 525 1117 eorum,
539 1092 599 1119 qua:
615 1088 693 1111 antea
713 1084 783 1111 dicta
799 1089 870 1117 sunt,
887 1084 1011 1119 reliquias

222 1133 297 1160 vobis
308 1132 474 1160 distributttri
488 1131 618 1159 venimus.
635 1131 710 1159 Tunc
723 1132 802 1166 igitur
811 1140 844 1159 ex
854 1131 951 1160 Vetere
961 1132 1012 1159 Te-

223 1182 355 1204 stamento
369 1177 574 1212 disputationem
590 1177 661 1204 illam
678 1178 820 1209 texuimus,
834 1185 893 1212 quas
908 1178 941 1205 de
952 1178 1011 1213 glo-

222 1225 260 1251 ria
276 1223 405 1258 unigeniti
419 1224 479 1251 Filii
495 1223 540 1250 Dei
553 1223 710 1257 habebatur,
727 1231 797 1251 nunc
809 1231 842 1251 ex
854 1223 948 1251 eodem
961 1224 1012 1251 hoc

223 1270 310 1304 ipsum
325 1269 451 1296 faciemus
466 1278 474 1296 ι
490 1274 552 1296 tunc
566 1269 630 1296 illud
645 1269 835 1301 all'ercbamUS,
852 1269 922 1303 quod
937 1269 1011 1296 dice-

224 1316 268 1342 bat
281 1315 402 1342 Christus
415 1323 422 1342 :
438 1314 469 1342 Si
482 1315 616 1341 crederetis
630 1314 725 1350 Moysi,
741 1315 873 1342 crederetis
888 1315 972 1349 utique
988 1320 1013 1342 et

222 1361 284 1387 mihi
297 1360 385 1396 (Joan.
397 1360 424 1387 5.
440 1360 497 1394 46);
513 1367 582 1387 nunc
597 1363 686 1386 autem
701 1359 814 1387 dicimus
829 1359 880 1387 hoc
894 1367 908 1386 a
923 1360 1012 1395 Moyse

222 1406 323 1434 dictum
347 1414 409 1434 esse
433 1414 440 1432 :
466 1405 621 1441 Prop/ictam
642 1406 709 1432 vobis
732 1406 860 1432 sascitabit
888 1406 1012 1434 Dominus

226 1452 294 1479 Deus
316 1460 348 1479 es;
371 1452 490 1487 fratribus
510 1451 607 1483 vestris,
630 1453 693 1478 sicut
713 1459 752 1478 me
774 1459 784 1478 :
801 1452 885 1486 ipsum
905 1452 1013 1478 audietis

227 1497 314 1533 (Deut.
331 1497 374 1524 18.
393 1497 444 1529 15ς
460 1497 517 1524 Act.
536 1497 563 1524 5.
583 1497 641 1531 29).
663 1496 767 1524 Etenim
788 1497 1012 1532 quemadmodum

222 1544 344 1571 Christus
357 1543 389 1570 ad
403 1543 520 1578 Moysem
535 1550 581 1570 eos
597 1543 767 1576 transmittit,
785 1548 813 1570 ut
827 1551 876 1577 per
890 1543 963 1570 illum
979 1543 1012 1570 ad

227 1597 259 1617 se
269 1589 381 1621 alliciat;
397 1589 432 1615 ita
448 1589 551 1623 Moyses
567 1589 693 1623 magistro
708 1588 852 1623 discipulos
866 1589 954 1621 tradit,
970 1589 1013 1623 ju-

225 1636 301 1666 heus,
317 1640 346 1662 ttt
360 1635 384 1662 ei
398 1642 585 1669 usquequaque
601 1639 719 1668 pareant.
736 1635 879 1662 Pareamus
894 1635 973 1670 igitur
985 1640 1013 1662 et

224 1681 401 1708 assentiamur
413 1687 473 1706 cum
485 1679 588 1706 exteris
599 1679 677 1706 rebus
687 1679 819 1711 omnibus,
833 1687 1013 1714 quascumque

225 1730 271 1751 attt
286 1724 358 1757 facit,
372 1729 417 1752 aut
430 1724 511 1757 dicit,
528 1729 583 1751 tum
598 1732 660 1751 vero
673 1724 747 1758 signo
760 1724 835 1758 huic,
851 1725 920 1760 qttod
934 1725 1013 1753 hodie

227 1771 302 1798 vobis
322 1771 459 1798 recitatum
476 1775 528 1798 est.
551 1770 688 1803 Quodnam
710 1778 772 1797 vero
790 1771 841 1798 hoc
859 1771 917 1798 est?
932 1771 1012 1805 Erat,

227 1817 319 1851 inquit,
337 1816 390 1842 dies
410 1816 488 1850 festus
502 1815 650 1842 Judtrorum
666 1823 675 1841 ε
688 1820 711 1841 et
724 1815 834 1842 ascendit
848 1816 922 1843 Jcsus
936 1816 1013 1843 Jero-

224 1862 347 1896 solymam
359 1865 413 1888 :est
427 1866 511 1887 autent
523 1861 687 1895 Jerosolymis
699 1860 833 1895 probatica’
840 1862 945 1896 piscina,
957 1871 1014 1898 quin

224 1907 415 1942 cognominatur
429 1906 553 1933 Hebraice
565 1906 701 1940 Bethesda,
717 1908 824 1943 quinque
838 1909 948 1942 porticus
964 1909 1012 1936 ha-

224 1954 285 1980 bent
295 1953 402 1988 (Joa‘mt.
414 1952 508 1986 51-9).
521 1952 548 1979 ltt
560 1959 639 1987 quant
649 1957 739 1979 narrat
749 1960 836 1980 sermo
847 1954 1013 1989 evangelin

225 1999 352 2027 advenire
372 1999 477 2026 solituut
499 2003 568 2026 stato
591 2003 710 2033 tempore
731 1999 864 2034 angelum,
885 2006 965 2035 atque
985 2001 1012 2028 in

224 2053 285 2072 eam
298 2045 461 2073 descendere
475 2053 482 2071 :
498 2045 524 2072 id
539 2053 601 2072 vero
617 2045 726 2079 intelligi
739 2053 771 2072 ex
785 2046 901 2074 motiotte
914 2054 990 2082 aqum
1004 2056 1011 2074 :

224 2091 314 2126 itaque
328 2091 411 2124 illum,
424 2092 470 2126 qui
481 2092 582 2126 primtts
592 2091 774 2118 descendisset
784 2096 844 2127 post
854 2100 929 2127 aqum
939 2101 1013 2120 cont-

225 2137 382 2170 motionem,
407 2145 501 2164 sanum
516 2137 590 2169 ﬁeri,
605 2144 772 2171 quocumque
792 2137 898 2165 tandem
917 2139 1012 2166 ntorbo

223 2183 366 2210 laboraret.
385 2182 414 2209 ln
435 2183 475 2209 his
496 2183 575 2217 igitur
591 2182 697 2216 jacebat
717 2183 858 2217 porticibus
872 2185 1012 2212 multitudo

223 2229 400 2260 inﬁrmorum,
414 2235 556 2260 caecorum,
573 2227 736 2261 claudorttm,
753 2229 898 2264 aridorum,
910 2231 955 2266 qui
965 2239 1013 2259 ex-

222 2274 377 2309 spectabant
389 2281 464 2308 aqute
478 2277 589 2300 motum.

259 2319 310 2346 Cur
328 2319 443 2347 Christus
462 2319 549 2345 diebus
568 2319 637 2353 festis
657 2327 683 2346 se
700 2320 839 2348 ostenderet
852 2320 960 2348 ludatis.
975 2337 1012 2343 --

224 2366 314 2401 Ecqua
328 2370 417 2392 autem
431 2371 511 2391 causa
522 2369 572 2397 est,
586 2365 757 2399 quamobrem
770 2365 876 2393 assidue
888 2366 1010 2395 Christus

220 2411 320 2446 deligat
339 2410 544 2445 Jerosolymam,
565 2414 592 2437 et
613 2411 639 2437 in
661 2411 723 2446 ipsis
744 2412 838 2439 diebus
861 2413 932 2440 festis
951 2420 1010 2441 sese

221 2456 344 2484 ostendat
359 2455 475 2484 Judteis?
488 2456 616 2489 Quoniam
634 2461 695 2483 tunc
714 2457 855 2484 multitudo
869 2459 1011 2486 convenie-

221 2501 275 2535 bat,
293 2501 432 2536 locuntque
446 2501 519 2528 illtutt
533 2508 564 2528 ac
578 2506 682 2536 tempus
696 2502 866 2535 observabat,
882 2508 911 2530 ut
924 2505 1009 2532 susci-

221 2553 295 2583 peret
309 2547 436 2575 inﬁrmos.
448 2547 504 2575 Non
516 2547 586 2574 enim
601 2548 628 2581 ii,
641 2548 683 2583 qui
694 2548 859 2581 laborabant,
871 2553 1009 2584 tantopere

219 2593 362 2628 ettpicbant
372 2593 479 2620 liberari
492 2600 508 2619 a
521 2593 631 2625 morbis,
645 2598 809 2628 quantopere
822 2594 944 2622 studebat
954 2603 1008 2623 me-

219 2639 294 2666 dicus
307 2645 354 2665 eos
365 2638 398 2666 ab
408 2638 585 2666 invaletudine
595 2637 720 2665 liberare.
731 2638 790 2671 Quo
801 2639 879 2673 igitur
889 2644 1009 2674 tempore

220 2684 344 2718 frequens
358 2689 415 2711 erat
430 2684 546 2719 ipsorutn
559 2689 715 2715 conventus,
727 2688 754 2711 et
766 2683 914 2712 confertutn
931 2686 1007 2713 thea-

221 2734 300 2761 trum,
315 2734 377 2757 tunc
396 2729 422 2756 in
437 2729 552 2756 medium
570 2729 680 2756 veniens
698 2736 739 2761 ea,
757 2737 816 2764 qua:
838 2729 871 2757 ad
890 2731 1006 2765 ipsorum

217 2774 330 2801 salutem
341 2774 469 2806 iacerent,
484 2773 646 2809 proferebat.
658 2774 767 2802 Jacebat
780 2775 857 2809 igitur
867 2775 1007 2804 multitudo

218 2819 388 2848 inﬁrmorum
405 2821 615 2856 exspectantium
635 2829 711 2856 aqua:
726 2826 826 2849 motum
842 2831 848 2848 :
862 2827 889 2850 et
905 2822 926 2850 is
945 2822 1004 2858 qui-

576 115 602 145 S.
623 115 762 144 JOANNIS
779 113 1017 142 CHRYSOSTOMI
1037 113 1194 142 ARClllEP.
1215 113 1481 143 CONSTANTINOP.

1802 115 1854 144 8οι

1063 170 1136 202 dem,
1154 171 1199 206 qui
1214 171 1315 205 printus
1327 171 1504 199 descendebat
1519 174 1580 206 post
1591 177 1667 204 aqua:
1680 175 1791 204 motum,
1810 180 1855 200 sas

1064 217 1192 248 nabatur;
1208 216 1254 250 qui
1267 221 1354 243 autent
1371 217 1512 249 secundus,
1529 224 1582 244 non
1597 217 1660 244 item
1677 218 1745 244 :sed
1758 227 1855 246 consu-

1063 259 1186 288 mebatur
1212 260 1445 294 medicamentum,
1467 266 1558 296 atque,
1584 269 1700 297 expensa
1721 263 1852 291 medicina

1062 306 1165 340 gratiae,
1179 305 1205 332 in
1221 310 1354 340 posterum
1366 307 1501 334 restabant
1513 307 1582 334 solae
1594 314 1625 334 ac
1639 307 1752 335 tlesertte
1764 316 1855 343 aqum;
1870 336 1877 350 ε

1064 351 1175 386 perinde
1187 356 1268 386 atque
1281 351 1433 379 ittvaletudo
1444 352 1524 386 illius,
1542 352 1588 387 qui
1605 352 1703 386 printus
1711 353 1858 381 descende—
1873 368 1878 378 ι

1063 401 1114 428 rat,
1129 400 1210 423 totam
1225 396 1298 424 illam
1314 396 1465 424 facultatem
1480 397 1665 431 expressisset,
1678 403 1703 425 et
1717 398 1858 425 exhausis-

1062 445 1103 469 set
1112 449 1119 473 ;
1128 441 1220 476 etjure
1226 441 1330 476 quidem
1337 442 1452 476 optimo:
1462 442 1565 469 servilis
1573 442 1643 469 ettim
1649 443 1753 470 eratilla
1762 443 1856 478 gratia.

1099 486 1224 522 Baptismi
1237 487 1321 522 gratia
1339 496 1414 522 quam
1430 488 1543 522 copiosa.
1555 503 1592 508 —
1604 488 1662 522 Quo
1681 494 1770 516 autem
1786 495 1855 516 tent-

1064 539 1129 567 pore
1144 533 1272 561 Dominus
1287 533 1405 566 advenit,
1421 541 1474 560 tton
1487 533 1579 561 eadem
1596 534 1664 561 ratio
1679 539 1782 562 servata
1796 539 1854 567 est;

1065 585 1115 605 nec
1138 578 1182 612 qui
1205 578 1306 612 primus
1327 578 1506 606 descendebat
1525 579 1551 606 in
1574 579 1703 614 piscinam
1725 587 1856 614 aquarum

1064 622 1198 657 baptismi,
1213 623 1287 650 solus
1301 624 1455 658 sanabatur,
1471 624 1517 651 sed
1537 629 1565 652 et
1579 624 1698 659 primus,
1711 629 1739 652 et.
1757 632 1856 652 secun-

1064 668 1125 702 dus,
1137 673 1164 697 et
1177 670 1279 703 tertius,
1292 674 1320 697 et
1333 675 1454 705 quartus,
1468 675 1496 698 et
1511 671 1641 704 decimus,
1654 675 1682 698 et
1694 671 1853 706 vigesimus;

1063 722 1095 742 ac
1108 715 1129 742 si
1145 715 1237 743 decem
1252 716 1333 743 millia
1347 716 1449 744 dixeris
1464 721 1490 744 et
1504 716 1546 744 bis
1561 720 1634 744 terve
1653 717 1773 750 totidem,
1787 725 1818 744 ac
1830 718 1855 745 si

1064 760 1182 788 inﬁnitos
1202 761 1387 794 multitudine,
1403 769 1434 789 ae
1453 761 1476 788 si
1497 766 1580 788 totum
1601 762 1692 789 orbent
1710 762 1808 797 jeceris
1827 763 1855 790 in

1065 806 1192 841 piscinam
1210 815 1350 842 aquarum,
1365 815 1398 835 ne
1419 808 1527 834 minima
1541 807 1648 843 quidem
1665 815 1697 836 ex
1712 814 1786 842 parte
1806 809 1856 836 tui-

1064 852 1154 879 nuitur
1165 854 1261 888 gratia,
1277 853 1324 880 sed
1337 853 1432 881 eadem
1446 859 1536 881 manet
1549 861 1642 881 omnes
1657 854 1716 882 illos
1729 863 1854 890 purgans.

1065 898 1178 926 Tatttum
1199 899 1313 927 interest
1332 899 1402 927 inter
1415 900 1539 927 servilem
1555 904 1723 935 potestatem,
1738 905 1765 928 ct
1782 901 1855 928 heri-

1065 943 1117 971 lem
1130 945 1326 972 auctoritatem.
1341 945 1386 972 llle
1401 953 1484 973 unum
1495 946 1617 980 sanabat,
1633 946 1677 974 hic
1688 947 1780 974 orbem
1794 948 1855 974 mti-

1063 996 1169 1017 versum
1185 999 1192 1016 :
1210 990 1254 1017 ille
1269 990 1373 1025 singulo
1385 999 1491 1026 quoque
1505 999 1575 1019 anno
1590 1000 1680 1025 unum,
1695 992 1738 1020 hic
1750 993 1854 1028 singulo

1063 1042 1169 1070 quoque
1179 1035 1232 1068 die,
1244 1036 1266 1063 si
1275 1036 1366 1064 decem
1377 1037 1459 1064 millia
1469 1038 1534 1065 velis
1543 1038 1660 1072 injicere,
1671 1046 1764 1066 omnes
1773 1047 1854 1067 sanos

1064 1082 1165 1115 reddit;
1179 1083 1224 1110 ille
1239 1083 1403 1112 descendens
1413 1090 1440 1112 et
1452 1085 1615 1112 conturbans
1627 1093 1733 1120 aquam,
1747 1086 1789 1114 ltie
1801 1095 1854 1115 non

1063 1128 1143 1161 item;
1154 1129 1200 1157 sed
1215 1130 1279 1157 satis
1289 1136 1329 1157 est
1342 1131 1440 1158 nudum
1455 1131 1596 1158 dtttntaxat
1609 1132 1691 1166 ipsius
1701 1140 1797 1160 nomen
1811 1134 1855 1160 itt-

1065 1182 1160 1202 vocare
1179 1183 1260 1211 super
1277 1184 1369 1211 aquas,
1390 1177 1506 1212 ipsisque
1524 1178 1673 1205 universam
1687 1179 1856 1206 committere

1063 1221 1174 1248 sanandi
1189 1222 1330 1249 rationem.
1346 1223 1379 1249 Et
1393 1223 1437 1250 ille
1450 1223 1557 1257 quidem
1569 1230 1710 1258 corporum
1723 1224 1791 1251 vitiis
1802 1232 1856 1252 tne-

1063 1267 1175 1295 debatur
1204 1277 1211 1294 :
1237 1268 1279 1296 hic
1303 1273 1392 1296 autem
1416 1269 1512 1296 animat
1539 1269 1706 1296 vitiositatem
1734 1270 1855 1305 corrigit.

1064 1312 1155 1346 Vides,
1167 1321 1245 1348 quam
1260 1314 1434 1349 undequaque
1448 1322 1582 1350 magnum,
1597 1320 1675 1350 atque
1685 1315 1752 1343 adeo
1766 1316 1854 1344 inﬁni-

1064 1363 1119 1386 tum
1136 1359 1301 1387 intervallum
1316 1360 1441 1395 apparet?

1100 1405 1126 1431 2.
1147 1404 1256 1432 Jacebat
1271 1405 1349 1440 igitur
1368 1406 1507 1433 ntultitudo
1521 1406 1683 1434 iuﬁrutorum
1695 1412 1854 1442 exspectan-

1065 1452 1130 1478 tium
1143 1460 1217 1487 aqua:
1231 1457 1341 1480 motum.
1355 1454 1418 1481 Erat
1427 1455 1497 1481 enim
1509 1455 1581 1482 locus
1594 1455 1636 1482 ille
1646 1456 1739 1483 medici
1750 1457 1854 1484 ofﬁcina

1064 1498 1186 1532 qua:dam
1210 1499 1366 1533 spiritualis.
1387 1500 1617 1533 Quemadmodum
1642 1503 1720 1537 igitur
1735 1503 1760 1530 in
1781 1503 1855 1538 ejus-

1065 1544 1135 1572 modi
1152 1545 1211 1573 loco
1223 1545 1320 1572 multos
1334 1546 1395 1573 licet
1407 1554 1516 1574 cernere
1537 1547 1620 1575 oculis
1641 1553 1731 1583 captos
1743 1568 1750 1581 ,
1774 1556 1855 1576 crure

1065 1589 1210 1622 tnutilatos,
1221 1596 1266 1617 aut
1276 1591 1327 1618 alia
1337 1592 1457 1626 corporis
1468 1598 1542 1626 parte
1553 1593 1621 1620 male
1631 1593 1748 1626 affectos,
1760 1601 1856 1622 omnes

1066 1635 1173 1670 publice
1195 1637 1378 1670 cousidcutes,
1401 1642 1479 1672 atque
1497 1643 1681 1673 exspectantes
1703 1640 1853 1673 medicum;

1066 1682 1100 1708 ita
1119 1682 1198 1709 etiam
1214 1683 1256 1710 ltic
1279 1683 1375 1710 licebat
1390 1685 1508 1718 aspicere
1523 1685 1719 1713 multitudiuent
1740 1694 1832 1714 eorutn
1845 1707 1854 1720 ,

1065 1728 1108 1762 qui
1129 1735 1318 1756 convenerant.
1344 1730 1371 1757 ltt
1391 1730 1433 1757 his
1448 1731 1513 1766 ipsis
1536 1732 1681 1766 porticibus
1703 1737 1755 1759 erat
1779 1733 1854 1760 homo

1065 1774 1167 1807 quidam
1181 1775 1284 1810 triginta
1299 1780 1322 1802 et
1335 1781 1391 1802 octo
1404 1784 1484 1803 annos
1497 1777 1589 1803 Ital/ens
1603 1777 1628 1804 in
1640 1777 1784 1811 infirmitate
1796 1786 1853 1804 sua.

1067 1818 1143 1846 Hunc
1162 1829 1218 1846 cum
1246 1821 1346 1848 vidisset
1371 1821 1446 1848 Iesus
1463 1823 1607 1856 jacentcm,
1635 1829 1657 1850 et
1681 1824 1854 1858 cognovisset,

1065 1865 1124 1899 quia
1132 1866 1188 1899 jam
1202 1866 1306 1892 multum
1323 1872 1418 1900 tempus
1440 1867 1548 1898 haberet,
1569 1867 1687 1895 dixitei:
1712 1868 1753 1895 Vis
1777 1877 1855 1896 sanus

1065 1910 1122 1942 ﬁeri
1129 1910 1141 1936 7
1149 1910 1289 1943 Respondit
1298 1912 1321 1938 ei
1333 1912 1467 1947 languidus
1474 1921 1502 1938 ac
1513 1913 1587 1946 dixit,
1600 1912 1727 1948 Profecto,
1738 1913 1854 1941 Domine:

1064 1956 1109 1982 sed
1122 1956 1246 1983 hominem
1264 1966 1313 1984 non
1328 1958 1406 1984 habeo
1416 1979 1423 1989 ,
1446 1964 1472 1984 ut
1483 1967 1540 1985 cum
1561 1959 1658 1986 turbata
1672 1960 1747 1994 fuerit
1766 1969 1831 1994 aqua
1844 1981 1853 1993 ,

1066 2002 1147 2027 mittat
1161 2010 1199 2028 me
1214 2003 1240 2028 in
1256 2003 1389 2036 piscinam.
1404 2003 1470 2030 Dum
1482 2004 1552 2030 uenio
1565 2005 1630 2030 enim
1645 2013 1690 2039 ego
1699 2026 1707 2038 ,
1719 2005 1784 2031 alius
1796 2011 1854 2031 ante

1065 2054 1104 2072 me
1122 2047 1249 2073 descendit
1271 2048 1368 2082 (Joan.
1390 2048 1417 2075 5.
1439 2049 1466 2075 5.
1487 2048 1528 2083 7).
1553 2049 1606 2076 Cur
1629 2054 1740 2076 caeteros
1760 2057 1854 2076 ontttes

1066 2093 1220 2125 praeteriens
1232 2093 1310 2120 Jesus
1325 2093 1357 2120 ad
1372 2093 1443 2120 hunc.
1457 2094 1550 2121 venit?
1568 2094 1603 2122 Ut
1615 2099 1642 2122 et
1662 2095 1805 2129 potentiam
1826 2100 1854 2122 et

1065 2136 1255 2166 humanitatem
1267 2139 1436 2166 ostenderet:
1449 2140 1592 2174 potentiam
1603 2140 1719 2175 quidem,
1729 2141 1853 2175 qttoniant

1065 2184 1173 2211 merbus
1185 2185 1239 2220 jam
1261 2186 1343 2212 factus
1356 2191 1414 2212 erat
1427 2186 1579 2214 insanabilis
1593 2207 1601 2219 ,
1616 2191 1644 2214 ct
1658 2187 1739 2222 ipsius
1754 2188 1853 2215 invale-

1065 2230 1127 2256 tudo
1146 2238 1177 2256 eo
1194 2231 1299 2257 redacta
1314 2236 1385 2263 erat,
1401 2236 1430 2258 ut
1442 2237 1514 2259 esset
1526 2233 1551 2259 itt
1566 2233 1645 2260 rebus
1657 2232 1802 2267 deploratis
1822 2240 1854 2260 ac

1064 2274 1224 2309 desperatis;
1238 2275 1425 2303 ltumattitatent
1439 2284 1513 2310 vero,
1526 2277 1594 2312 quod
1610 2278 1653 2312 qtti
1669 2279 1799 2312 praecipue
1811 2278 1854 2304 di-

1063 2327 1131 2355 gnus
1145 2326 1201 2348 erat
1213 2322 1395 2349 ntiscricordia
1409 2327 1435 2349 et
1447 2322 1631 2355 beneﬁcentia,
1646 2323 1716 2349 hunc
1729 2331 1782 2358 pra:
1796 2330 1852 2349 ca:-

1064 2366 1129 2393 teris
1142 2368 1260 2401 respexit
1276 2368 1406 2402 propitius
1419 2375 1451 2395 ac
1468 2368 1596 2403 benignus
1610 2369 1746 2395 Dominus.
1762 2369 1853 2403 Neque

1062 2419 1126 2440 vero
1137 2413 1222 2440 locum
1234 2413 1329 2441 leviter
1342 2419 1538 2448 pra:lercamus,
1553 2421 1638 2449 neque
1651 2422 1787 2441 numerum
1803 2416 1855 2442 tri.

1062 2459 1134 2494 ginta
1153 2465 1180 2487 et
1200 2465 1260 2488 octo
1272 2468 1417 2493 annorum,
1432 2469 1499 2496 qttos
1514 2460 1609 2495 agebat
1626 2461 1651 2487 in
1677 2461 1855 2488 invaletudiuo
1876 2466 1880 2470 ‘

1065 2514 1122 2534 sua.
1138 2507 1253 2534 Audiant
1266 2515 1370 2539 omnes.
1385 2508 1544 2542 quicumque
1559 2514 1617 2534 cutn
1632 2511 1786 2541 paupertate
1799 2515 1856 2541 per-

1064 2556 1143 2586 petuo
1164 2552 1370 2585 conflictantur,
1396 2553 1555 2587 quicumque
1576 2552 1602 2578 itt
1622 2552 1721 2578 morbis
1742 2552 1854 2584 vivunt,

1062 2598 1220 2633 quicumque
1240 2598 1438 2626 difﬁcultatibus
1456 2602 1611 2633 premuntur
1623 2598 1786 2632 negotiorum
1801 2604 1855 2624 s-e—

1062 2643 1201 2675 (‘Ititll'iltm,
1222 2645 1382 2679 quicumque
1395 2649 1578 2679 tempestatem
1592 2650 1624 2670 ac
1643 2643 1785 2676 procellam
1801 2650 1856 2669 non

1062 2693 1273 2722 exspectaturum
1287 2689 1419 2717 tttalorum
1433 2689 1623 2716 sustittucrunt.
1635 2688 1798 2722 Para‘yticus
1812 2687 1858 2714 hic

1062 2738 1101 2759 est
1117 2734 1265 2768 propositus
1279 2742 1328 2761 ceu
1339 2735 1488 2761 communis
1505 2738 1594 2768 portus
1610 2733 1783 2759 humanarum
1802 2739 1852 2759 ca-

1063 2778 1219 2806 lamitatum.
1239 2779 1322 2807 Nemo
1335 2779 1405 2806 euitn
1421 2780 1489 2807 adeo
1503 2787 1595 2806 vecors
1617 2783 1674 2811 est,
1695 2785 1774 2804 nemo
1786 2777 1858 2804 adeo

1062 2825 1142 2851 miser
1154 2844 1162 2859 ,
1174 2829 1200 2853 ct
1214 2825 1382 2854 calamitosus
1393 2846 1402 2860 ,
1415 2826 1479 2862 quin
1494 2846 1502 2860 ,
1518 2825 1540 2853 si
1555 2825 1623 2852 ltunc
1635 2827 1746 2859 spectet,
1762 2822 1858 2850 omnia
