2055 3122
206 119 261 149 805

205 188 267 215 qua:
280 179 398 207 incidant
412 186 540 215 generose
553 184 581 206 et
594 186 687 214 magna
700 186 759 206 eum
773 178 908 206 alacritate
922 179 997 206 ferre‘

204 230 293 259 queat.
317 224 385 252 Nam
408 224 514 252 tametsi
535 223 626 259 viginti
649 223 712 250 anni
735 222 864 256 fuissem,
889 223 993 251 tametsi

205 270 296 297 decem
306 290 313 301 ,
327 270 432 297 tametsi
445 270 492 296 soli
507 270 638 304 quinque,
652 276 740 296 nonne
754 268 818 296 satis
841 273 934 302 erant,
948 268 994 303 qui

206 316 356 350 frangerent
374 316 549 343 constantiam
560 337 567 348 ,
583 320 610 342 et
631 315 781 342 firmitatem
795 315 875 342 animi
889 314 993 349 ipsius?

206 362 253 388 llic
269 369 331 388 vero
343 362 447 396 triginta
459 366 486 388 et
499 367 559 389 octo
569 369 653 389 annos
663 366 762 395 manet,
777 369 862 395 neque
872 361 992 394 discedit,

205 407 251 434 sed
268 415 387 442 magnam
401 415 455 441 pne
468 414 497 434 se
512 408 562 434 fert
573 408 737 441 patientiam.
754 407 925 434 Admirabilis
940 407 997 434 for-

205 458 275 480 tasse
286 454 359 481 vobis
369 454 473 480 videtur
484 454 610 488 temporis
622 454 765 489 longitudo,
777 453 823 481 sed
838 454 858 480 si
871 453 903 480 ad
913 454 994 481 verba

207 500 261 533 ipsa
283 499 464 532 attenderitis,
483 505 544 527 tunc
558 500 672 527 maxime
693 499 888 534 philosophiam
912 499 994 534 ipsius

205 545 403 580 perfectamque
417 547 569 580 patientiam
585 546 760 580 cognoscetis.

240 591 291 617 Cur
303 591 436 625 interroget
451 600 545 627 wgrum
556 591 680 618 Christus.
692 606 726 610 —
736 590 846 618 Accedit
858 589 990 623 Christus,

204 640 231 662 et
241 636 303 662 dicit
316 636 353 663 ei:
373 636 417 663 Via
429 645 504 663 sanus
520 636 592 670 ﬁeri?
605 636 699 670 Ecquis
713 636 762 662 hoc
775 636 931 670 ignorasset,
949 643 994 662 vo-

204 681 285 707 luisse
302 681 388 715 ipsum
402 689 495 708 sanum
510 682 586 709 fieri?
600 681 667 715 Quid
682 682 760 715 igitur
773 688 859 707 causae
873 680 932 713 fuit,
947 688 994 707 cur

208 726 402 761 interrogaret?
414 727 517 754 Etenim
531 728 574 762 qui
588 734 683 753 arcana
696 726 886 761 cogitationum
900 726 991 757 novit,

205 771 289 798 multo
303 772 385 806 magis
400 779 440 803 ea,
455 780 514 807 quae
527 772 650 799 omnibus
665 771 803 806 perspicua
816 775 847 798 et-
855 771 993 798 manifesta

205 821 276 849 sunt,
290 818 476 852 cognoscebat.
486 818 538 845 Cur
552 819 630 853 igitur
643 818 806 852 interrogat?
816 817 993 850 Quemadmo-

207 862 270 889 dum
285 862 351 889 alias
361 864 509 890 centurioni
526 864 610 898 inquit
624 871 630 888 :
649 863 704 897 Ego
725 863 823 889 veniant
834 884 842 896 ,
866 867 888 889 et
901 862 992 889 curabo

205 915 260 933 cum
278 907 383 942 (Matt/1.
400 909 426 935 8.
441 908 493 943 7),
520 916 571 935 non
595 909 720 942 ignorans
740 917 799 943 qua:
816 908 860 936 ille
875 908 993 936 dicturus

204 958 262 980 erat
272 974 278 986 ,
293 954 339 981 sed
357 955 505 988 praevidens
516 959 543 982 et
557 956 674 989 apprime
689 955 786 988 sciens,
803 955 883 989 idque
895 962 991 989 agens,

204 1005 235 1025 ut
259 999 283 1026 ei
297 1000 482 1032 occasionem,
508 1005 587 1035 atque
610 1008 701 1028 ansam
724 1000 798 1027 daret
810 1001 944 1035 religionis
963 1008 994 1027 ac

204 1045 309 1078 pietatis
324 1053 388 1078 sate,
404 1054 463 1080 quae
479 1046 503 1072 in
519 1046 612 1073 umbra
625 1046 740 1079 latebat,
755 1047 877 1073 omnibus
893 1046 993 1081 patefa-

205 1089 315 1123 ciendae,
330 1099 361 1117 ac
374 1091 479 1118 dicendi
500 1101 506 1119 ι
524 1091 701 1127 Nequaquam,
713 1092 820 1119 Domine
833 1100 842 1119 :
865 1100 915 1118 non
929 1092 995 1118 enim

203 1141 260 1158 sum
275 1134 363 1168 (lignus
372 1141 398 1162 ut
407 1137 487 1162 intres
494 1136 539 1162 sub
546 1140 640 1163 tectum
649 1145 734 1163 meum
742 1134 850 1171 (Matth.
858 1136 884 1163 8.
892 1135 947 1171 8.):
959 1137 994 1164 ita

206 1177 232 1202 in
246 1177 295 1204 hoc
309 1179 464 1214 paralytieo,
480 1187 540 1207 cum
556 1181 637 1208 sciret
649 1182 713 1215 quid
728 1181 770 1209 ille
783 1182 899 1208 dicturus
912 1186 994 1216 esset,

205 1222 361 1257 interrogat,
378 1232 440 1251 num
458 1225 520 1252 velit
534 1233 614 1253 sanus
628 1227 696 1258 fieri,
710 1235 762 1254 non
777 1227 845 1262 quod
858 1226 908 1254 hoc
921 1227 996 1262 igno-

204 1273 286 1302 raret,
298 1269 344 1296 sed
358 1274 385 1295 ut
398 1270 421 1297 ei
436 1271 566 1305 praeberet
579 1279 672 1299 ansam
683 1272 824 1307 quamdam
837 1276 864 1299 et
877 1272 997 1300 occasio-

206 1321 278 1345 nem,
293 1322 345 1349 quo
358 1314 402 1341 ille
416 1316 540 1350 tragicam
555 1317 731 1344 calamitatem
745 1325 819 1344 suam
843 1322 995 1352 promeret,

205 1366 237 1385 ac
258 1359 333 1386 ﬁeret
345 1360 438 1388 doctor
461 1361 604 1395 patientiae.
620 1362 686 1389 Nam
711 1362 733 1389 si
764 1363 898 1390 hominem
923 1363 996 1390 illum

204 1405 310 1432 silentio
322 1410 452 1439 curasset,
466 1415 570 1434 summo
585 1416 634 1435 nos
647 1408 744 1435 damno
757 1408 843 1435 allecti
856 1416 976 1436 essemus
988 1418 995 1436 :

204 1451 301 1486 quippe
318 1460 378 1479 cum
392 1453 461 1480 illius
474 1454 570 1481 anima:
587 1454 753 1482 tolerantiam
776 1455 845 1482 haud
860 1455 997 1483 didicisse-

205 1504 274 1524 mns.
288 1498 408 1525 Christus
417 1503 504 1526 autem
517 1507 568 1526 non
580 1500 665 1527 solum
678 1501 819 1535 prmsenlia
829 1506 900 1528 recte
910 1505 995 1534 curat,

205 1542 251 1569 sed
267 1542 345 1569 etiam
361 1543 456 1571 futuris
472 1553 594 1579 magnam
610 1550 719 1580 praestat
732 1546 906 1581 diligentiam.
920 1546 996 1573 Hunc

205 1587 284 1622 igitur
294 1608 303 1620 ,
318 1589 361 1622 qui
378 1590 502 1623 magister
515 1595 572 1617 erat
585 1591 731 1618 tolerantia:
746 1599 776 1618 ac
791 1592 924 1626 patientia:
938 1599 997 1619 om-

205 1632 282 1659 nibus
296 1634 339 1667 qui
354 1633 445 1661 o'rbem
466 1635 612 1662 incolerent
625 1636 761 1670 patefecit,
779 1644 826 1671 per
847 1637 996 1671 hujusmodi

205 1679 442 1714 interrogationem
458 1681 543 1715 ipsum
566 1682 599 1709 ad
613 1684 797 1710 necessitatem
819 1684 995 1719 respondendi

207 1724 317 1758 adigcns
328 1745 335 1758 ,
355 1725 398 1752 Vis
412 1735 487 1753 sanus
502 1728 578 1761 ﬁeri?
593 1728 660 1761 Quid
679 1730 758 1763 igitur
771 1730 833 1756 ille?
847 1730 905 1757 Non
925 1738 995 1765 a'gre

206 1770 274 1802 tulit,
291 1778 342 1797 non
358 1771 507 1806 indignatus
520 1778 569 1805 est,
586 1782 637 1801 non
650 1774 716 1802 dixit
728 1775 760 1802 ad
771 1783 840 1809 eum,
855 1776 899 1811 qui
915 1777 997 1804 inter-

206 1821 355 1850 rogaverat,
370 1817 444 1844 vides
456 1826 497 1845 me
508 1819 622 1855 paralysi
634 1821 780 1847 resolutum
793 1830 798 1846 :
809 1822 877 1848 nosti
889 1821 1021 1857 longum'

206 1866 310 1896 tempus
330 1863 516 1891 invaletndinis
531 1872 607 1898 mere,
622 1870 648 1892 et
664 1867 826 1902 interrogas,
841 1876 902 1895 num
917 1868 995 1896 velim

206 1914 289 1934 sanus
305 1908 381 1935 fieri?
395 1909 510 1942 Venisti,
526 1915 554 1937 ut
567 1919 641 1938 meas
663 1912 788 1940 irrideres
809 1914 973 1941 calamitates
985 1935 993 1948 ,

205 1955 284 1986 atque
294 1954 386 1980 alienis
398 1955 474 1981 malis
487 1955 623 1983 iiluderes?
631 1957 687 1984 Non
703 1959 773 1985 enim
785 1966 830 1985 vos
840 1959 905 1994 fugit
914 1967 994 1994 quam

206 1999 302 2024 morosi
325 1999 377 2025 sint
392 2000 434 2033 qui
448 2005 595 2034 :egrotant,
618 2002 722 2029 etiamsi
746 2011 825 2030 unum
848 2011 946 2031 annum
967 2005 993 2031 in

206 2041 275 2070 lecto
286 2043 469 2071 decubuerint.
478 2045 544 2072 Cum
558 2054 622 2074 vero
632 2048 665 2074 ad
679 2048 785 2082 triginta
798 2053 825 2075 et
836 2054 895 2076 octo
908 2057 993 2078 annos

205 2088 313 2114 morbus
331 2090 514 2123 pervenisset,
544 2092 677 2125 quomodo
699 2100 750 2119 non
771 2098 828 2120 erat
849 2094 993 2122 verisimile

205 2138 387 2168 consumptam
397 2142 456 2162 esse
470 2136 663 2170 philosophiam
677 2138 702 2164 in
715 2143 766 2164 tam
782 2138 860 2173 longo
873 2144 993 2174 tempore

206 2179 369 2211 expensam?
384 2179 568 2209 Verumtamen
581 2182 624 2210 ille
636 2183 700 2210 nihil
716 2184 844 2218 ejusmodi
859 2185 934 2219 dixit,
951 2186 992 2214 vel

206 2222 346 2256 cogitavit:
368 2225 413 2251 δρᾶ
428 2233 521 2260 magna
535 2234 596 2254 cum
615 2228 742 2255 modestia
755 2237 911 2264 responsum
931 2232 990 2264 dat,

206 2273 233 2294 et
247 2269 345 2303 inquit:
360 2270 488 2306 Profecto,
504 2271 623 2305 Domine,
639 2274 683 2301 sed
697 2274 823 2302 hominem
835 2285 884 2303 non
897 2278 988 2311 habeo,

206 2318 253 2345 ut,
277 2322 333 2340 cunt
348 2317 446 2342 turbata
461 2318 536 2351 fuerit
557 2326 641 2353 aqua,
662 2320 742 2346 mittat
762 2329 801 2347 me
822 2322 848 2348 in
871 2323 992 2357 piscinarii

207 2357 303 2391 (Joan.
320 2360 346 2386 5.
365 2360 410 2394 7).
428 2361 492 2389 Vide
511 2367 575 2397 quot
593 2368 620 2390 et
641 2370 738 2399 quanta
753 2366 831 2394 simul
849 2375 992 2396 concurre-

208 2401 270 2429 bant
282 2408 360 2438 alqne
371 2406 503 2434 hominem
515 2409 709 2443 oppugnabant,
722 2412 840 2445 morbus,
853 2420 991 2449 paupertas

207 2453 233 2473 et
245 2449 359 2476 solitudo
369 2472 376 2483 ,
393 2460 452 2479 cum
465 2461 542 2480 nemo
557 2456 702 2487 assisteret.
717 2458 827 2493 ejusque
842 2467 930 2488 curam
946 2470 991 2497 ge-

207 2500 287 2522 reret.
309 2496 375 2523 Dum
387 2499 456 2525 venio
468 2500 534 2526 enim
558 2509 602 2536 ego
614 2523 621 2534 ,
643 2502 708 2530 alius
728 2509 786 2531 ante
805 2513 844 2532 me
865 2507 991 2534 descendit

206 2539 294 2574 (Ibid.
303 2540 329 2587 7).
344 2541 370 2567 Id
383 2550 445 2571 vero
458 2546 560 2572 czetcris
572 2547 694 2575 omnibus
707 2549 894 2583 miserabilius,
907 2553 991 2587 quod-

205 2593 256 2618 que
269 2586 309 2613 vel
323 2586 434 2621 Iapidem
447 2589 532 2623 ipsum
548 2592 630 2625 possit
643 2593 787 2622 inflectere.
811 2595 906 2623 Videre
920 2599 989 2626 enim

205 2632 269 2658 mihi
285 2632 377 2659 videor
390 2634 522 2663 hominem
537 2629 639 2672 singulo
652 2647 758 2675 quoque
770 2648 843 2669 anno
853 2649 988 2676 repentem

205 2682 231 2703 et
245 2677 414 2705 accedentem
427 2679 459 2707 ad
474 2688 503 2708 os
518 2683 635 2716 piscinae,
649 2689 675 2711 et
685 2686 788 2720 singulo
803 2695 908 2721 quoque
919 2696 989 2716 anno

206 2724 363 2758 pendentem
380 2726 405 2752 in
419 2727 531 2760 ipsomet
544 2729 616 2756 aditu
623 2730 705 2757 'bona:
717 2732 782 2766 spei.
796 2733 886 2768 Neque
906 2742 968 2762 vero
980 2755 987 2767 ,

205 2769 275 2802 quod
285 2770 390 2804 gravius
400 2776 450 2803 est,
464 2771 521 2800 hac
534 2773 600 2802 duos
611 2780 656 2802 aut
666 2781 730 2810 trcs,
744 2782 789 2804 aut
801 2778 892 2806 decem
904 2787 988 2808 annos

209 2816 334 2849 pertulit,
359 2816 404 2844 sed
420 2825 502 2852 usque
525 2819 557 2847 ad
571 2820 676 2856 triginta
695 2827 721 2850 et
741 2829 809 2852 octo.
826 2825 858 2852 Et
880 2833 984 2855 omnem

588 121 633 148 DE
651 120 785 149 CHRISTI
805 119 1010 154 DIVINITATE,
1030 119 1166 151 CONTRA
1186 120 1373 150 ANOMCEOS.
1395 121 1451 149 XII.

1793 118 1845 146 806

1049 178 1155 214 quidem
1166 179 1307 208 adhibebat
1314 180 1488 216 diligentiam,
1502 180 1587 209 fructu
1595 185 1682 209 autem
1688 181 1845 208 excedebat:

1048 229 1076 251 et
1095 232 1190 253 cursus
1205 226 1311 261 quidem
1332 226 1509 262 peragebatur
1521 247 1528 259 ,
1542 226 1620 261 hujus
1639 231 1727 255 autem
1748 236 1842 257 cursus

1049 272 1185 306 prmmium
1200 272 1232 299 ad
1249 273 1327 299 alium
1342 273 1513 308 perveniebat
1523 294 1530 305 ,
1545 274 1571 301 in
1587 274 1678 301 multis
1690 295 1697 308 ,
1713 275 1820 309 inquam
1834 294 1841 304 ν

1052 316 1103 343 illis
1118 318 1205 343 annis.
1219 317 1347 352 Quodque
1357 319 1463 353 gravius
1477 323 1551 351 erat,
1566 319 1633 347 alios
1645 319 1744 347 liberos
1767 320 1842 347 abire

1047 362 1162 389 videbat.
1177 362 1266 389 Nostis
1279 364 1349 390 enim
1363 364 1399 390 ita
1414 364 1470 392 fieri
1484 364 1582 396 solere,
1597 369 1627 391 ut
1639 369 1701 392 tunc
1711 366 1838 393 malorum

1047 412 1199 434 nostrorum
1220 409 1377 435 acerrimum
1393 417 1500 437 sensum
1521 411 1657 445 capiamus
1669 432 1676 444 ,
1694 419 1754 439 eum
1775 412 1840 439 alios

1046 452 1140 480 iisdem
1157 453 1232 480 malis
1248 454 1355 482 affectos
1370 455 1493 483 liberatos
1511 457 1583 484 abire
1598 457 1753 485 viderimus.
1771 458 1837 485 Pro-

1045 503 1136 533 pterea
1150 503 1176 526 et
1189 507 1299 534 pauper,
1314 508 1373 527 cum
1385 501 1496 528 alterum
1511 502 1583 529 videt
1595 502 1693 531 divitiis
1703 503 1840 530 abundan-

1046 549 1097 584 tem
1109 565 1115 576 ,
1131 550 1193 572 tunc
1208 546 1290 581 magis
1305 553 1379 573 suam
1400 547 1480 573 sentit
1497 552 1697 582 paupertatem:
1714 552 1741 575 et
1756 556 1839 583 tegi-o-

1045 595 1104 617 tans
1119 595 1180 617 tunc
1195 592 1278 626 magis
1292 592 1459 619 cxcruciatur
1471 613 1478 625 ,
1500 601 1558 620 cum
1572 593 1670 620 multos
1685 594 1756 621 videt
1769 615 1776 627 ,
1796 595 1839 628 qui

1045 636 1139 663 morbo
1160 637 1314 670 laborarint,
1333 646 1392 666 eum
1413 638 1467 673 jam
1489 638 1654 673 deposuisse,
1687 639 1737 666 sibi
1752 646 1838 667 autem

1045 681 1111 708 nihil
1126 682 1203 709 bona:
1219 684 1275 717 spei
1291 691 1441 718 superesse.
1456 684 1485 711 in
1501 685 1614 712 aliorum
1630 685 1700 712 enim
1714 686 1840 713 secundis

1044 728 1123 755 rebus
1134 733 1239 756 nostras
1252 730 1417 757 manifestius
1430 732 1564 758 intuemur
1575 731 1756 758 calamitates:
1769 732 1839 766 quod

1039 773 1149 805 quidem
1162 774 1198 800 illi
1216 779 1276 801 tunc
1288 776 1435 803 eveniebat.
1446 776 1633 804 Verumtamen
1648 785 1706 804 cum
1725 778 1819 804 morbo
1830 799 1837 811 ,

1043 825 1102 844 cum
1110 823 1274 853 paupertate,
1285 828 1343 847 cum
1351 821 1492 848 solitudine
1500 821 1767 857 tamdiudepugnans,
1775 823 1840 849 alios

1046 864 1139 891 videns
1155 865 1280 898 liberari,
1298 871 1323 893 ct
1346 867 1462 901 seipsum
1479 868 1585 902 quidem
1599 876 1706 903 semper
1720 869 1837 904 aggredi,

1045 918 1187 945 numquam
1203 916 1289 938 autem
1306 917 1456 947 compotem
1471 913 1527 940 fieri
1537 934 1544 946 ,
1560 921 1646 948 neque
1660 914 1770 948 posthac
1782 922 1840 941 rur-

1045 963 1091 983 sus
1105 963 1216 990 sperans
1230 965 1245 984 a
1260 957 1412 985 calamitate
1424 958 1541 992 liberari,
1557 966 1610 986 non
1624 958 1684 986 ideo
1698 964 1784 986 tamen
1797 959 1838 985 di-

1045 1002 1139 1028 scessit
1153 1009 1184 1028 ac
1199 1002 1310 1035 destitit,
1327 1003 1373 1030 scd
1389 1003 1493 1038 singulo
1507 1012 1612 1039 quoque
1625 1012 1695 1031 anno
1705 1005 1838 1031 currebat.

1045 1046 1099 1074 Nos
1112 1051 1200 1073 autem
1215 1068 1222 1079 ,
1238 1048 1260 1074 si
1276 1048 1337 1082 quid
1352 1048 1435 1076 semel
1450 1056 1464 1075 a
1479 1049 1534 1076 Deo
1555 1050 1653 1084 precati
1677 1057 1729 1076 non
1744 1049 1840 1083 accipi-

1045 1099 1119 1125 mus,
1143 1091 1286 1120 confestim
1307 1093 1444 1126 dolemus,
1460 1099 1487 1121 et
1502 1094 1527 1121 in
1550 1099 1696 1121 extremam
1710 1094 1838 1122 desidiam

1046 1137 1203 1165 incidimus:
1220 1139 1392 1172 quamobrem
1406 1139 1585 1173 precationem
1606 1140 1766 1173 omittimus,
1781 1144 1839 1167 stu-

1045 1182 1118 1209 dium
1132 1184 1300 1212 remittimus.

1083 1229 1255 1256 Constantiam
1270 1230 1357 1257 laudat
1367 1231 1512 1266 paralytici.
1523 1246 1559 1251 —
1568 1231 1748 1259 Possumusne
1761 1232 1840 1266 igitur

1045 1275 1112 1303 satis
1126 1283 1173 1310 pro
1188 1276 1283 1303 merito
1293 1276 1335 1304 vel
1348 1277 1518 1313 paralyticum
1532 1277 1651 1310 laudare,
1663 1278 1706 1305 vel
1719 1282 1837 1305 nostram

1049 1320 1230 1348 condemnare
1254 1322 1460 1357 negligentiam?
1485 1322 1591 1350 Etenim
1615 1330 1729 1357 quanam
1756 1323 1838 1350 simus

1050 1368 1224 1395 excusatione
1236 1367 1307 1402 digni
1324 1388 1332 1401 ,
1348 1376 1399 1402 qua
1414 1369 1490 1396 venia
1506 1390 1513 1401 ,
1535 1377 1614 1402 cum,
1629 1369 1674 1396 illo
1694 1369 1799 1404 triginta
1812 1374 1839 1397 et

1047 1419 1109 1441 octo
1119 1422 1204 1441 annos
1217 1414 1378 1449 perdurante
1388 1435 1396 1448 ,
1413 1423 1461 1442 nos
1472 1420 1523 1443 tam
1537 1415 1590 1442 cito
1605 1423 1619 1442 a
1635 1416 1772 1451 proposito
1797 1423 1838 1442 re-

1048 1460 1187 1487 siliamus?

1084 1507 1111 1533 5.
1126 1506 1193 1539 Quid
1207 1506 1286 1541 igitur
1299 1506 1441 1534 Christus?
1459 1507 1507 1535 Ubi
1523 1507 1639 1535 ostendit
1660 1507 1767 1542 dignum
1779 1514 1839 1534 esse

1048 1551 1133 1583 illum,
1146 1552 1191 1587 qui
1204 1557 1320 1585 curetur,
1333 1553 1392 1587 jure
1406 1553 1439 1580 ad
1455 1553 1527 1580 illum
1543 1561 1598 1588 prae
1612 1553 1670 1580 aliis
1684 1553 1775 1585 venit,
1788 1553 1838 1580 ait-

1048 1604 1099 1630 que
1110 1597 1143 1629 ei,
1157 1597 1250 1632 Surge,
1265 1598 1324 1625 tolle
1337 1598 1469 1633 grabatum
1483 1603 1564 1631 tuum,
1581 1603 1603 1625 et
1623 1599 1725 1626 ambula
1747 1598 1836 1634 (Joan.

1047 1644 1074 1671 5.
1088 1643 1126 1677 8).
1144 1643 1225 1671 Vides
1240 1651 1318 1679 quam
1331 1644 1355 1671 ei
1371 1645 1472 1671 nullum
1484 1644 1589 1679 triginta
1603 1648 1631 1671 et
1639 1649 1699 1671 octo
1712 1645 1773 1671 anni
1787 1644 1835 1671 de-

1048 1690 1201 1717 trimentum
1217 1691 1376 1723 attulerint,
1400 1690 1524 1725 quoniam
1540 1698 1629 1717 casum
1645 1698 1720 1717 suum
1734 1691 1836 1725 patien-

1047 1740 1089 1763 ter
1102 1737 1218 1763 tulerat?
1228 1737 1322 1763 Anima
1335 1737 1404 1764 enim
1424 1736 1540 1771 ipsiusin
1558 1741 1610 1763 tam
1626 1737 1705 1771 longo
1719 1741 1837 1771 tempore

1047 1781 1162 1816 majores
1173 1781 1198 1808 in
1211 1781 1378 1816 philosophia
1390 1782 1623 1816 progressusfecit,
1634 1782 1659 1808 in
1672 1781 1833 1814 calamitate,

1047 1831 1180 1861 tamquam
1196 1827 1222 1853 in
1234 1826 1388 1854 conflatoria
1403 1827 1525 1858 fornace,
1546 1827 1655 1861 probata
1671 1835 1677 1853 :
1693 1831 1720 1853 et
1735 1827 1836 1861 majore

1047 1881 1106 1900 cum
1117 1873 1200 1907 gloria
1215 1873 1378 1900 curationem
1387 1873 1541 1907 reportavit.
1559 1872 1616 1899 Non
1629 1872 1698 1899 enim
1714 1872 1833 1907 angelus,

1045 1918 1092 1945 sed
1106 1919 1218 1953 ipsemet
1231 1919 1384 1953 angelorum
1403 1918 1530 1945 Dominus
1546 1918 1620 1945 illum
1644 1917 1756 1944 sanavit.
1783 1917 1836 1945 Cur

1044 1968 1132 1990 autem
1146 1968 1285 1997 praeterea,
1295 1968 1323 1990 ut
1334 1971 1410 1991 suum
1424 1964 1474 1990 sibi
1488 1964 1584 1991 lectum
1598 1963 1835 1998 tolleret,impera-

1046 2010 1101 2036 vit?
1115 2009 1198 2037 Unam
1213 2010 1319 2045 quidem
1337 2010 1469 2044 prmcipue
1483 2017 1514 2036 ac
1529 2009 1640 2044 primam
1654 2009 1688 2036 ob
1702 2016 1808 2036 causam
1824 2028 1832 2042 ,

1045 2060 1074 2082 ut
1087 2056 1112 2082 in
1128 2060 1262 2090 posterum
1278 2056 1402 2082 liberaret
1412 2055 1518 2082 Judmos
1531 2062 1545 2081 a
1559 2055 1624 2089 legis
1637 2055 1832 2082 observatione.

1045 2100 1107 2128 Sole
1121 2101 1190 2128 enim
1207 2101 1232 2127 in
1247 2105 1416 2135 conspectum
1429 2108 1458 2128 se
1471 2101 1550 2128 dante
1560 2121 1567 2132 ,
1583 2108 1635 2127 non
1652 2105 1709 2127 erat
1724 2101 1835 2127 ulterius

1045 2146 1161 2173 lucerna:
1174 2146 1362 2174 adhmrendum
1373 2155 1380 2173 :
1392 2147 1554 2181 etpatefacla
1569 2147 1697 2179 veritate,
1713 2154 1766 2173 non
1777 2147 1833 2181 jam

1043 2197 1103 2219 erat
1117 2192 1301 2227 amplectenda
1315 2192 1407 2226 figura.
1421 2192 1482 2220 Ideo
1492 2193 1513 2219 si
1527 2193 1632 2228 quando
1644 2193 1763 2220 solvebat
1774 2193 1841 2220 sab-

1045 2237 1147 2269 batum,
1164 2238 1307 2264 maximum
1323 2238 1347 2264 in
1364 2245 1396 2264 co
1416 2238 1458 2265 die
1471 2238 1576 2272 signum
1590 2239 1703 2266 edebat:
1727 2243 1755 2265 ut
1776 2238 1830 2273 ipsa

1044 2284 1176 2310 excellens
1185 2284 1305 2311 miraculi
1314 2284 1465 2319 magnitudo
1476 2285 1594 2312 videntes
1609 2284 1829 2319 obstupefaciens,

1043 2329 1170 2364 paulatim
1184 2330 1255 2356 illam
1272 2330 1318 2356 otii
1333 2350 1340 2362 ,
1354 2335 1380 2357 et
1394 2330 1550 2357 cessationis
1565 2330 1777 2357 observationem
1791 2330 1828 2356 la-

1043 2374 1178 2402 befactans
1199 2375 1332 2402 auferret:
1354 2375 1450 2402 deinde
1474 2383 1538 2403 vero
1559 2380 1587 2402 ut
1613 2375 1764 2402 Obstrueret
1786 2383 1830 2402 ora

1043 2419 1148 2446 illorum
1168 2420 1340 2454 impudentia.
1357 2421 1422 2448 Nam
1443 2422 1567 2455 quoniam
1581 2421 1606 2448 in
1620 2421 1768 2456 judicandis
1782 2422 1831 2448 mi-

1043 2466 1139 2493 raculis
1153 2466 1283 2494 malitiose
1296 2467 1418 2501 agebant,
1433 2472 1460 2494 et
1472 2468 1584 2501 gloriam
1598 2475 1697 2499 rerum,
1713 2475 1773 2503 quae
1785 2475 1829 2502 ge-

1042 2512 1318 2544 rebantur,calumniis
1326 2513 1468 2540 obscurare
1477 2513 1753 2546 conabantur,idcirco
1764 2518 1829 2541 tam

1041 2564 1118 2591 quam
1132 2561 1258 2591 tropaeum
1269 2557 1401 2591 quoddam
1408 2562 1622 2592 etargumentum
1629 2559 1748 2586 sanitatis
1758 2558 1829 2587 indu-

1040 2602 1147 2629 bitabile
1154 2602 1224 2629 illam
1231 2602 1289 2629 lecti
1298 2603 1470 2638 gestationem
1477 2612 1531 2639 pne
1537 2611 1566 2632 se
1573 2604 1640 2631 ferre
1647 2605 1731 2639 ipsum
1739 2605 1827 2639 jussit,

1041 2656 1073 2674 ne
1089 2648 1113 2674 id
1123 2648 1191 2682 quod
1204 2648 1237 2675 de
1250 2656 1320 2676 ειπεεο
1334 2649 1465 2682 dicebant,
1480 2649 1513 2676 de
1527 2650 1577 2677 hoc
1587 2657 1691 2685 quoque
1699 2651 1826 2678 dicerent.

1040 2693 1107 2725 Quid
1119 2698 1206 2721 autem
1219 2693 1252 2721 de
1265 2694 1309 2721 illo
1324 2695 1466 2722 dicebant?
1482 2695 1531 2722 llic
1541 2700 1586 2727 est,
1597 2704 1646 2722 non
1659 2701 1695 2722 est
1707 2696 1760 2729 hic,
1773 2696 1827 2729 ipse

1039 2744 1075 2764 est
1088 2738 1143 2774 (Id.
1168 2739 1194 2766 9.
1218 2739 1244 2766 8.
1257 2739 1294 2773 9).
1309 2740 1379 2774 Ergo
1393 2747 1424 2766 ne
1448 2735 1506 2767 talia
1520 2740 1625 2775 quidam
1640 2741 1673 2768 de
1685 2741 1734 2768 hoc
1745 2745 1824 2768 etiam

1040 2784 1158 2811 dicerent
1173 2806 1180 2818 ,
1200 2785 1284 2812 lectus
1307 2786 1359 2813 alte
1377 2785 1496 2813 sublatus
1511 2792 1649 2814 accusator
1671 2787 1698 2814 fit
1719 2788 1822 2815 illorum

1039 2829 1219 2865 impudentia.
1248 2831 1320 2859 Licet
1337 2837 1465 2867 praeterea
1482 2834 1585 2861 tertiam
1599 2834 1737 2868 quamdam
1759 2843 1818 2862 can-
