2055 3122
244 107 294 133 su?

245 171 302 190 sam
317 163 410 190 aliene
422 185 429 196 ,
444 162 526 190 nihilo
538 163 569 189 iis
581 169 640 196 qua:
653 161 721 188 dicta
736 164 798 187 sunt
813 159 948 186 leviorem.
964 157 1029 184 Nam

248 210 415 245 utintelligas
424 217 475 236 non
486 213 569 236 artem
581 208 734 237 humanam.
748 205 793 233 sed
806 204 924 232 divinam
936 208 1029 239 poten-

247 257 307 284 tiam
323 256 405 283 fuisse
419 276 428 289 ,
442 263 501 290 qua:
524 259 607 282 totum
632 253 694 280 illud
710 251 871 287 pra‘stiterit,
884 258 961 278 suum
975 250 1025 284 ipsi

245 302 342 330 lectum
356 300 512 336 gestandum
527 299 649 334 injunxit,
664 305 734 326 veras
748 301 826 332 atque
840 297 949 331 integra:
963 295 1029 323 sani-

246 347 307 374 tatis
317 347 459 373 maximam
474 350 500 373 et
515 345 680 380 perspicuam
693 342 945 371 demonstrationem
959 348 1029 376 pra:-

245 392 325 419 bens:
339 396 366 418 ut
380 399 413 418 ne
421 391 480 425 quis
495 390 708 424 blasphemorum
725 389 828 416 illorum
839 389 939 416 diceret
954 395 1029 423 para-

245 436 353 472 lyticum
368 436 491 464 simulate
508 441 535 464 et
554 436 661 463 Christo
681 435 873 471 gratiﬁcantem
895 435 1030 463 efﬁnxisse

245 481 331 508 tenuis
344 481 480 516 cujusdam
495 481 680 508 ambulationis
691 482 815 516 speciem.

280 525 332 552 Cur
342 534 406 553 onus
413 526 478 553 illud
486 527 658 562 ferrejusserit
674 525 1028 561 paralyticum.—Pr0pterca

243 577 312 598 onus
323 571 358 598 iiii
373 571 429 598 suis
441 570 576 598 terendum
595 571 712 599 humeris
727 571 851 606 iujunxit.
869 571 925 598 Non
938 571 1007 597 enim
1020 591 1028 603 ,

243 615 294 642 nisi
310 615 377 642 bene
389 615 427 643 illi
440 616 558 643 membra
580 617 743 643 consolidata
758 621 861 649 essent,
887 621 914 643 et
927 615 1030 642 articuli

244 662 327 696 probe
339 661 382 689 iixi
393 683 401 695 ,
418 666 516 689 tantam
532 663 629 690 molem
641 667 746 697 portare
759 662 876 690 humeris
892 662 1029 696 potuisset.

245 707 285 734 Ad
300 707 356 734 hmo
369 708 457 735 omnia
468 709 532 735 illud
545 716 649 744 quoque
656 709 774 736 accedit:
785 709 939 736 ostendebat
948 708 1029 741 enim,

245 752 322 779 simul
337 761 368 781 ac
380 752 608 789 Christusjussit,
625 754 712 782 omnia
732 755 788 782 fieri
803 775 810 788 ,
839 759 866 782 et
884 755 1029 782 discessum

244 798 348 832 morbi,
369 803 395 825 et
407 799 520 826 reditum
535 801 666 827 sanitatis.
682 800 787 828 Etenim
809 801 904 829 medici
924 801 1030 836 quidem

244 844 349 870 tametsi
364 845 464 872 morbis
488 845 611 879 liberant,
638 854 690 874 non
716 852 804 875 tamen
818 847 905 874 subito
918 852 1031 882 mgrotos

244 887 371 915 reducere
378 889 410 915 ad
422 890 561 917 sanitatem
577 891 664 918 valent
681 901 687 918 :
702 893 748 920 sed
763 893 841 928 longo
856 893 955 928 pariter
965 897 1032 920 tem-

244 940 310 967 pore
323 938 401 968 egent
412 934 443 961 ad
456 935 690 969 instaurationem;
706 942 732 964 ut
741 937 857 973 reliquiae
869 938 954 965 morbi
968 945 1032 972 pau-

248 978 319 1004 latim
329 986 345 1005 e
357 987 468 1013 corpore
476 981 650 1016 cxpellantur,
662 988 742 1018 atque
752 984 900 1018 ejiciantur.
909 983 1031 1011 Christus

245 1028 332 1050 autem
347 1032 399 1051 non
414 1025 468 1052 ita:
487 1026 534 1053 sed
553 1027 645 1054 eodem
665 1029 793 1063 temporis
817 1033 953 1056 momento
968 1033 995 1056 et
1015 1037 1029 1055 a

243 1069 339 1095 inorbo
352 1069 471 1097 liberavit
484 1091 491 1103 ,
505 1075 531 1098 et
545 1072 684 1100 sanitatem
700 1074 823 1107 restituit,
840 1078 867 1102 et
878 1074 978 1102 nullum
992 1076 1032 1103 in-

247 1116 404 1143 termedium
431 1117 581 1145 intercessit
604 1123 707 1154 tempus
724 1129 730 1147 :
745 1120 792 1148 sed
807 1121 885 1148 simul
907 1126 986 1156 atque
999 1130 1031 1150 ex

245 1165 334 1187 sancta
348 1160 388 1186 illa
405 1161 492 1196 lingua
508 1163 605 1197 prodiit
618 1172 692 1192 sacra
705 1173 766 1198 vox,
778 1170 805 1194 et
819 1167 926 1194 morbus
941 1175 956 1194 e
970 1175 1031 1195 cor-

245 1212 309 1238 pore
317 1205 425 1241 aufugit,
437 1208 580 1235 etverbnm
592 1211 675 1237 evasit
687 1218 764 1245 opus,
774 1217 800 1238 et
816 1216 868 1238 tota
880 1213 1032 1241 invaletudo

246 1250 360 1285 undique
373 1252 498 1287 profugit.
512 1254 543 1280 Et
558 1255 778 1289 quemadmodum
795 1258 890 1285 ancilla
901 1259 1030 1294 quaepiam

244 1295 404 1324 seditionem
418 1305 538 1332 movens,
551 1307 611 1326 cum
627 1301 740 1334 primum
754 1301 889 1329 dominum
903 1311 980 1330 suum
991 1305 1030 1331 vi-

245 1340 333 1374 derit,
349 1343 500 1377 comprimit
513 1351 542 1371 se
554 1365 561 1377 ,
576 1345 695 1381 reditque
709 1345 742 1374 ad
756 1349 958 1376 convenientem
973 1357 1031 1378 mo-

245 1384 374 1419 destiam;
392 1388 428 1414 ita
449 1389 528 1416 etiam
552 1395 644 1417 natura
665 1393 783 1426 corporis
800 1413 806 1425 ,
822 1393 931 1428 perinde
955 1399 1034 1430 atque

245 1430 339 1457 ancilla
353 1432 472 1466 quaedam
486 1438 547 1461 tunc
557 1435 713 1463 seditionem
733 1445 853 1471 movens,
867 1443 893 1466 et
908 1439 1034 1468 inducens

245 1476 400 1512 paralysim,
409 1483 548 1512 postquam
557 1480 691 1508 dominum
703 1490 778 1510 suum
788 1484 820 1509 ad
829 1491 858 1511 se
866 1485 1033 1513 accedentem

245 1521 320 1554 vidit,
331 1522 364 1549 ad
376 1530 451 1550 suum
465 1524 542 1552 rediit
554 1525 684 1560 ordinem,
701 1535 831 1563 suumque
841 1529 947 1557 modum
960 1537 1033 1558 rece-

246 1567 293 1600 pit.
319 1567 405 1602 Atque
433 1568 489 1596 h:cc
510 1571 599 1598 omnia
614 1579 664 1598 vox
679 1572 734 1607 ipsa
748 1573 877 1608 praestitit.
893 1573 951 1602 Non
964 1576 1034 1602 enim

247 1612 315 1639 nuda
328 1618 403 1640 crant
413 1615 502 1647 verba,
513 1616 559 1643 sed
573 1617 652 1644 verba
667 1617 711 1645 Dei
725 1639 733 1652 ,
759 1619 792 1646 de
804 1620 898 1654 quibus
909 1621 1035 1655 scriptum

246 1663 288 1685 est
299 1667 305 1685 :
317 1658 514 1696 Potentiaopera
522 1664 726 1698 sermonumch
737 1664 806 1699 (Joel
825 1665 851 1691 2.
867 1665 922 1700 Η).
933 1666 1035 1694 Etenim

247 1704 268 1731 si
283 1704 416 1732 hominem
429 1725 438 1740 ,
458 1715 517 1734 cum
532 1715 583 1735 non
597 1713 683 1742 esset,
699 1709 817 1737 fecerunt
829 1732 835 1743 ,
852 1711 935 1739 multo
953 1713 1037 1748 magis

249 1755 352 1784 putrem
366 1757 391 1778 ct
406 1752 520 1787 paralysi
533 1753 695 1782 laborantem
709 1756 857 1783 restituent.

284 1794 378 1823 Contra
392 1796 525 1824 Αηοιηωοε
535 1798 658 1833 loquitur.
672 1814 709 1820 —
725 1800 781 1828 Hoc
794 1801 852 1828 loco
865 1802 978 1830 libenter
991 1803 1032 1830 in-

249 1842 437 1875 terrogaverim
451 1850 516 1876 eos,
541 1844 585 1878 qui
598 1845 702 1872 curiose
721 1851 860 1874 versantur
872 1847 898 1874 in
913 1855 1035 1882 perscru<

250 1886 327 1912 tanda
336 1888 452 1914 essentia
472 1888 516 1915 Dei
527 1909 533 1921 ,
546 1890 678 1923 quomodo
689 1891 827 1919 coiverunt
839 1893 958 1920 membra
971 1893 1014 1921 illa
1024 1893 1036 1921 ’ἶ

247 1932 381 1965 quomodo
389 1932 498 1960 solidata
506 1939 567 1961 sunt
574 1935 646 1962 ossa?
657 1936 789 1970 quomodo
799 1941 1034 1972 temperamentum

248 1977 314 2004 illud
327 1979 426 2006 ventris
435 1979 578 2007 resolutum
591 1982 742 2010 convaluit?
752 1990 806 2018 quo
819 1988 896 2018 pacto
910 1985 983 2011 nervi
994 1991 1036 2012 re-

249 2024 323 2051 missi
338 2032 430 2053 rursus
442 2027 558 2054 contenti
570 2029 745 2063 exstiterunt,
768 2034 795 2057 et
808 2029 908 2065 dejecta
925 2031 1037 2058 facultas

249 2071 416 2103 exsurrexit,
438 2077 466 2099 ct
486 2077 575 2100 erecta
597 2075 656 2101 est?
682 2075 716 2101 At
737 2083 788 2102 nou
802 2080 914 2109 possunt
927 2076 1034 2103 modum

250 2115 321 2142 hunc
339 2115 437 2143 dicere.
459 2117 528 2151 Ergo
548 2118 681 2146 admirare
698 2125 798 2147 tantum
814 2120 840 2147 id
851 2122 920 2156 quod
932 2127 1035 2156 gestum

249 2166 306 2189 est:
329 2161 436 2189 modum
450 2168 539 2191 autem
557 2165 660 2192 curiose
681 2173 715 2192 ne
733 2166 884 2202 investiges.
906 2168 1036 2202 Quoniam

251 2207 330 2242 igitur
342 2208 500 2243 paralyticus
516 2230 524 2242 ,
539 2210 608 2244 quod
620 2210 709 2244 jussus
725 2215 765 2238 est
781 2232 788 2245 ,
810 2212 872 2240 fecit
883 2234 890 2245 ,
905 2218 931 2240 et
940 2213 1036 2240 lectum

250 2253 381 2287 sumpsit,
395 2253 514 2282 videntes
527 2254 599 2282 illum
613 2248 696 2284 Iudici
711 2257 814 2285 dicunt:
829 2258 968 2286 Sabbatum
985 2262 1037 2285 ut:

251 2306 301 2324 non
318 2298 375 2325 licet
390 2298 434 2325 tibi
445 2299 531 2326 tollere
543 2300 673 2335 grabatum
686 2302 711 2329 in
724 2303 825 2330 sabbato
837 2303 925 2338 (Joan.
939 2304 965 2330 5.
981 2302 1035 2340 10).

251 2345 316 2370 Cum
328 2344 439 2373 adorare
452 2353 499 2380 par
512 2352 582 2375 esset
601 2356 660 2375 eum
670 2370 678 2382 ,
692 2350 737 2384 qui
756 2349 807 2377 hoc
819 2350 961 2383 effecerat,
975 2357 1035 2377 cum

251 2389 377 2417 admirari
393 2390 489 2418 factum
500 2412 508 2424 ,
522 2392 558 2420 illi
571 2401 633 2421 vero
644 2394 676 2422 de
686 2395 795 2423 sabbato
807 2395 958 2428 disserunt,
974 2403 1037 2424 vere

251 2435 404 2463 excolentes
418 2437 541 2472 culicem,
556 2440 686 2467 camelum
701 2445 789 2467 autem
802 2440 951 2475 glutientes.
966 2441 1032 2475 Quid

252 2481 333 2516 igitur
359 2481 421 2509 ille“!
440 2483 488 2516 Qui
503 2492 541 2511 me
557 2493 646 2512 sanum
662 2486 738 2520 fecit,
754 2486 797 2512 ille
809 2486 872 2512 milii
882 2486 946 2513 dixit
957 2507 964 2518 ,
979 2488 1038 2514 tolle

252 2527 384 2562 grabatum
390 2534 468 2561 tuum,
478 2534 500 2556 et
510 2530 610 2557 ambula
620 2530 672 2566 (Ib.
681 2538 704 2558 il.
715 2531 728 2558 t
735 2531 771 2566 i).
782 2530 861 2559 Vides
872 2536 976 2566 gratum
989 2532 1037 2558 ho-

252 2573 332 2601 minis
345 2575 461 2603 animum
471 2576 483 2603 ἲ
494 2575 642 2604 Conﬁtetur
655 2577 787 2604 medicum
797 2597 805 2610 ,
820 2581 848 2604 et
859 2577 966 2612 dignum
978 2584 1037 2605 esse

253 2620 426 2655 legislaturem
438 2643 446 2654 ,
460 2623 500 2650 cui
514 2623 674 2658 praecipienti
683 2623 748 2650 ﬁdes
754 2623 891 2651 habeatur.
903 2623 935 2650 Et
946 2631 1037 2658 quem-

251 2668 392 2695 admodum
406 2669 464 2697 illos
474 2677 560 2697 caecus
572 2675 728 2705 argumento
740 2669 882 2702 conclusit,
898 2669 932 2696 ita
943 2673 970 2696 et
982 2669 1034 2696 hic.

252 2715 390 2748 Quomodo
402 2722 490 2745 autem
501 2717 547 2744 ille
561 2716 712 2744 conclusit?
731 2715 857 2743 Dicebant
870 2715 894 2743 ei
909 2735 917 2748 ,
929 2714 989 2742 Non
1000 2719 1036 2742 est

251 2763 292 2789 hic
319 2763 393 2790 homo
431 2772 447 2790 α
481 2762 537 2790 Deo
557 2770 568 2790 .'
599 2763 658 2797 quia
688 2762 818 2789 sabbatum
849 2769 898 2788 non
931 2761 1037 2788 custodit

254 2805 308 2844 (Id.
333 2807 360 2835 9.
376 2808 429 2844 16).
440 2808 507 2843 Quid
534 2808 613 2844 igitur
629 2807 693 2835 ille?
712 2807 812 2834 Scimus
825 2827 832 2840 ,
854 2806 955 2842 inquit,
967 2807 1033 2841 quod

596 104 623 132 Ξ.
644 103 782 131 JOANNiS
801 98 1034 128 CIIRYSOSTOMI
1056 99 1213 129 ARCIllEP.
1234 99 1500 130 CONSTANTINOP.

1818 103 1870 130 81ιὸ

1082 164 1222 192 peccatores
1231 159 1298 186 Deus
1310 169 1359 186 non
1366 161 1436 187 audit
1446 162 1501 188 :hic
1508 166 1589 188 autem
1597 164 1694 197 aperuit
1704 171 1770 190 meo:
1781 165 1866 192 oculos

1085 202 1190 236 (Joaun.
1199 203 1227 231 9.
1237 212 1260 231 υ.
1271 205 1373 240 3051),
1389 205 1464 238 Quod
1478 211 1566 234 autem
1581 207 1667 240 ali‘ert,
1678 208 1730 236 tale
1741 209 1866 244 quiddam

1080 253 1130 275 est.
1144 249 1172 276 Si
1184 253 1361 285 transgressus
1369 256 1440 278 esset
1454 252 1549 287 legem,
1559 259 1709 287 peccasset:
1724 255 1745 282 si
1758 263 1865 290 peccas-

1080 298 1121 321 set
1137 314 1144 327 ,
1166 303 1219 322 non
1236 300 1336 323 tantum
1350 298 1499 331 potuisset:
1520 299 1563 326 ubi
1576 300 1646 327 enim
1658 305 1793 335 peccatum
1809 322 1816 334 ,
1830 301 1865 328 ibi

1082 346 1133 366 non
1145 344 1186 367 est
1199 340 1273 368 locus
1280 341 1493 370 demonstranda:
1505 345 1639 378 potenti:e.
1648 345 1681 372 At
1696 346 1796 380 potuit:
1813 354 1865 373 non

1081 391 1143 418 ergo
1162 386 1279 419 peccavit
1297 391 1476 421 transgressus
1497 389 1592 424 legem.
1621 390 1721 417 Eodem
1746 392 1826 418 modo
1839 396 1865 419 et

1081 430 1123 457 hic
1146 436 1351 465 argumentatur.
1373 434 1437 461 Nam
1452 441 1511 461 cum
1527 436 1631 470 inquit,
1654 437 1704 470 Qui
1725 445 1765 464 me
1777 446 1865 464 sanum

1081 474 1139 510 fecit
1152 496 1159 507 ,
1175 475 1225 503 hoc
1237 477 1407 511 signiﬁcavit,
1425 480 1494 507 hunc
1508 487 1583 514 esse,
1599 481 1644 516 qui
1661 483 1804 516 potentiam
1819 483 1866 510 de-

1080 522 1246 553 monstravit,
1263 523 1414 559 idcircoque
1427 526 1533 554 miuime
1546 526 1653 562 dignum
1667 535 1726 555 esse
1738 549 1745 561 ,
1758 529 1802 563 qui
1815 529 1865 556 cri-

1081 565 1153 593 mine
1163 566 1341 603 violatzeiegis
1353 574 1511 598 arcessatur.
1525 571 1592 606 Quid
1609 572 1687 607 igitur
1701 573 1749 600 hi?
1767 573 1816 601 Ubi
1828 579 1863 600 est

1081 610 1124 637 ille
1134 611 1219 641 homo.
1226 612 1271 647 qui
1281 612 1347 640 diait
1354 614 1410 647 tibi,
1420 615 1490 642 Tolle
1499 617 1630 652 grabatum
1645 623 1724 652 tuum,
1733 625 1757 645 et
1765 619 1865 646 ambula

1084 655 1139 690 (Id.
1166 658 1274 692 5.12).
1291 660 1356 688 Vide
1373 663 1514 689 amentiam
1537 668 1616 699 atque
1637 670 1772 700 Stuporem
1785 674 1791 692 ι
1806 666 1866 694 vide

1081 703 1196 730 animum
1209 708 1352 732 tumentem
1367 708 1525 742 arrogantia.

1117 748 1263 776 [lividorum
1285 752 1394 778 conditio
1415 752 1506 789 qualis.
1535 769 1570 775 —-
1594 755 1767 784 lnvidentium
1794 757 1865 786 enim

1081 793 1150 820 oculi
1165 794 1230 822 nihil
1251 803 1343 823 sanum
1360 797 1460 829 vident,
1486 799 1531 826 sed
1550 799 1612 827 illud
1629 805 1728 828 tantum
1744 802 1812 829 unde
1825 811 1867 830 ca-

1082 846 1145 873 pere
1155 847 1245 867 ansam
1257 847 1365 875 possunt
1377 851 1384 869 :
1396 843 1485 871 itidem
1500 849 1527 871 et
1538 845 1573 872 hi.
1589 845 1654 873 Cum
1668 847 1722 880 ille,
1736 848 1780 882 qui
1791 856 1866 875 cura-

1082 889 1124 912 tus
1138 890 1203 918 erat,
1217 892 1356 922 utrumque
1384 889 1469 917 Γθεευε
1480 896 1550 918 esset
1564 911 1571 923 ,
1594 896 1620 919 et
1634 897 1753 920 curatum
1767 901 1795 921 se
1808 901 1867 921 esse

1083 935 1111 957 et
1128 930 1231 965 jussum
1243 932 1336 960 tollere
1359 934 1495 969 grabatum
1510 955 1518 968 ,
1543 936 1607 963 illud
1633 937 1739 971 quidem
1761 938 1867 966 silentio

1082 977 1266 1010 prreterierunt
1280 998 1287 1010 ,
1311 978 1361 1006 hoc
1384 985 1472 1007 autem
1492 982 1678 1016 protulerunt:
1702 984 1867 1012 occultarunt

1081 1021 1186 1056 quidem
1202 1023 1378 1056 miraculum,
1406 1026 1573 1059 prmtendunt
1596 1032 1684 1055 autem
1695 1027 1797 1055 sabbati
1811 1029 1866 1056 dis-

1081 1067 1250 1096 solutionem.
1268 1069 1325 1096 Non
1339 1071 1410 1097 enim
1421 1071 1554 1105 dixerunt,
1570 1072 1614 1100 ubi
1627 1077 1667 1100 est
1677 1073 1720 1107 qui
1736 1078 1762 1101 te
1773 1081 1866 1101 sanum

1082 1112 1160 1140 fecit?
1173 1113 1226 1141 Sed
1249 1114 1298 1141 hoc
1316 1116 1456 1143 reticentes
1480 1116 1621 1144 dixerunt:
1644 1117 1692 1145 Ubi
1703 1123 1737 1145 est
1750 1119 1791 1154 qui
1804 1119 1867 1146 dixit

1083 1158 1126 1185 tibi
1138 1179 1146 1191 ,
1155 1158 1225 1186 Tolle
1232 1158 1455 1194 grabatumtuum,
1471 1166 1492 1188 et
1505 1162 1606 1188 ambula
1618 1162 1631 1189 7
1645 1162 1673 1189 Is
1683 1169 1765 1190 autem
1777 1165 1868 1190 nescies

1083 1204 1221 1231 Μίλωνι·
1243 1205 1309 1231 enim
1331 1205 1464 1233 declinauit
1481 1215 1497 1233 α
1516 1207 1588 1234 turba
1610 1209 1745 1235 constituta
1766 1209 1792 1236 in
1813 1210 1868 1236 loco

1083 1250 1135 1286 (Ib.
1150 1258 1173 1277 υ.
1189 1251 1245 1286 15).
1256 1250 1284 1278 id
1301 1259 1364 1279 vero
1378 1252 1491 1279 maxima
1511 1257 1553 1280 est
1568 1253 1682 1281 hominis
1697 1255 1766 1282 illius
1777 1255 1869 1283 delen-

1083 1297 1132 1327 sio,
1148 1296 1174 1323 id
1180 1295 1278 1323 Christi
1292 1297 1463 1332 providentia:
1476 1298 1668 1327 demonstratio
1683 1309 1690 1327 :
1706 1305 1735 1328 ut
1748 1308 1807 1328 cum
1818 1309 1869 1328 au-

1082 1341 1164 1368 dieris
1175 1341 1347 1377 paralyticum
1358 1341 1428 1370 hunc
1440 1351 1492 1370 non
1504 1344 1597 1371 eodem
1609 1345 1688 1372 modo
1697 1353 1728 1373 ac
1738 1347 1871 1373 centurio-

1085 1395 1144 1414 nem
1153 1387 1303 1422 suscepisse
1310 1388 1493 1416 advenientem
1504 1391 1654 1424 Dominum,
1665 1400 1751 1427 neque
1759 1392 1870 1426 dixisse,

1088 1432 1135 1459 Dic
1147 1432 1219 1460 verbo
1232 1454 1240 1465 ,
1254 1438 1278 1460 et
1291 1434 1421 1461 lambitur
1433 1443 1496 1470 puer
1505 1444 1573 1463 meus
1588 1437 1596 1471 (
1609 1436 1702 1464 Manli.
1716 1438 1742 1465 8.
1757 1438 1773 1465 8
1785 1439 1805 1472 ),
1817 1447 1870 1466 non

1085 1478 1168 1513 ipsum
1181 1478 1344 1507 infidelitatis
1370 1481 1477 1508 nomine
1504 1481 1683 1515 condemnes,
1704 1484 1870 1519 quandoqui-

1085 1524 1145 1552 dem
1160 1525 1234 1553 illum
1246 1533 1298 1554 non
1314 1527 1506 1562 cognoscebat:
1521 1536 1572 1555 non
1587 1529 1657 1556 enim
1672 1529 1783 1562 sciebat,
1798 1531 1871 1565 quis-

1086 1577 1148 1597 nam
1174 1571 1219 1599 ille
1240 1576 1321 1599 esset.
1334 1572 1368 1599 Et
1386 1573 1520 1608 quomodo
1542 1582 1603 1601 eum
1624 1582 1702 1609 quem
1727 1583 1870 1610 numquam

1085 1615 1197 1649 viderat,
1212 1617 1351 1644 novisset?
1365 1617 1507 1652 Propterea
1525 1618 1628 1646 dicebat
1643 1628 1650 1647 :
1673 1619 1807 1647 Hominem
1820 1629 1870 1648 non

1085 1661 1173 1693 habeo,
1184 1662 1227 1696 qui
1240 1662 1321 1688 mittat
1333 1670 1372 1689 me
1385 1663 1410 1689 in
1419 1663 1540 1697 piscinam
1551 1663 1655 1700 (Joann.
1669 1665 1698 1692 5.
1712 1665 1749 1701 7).
1761 1666 1834 1699 Quod
1846 1667 1870 1694 si

1085 1714 1145 1734 eum
1157 1708 1283 1739 novisset,
1301 1708 1419 1742 profecto
1436 1709 1545 1744 piseime
1558 1718 1589 1737 ac
1601 1711 1783 1739 descensionis
1799 1713 1871 1740 illius

1086 1752 1245 1779 mentionem
1255 1760 1307 1779 non
1319 1754 1434 1787 iecisset,
1445 1754 1490 1781 sed
1504 1762 1536 1782 eo
1549 1755 1627 1784 modo
1640 1757 1725 1784 curari
1736 1758 1870 1791 postulas-

1086 1804 1136 1831 set,
1146 1807 1199 1834 quo
1211 1804 1239 1826 et
1251 1804 1359 1827 curatus
1379 1805 1430 1827 est.
1456 1801 1507 1828 Sed
1533 1802 1641 1836 putabat
1663 1811 1742 1830 unum
1767 1811 1825 1831 esse
1853 1812 1869 1832 e

1087 1844 1176 1872 multis
1191 1865 1199 1878 ,
1221 1852 1253 1872 ac
1267 1845 1366 1872 nudum
1381 1845 1533 1873 hominem:
1557 1851 1635 1882 atque
1654 1848 1752 1876 idcirco
1767 1850 1869 1877 usitata:

1086 1891 1206 1918 meminit
1219 1891 1373 1919 curationis.
1393 1891 1495 1919 Rursus
1509 1897 1596 1919 autem
1615 1893 1712 1920 Christi
1729 1894 1870 1928 providen-

1087 1936 1130 1962 tiae
1142 1935 1199 1963 haec
1211 1935 1403 1964 demonstratio
1413 1942 1454 1964 est
1465 1957 1473 1970 ,
1500 1937 1570 1972 quod
1588 1943 1709 1966 curatum
1722 1940 1868 1974 reliquerit,

1086 1989 1172 2016 neque
1190 1981 1214 2008 ei
1233 1988 1291 2019 sese
1306 1981 1469 2016 patefecerit.
1496 1983 1599 2010 Etenim
1620 1991 1654 2011 ne
1676 1986 1870 2019 suspicarentur

1085 2026 1180 2059 Judaai,
1191 2026 1356 2054 subdititium
1371 2034 1431 2055 esse
1449 2028 1518 2055 hunc
1532 2032 1636 2062 testem,
1653 2033 1731 2064 atque
1744 2030 1800 2058 haec
1812 2030 1870 2058 ideo

1086 2074 1175 2101 dicere
1189 2094 1196 2107 ,
1210 2073 1280 2107 quod
1294 2074 1432 2107 praesentis
1447 2074 1545 2101 Christi
1560 2075 1683 2102 suasione
1696 2080 1846 2103 moveretur
1857 2097 1866 2108 ,

1087 2120 1158 2147 illius
1173 2119 1321 2154 ignorantia
1334 2124 1361 2147 et
1380 2120 1498 2147 absentia
1520 2119 1618 2148 Christi
1642 2120 1703 2148 huic
1728 2122 1868 2156 suspicioni

1088 2168 1173 2194 locum
1189 2175 1242 2194 non
1254 2167 1362 2194 dabant.
1376 2167 1462 2202 inquit
1480 2167 1550 2194 enim
1565 2167 1751 2203 Evangelista:
1765 2167 1869 2196 Nescia-

1086 2213 1128 2240 bat
1140 2213 1196 2246 qnis
1208 2218 1270 2240 esset
1285 2212 1336 2249 (Ib.
1349 2221 1373 2239 υ.
1390 2212 1445 2255 i5).

1121 2257 1149 2283 4.
1165 2256 1266 2283 idcirco
1277 2264 1348 2289 eum,
1361 2256 1406 2291 qui
1422 2260 1529 2283 curatus
1540 2261 1596 2284 erat
1610 2278 1618 2289 ,
1637 2257 1723 2284 solum
1738 2277 1746 2291 ,
1762 2265 1793 2285 ac
1811 2258 1870 2285 sine

1086 2301 1160 2328 socio
1174 2301 1263 2334 mittit,
1278 2305 1306 2328 ut
1325 2301 1547 2336 quemadmodum
1572 2307 1699 2337 cuperent
1716 2323 1723 2335 ,
1750 2309 1868 2330 seorsum

1087 2346 1242 2374 adhibentes
1256 2367 1263 2379 ,
1285 2347 1470 2374 examinarent
1490 2347 1560 2382 quod
1573 2347 1670 2374 factum
1682 2351 1739 2374 erat
1753 2368 1760 2379 ,
1771 2353 1798 2375 et
1810 2355 1867 2375 cum

1087 2396 1186 2419 certam
1201 2392 1239 2419 rei
1254 2392 1507 2419 demonstrationem
1521 2393 1686 2427 accepissent
1703 2413 1710 2425 ,
1725 2393 1759 2419 ab
1771 2393 1869 2427 impor-

1088 2442 1152 2464 tuno
1164 2437 1253 2464 furore
1266 2442 1411 2464 cessarent.
1435 2437 1576 2472 Propterea
1599 2437 1655 2471 ipse
1679 2438 1784 2472 quidem
1805 2439 1870 2465 nihil

1087 2482 1203 2517 loquitur
1214 2502 1222 2515 ,
1238 2489 1297 2509 eam
1311 2490 1375 2510 vero
1390 2490 1448 2518 qum
1466 2490 1514 2518 per
1528 2490 1572 2510 res
1585 2483 1656 2518 ipsas
1667 2483 1870 2511 titdemonstra-

1088 2530 1186 2556 tionem
1198 2529 1238 2556 eis
1254 2529 1373 2564 praebet:
1398 2536 1504 2564 quoquo
1523 2537 1615 2557 versus
1628 2530 1869 2557 manifestissima")

1087 2575 1212 2602 einitteus
1221 2581 1325 2608 vocem,
1338 2579 1365 2602 et
1379 2574 1440 2601 tuba
1452 2574 1571 2609 qualibet
1582 2574 1733 2602 clariorem.
1747 2573 1783 2602 tta
1798 2575 1868 2602 enim

1088 2621 1151 2648 nulli
1163 2621 1217 2655 jam
1231 2620 1375 2656 suspicioni
1385 2621 1436 2648 erit
1448 2619 1590 2647 obnoxium
1602 2620 1780 2647 testimonium
1793 2619 1869 2652 illud,

1089 2668 1139 2701 Qui
1148 2675 1187 2694 me
1199 2674 1288 2694 unum
1299 2666 1365 2701 fecit,
1377 2667 1420 2693 ille
1431 2666 1493 2692 mihi
1502 2666 1578 2697 dixit,
1589 2665 1658 2694 Tolle
1665 2664 1873 2700 grabatumtuam

1087 2718 1110 2739 et
1135 2712 1235 2738 ambula
1253 2711 1316 2748 (Id.
1333 2720 1356 2738 υ.
1372 2711 1400 2739 ti
1412 2711 1432 2746 ).
1457 2710 1618 2745 Paralyticus
1639 2709 1668 2737 lit
1686 2709 1846 2750 evangelista
1862 2729 1872 2743 ,

1088 2758 1212 2793 magister
1223 2757 1378 2789 inﬁdelium,
1390 2755 1508 2783 medicus
1521 2760 1548 2783 et
1561 2762 1647 2790 praeco
1659 2755 1692 2781 ad
1708 2754 1811 2781 illorum
1821 2754 1872 2781 de-

1089 2805 1169 2832 decus
1181 2809 1207 2832 et
1229 2803 1475 2832 condemnationem
1488 2821 1496 2836 ,
1512 2800 1630 2829 medicus
1644 2807 1698 2828 non
1714 2807 1779 2828 voce
1793 2820 1801 2834 ,
1820 2801 1871 2828 sed
