2039 3151
251 211 303 240 809

250 268 384 304 σϐήτητον
401 266 550 303 ἐπεφέρετο
563 266 612 303 τὴν
629 267 778 300 ἀπόδειξιν,
793 266 840 293 καὶ
854 267 922 303 ὅπερ
935 265 1037 298 ἔλεγεν,

250 314 370 342 ἐδείκνυε
392 313 436 340 διὰ
454 314 500 340 τοῦ
522 313 655 349 σώματος.
681 314 763 341 Μετὰ
786 313 881 342 ταῦτα
906 312 1040 346 εὑρίσκει

249 361 343 389 αὐτὸν
351 362 367 388 ό
376 359 452 397 [554]
467 360 597 394 Ἰησοῦς,
609 360 657 387 καὶ
668 361 750 395 λέγει
760 359 854 392 αὐτῷ’
870 359 941 392 Ἴδε,
953 357 1042 392 ὑγιὴς

249 407 385 442 γέγονας,
402 406 508 442 μηκέτι
527 406 690 441 ἁμάρτανε,
709 407 760 434 ἵνα
772 406 815 441 μὴ
829 405 932 441 χεῖρόν
949 405 978 431 τί
992 411 1042 431 σοι

251 453 380 488 γένηται.
394 451 469 485 Εἶδες
485 452 578 488 ἰατροῦ
593 452 690 487 σοφίαν
701 461 708 485 ;
720 450 791 484 εἶδες
804 451 967 487 κηδεμονίαν
976 458 983 482 ;
993 449 1042 476 οὐκ

250 498 387 535 ἀπήλλαξε
411 498 459 526 τοῦ
481 499 614 535 παρόντος
633 499 786 534 νοσήματος
801 498 891 533 μόνον,
914 496 983 523 ἀλλὰ
995 495 1043 522 καὶ

251 546 319 581 πρὸς
343 546 373 573 τὸ
393 546 489 581 μέλλον
514 545 710 580 ἀσφαλίζεται·
730 545 778 572 καὶ
803 545 875 580 μάλα
894 543 1040 578 εὐκαίρως.

251 592 316 619 Ὀτε
328 592 377 628 μὲν
387 590 486 627 γὰρῆν
499 592 546 618 ἐπὶ
555 592 605 627 τῆς
617 591 721 628 κλίνης,
732 590 809 617 οὐδὲν
821 589 941 617 τοιοῦτον
954 587 1042 620 εἶπεν,

251 637 300 664 οὐκ
314 637 466 673 ἀνέμνησεν
479 637 560 665 αὑτὸν
576 637 797 673 ἁμαρτημάτων·
813 635 977 670 δυσάρεστος
989 633 1043 669 γάρ

252 691 311 715 πως
334 683 382 710 καλ¹
404 683 578 719 ταλαίπωρός
604 684 678 710 ἐστιν
703 683 720 718 ἡ
748 682 802 709 τῶν
831 679 1043 717 ἀρρωστούντων

257 731 329 767 ψυχή
339 740 346 746 ”
363 731 407 758 ὅτε
421 731 449 758 δέ
463 731 587 767 ἀπήλασε
599 731 649 767 τὴν
666 730 833 767 ἀρρωστίαν,
850 730 894 756 ὅτε
911 727 980 763 πρὸς
995 727 1044 762 τὴν

254 777 360 811 ὑγίειαν
378 777 562 813 ἐπανήγαγεν,
588 777 633 804 ὅτε
658 777 710 812 τῆς
735 776 875 812 δυνάμεως
893 773 975 801 αὑτοῦ
997 772 1044 800 καὶ

253 823 302 858 τῆς
318 822 481 858 κηδεμονίας
494 822 568 858 ἔργῳ
580 823 630 858 τὴν
649 822 787 855 ἀπόδειξιν
801 820 967 856 παρέσχετο,
983 818 1044 845 τότε

254 867 380 905 εὔκαιρον
391 870 508 895 ποιεῖται
520 869 568 903 τὴν
583 868 739 904 συμϐουλὴν
751 868 799 894 καὶ
812 867 861 903 τὴν
871 865 1042 902 παραίνεσιν,

254 913 410 948 ἀξιόπιστος
419 915 453 941 δι’
470 914 561 941 αὐτῶν
579 913 673 940 λοιπὸν
696 913 751 940 τῶν
763 913 851 949 ἐργων
871 911 1042 947 φαινόμενος.

255 960 288 986 Τί
303 957 350 987 οὖν
368 961 471 991 ἐκεῖνος
491 959 616 987 ἀπελθὼν
639 959 789 995 κατάδηλον
811 958 940 994 ἐποίησεν
964 957 1045 984 αὑτὸν

255 1007 311 1037 τοῖς
330 1005 480 1040 Ἰουδαίοις;
498 1006 652 1037 Κοινωνοὺς
665 1005 763 1037 αὐτοὺς
778 1005 939 1041 βουλόμενος
952 1002 1046 1030 λαϐεῖν

255 1051 305 1087 τῆς
327 1051 444 1088 ἀληθοῦς
468 1052 653 1084 διδασκαλίας.
682 1051 752 1079 Ἀλλ’
779 1052 876 1078 ἐκεῖνοι
899 1049 944 1077 διὰ
967 1048 1047 1076 τοῦτο

255 1097 367 1133 ἐμίσουν
379 1098 469 1131 αὑτὸν,
481 1099 559 1135 φησὶ,
568 1098 614 1125 καλ¹
623 1098 745 1126 ἐδίωκον,
763 1096 895 1125 Ἐνταῦθά
906 1104 952 1132 μοι
963 1103 1047 1131 προσ-

256 1145 348 1179 έχετεθ
363 1145 482 1172 ἐνταῦθα
502 1145 556 1180 γὰρ
581 1146 595 1172 ό
619 1146 674 1177 πᾶς
695 1145 769 1171 ἐστιν
788 1143 874 1179 ἀγὼν.
894 1143 945 1170 Διὰ
958 1142 1047 1170 τοῦτο

255 1189 380 1218 ἐδίωκον
405 1191 514 1224 αὐτὸν,
538 1191 583 1218 ὅτι
606 1191 700 1218 ταῦτα
723 1191 817 1218 ἐποίει
841 1189 876 1217 ἐν
899 1187 1046 1221 σαϐϐάτῳ.

258 1237 373 1273 ῖΊδωμεν
384 1235 431 1265 οὗν
451 1238 511 1270 πῶς
527 1238 718 1273 ἀπολογεῖται·
736 1238 750 1264 ό
767 1237 822 1272 γὰρ
833 1237 884 1272 τῆς
898 1235 1049 1269 ἀπολογίας

257 1283 357 1317 τρόπος
367 1283 503 1311 δείκνυσιν
515 1285 592 1320 ἡμῖν,
607 1284 662 1311 εῐτε
674 1284 729 1310 τῶν
742 1283 981 1318 ὑποτεταγμένων,
993 1281 1048 1308 εῑτε

257 1328 311 1356 τῶν
329 1329 480 1366 ἐλευθέρων
501 1331 585 1364 ἐστὶν,
612 1331 666 1358 εἴτε
683 1330 738 1357 τῶν
752 1329 978 1365 διακονουμένων,
993 1328 1049 1355 εἴτε

257 1374 313 1402 τῶν
326 1375 537 1406 ἐπιταττόντων.
560 1377 721 1413 Παρανομία
740 1377 856 1413 μεγίστη
875 1375 961 1402 ἐδόκει
981 1373 1051 1401 εἶναι

258 1420 289 1447 τὸ
303 1423 501 1458 γεγενημένον·
515 1424 563 1450 καὶ
580 1424 635 1460 γὰρ
650 1423 715 1457 ξύλα
735 1423 801 1451 ποτέ
817 1432 859 1455 τις
873 1424 902 1449 ἐν
923 1421 1051 1457 σαϐϐάτῳ

260 1467 388 1501 συλλέξας
405 1469 533 1506 ἐλιθάσθη
556 1471 602 1498 διὰ
618 1470 706 1504 τοῦτο,
723 1471 765 1498 ὅτι
784 1470 964 1506 βαστάγματα
988 1469 1052 1502 ἐφε-

263 1522 308 1549 ρεν
330 1515 359 1541 ἐν
375 1515 514 1552 σαϐϐάτῳ.
538 1517 625 1544 Τοῦτο
641 1517 671 1543 τὸ
697 1517 768 1553 μέγα
784 1517 938 1552 ἁμάρτημα
955 1516 1052 1542 ἐνεκα-

260 1559 333 1587 λεῖτο
350 1561 365 1587 ό
381 1562 509 1597 Χριστὸς,
524 1563 565 1590 ὅτι
578 1563 657 1590 ἐλυσε
671 1563 702 1589 τὸ
722 1563 867 1590 σάϐϐατον.
883 1562 995 1598 Ἰδωμεν
1006 1559 1054 1590 οὖν

262 1606 288 1633 εί
302 1607 435 1644 πρότερον
455 1609 621 1645 συγγνώμην
642 1610 714 1636 αἰτεῖ
732 1609 770 1641 ὡς
787 1609 881 1640 δοῦλος
896 1609 944 1635 καὶ
957 1608 1055 1635 ὑποτε-

262 1654 409 1689 ταγμένος,
430 1655 447 1690 ἢ
461 1655 499 1686 ὼς
514 1655 639 1687 ἐξουσίαν
653 1655 722 1691 ἐχων
738 1655 786 1682 καὶ
799 1655 942 1682 αὐθεντίαν
954 1653 1055 1681 ἐπιδεί-

264 1707 371 1732 κνυται,
384 1699 422 1731 ὡς
436 1701 585 1735 Δεσπότης,
601 1700 649 1727 καὶ
665 1701 838 1736 ἐπικείμενος
848 1700 888 1735 τῷ
901 1700 987 1735 νόμῳ,
1008 1698 1056 1726 καὶ

264 1744 315 1776 τὰς
335 1745 447 1777 ἐντολὰς
467 1746 549 1777 αὐτὸς
563 1745 698 1777 δεδωκώς.
718 1746 781 1777 Πῶς
804 1744 850 1772 οὖν
866 1744 1055 1779 ἁπολογείται;

266 1789 359 1825 φησίν·
387 1790 415 1816 '0
438 1790 540 1824 Πατήρ
561 1799 621 1825 μου
636 1790 691 1824 ἕως
707 1791 772 1826 ἄρτι
794 1791 952 1826 ἐργάζεται,
975 1790 1056 1826 κάγὼ

265 1835 429 1871 ἐργάζομαι.
445 1833 523 1869 Εἶδες
540 1837 700 1871 αύθεντίαν;
724 1837 820 1864 Καίτοι
841 1839 865 1865 εί
882 1837 1058 1865 καταδεέστε-

268 1890 314 1916 ρος
327 1882 374 1910 καὶ
387 1881 506 1909 ἐλάττων
515 1880 549 1918 ἦν
560 1882 606 1910 τοῦ
618 1883 735 1920 Πατρὸς,
747 1883 797 1910 οὐκ
808 1883 905 1910 ἔστιτὸ
914 1884 1058 1919 εἰρημένον

267 1928 411 1962 ἀπολογία,
424 1928 482 1955 ἀλλ’
496 1929 622 1965 ἔγκλημα
645 1928 736 1965 μεῖζον
750 1930 797 1956 καὶ
811 1930 963 1965 κατηγορία
978 1929 1058 1965 χαλε-

270 1974 390 2009 πωτέρα.
420 1974 506 2002 Ὀταν
530 1974 585 2011 γὰρ
600 1976 662 2010 ποιῇ
686 1983 739 2008 τις,
763 1975 777 2002 ὃ
795 1975 833 2010 τῷ
857 1975 960 2010 μείζονι
986 1975 1059 2010 μόνῳ

268 2022 354 2047 ποιεῖν
378 2020 494 2055 ἔξεστιν,
516 2019 574 2048 εἶτα
595 2021 676 2052 ἁλοὺς
692 2021 846 2056 ἐγκαλεῖται
861 2023 907 2048 καὶ
921 2021 1006 2056 λέγει¹
1019 2022 1060 2048 ὄτι

276 2067 386 2102 Ἐπειδὴ
404 2067 419 2093 ό
437 2067 540 2102 μείζων
555 2067 676 2106 ἐποίηςε,
689 2067 733 2094 διὰ
746 2068 824 2095 τοῦτο
840 2067 918 2103 κάγὼ
932 2068 1057 2104 ἐποίησα,

271 2113 300 2139 οὺ
318 2112 398 2147 μόνον
413 2113 462 2140 οὐκ
473 2113 586 2140 ἀπολύει
601 2114 656 2141 τῶν
671 2113 851 2149 ἐγκλημάτων
865 2115 959 2142 ἐαυτὸν
973 2115 1060 2150 τούτῳ

271 2159 321 2195 τῆς
331 2159 479 2194 ἀπολογίας
489 2160 528 2195 τῷ
539 2160 643 2195 τρόπῳ,
657 2160 725 2186 ἀλλὰ
735 2161 782 2186 καὶ
797 2159 918 2194 μείζονος
931 2161 1061 2197 μέμψεως

273 2209 319 2235 καὶ
331 2207 498 2244 κατηγορίας
509 2207 658 2234 ὑπεύθυνον
669 2208 765 2234 ἑαυτὸν
776 2208 947 2244 καθίστησιν.
966 2209 1062 2246 T1159-

274 2255 391 2291 ηφανίας
412 2254 467 2290 γὰρ
488 2255 536 2281 καὶ
557 2254 716 2286 ἀλαζονείας
736 2255 806 2289 ἐστὶ,
831 2255 862 2282 τὺ
874 2257 932 2288 τοῖς
955 2256 1062 2291 μείζοσι

275 2301 323 2336 τῆς
338 2300 415 2333 ἀξίας
430 2299 579 2335 ἐπιχειρεῖν
593 2301 746 2336 πράγμασι.

310 2359 365 2385 Καὶ
384 2359 399 2386 ὁ
417 2357 534 2394 Χριστὸς
556 2357 646 2384 τοίνυν
669 2360 694 2385 εί
718 2360 929 2395 καταδεέστερος
952 2358 996 2396 ἦν,
1014 2361 1065 2388 ούκ

275 2402 311 2440 ἦν
331 2404 466 2438 ἀπολογία
487 2404 518 2430 τὸ
536 2403 693 2439 λεγόμενον,
716 2405 774 2432 ἀλλ’
799 2405 926 2441 ἔγκλημα
955 2408 1062 2442 μεῖζον·

278 2450 371 2487 ἐπειδὴ
383 2450 411 2476 δὲ
425 2450 482 2481 ἴσος
495 2449 568 2485 αὑτῷ
579 2447 623 2485 ἦν,
636 2449 680 2477 διά
692 2450 770 2477 τοῦτο
781 2452 831 2478 οὐκ
842 2451 915 2478 ἐστιν
927 2452 1010 2488 ἐγκλη
1016 2462 1064 2488 μα.

280 2498 334 2525 Καὶ
353 2497 377 2523 εί
401 2496 537 2531 βούλεσθε,
561 2498 607 2524 ἐπὶ
626 2498 825 2534 ὑποδείγματος
838 2498 851 2524 ὃ
866 2498 936 2533 λέγω
961 2501 1066 2536 ποιήσω

280 2544 405 2580 φανερόν.
424 2544 468 2579 Τῷ
484 2544 588 2579 βασιλεῖ
607 2546 700 2582 φέρειν
718 2546 875 2581 ἁλουργίδα,
888 2547 934 2573 καὶ
948 2547 1067 2583 διάδημα

281 2592 351 2627 ἱχειν
368 2590 414 2617 ἐπὶ
423 2591 471 2626 τῆς
483 2591 603 2626 κεφαλῆς
620 2592 693 2627 μόνῳ
703 2591 817 2625 ἔξεστιν,
834 2592 919 2628 ἑτέρῳ
930 2592 958 2618 δὲ
968 2593 1065 2621 οὐδενί.

287 2638 348 2666 Ἐάν
360 2638 449 2664 τοίνυν
462 2639 532 2673 φανῇ
543 2647 584 2670 τις
598 2638 652 2665 τῶν
665 2638 770 2665 πολλῶν
780 2638 859 2665 τοῦτο
873 2638 903 2664 τὸ
916 2639 1007 2674 σχῆμα
1021 2647 1068 2665 πε-

284 2685 446 2720 ρικείμενος,
462 2682 520 2711 εἶτα
532 2684 579 2711 καὶ
593 2685 632 2717 εἰς
646 2684 817 2719 δικαστήριον
830 2685 974 2720 ἑλκόμενος
989 2685 1066 2721 λέγῃ,

281 2734 321 2759 ὅτι
343 2731 451 2767 Ἐπειδὴ
463 2732 477 2758 ὁ
497 2731 622 2766 βασιλεὺς
645 2730 724 2757 τοῦτο
739 2731 770 2757 τὸ
791 2731 883 2766 σχῆμα
903 2731 1067 2766 περίκειται,

284 2778 328 2805 διὰ
351 2777 429 2804 τοῦτο
450 2777 527 2812 κάγὼ
547 2777 719 2814 περίκειμαι,
745 2777 775 2804 οὐ
791 2777 870 2812 μόνον
890 2778 940 2804 οὑκ
958 2778 1069 2814 ἀφίησιν

285 2825 377 2850 ἐαυτὸν
391 2825 440 2859 τῆς
456 2825 633 2860 κατηγορίας,
650 2823 718 2852 ἀλλὰ
732 2823 779 2850 καὶ
798 2823 919 2858 μείζονος
934 2824 1070 2857 κολάσεως

286 2870 333 2895 καὶ
353 2870 488 2904 τιμωρίας
510 2870 670 2906 καθίστησιν
690 2870 840 2897 ὑπεύθυνον
856 2870 895 2905 τῷ
914 2871 1006 2906 τρόπῳ
1023 2873 1071 2907 τῆς

288 2915 362 2952 [3355]
380 2913 534 2951 ἀπολογίας.
561 2916 646 2944 Πάλιν
664 2917 695 2943 τὸ
713 2917 774 2948 τοὺς
794 2917 946 2952 αἰσχίστους
963 2918 1069 2952 ἀφεῖναι

606 209 634 238 S.
655 207 798 237 JOANNIS
817 203 1065 235 CHRYSOSTOMI
1090 203 1250 233 ARCHIEP.
1271 200 1546 233 CONSTANTINOP.

1804 224 1807 238 ,
1830 197 1878 226 ιιιο

1090 264 1227 296 κολάσεως
1249 262 1296 290 καὶ
1314 261 1458 297 τιμωρίας,
1481 257 1537 286 οἷον
1559 256 1751 293 ἀνδροφόνους,
1767 255 1881 292 λῃστὰς,

1091 310 1300 347 τυμϐωρύχους,
1314 308 1434 339 καὶτοὺς
1448 307 1531 342 ἕτερα
1544 304 1656 331 τοιαῦτα
1670 302 1882 338 τετολμηκότας,

1093 357 1236 393 βασιλικῆς
1254 357 1312 382 ἐστι
1326 353 1482 389 φιλοτιμίας
1494 352 1587 388 μόνης.
1606 349 1665 378 Κᾶν
1680 349 1769 376 τοίνυν
1782 357 1824 380 τις
1840 348 1880 375 δι-

1092 405 1206 439 καστὴς,
1215 403 1260 429 τὸν
1269 400 1501 429 καταδικασθέντα
1513 399 1597 434 χωρὶς
1614 395 1756 432 βασιλικῆς
1769 394 1882 430 γνώμης

1093 452 1182 487 ἀφεὶς,
1198 451 1357 486 ἐγκαλῆται,
1378 449 1425 476 κα)⁵
1450 447 1583 482 λέγεικαὶ
1599 445 1689 478 αὐτὸς,
1710 445 1751 471 ὅτι
1774 443 1882 477 Ἐπειδὴ
1926 443 1932 447 ”

1092 498 1139 525 καὶ
1158 497 1283 533 βασιλεὺς
1310 496 1419 531 ἀφίησι,
1444 493 1522 528 κάγὼ
1539 492 1653 528 ἀφίημι,
1675 491 1706 518 ού
1733 490 1813 526 μόνον
1832 489 1882 515 οὑκ

1092 544 1294 571 ἀπαλλάττεται
1313 542 1400 577 τούτῳ
1422 541 1460 577 τῷ
1482 541 1585 576 τρόπῳ,
1609 538 1678 566 ἀλλά
1699 536 1747 564 καὶ
1770 534 1882 571 μείζονα

1094 590 1204 623 ἐξάπτει
1221 589 1282 617 καθ’
1308 588 1404 616 ἐαυτοῦ
1421 588 1471 622 τὴν
1487 586 1588 622 ὀργήν·
1606 585 1655 612 καὶ
1673 583 1746 620 μάλα
1758 582 1880 612 εἰκότως.

1093 638 1161 665 ούδέ
1175 637 1228 673 γὰρ
1243 637 1346 664 δίκαιον
1368 638 1397 663 ἐν
1415 637 1475 667 ταῖς
1490 633 1644 670 παροινίαις
1654 638 1669 653 δ
1685 632 1732 658 ἐπὶ
1756 630 1805 665 τὴν
1827 628 1882 654 τῶν

1095 687 1227 723 μειζόνων
1247 686 1391 713 αὐθεντίαν
1418 684 1614 714 ἀναϐαίνοντας
1636 682 1701 713 τοὺς
1724 677 1883 706 ὑποδεεστέ-

1097 741 1168 768 ρους,
1195 733 1299 760 ἐκεῖθεν
1328 732 1433 762 ἑαυτοῖς
1460 729 1622 766 πορίζεσθαι
1645 727 1695 763 τὴν
1723 723 1881 758 ἀπολογίαν,

1094 777 1189 814 ἐπειδὴ
1209 778 1287 805 τοῦτο
1309 777 1389 813 ὕϐρις
1415 776 1516 812 μείζων
1540 775 1612 801 ἐστὶν
1627 774 1666 805 είς
1685 772 1749 804 τοὺς
1763 768 1881 805 ἐγχειρί-

1095 831 1196 856 σαντας
1215 824 1307 856 αὐτοῖς
1325 823 1374 859 τὴν
1391 823 1489 858 ἀρχήν.
1505 820 1556 848 Διά
1569 820 1648 847 τοῦτο
1659 818 1692 846 ἃν
1712 817 1761 854 μὲν
1774 815 1883 843 ὑποδεέ-

1096 879 1190 906 στερος
1234 879 1287 902 τις,
1303 869 1431 896 οὐδέποτε
1445 868 1539 895 τοῦτον
1552 866 1752 900 ἀπολογήσεται
1765 862 1810 889 τὸν
1821 860 1884 897 τρό-

1096 927 1146 944 πον
1156 927 1162 933 ·
1180 906 1227 944 ἐάν
1245 917 1277 943 ’δὲ
1293 916 1420 951 βασιλεὺς
1432 915 1479 943 καὶ
1495 915 1546 950 τῆς
1563 913 1650 948 αὐτῆς
1662 911 1700 938 ὢν
1711 910 1800 944 ἀξίας,
1815 906 1886 943 μετά

1095 964 1253 1001 παρρησίας
1262 963 1342 991 τοῦτο
1356 963 1424 998 ἐρεῖ.
1439 963 1484 994 Ὧς
1493 961 1548 996 γὰρ
1557 961 1574 995 ἡ
1585 959 1635 995 τῆς
1648 957 1735 994 ἀρχῆς
1747 956 1796 992 μία
1803 955 1886 990 ὑπερ-

1095 1000 1163 1047 οχή,
1183 1009 1254 1037 οὕτω
1277 1009 1324 1036 καὶ
1350 1009 1368 1045 ἡ
1385 1007 1494 1041 ἐξουσία
1512 1006 1561 1042 μία
1580 1005 1684 1039 γένοιτο
1706 1002 1739 1029 ἂν
1762 1000 1884 1031 εἰκότως.

1098 1046 1180 1084 Ὥστε
1202 1057 1236 1084 ἂν
1255 1057 1326 1092 φανῇ
1350 1063 1392 1086 τις
1414 1053 1502 1085 οὕτως
1525 1050 1750 1085 ἀπολογούμενος,
1779 1046 1887 1080 ἀνάγκη

1097 1105 1173 1131 πᾶσα
1183 1104 1233 1139 τῆς
1243 1103 1328 1137 αὐτῆς
1340 1101 1438 1134 ἀξίαςδ
1453 1098 1523 1127 εἶναι
1535 1098 1642 1133 ἐκείνῳ,
1657 1093 1687 1123 οὗ
1701 1095 1750 1130 τὴν
1764 1092 1888 1126 ἐξουσίαν

1097 1151 1167 1187 ὑπὲρ
1180 1149 1277 1177 ἐαυτοῦ
1292 1148 1483 1185 προϐάλλεται.
1502 1144 1608 1172 Οὐκοῦν
1620 1142 1714 1177 ἐπειδὴ
1731 1141 1778 1168 καὶ
1792 1140 1806 1166 ό
1819 1139 1888 1174 Χρι-

1099 1185 1161 1228 στὸς
1179 1195 1265 1227 οὕτως
1286 1193 1521 1228 ἐδικαιολογήσατο
1540 1189 1608 1225 πρὸς
1629 1187 1783 1217 Ἰουδαίους,
1798 1185 1887 1219 ἀναμ-

1100 1242 1273 1278 φισϐητήτως
1285 1242 1351 1277 ἡμῖν
1362 1238 1513 1271 ἀπέδειξεν,
1528 1237 1569 1264 ὅτι
1581 1235 1631 1270 τῆς
1641 1233 1728 1268 αὐτῆς
1742 1231 1819 1264 ἀξίας
1830 1231 1890 1257 ἐστὶ

1099 1277 1138 1324 τῷ
1150 1277 1248 1324 Πατρὶ.
1262 1288 1318 1314 Καὶ
1332 1285 1542 1322 μεταγάγωμεν,
1553 1283 1578 1309 εί
1590 1281 1672 1312 δοκεῖ,
1688 1279 1720 1305 τδ
1734 1277 1890 1310 ὑπόδειγμα

1101 1321 1147 1362 ἐπὶ
1165 1335 1200 1362 τὰ
1211 1321 1338 1370 ’ῥήματα
1348 1333 1395 1360 τοῦ
1410 1329 1540 1367 Χριστοῦ,
1556 1329 1603 1355 καὶ
1617 1328 1647 1354 τὺ
1661 1326 1741 1362 ἔργον
1754 1324 1823 1358 ὅπερ
1834 1321 1890 1370 είρ-

1100 1367 1321 1416 γάσατοθέστω
1334 1378 1424 1405 τοίνυν
1437 1377 1468 1403 τὸ
1484 1375 1542 1411 μετ’
1555 1372 1677 1407 ἐξουσίας
1691 1369 1812 1398 λῠσαισδ
1826 1367 1889 1394 6&6-

1101 1412 1193 1461 ϐατον,
1212 1428 1281 1461 ὅπερ
1296 1427 1312 1461 ἡ
1331 1424 1460 1460 ἁλουργὶς
1474 1423 1521 1449 καὶ
1535 1421 1566 1448 τὸ
1578 1419 1696 1455 διάδημα
1712 1415 1800 1444 καὶτὸ
1814 1412 1891 1448 ἀφιέ-

1103 1482 1147 1501 ναι
1160 1475 1223 1506 τοὺς
1238 1471 1415 1503 ὑπευθύνους.

1138 1522 1245 1557 Ὥσπερ
1258 1518 1306 1547 οὖν
1315 1520 1408 1547 ἐκεῖνα
1420 1517 1459 1553 τῷ
1474 1515 1578 1553 βασιλεῖ
1593 1513 1665 1549 μόνῳ
1678 1511 1792 1544 ἔξεστιν,
1805 1506 1891 1557 οὐδενὶ

1103 1569 1131 1597 δέ
1141 1568 1213 1603 ἄλλῳ
1220 1553 1274 1594 Ιτῶν
1282 1565 1481 1601 ὑποκειμένων,
1492 1562 1540 1590 ἐὰν
1551 1561 1579 1588 δὲ
1591 1561 1662 1595 φανῇ
1670 1567 1711 1590 τις
1719 1555 1804 1583 ποιῶν
1812 1553 1891 1603 αὐτὰ,

1105 1615 1153 1642 καὶ
1168 1599 1280 1646 δικαίως
1295 1599 1390 1644 ποιῶν,
1409 1611 1515 1646 ἀνάγκη
1537 1609 1662 1636 κάκεῖνον
1678 1603 1790 1641 βασιλέα
1805 1599 1890 1628 εἶναι·

1105 1661 1176 1688 οὕτω
1189 1659 1221 1695 δὴ
1234 1659 1280 1686 καὶ
1293 1658 1421 1690 ἐνταῦθα,
1437 1655 1530 1691 ἐπειδὴ
1541 1654 1664 1689 φαίνεται
1681 1651 1738 1687 μετ’
1751 1647 1894 1678 αὑθεντίας

1106 1707 1191 1734 ταῦτα
1206 1694 1291 1733 ποιῶν
1307 1706 1321 1732 ό
1335 1703 1461 1740 Χριστὸς,
1485 1700 1545 1729 εἶτα
1562 1698 1761 1739 ἐγκαλούμενος
1777 1695 1822 1722 τὸν
1837 1694 1894 1720 Πα-

1105 1754 1174 1789 τέρα
1193 1737 1375 1788 προϐόιλλετατι
1398 1749 1496 1783 λέγων,
1524 1747 1554 1773 '0
1579 1744 1675 1779 Πατήρ
1701 1737 1750 1789 μου
1765 1741 1817 1772 ἓως
1833 1740 1895 1775 ἄρτι

1108 1786 1264 1835 ἐργάζεται,
1277 1797 1384 1832 ἀνάγκη
1395 1796 1470 1822 πᾶσα
1483 1793 1531 1820 καὶ
1539 1791 1634 1819 τοῦτον
1649 1791 1706 1817 ἴσον
1720 1786 1788 1815 εἶναι
1800 1786 1897 1820 ἐκείνῳ

1108 1831 1152 1882 τῷ
1162 1844 1230 1881 μετά
1244 1843 1386 1874 αὺθεντίας
1408 1840 1538 1868 ποιοῦντι.
1561 1838 1598 1864 Οὐ
1615 1836 1670 1872 γὰρ
1685 1835 1728 1866 ἂν,
1744 1834 1769 1860 εί
1790 1833 1827 1868 μὴ
1840 1831 1896 1863 [σος

1152 1879 1236 1926 αὐτῷ,
1247 1889 1335 1925 τούτῳ
1344 1889 1394 1924 τῆς
1403 1886 1584 1919 δικαιολογίας
1600 1883 1735 1918 ἐχρήσατο
1745 1881 1784 1914 τῷ
1792 1879 1894 1914 τρόπῳ.

1109 1924 1165 1966 Καὶ
1175 1924 1219 1964 ἵνα
1234 1924 1399 1971 σαφέστερον
1417 1932 1520 1969 μάθητε
1533 1931 1564 1957 τὺ
1581 1929 1738 1964 λεγόμενον,
1756 1926 1853 1952 ἔλυσαν
1867 1924 1897 1950 τὸ

1111 1983 1245 2013 σάϐϐατόν
1257 1970 1323 2009 ποτε
1336 1980 1360 2007 οἱ
1376 1978 1495 2015 μαθηταὶ
1504 1978 1533 2004 ἐν
1543 1975 1583 2011 τῷ
1594 1974 1693 2002 τίλλειν
1704 1973 1766 2004 τοὺς
1781 1970 1898 2005 στάχυας

1110 2032 1158 2059 καὶ
1174 2029 1274 2056 ἐσθίειν
1297 2027 1326 2054 ἐν
1344 2024 1491 2058 σαϐϐάτῳ·
1518 2021 1596 2048 ἐλυσε
1614 2019 1660 2046 καὶ
1679 2018 1759 2048 αὐτὸς
1774 2016 1835 2043 νῦν·
1855 2015 1898 2041 ἐν-

1111 2077 1244 2104 εκάλεσαν
1251 2073 1388 2103 κάκείνοις
1395 2071 1419 2097 οί
1432 2069 1562 2100 Ἰουδαῖοι,
1574 2065 1735 2094 ἐνεκάλεσαν
1747 2063 1792 2090 καὶ
1801 2062 1897 2096 τούτῳ.

1114 2124 1227 2158 Ἴδωμεν
1244 2120 1303 2151 πῶς
1316 2119 1365 2155 μὲν
1382 2118 1452 2153 ὑπὲρ
1465 2115 1575 2142 ἐκείνων
1601 2112 1782 2146 ἀπολογεῖται,
1800 2109 1860 2140 πῶς
1872 2108 1901 2134 δὲ

1113 2153 1186 2204 ὑπὲρ
1200 2168 1296 2194 ἑαυτοῦ
1307 2153 1322 2181 ἠ
1333 2165 1375 2192 ἵνα
1389 2163 1422 2190 ἐκ
1432 2162 1483 2198 τῆς
1498 2160 1630 2195 διαφορᾶς
1640 2158 1689 2193 τὴν
1704 2156 1840 2192 ὑπεροχὴν
1853 2153 1901 2180 καὶ

1112 2201 1326 2250 τὴν-ἀπολογίαν
1339 2209 1421 2237 αὐτοῦ
1444 2207 1543 2244 μάθῃς.
1562 2205 1624 2236 Πῶς
1636 2202 1682 2231 οὖν
1699 2203 1768 2237 ὑπὲρ
1788 2201 1902 2228 ἐκείνων

1113 2247 1301 2294 ἀπολογεῖται;
1313 2258 1374 2284 Οὐκ
1390 2255 1537 2290 ἀνέγνωτε
1552 2252 1580 2279 τί
1593 2251 1717 2283 ἐποίησε
1734 2248 1834 2280 Δαυῖδ,
1853 2247 1904 2274 ὅτε

1113 2306 1290 2337 ἐπείνασει·;
1309 2303 1393 2330 Ὅταν
1409 2302 1456 2337 μὲν
1473 2299 1527 2336 γὰρ
1542 2298 1611 2335 ὑπὲρ
1625 2296 1678 2323 τῶν
1693 2294 1792 2321 δούλων
1807 2294 1905 2320 ἀπολο-

1114 2355 1206 2389 γῆται,
1222 2351 1269 2378 ἐπὶ
1290 2350 1336 2377 τὺν
1355 2347 1494 2375 σύνδουλον
1511 2345 1601 2372 αὐτῶν
1617 2340 1784 2376 καταφεύγει
1806 2340 1902 2367 Δαυΐδ-

1115 2387 1178 2427 ὅταν
1193 2399 1221 2425 δέ
1235 2398 1303 2432 ὑπὲρ
1316 2395 1423 2426 ἑαυτοῦ,
1439 2394 1485 2420 ἐπὶ
1500 2392 1545 2419 τὸν
1561 2390 1669 2425 Πατέρα
1692 2388 1787 2421 ἀνάγει
1800 2387 1846 2413 τὸν
1860 2387 1907 2414 λά.

1116 2455 1179 2482 γονο
1203 2445 1235 2472 '(J
1249 2442 1350 2477 Πατήρ
1369 2450 1427 2478 μου
1451 2438 1608 2475 ἐργάζεται,
1633 2436 1712 2471 κάγὼ
1739 2433 1905 2469 ἐργάζομαι.

1118 2479 1173 2522 Καὶ
1197 2491 1277 2518 ποίαν
1299 2488 1428 2525 ἐργασίαν
1442 2486 1530 2520 λέγει;
1554 2483 1619 2515 ἴσως
1636 2482 1707 2508 εἴποι
1723 2490 1763 2512 τις
1784 2481 1831 2507 ἄν·
1855 2479 1908 2506 Ἐν

1118 2540 1173 2576 γὰρ
1191 2537 1225 2570 ἐξ
1247 2535 1371 2571 ἡμέραις
1388 2533 1576 2560 κατέπαυσεν
1590 2531 1606 2556 d
1622 2527 1694 2560 Θεὸς
1709 2526 1767 2554 ἀπὸ
1784 2525 1909 2553 πάντων

1117 2571 1177 2612 τῶν
1192 2585 1287 2618 ἔργων
1305 2580 1398 2608 αὺτοῦ
1409 2587 1416 2595 ο
1431 2578 1479 2614 τὴν
1503 2574 1690 2611 καθημερινὴν
1711 2572 1849 2607 πρόνοιαν.
1870 2571 1908 2597 υὺ

1119 2632 1173 2668 γὰρ
1186 2616 1332 2665 παρήγαγε
1348 2626 1429 2663 μόνον
1441 2624 1491 2659 τὴν
1506 2622 1604 2652 κτίσιν,
1622 2618 1743 2646 ἀλλὰκαὶ
1758 2616 1909 2653 παραχθεί-

1120 2663 1171 2706 σαν
1201 2663 1287 2710 αύτήν
1314 2672 1475 2708 συγκροτεῖ·
1503 2669 1555 2696 κᾶν
1583 2665 1713 2701 ἀγγέλους
1736 2663 1831 2698 εἴπῃς,
1856 2663 1911 2690 κᾶν

1119 2709 1317 2762 ἀρχαγγέλους,
1326 2720 1378 2747 κᾶν
1385 2719 1435 2748 τὰς
1447 2717 1502 2744 ἅνω
1509 2714 1648 2748 δυνάμεις,
1657 2711 1709 2738 κᾶν
1716 2710 1804 2736 πάντα
1812 2709 1914 2750 ἁπλῶς

1266 2768 1314 2795 καὶ
1327 2766 1363 2793 τὰ
1377 2765 1492 2800 ἀόρατα,
1505 2763 1554 2797 τῆς
1571 2759 1699 2796 προνοίας
1714 2756 1846 2784 ἀπολαύει
1862 2756 1917 2790 τῆς

1121 2803 1241 2845 ἐκείνου·
1259 2816 1310 2843 γᾶν
1330 2814 1421 2850 ἔρημα
1433 2811 1546 2846 γένηται
1561 2808 1609 2843 τῆς
1632 2804 1769 2841 ἐνεργείας
1787 2803 1918 2840 ἐκείνης,

1154 2889 1165 2903 ⁸
1180 2887 1252 2911 εἶενὶι.
1267 2888 1293 2910 ει
1303 2884 1390 2910 Morel.
1402 2880 1546 2913 παροιμίαις,
1557 2878 1619 2913 Βςε.
1632 2873 1767 2913 παροιμίαις.

1155 2919 1168 2939 b
1180 2906 1297 2949 ἰὶἔῖτξξ
1305 2906 1504 2944 ἐξο-ἱσίάς,
1517 2906 1543 2935 ει
1556 2906 1616 2933 ίιιῑῐε
1625 2906 1744 2931 similiter.
