2055 3122
209 188 260 217 809

213 252 356 288 operibus:
372 261 424 281 non
440 261 486 289 per
496 261 650 286 sermones,
662 252 708 280 sed
724 260 770 288 per
782 258 825 280 res
840 252 921 287 ipsas.
940 251 997 278 Ma-

214 298 337 326 nifeslam
351 300 433 331 enim,
444 303 470 326 et
481 299 514 326 de
528 306 579 334 qua
593 299 689 334 ambigi
705 306 758 326 non
771 301 861 333 posset
872 318 879 330 ,
898 304 954 331 pra:
969 304 998 324 se

215 344 315 371 ferebat
329 345 591 377 demonstrationem,
606 348 634 371 et
645 344 716 378 quod
731 343 834 370 dicebat
846 337 927 377 ,ipso
941 349 1000 368 cor-

215 397 280 425 pore
295 390 458 417 ostendebat.
474 390 536 417 Post
551 391 603 417 luet:
617 391 707 417 invertit
722 399 778 416 cunt
789 389 864 416 Jesus
878 409 885 421 ,
901 394 923 416 et
937 389 1001 414 dixit

219 433 350 461 illi:Ecce
359 443 440 461 sanus
451 436 535 470 fartus
542 437 644 470 es;jam
658 436 710 462 noli
719 443 837 470 peccare,
849 443 880 461 ne
894 435 1002 461 deterius

216 478 258 505 tibi
266 478 362 514 aliquid
371 480 497 515 contingat
510 480 684 514 (Joan.5.M).
695 480 788 507 Vidisti
798 479 1004 513 medicisapien-

216 522 298 550 tiam?
319 523 412 551 Vidisti
434 524 645 558 providentiam?
665 524 722 551 Non
746 525 832 552 solum
847 531 862 551 a
880 524 1002 558 prmsenti

215 568 309 596 morbo
323 569 453 601 liberavit,
467 570 513 596 sed
529 570 607 597 etiam
619 570 703 597 munit
718 570 743 597 in
755 575 890 605 posterum
902 589 909 603 ,
925 569 1003 603 idque

216 620 420 649 peropportune.
435 615 500 642 Nam
513 616 575 642 dum
594 616 638 643 ille
655 616 756 649 jaceret
779 615 804 642 in
823 615 891 642 lecto
904 635 913 647 ,
936 615 1000 641 nihil

210 653 345 694 ejusmodi
359 660 434 693 dixit,
447 668 498 688 non
514 661 548 687 illi
566 666 670 695 peccata
684 662 710 688 in
727 661 880 688 memoriam
893 667 998 687 revoca»

217 706 270 737 vit;
287 700 408 733 morosus
423 706 492 733 enim
510 707 705 741 quodammodo
716 727 722 738 ,
738 713 770 733 ac
794 706 952 733 miserabilis
965 711 1005 732 est

217 752 397 785 :cgrotantium
407 752 519 778 animus.
530 751 579 779 Ubi
586 756 673 779 autem
683 752 782 787 expulit
790 751 1003 782 invaletudinetu,

216 797 261 824 ubi
280 797 418 824 sanitatem
430 797 551 829 reduxit,
572 797 614 824 tibi
630 798 771 831 potentim,
791 802 817 824 et
831 796 1002 831 providentia:

216 849 271 868 suae
281 841 532 869 demonstrationem
547 850 627 876 opere
639 843 766 877 praebuit;
780 846 842 869 tunc
855 849 1000 876 peroppor-

218 890 280 913 tune
292 887 430 913 consilium
445 888 671 922 mouitionemque
685 887 802 919 adhibet,
815 895 875 914 cmn
887 887 941 921 jatn
955 887 1006 915 fide

217 931 324 966 dignum
337 939 366 959 se
377 932 503 966 operibus
522 933 585 967 ipsis
603 933 773 960 ostendisset.
794 932 848 959 Cur
865 933 947 967 igitur
962 933 1006 960 ille

217 977 309 1004 abiens
323 978 490 1005 manifestum
506 979 592 1013 ipsum
609 979 671 1006 fecit
684 978 802 1006 Judreis?
814 978 943 1005 Nimirum
961 986 1006 1005 cu-

218 1023 292 1057 piens
299 1031 345 1050 eos
351 1023 448 1051 habere
453 1024 594 1059 participes
601 1033 670 1052 verte
677 1025 848 1052 doctrinae.At
858 1025 891 1052 illi
901 1029 1007 1060 propter

220 1068 287 1094 hanc
296 1068 378 1102 ipsum
389 1077 495 1096 causam
505 1070 578 1097 illum
587 1070 706 1101 oderant,
722 1071 816 1105 inquit,
826 1075 852 1096 et
864 1078 1006 1105 perseque-

218 1113 322 1140 bantur.
329 1114 383 1141 IIoc
392 1115 454 1141 mihi
464 1115 522 1142 loco
540 1121 654 1143 mentem
675 1115 808 1144 adhibete.
826 1116 872 1142 llic
882 1115 951 1143 enim
966 1121 1007 1142 ιο-
1018 1126 1034 1143 Δ

219 1162 274 1185 tum
281 1164 319 1185 est
330 1165 474 1187 certamen.
489 1161 625 1196 Propterea
635 1161 706 1188 illum
716 1162 930 1196 persequebantur,
947 1161 1007 1194 quia

217 1203 270 1229 licet:
278 1204 382 1237 faciebat
392 1206 417 1231 in
427 1206 528 1232 sabbato
537 1205 588 1242 (Ib.
599 1215 622 1233 υ.
632 1206 685 1240 I6).
696 1206 837 1233 Videamus
849 1207 1006 1241 igitur,quo-

217 1249 296 1275 modo
305 1256 333 1276 se
341 1249 473 1277 defendat.
487 1251 651 1279 Defensionis
662 1252 732 1279 enim
740 1252 833 1279 modus
840 1252 1006 1286 perspicuum

218 1294 293 1321 nobis
308 1294 383 1327 facit,
401 1300 487 1322 utrum
513 1297 556 1324 ille
573 1297 607 1323 sit
618 1305 684 1324 unus
694 1297 872 1332 subjectorum
887 1305 919 1324 an
940 1297 1006 1324 libe-

217 1348 307 1368 rorum
319 1362 326 1374 ,
342 1347 428 1369 utrum
439 1343 643 1371 ministrantium
652 1351 684 1370 an
694 1345 888 1379 imperantium.
899 1344 1007 1372 Factum

217 1387 282 1414 illud
307 1390 448 1416 maximam
464 1390 528 1425 legis
542 1391 776 1425 transgressionem
792 1399 845 1425 prae
853 1398 882 1418 se
896 1391 1005 1418 ferebat.

217 1432 494 1470 Olimenim,qui|igna
505 1437 530 1463 in
545 1437 655 1463 sabbato
669 1437 822 1471 collegerat,
836 1442 942 1472 propter
957 1437 1007 1464 hoc

217 1478 303 1512 ipsum
315 1479 443 1513 lapidatus
454 1485 495 1508 est
507 1502 513 1513 ,
538 1482 607 1516 quod
623 1490 702 1509 onera
717 1487 833 1516 portaret
846 1483 871 1509 in
898 1482 1006 1509 sabbato

217 1523 310 1558 (Nunt.
330 1526 370 1552 I5.
392 1526 426 1553 52
439 1527 529 1563 -56).
549 1528 604 1555 lloc
615 1536 736 1563 magnum
751 1530 850 1556 crimen
864 1529 1007 1563 objicieba-

217 1575 259 1596 tur
272 1569 388 1603 Christo,
399 1572 469 1606 quod
484 1572 619 1599 sabbatum
629 1574 752 1600 solveret.
764 1573 904 1600 Videamus
915 1574 1004 1608 igitur,

219 1623 281 1642 llum
298 1616 365 1643 forte
381 1618 493 1651 primum
516 1618 618 1645 veniam
631 1623 701 1654 petat
717 1624 743 1646 ut
756 1627 847 1646 servus
862 1627 893 1646 ac
916 1619 1006 1653 subje~

216 1665 286 1692 ctus,
298 1669 329 1687 an
343 1666 474 1696 tamquam
487 1653 642 1696 potestatem
657 1664 757 1691 Italicus
770 1670 795 1691 et
809 1665 1003 1696 auctoritatem,

215 1706 347 1735 ostendat,
359 1714 387 1733 se
411 1708 550 1734 Dominum
571 1714 649 1743 atque
672 1717 732 1736 eum
750 1730 757 1742 ,
781 1711 824 1744 qui
841 1711 961 1744 superior
971 1711 1006 1738 sit

216 1750 284 1785 lege,
300 1760 330 1779 ac
346 1753 529 1789 mandataipsc
542 1755 663 1781 dederit?
676 1756 899 1791 Quomodoigitur
911 1764 940 1783 se
954 1757 1004 1784 de-

216 1795 320 1823 fendit?
335 1797 411 1823 Pater
428 1807 497 1825 nteus
509 1819 516 1830 ,
535 1799 618 1833 inquit
633 1820 640 1831 ,
655 1808 732 1834 usque
745 1801 818 1827 modo
831 1806 948 1835 operatur
960 1823 966 1833 ,
981 1806 1004 1828 et

215 1850 259 1877 ego
273 1851 362 1877 operor
375 1843 468 1877 (.Ioan.
489 1845 587 1880 5.17).
602 1845 696 1871 Vidisti
714 1846 911 1873 auctoritatem.
926 1847 1002 1880 Quod

215 1887 237 1913 si
254 1887 412 1915 imbecillior
423 1893 449 1915 et
463 1890 548 1916 minor
561 1894 631 1917 esset
646 1891 732 1923 Patre,
751 1890 800 1919 hoc
816 1891 885 1927 quod
901 1892 1004 1919 dixerat

216 1937 315 1960 tantum
331 1935 405 1961 abest
418 1941 444 1962 ut
458 1936 602 1963 defensioni
617 1942 706 1971 aptum
717 1939 762 1971 sit,
777 1943 804 1965 ut
820 1939 903 1974 majus
917 1940 1004 1974 potius

214 1980 314 2006 crimen
327 1981 361 2007 sit
375 1985 402 2008 et
416 1982 527 2015 graviori
541 1983 683 2010 obnoxium
697 1984 868 2011 accusationi.
879 1985 1002 2018 Quoties-

215 2032 326 2060 cumque
339 2027 409 2054 euim
424 2027 482 2062 quis
501 2028 562 2054 illud
576 2028 664 2061 faciat,
678 2029 748 2064 quod
762 2030 811 2056 soli
824 2031 1000 2065 priestantiori

216 2069 292 2097 liceat
308 2071 394 2099 facere
408 2093 415 2105 ,
442 2073 537 2100 deinde
558 2074 741 2108 deprehensus
764 2081 903 2104 accusetur
920 2098 927 2110 ,
948 2078 1004 2113 ipse

215 2124 277 2142 vero
293 2117 327 2143 ita
349 2117 417 2144 dicat
431 2139 438 2150 ,
452 2120 575 2152 quoniam
590 2122 757 2154 praestantior
772 2121 834 2149 fecit
846 2143 852 2155 ,
868 2122 966 2150 ideirco
977 2129 1004 2151 et

215 2169 263 2195 ego
278 2162 327 2189 feci
340 2170 347 2194 ;
375 2171 426 2189 nou
443 2164 526 2190 solum
541 2172 592 2191 non
604 2166 710 2200 expedit
726 2174 755 2194 se
775 2167 809 2194 ab
822 2168 935 2203 objectis
949 2169 1002 2196 cri-

215 2208 337 2240 minibus,
351 2209 401 2236 hoc
415 2210 578 2238 defensionis
591 2212 680 2244 modo,
696 2213 743 2240 sed
758 2213 837 2240 etiam
854 2214 947 2249 majori
961 2223 1003 2242 re-

215 2253 383 2287 preliensioni
404 2259 483 2290 atque
504 2257 666 2284 accusationi
690 2258 833 2285 obnoxium
855 2266 885 2286 se
905 2260 1001 2291 reddit.

214 2299 351 2333 Superbia:
371 2301 440 2327 enim
461 2306 488 2329 et
508 2304 666 2338 arrogantia:
685 2308 727 2332 est
750 2305 850 2340 majora
867 2306 1003 2341 suscipere

214 2343 341 2376 dignitate
355 2353 412 2372 sua.

251 2390 341 2417 Christi
355 2391 470 2420 divinitas
483 2394 609 2421 asseritur.
625 2409 660 2415 —
680 2395 748 2431 Ergo
767 2396 888 2424 Christus
900 2397 1002 2424 etiamsi

217 2434 323 2462 inferior
338 2436 444 2471 fuisset,
461 2443 561 2466 tantum
575 2440 680 2475 aberat,
693 2446 721 2468 ut
731 2450 790 2476 qua:
799 2442 903 2470 dicebat
917 2443 1002 2477 ipsum

216 2482 404 2516 defenderent,
420 2488 449 2511 ut
461 2486 547 2520 potius
559 2486 663 2521 gravius
677 2488 895 2516 condemnarent.
905 2490 1001 2517 Verum

216 2528 340 2562 quoniam
354 2529 423 2557 Patri
437 2533 545 2566 tequalis
558 2539 631 2567 erat,
655 2539 794 2569 propterea
810 2536 907 2563 nullam
920 2537 1003 2563 admi-

216 2574 250 2600 sit
262 2574 377 2608 culpam.
389 2577 426 2602 Ae
438 2577 459 2603 si
471 2577 558 2610 vultis,
568 2580 688 2614 exemplo
701 2581 867 2615 perspicuum
881 2581 956 2608 vobis
966 2582 1003 2608 fa-

216 2619 284 2646 ciant
305 2620 330 2647 id
339 2620 484 2654 quoddico.
500 2623 554 2650 Soli
575 2624 727 2659 Imperatori
742 2626 802 2654 licet
815 2631 920 2661 gestare
935 2635 999 2661 pur-

217 2672 309 2698 puram
325 2671 351 2692 et
363 2666 482 2694 diadema
501 2668 526 2695 in
544 2671 646 2703 capite,
662 2677 789 2705 prteterea
804 2672 913 2699 nemini.
930 2673 999 2708 Ergo

217 2710 239 2736 si
256 2718 322 2737 unus
334 2719 348 2737 e
363 2711 450 2738 multis
462 2712 531 2739 hunc
543 2719 664 2742 ornatum
675 2720 792 2751 gestans,
806 2717 902 2745 deinde
914 2719 947 2745 ad
959 2719 1003 2745 tri-

217 2756 296 2783 bunal
309 2757 452 2791 perductus
468 2759 502 2785 ita
516 2759 602 2793 dicat,
619 2762 678 2795 quia
695 2762 840 2797 Imperator
854 2763 1002 2799 ltujusmndi

216 2808 338 2830 ornatum
349 2808 441 2838 gestat,
451 2811 590 2840 propterea
604 2814 652 2842 ego
665 2809 743 2835 etiam
758 2813 841 2843 gesto,
854 2817 904 2836 non
917 2811 1002 2837 solum

218 2850 267 2876 hoc
278 2850 438 2878 defensionis
451 2852 530 2879 modo
544 2860 594 2879 nou
607 2860 636 2880 sc
646 2853 726 2881 libera
732 2859 770 2882 ret
780 2855 813 2881 ab
826 2847 1002 2889 accusatione,

220 2895 264 2922 sed
285 2899 410 2932 majorem
432 2905 534 2932 [mnam
557 2907 587 2926 ac
607 2900 761 2934 supplicium
777 2901 825 2928 sibi
843 2907 998 2929 accerseret.

601 194 645 223 DE
664 190 794 223 CHRISTI
816 192 1018 226 DIVINITA'I'E,
1040 191 1176 221 CONTRA
1196 193 1372 223 ANOMOEOS
1404 194 1461 222 XII.

1788 196 1851 224 δῖα

1053 250 1157 278 llursus
1176 250 1386 286 flagitiosissimis
1405 252 1555 281 hominibus
1572 260 1677 288 partam
1696 261 1728 281 ac
1741 254 1840 290 Sltppli‘

1052 295 1122 322 cium
1136 297 1280 330 remittere,
1292 302 1320 324 ut
1331 297 1480 331 homicidis,
1492 299 1646 332 latronibus,
1659 300 1841 334 Si-pulerorum

1053 340 1233 375 etl‘ossoribus,
1247 347 1273 369 et
1285 344 1405 374 exteris,
1420 344 1464 378 qui
1479 344 1540 371 talia
1554 344 1674 377 quaedam
1690 351 1843 380 perpetrare

1053 386 1110 414 ausi
1125 392 1186 414 sunt
1198 408 1204 420 ,
1221 388 1304 416 solius
1325 389 1500 423 imperatoria:
1521 391 1650 426 largitatis
1664 396 1715 419 est.
1731 392 1807 425 Quod
1819 395 1842 420 si

1052 432 1132 467 judex
1148 433 1277 469 quispiam
1296 434 1446 462 damnatum
1462 436 1518 464 sine
1531 436 1699 472 Imperatoris
1713 440 1844 466 sententia

1054 478 1202 512 dimitti-ns,
1215 485 1363 513 accusetur,
1380 485 1406 507 et
1421 481 1491 509 dicat
1504 483 1582 509 etiam
1597 483 1654 518 ipse
1664 504 1671 515 ,
1687 491 1735 517 ego
1746 483 1844 517 dimisi,

1054 523 1178 557 quoniam
1203 523 1347 558 Imperator
1368 525 1474 553 dimittit
1488 548 1495 559 ,
1511 535 1563 554 non
1578 529 1662 555 solum
1678 528 1727 556 hac
1742 530 1845 556 ratione

1055 569 1164 596 minime
1177 577 1206 596 se
1219 569 1312 597 liberat
1325 591 1332 603 ,
1347 571 1393 610 sed
1413 572 1492 599 etiam
1510 574 1636 608 majorem
1652 582 1713 609 erga
1728 582 1757 602 se
1779 576 1842 602 iram

1055 614 1184 646 accendit,
1201 619 1227 642 et
1239 615 1299 650 jure
1313 616 1429 651 quidem.
1446 617 1502 644 Non
1517 619 1585 645 enirn
1601 626 1704 653 teqnum
1718 625 1769 652 est,
1784 628 1844 647 cum

1056 659 1194 687 inferiores
1207 661 1232 687 in
1249 662 1398 689 temulentis
1419 662 1486 690 forte
1505 664 1744 698 compotatiouibus
1760 665 1784 691 in
1799 673 1844 692 su-

1057 706 1187 739 periorem
1202 707 1385 735 auctoritatem
1406 709 1551 743 irruerint,
1575 715 1664 744 postea
1684 718 1718 737 ex
1741 711 1844 738 illorum

1057 758 1148 784 more,
1165 755 1193 779 et
1206 752 1273 779 facto
1286 752 1334 780 sibi
1355 754 1420 788 ipsis
1435 762 1530 788 parare
1549 754 1747 782 defensionem.
1765 756 1847 791 Major

1057 796 1127 822 enim
1143 796 1200 823 lucc
1212 798 1372 824 contumelia
1383 803 1423 825 est
1438 799 1463 825 in
1474 807 1530 831 eos,
1543 800 1586 835 qui
1598 801 1771 835 principatum
1784 801 1847 835 ipsis

1059 841 1232 869 tradiderunt.
1254 842 1313 870 Ideo
1332 843 1354 870 si
1369 845 1428 878 quis
1445 844 1554 871 inferior
1567 845 1617 879 sit,
1633 853 1774 880 numquam
1799 846 1847 872 hac

1057 887 1098 913 sui
1113 887 1270 914 defendendi
1286 889 1387 916 ratione
1403 894 1504 922 utetur;
1520 891 1561 917 sin
1575 892 1662 917 autem
1676 892 1710 917 sit
1731 892 1848 924 Impera-

1059 939 1100 960 tor
1111 954 1119 967 ,
1135 937 1162 960 et
1175 934 1268 961 eadem
1285 934 1410 969 prteditus
1421 935 1548 970 dignitate
1560 956 1568 969 ,
1590 936 1702 963 tidenter
1721 937 1746 963 id
1765 938 1846 964 dicet.

1058 978 1162 1006 Etenim
1183 979 1403 1013 quemadmodum
1423 980 1515 1007 eadem
1534 985 1574 1007 est
1594 981 1621 1008 in
1635 985 1746 1015 utroque
1760 983 1848 1009 excel<

1059 1025 1116 1051 lens
1130 1025 1276 1059 amplitudo
1291 1026 1463 1060 principatus,
1479 1027 1514 1053 ita
1530 1026 1610 1054 etiam
1623 1026 1716 1054 eadem
1731 1028 1848 1054 auctori-

1059 1077 1099 1098 tas
1111 1079 1142 1099 ac
1154 1072 1259 1099 licentia
1274 1079 1333 1108 esse
1347 1072 1435 1100 debet.
1447 1072 1624 1106 Quamobrem
1638 1073 1659 1100 si
1675 1074 1783 1101 exsistat
1798 1074 1847 1100 ali-

1058 1117 1118 1151 quis
1130 1138 1136 1149 ,
1157 1117 1200 1152 qui
1216 1116 1265 1144 hac
1284 1125 1312 1145 se
1330 1118 1433 1145 ratione
1450 1117 1574 1145 defendat
1588 1139 1595 1152 ,
1611 1126 1721 1146 necesse
1740 1120 1848 1146 omnino

1059 1170 1108 1197 est,
1119 1165 1237 1192 eamdem
1248 1166 1399 1200 dignitatem
1411 1166 1592 1202 Itabeatatque
1601 1167 1654 1201 ille,
1668 1167 1743 1202 cujus
1754 1171 1832 1201 poteu
1840 1181 1847 1185 -

1062 1213 1123 1237 tiam
1139 1211 1172 1238 ad
1187 1219 1261 1239 suam
1277 1213 1458 1241 defensionem
1475 1214 1624 1248 praetendit.
1641 1214 1750 1248 Quando
1771 1214 1848 1249 igitur

1058 1257 1180 1285 Christus
1200 1258 1249 1285 bac
1268 1259 1371 1287 ratione
1392 1260 1453 1287 facti
1472 1261 1512 1287 sui
1532 1260 1661 1295 justitiam
1677 1269 1736 1288 cum
1751 1261 1848 1288 Iudicis

1058 1302 1193 1330 disserens
1202 1303 1418 1337 declaravit,sine
1428 1305 1508 1333 dubio
1519 1306 1594 1333 nobis
1604 1307 1718 1333 ostendit
1729 1307 1847 1340 ejusdem

1058 1355 1087 1375 se
1100 1356 1159 1376 esse
1173 1349 1308 1383 dignitatis
1319 1357 1378 1377 cum
1393 1350 1482 1378 Patre.
1497 1352 1535 1377 Ac
1548 1351 1568 1377 si
1585 1352 1644 1378 libet
1657 1372 1664 1383 ,
1681 1351 1848 1378 conferamus

1058 1394 1165 1421 allatum
1179 1394 1328 1429 exemplum
1343 1403 1403 1422 cum
1413 1395 1500 1422 verbis
1510 1401 1536 1423 et
1550 1396 1616 1423 facto
1627 1396 1734 1423 (lltristi.
1748 1396 1787 1423 Sit
1801 1397 1848 1431 igi-

1059 1444 1101 1465 tur
1115 1439 1195 1472 idem,
1210 1441 1316 1468 solvere
1332 1448 1380 1475 pro
1393 1441 1550 1469 auctoritate
1566 1443 1703 1469 sabbatum
1714 1463 1722 1475 ,
1737 1450 1767 1469 ac
1784 1450 1847 1477 pur-

1059 1491 1133 1517 pura,
1145 1483 1275 1515 diadema,
1290 1489 1316 1512 et
1328 1493 1435 1512 reorum
1450 1486 1579 1513 ditnissio.

1092 1528 1216 1556 Christum
1227 1529 1299 1557 Patri
1306 1531 1426 1565 (aqualem
1433 1540 1486 1559 esse
1495 1526 1660 1566 probatur.——
1667 1533 1847 1566 Quemadmo-

1057 1575 1119 1601 dum
1134 1576 1212 1610 igitur
1229 1577 1278 1604 soli
1294 1577 1448 1612 Imperatori
1472 1578 1514 1605 illa
1531 1578 1629 1612 licent,
1646 1579 1744 1606 nemini
1759 1583 1846 1606 autem

1057 1621 1235 1655 subjectorum
1248 1643 1254 1654 ,
1271 1630 1302 1650 ac
1315 1623 1337 1650 si
1350 1623 1409 1658 quis
1421 1624 1513 1650 eadem
1528 1624 1614 1656 faciat,
1631 1633 1662 1652 ac
1674 1625 1734 1659 jure
1749 1625 1825 1652 faciat
1839 1647 1845 1657 ,

1058 1666 1130 1693 illum
1142 1675 1246 1702 quoque
1260 1668 1448 1703 Imperatorem
1462 1677 1522 1697 esse
1536 1678 1645 1697 necesse
1655 1675 1706 1703 est,
1722 1671 1757 1698 ita
1767 1672 1847 1698 etiam

1057 1712 1107 1740 hac
1119 1713 1145 1740 in
1156 1721 1194 1746 re,
1208 1715 1331 1748 quoniam
1346 1715 1372 1742 in
1385 1721 1556 1750 conspectum
1570 1724 1599 1743 se
1609 1717 1653 1743 dat
1663 1716 1782 1744 Christus
1798 1717 1846 1744 ista
1860 1732 1868 1742 ε

1058 1765 1107 1792 pro
1119 1760 1274 1787 auctoritate
1301 1760 1401 1788 faciens
1411 1782 1418 1794 ,
1434 1769 1465 1788 ac
1480 1761 1575 1788 deinde
1589 1768 1727 1789 accusatus
1741 1762 1846 1789 Patrem

1056 1804 1195 1837 praetendit
1207 1805 1241 1831 ita
1252 1805 1353 1837 dicens,
1369 1805 1447 1832 Pater
1459 1815 1528 1832 meus
1541 1815 1619 1841 usque
1633 1807 1707 1834 modo
1718 1812 1846 1842 operatur;

1057 1850 1236 1877 necessarium
1253 1858 1360 1885 prorsus
1374 1856 1414 1878 est
1427 1872 1433 1883 ,
1448 1856 1475 1878 et
1491 1852 1559 1879 llunc
1570 1853 1698 1887 mqualcm
1714 1853 1750 1879 illi
1766 1860 1826 1880 esse
1837 1875 1844 1885 ,

1055 1895 1099 1929 qui
1115 1903 1162 1930 pro
1176 1897 1330 1923 auctoritate
1350 1896 1439 1923 faciat.
1460 1897 1516 1924 Non
1532 1898 1603 1924 enim
1618 1898 1668 1924 uisi
1681 1898 1789 1933 aequalis
1804 1906 1845 1925 es-

1055 1945 1114 1972 set,
1130 1940 1179 1968 hoc
1193 1941 1233 1968 sui
1255 1941 1315 1968 facti
1330 1942 1459 1976 probandi
1479 1943 1558 1969 modo
1574 1947 1701 1970 uteretur.
1716 1943 1803 1978 Atque
1818 1949 1845 1970 ut

1055 1988 1151 2015 clarius
1164 1990 1328 2023 cognoscatis
1341 1998 1399 2023 qua:
1412 1990 1523 2017 dicimus
1532 2010 1540 2023 ,
1557 1990 1690 2017 solverant
1703 1990 1845 2024 aliquando

1055 2034 1192 2061 sabbatum
1206 2034 1337 2068 discipuli,
1353 2043 1412 2062 cum
1428 2036 1515 2070 spicas
1530 2036 1670 2069 vellerent,
1684 2041 1711 2063 et
1721 2036 1844 2063 comede-

1055 2082 1113 2104 reut
1127 2078 1152 2105 in
1164 2078 1272 2105 sabbato
1306 2078 1411 2112 (illati/1.
1427 2079 1469 2105 l2.
1487 2079 1510 2112 l)
1528 2088 1534 2106 :
1551 2078 1631 2106 solvit
1645 2082 1672 2105 et
1686 2077 1744 2113 ipse
1758 2086 1842 2106 nunc.

1056 2123 1090 2150 Et
1111 2123 1169 2150 illos
1192 2123 1420 2158 reprehenderunt
1444 2124 1526 2150 Judaei
1543 2133 1549 2150 :
1570 2123 1797 2158 reprehenderunt
1819 2128 1845 2149 ct

1055 2169 1134 2197 hunc.
1144 2169 1289 2198 Videamus
1301 2171 1404 2205 qualem
1416 2170 1522 2205 quidem
1538 2178 1585 2205 pro
1599 2170 1651 2197 illis
1664 2170 1843 2197 defensionem

1054 2215 1164 2247 aﬂ‘erat,
1183 2216 1287 2250 qualem
1309 2223 1373 2243 vero
1399 2223 1447 2250 pro
1471 2216 1559 2250 seipso
1572 2236 1580 2248 ,
1596 2220 1625 2242 ut
1643 2223 1675 2242 ex
1695 2214 1843 2241 differentia

1054 2261 1231 2295 praestantiam
1245 2267 1271 2288 et
1286 2262 1338 2288 vim
1359 2260 1522 2288 defensionis
1536 2261 1594 2296 ejus
1614 2261 1753 2295 intelligas.
1775 2260 1844 2293 Qua-

1054 2306 1106 2333 lem
1126 2307 1206 2341 igitur
1219 2306 1403 2334 defensionem
1421 2314 1469 2340 pro
1486 2306 1538 2333 illis
1556 2305 1655 2333 atl‘ert?
1671 2305 1733 2332 Non
1752 2305 1845 2340 legistis

1053 2354 1112 2388 quid
1127 2353 1213 2387 fecerit
1228 2353 1320 2385 David,
1337 2353 1438 2387 quando
1451 2353 1536 2379 esui-iit
1549 2353 1557 2387 (
1568 2352 1609 2378 Ib.
1624 2361 1646 2378 υ.
1661 2353 1678 2379 ὅ
1688 2351 1719 2386 )‘l
1733 2351 1844 2384 Quando

1053 2399 1123 2426 enim
1137 2406 1227 2425 servos
1238 2399 1417 2425 defendendos
1431 2398 1550 2432 suscipit,
1563 2397 1679 2432 confugit
1689 2397 1721 2424 ad
1735 2404 1844 2424 conser-

1054 2452 1115 2470 vum
1130 2444 1234 2470 illorutn
1251 2444 1375 2470 Davidem
1388 2452 1395 2469 :
1410 2444 1514 2478 quando
1535 2448 1623 2470 autem
1646 2442 1761 2476 seipsum
1774 2462 1782 2475 ,
1800 2449 1843 2469 ra-

1054 2491 1153 2517 tionem
1171 2491 1251 2516 refert
1270 2490 1302 2516 ad
1318 2490 1430 2516 Patrem.
1448 2488 1525 2515 Pater
1541 2497 1609 2515 mens
1624 2493 1751 2522 operatur,
1763 2493 1785 2514 et
1799 2496 1843 2522 ego

1054 2544 1143 2571 operor
1166 2535 1263 2571 (Joan.
1281 2536 1307 2563 5.
1323 2535 1385 2570 I7).
1402 2536 1485 2567 Quam
1508 2542 1587 2567 vere,
1610 2538 1711 2568 quaeret
1733 2534 1843 2560 fortasse

1055 2581 1183 2616 quispiam
1197 2602 1203 2613 ,
1219 2581 1399 2615 operationem
1413 2580 1498 2607 dicit?
1514 2579 1582 2606 Nam
1598 2580 1623 2606 in
1638 2587 1682 2606 sex
1702 2579 1787 2605 diebus
1801 2587 1841 2605 re-

1054 2628 1143 2661 quievit
1167 2627 1234 2654 Deus
1258 2627 1287 2653 ab
1310 2627 1423 2653 omnibus
1442 2625 1557 2660 operibus
1579 2626 1631 2652 suis
1652 2625 1735 2661 (Gen.
1749 2625 1776 2651 2.
1793 2625 1840 2660 2).

1055 2672 1154 2706 Nempe
1173 2672 1349 2706 quotidianam
1370 2671 1571 2706 providentiam.
1591 2670 1648 2697 Non
1667 2670 1737 2697 enim
1755 2670 1841 2697 solum

1054 2718 1163 2754 protulit
1175 2723 1321 2745 creaturam
1334 2738 1342 2750 ,
1358 2725 1447 2744 verum
1461 2717 1541 2744 etiam
1562 2717 1689 2750 prolatam
1705 2720 1802 2748 tuetur,
1816 2720 1844 2742 et

1055 2764 1125 2791 fovet
1137 2772 1144 2791 :
1158 2764 1214 2791 sive
1225 2764 1332 2798 angelos
1344 2763 1452 2795 dixeris,
1467 2763 1523 2789 sive
1534 2762 1716 2796 archangelos,
1729 2762 1785 2788 sive
1794 2769 1841 2788 su-

1055 2810 1173 2844 periores
1189 2813 1342 2844 potestates,
1357 2809 1413 2836 sive
1428 2809 1514 2835 omnia
1529 2816 1646 2843 prorsus,
1660 2816 1718 2843 qua:
1733 2808 1783 2834 sub
1797 2815 1840 2834 as-
1864 2834 1871 2839 _

1056 2863 1160 2891 pectunt
1172 2856 1269 2883 cadunt
1279 2876 1286 2888 ,
1300 2860 1326 2882 et
1340 2863 1398 2890 qua:
1412 2863 1464 2882 non
1477 2855 1594 2882 cadunt:
1611 2859 1704 2881 cuncta
1720 2853 1843 2882 fruuntur

1057 2903 1219 2938 providentia
1238 2902 1322 2935 illius,
1339 2907 1365 2929 et
1377 2902 1399 2939 _si
1414 2902 1590 2929 destituuntur
1601 2900 1781 2929 cfﬁcaciillius
1796 2909 1841 2928 at.-
