2039 3151
232 150 280 178 8H

233 209 316 243 tione,
332 208 465 245 difﬂuunt,
477 210 639 245 dilabuntur,
651 217 772 246 pereunt.
788 212 858 247 Ergo
871 220 931 240 cum
944 212 1024 241 vellet

232 254 356 283 Christus
368 257 509 285 ostendere
524 264 600 285 suum
615 265 674 286 esse
690 258 830 293 providere
842 279 849 291 ,
865 266 918 286 non
933 263 1021 286 autem

232 302 283 329 sibi
297 303 439 337 provideri,
461 304 603 332 efﬁcaciter
622 312 701 340 agere
713 325 721 339 ,
744 313 796 332 non
815 310 903 332 autem
920 306 960 341 agi
973 326 981 339 ,
996 309 1023 333 et

232 346 342 375 alterius
361 348 529 376 efﬁcientiam
550 350 640 377 subire
652 371 660 382 .
682 350 717 378 ita
740 350 829 383 dixit,
857 349 935 377 Pater
953 359 1023 377 meus

232 398 367 429 Operatur,
389 400 412 422 et
434 403 479 430 ego
502 404 603 430 operor,
619 396 748 431 aqualem
770 403 799 424 se
821 396 892 424 Patri
911 397 1023 424 demort—

232 443 331 467 strans.

266 486 294 513 5.
308 485 372 513 Cum
386 486 468 522 probis
483 487 594 515 maribus
607 493 674 515 recta
687 488 760 523 ﬁdes.
773 503 808 508 -
820 487 882 515 Haec
896 488 1025 515 memoria

233 535 322 559 tenete
331 553 338 564 ,
353 535 381 559 et
393 539 472 567 qttam
485 526 688 568 diligentissime
700 533 840 566 custodite,
854 539 881 561 et
893 523 1025 563 contexite

234 577 428 613 philosophiam
450 587 554 606 morum
570 587 630 606 cmn
650 584 724 607 recto
744 580 895 615 dogmatum
910 580 1000 608 habitu
1017 590 1024 608 :

233 622 304 657 quod
319 627 346 650 et
360 630 445 657 nuper
459 623 580 651 hortatus
600 632 658 651 sum
669 645 676 658 ,
689 629 717 651 et
735 633 804 652 nunc
824 625 924 658 hortor,
940 634 1026 661 neque

236 667 316 694 ﬁnem
337 667 460 695 hortandi
478 668 583 696 faciam.
598 668 699 696 Merum
712 675 799 697 autem
818 670 1025 705 institutionem,

235 716 263 740 et
275 713 467 748 philosophiam
480 714 545 741 nihil
557 722 632 749 aeque
646 714 762 748 adducit,
776 720 855 750 atque
866 715 915 743 hoc
927 716 954 743 in
971 716 1028 745 loco

235 765 306 793 saepe
325 759 435 787 versari.
460 759 527 787 Nam
546 760 769 795 quemadmodum
789 761 913 796 squalens
933 766 1002 789 terra
1018 783 1026 796 ,

235 804 257 829 si
277 803 409 831 neminem
425 805 521 832 haheat
534 813 548 832 a
563 813 615 840 quo
633 805 769 841 irrigetur,
785 807 867 840 spinis
882 811 909 834 et
926 807 1028 834 tribulis

236 853 335 882 scatet;
350 857 409 884 quae
423 854 510 877 autem
523 851 633 878 cultrice
644 859 724 878 tnanu
741 851 844 883 fruitur,
859 852 989 887 germinat
1002 857 1029 879 et

235 893 313 922 ﬂoret
324 903 356 922 ac
371 896 502 924 redundat
513 904 606 931 magna
622 897 755 924 fructumn
768 898 843 932 copia
855 905 863 930 ;
878 897 913 925 ita
926 905 990 925 sane
1002 901 1029 925 et

235 942 334 975 anima,
350 942 393 970 illa
406 942 526 978 quidem,
539 951 597 978 qua:
610 943 706 971 fruitur
716 944 868 979 irrigatione
879 944 1028 972 divinorum

235 995 409 1021 sermonum,
425 989 556 1022 germinat
568 993 595 1016 et
612 989 706 1021 ﬂoret,
723 995 749 1016 et
762 989 920 1017 circumﬂuit
935 989 1028 1018 fructi-

237 1033 286 1060 bus
300 1033 415 1068 Spiritus
430 1043 437 1061 :
452 1042 511 1069 quze
528 1039 616 1062 autem
638 1035 735 1062 inculta
749 1040 776 1063 et
796 1035 822 1062 in
838 1036 962 1071 squalore
973 1056 981 1070 ,
997 1043 1030 1064 ac

236 1079 294 1106 sine
309 1077 604 1115 ejusmodiirrigatione
617 1081 767 1114 dimittitur,
780 1089 810 1108 ea
830 1081 885 1108 sola
900 1081 1029 1117 relinqui-

237 1129 280 1150 tur
293 1127 321 1151 et
338 1124 456 1151 silvescit
465 1145 472 1157 ,
488 1129 515 1151 et
529 1125 624 1153 multas
637 1126 736 1160 profert
751 1126 840 1160 spinas
850 1147 858 1159 ,
872 1127 956 1160 ipsam
967 1134 1030 1161 pec-

237 1169 288 1196 cati
301 1174 434 1197 naturam.
449 1170 498 1197 Ubi
510 1175 598 1197 autem
613 1171 696 1205 spina:
706 1192 713 1204 ,
725 1171 762 1198 ibi
776 1171 921 1203 dracones,
935 1175 962 1198 et
971 1179 1029 1199 ser-

238 1218 339 1248 pentes,
356 1218 383 1241 et
396 1215 503 1250 scorpii,
517 1219 544 1242 et
557 1216 681 1243 universa
701 1220 817 1251 potestas
832 1215 939 1243 diaboli.
954 1215 1029 1249 Quod

237 1259 260 1286 si
271 1259 313 1287 his
328 1260 414 1287 verbis
436 1268 488 1288 non
513 1261 601 1288 credis
613 1282 620 1294 ,
641 1269 690 1295 age
706 1260 876 1288 conferamus
891 1261 1028 1288 nobiscum

238 1311 296 1338 eos,
310 1305 354 1340 qui
367 1305 417 1332 hoc
430 1305 529 1333 auxilio
543 1310 703 1339 caruerunt;
718 1313 749 1333 ac
759 1310 821 1333 tunc
835 1306 941 1333 demum
955 1306 1031 1334 vide-

238 1349 301 1378 bitis
312 1371 320 1384 ,
341 1356 468 1386 quantum
483 1353 629 1380 intercedat
644 1353 822 1380 intervallum.
838 1352 929 1380 Potius
941 1356 1030 1380 autem

239 1397 289 1431 ipsi
300 1403 350 1425 nos
361 1397 432 1431 ipsos
442 1398 635 1431 examinetnus,
644 1399 735 1433 quales
745 1399 851 1433 quidem
865 1399 958 1432 simus,
968 1398 1030 1426 dum

240 1441 328 1469 divina
341 1442 462 1470 doctrina
476 1442 604 1476 fruimur,
621 1443 711 1479 quales
725 1448 814 1470 autem
827 1464 834 1475 ,
849 1451 908 1471 cum
922 1443 968 1470 diu
980 1443 1031 1470 hac

241 1488 375 1521 privamur
386 1488 507 1515 utilitate.
527 1488 565 1516 Ne
582 1489 661 1524 igitur
681 1494 782 1516 tantum
803 1488 869 1516 lucri
887 1488 1032 1523 profunda-

242 1542 313 1562 mus.
321 1532 379 1560 Hoc
387 1534 459 1560 enim
470 1533 498 1560 in
506 1533 567 1560 loco
580 1531 748 1567 frequentem
760 1538 830 1564 esse,
838 1531 929 1558 omnia
937 1530 1030 1558 conci-

242 1579 290 1606 liat
302 1578 384 1606 bona.
397 1577 467 1605 Hinc
475 1585 537 1604 eum
550 1577 704 1610 discedunt,
717 1580 744 1604 et
753 1577 795 1604 vir
808 1576 914 1603 mulieri
924 1576 1031 1603 videtur

243 1624 410 1657 honoratior,
425 1628 452 1651 et
469 1624 567 1651 mulier
580 1623 637 1651 viro
655 1623 806 1650 amabilior.
816 1622 922 1650 Etenim
938 1622 1031 1650 mulie-

243 1677 298 1697 rem
309 1678 362 1697 non
377 1669 551 1704 pulchritudo
559 1667 682 1703 corporis
690 1667 768 1695 valde
775 1667 918 1695 amabilem
930 1667 1030 1700 reddit,

250 1798 844 1812 π

299 1879 339 1910 ΙΝ
363 1877 513 1908 LIBRUM
534 1877 643 1913 QUOD
664 1876 856 1907 CHRISTUS
874 1876 936 1907 SIT
956 1875 1067 1912 DEUS,

273 1975 433 2009 Argnmentt
448 1971 553 2000 ratione
570 1970 647 2000 moti,
666 1969 738 1996 hunc
755 1968 852 1995 librum
865 1972 928 2004 post
943 1967 1032 1995 homi-

239 2021 289 2048 lias
300 2023 395 2047 contra
409 2018 547 2045 Anomaeos
565 2020 593 2043 et
610 2015 648 2042 De
661 2013 881 2042 consubstantiali
894 2013 1032 2048 ponimus.

238 2069 332 2104 Agitur
347 2067 420 2096 enim
448 2064 592 2100 utrobique
607 2064 640 2092 de
665 2063 805 2090 divinitate
821 2060 934 2090 Christi.
951 2066 1033 2094 quam

238 2112 364 2140 Anomtei
380 2111 480 2146 aliique
496 2117 591 2138 omnes
621 2108 717 2135 Ariani
732 2107 774 2136 vel
798 2106 953 2141 negabant;
972 2112 1033 2132 cum

238 2159 360 2188 dicerent
373 2157 513 2185 Christum
528 2156 613 2183 Deum
629 2154 740 2189 quidem
755 2161 825 2186 esse,
838 2152 885 2180 sed
900 2159 955 2179 non
970 2158 1035 2178 vere

239 2205 346 2237 Deum;
373 2203 414 2230 vel
443 2209 490 2229 ore
507 2206 612 2229 tantum
631 2205 711 2228 tenus
735 2198 946 2230 conﬁtebantur,
971 2203 1034 2225 cum

240 2251 316 2278 illum
331 2247 492 2284 simpliciter
506 2246 593 2274 Deum
604 2245 760 2273 vocabant:
776 2243 863 2271 Iudaei
877 2250 943 2270 vero
954 2247 1037 2277 atque

239 2297 354 2331 gentiles
385 2295 489 2330 absque
528 2293 584 2320 ullo
615 2295 832 2326 temperamento
865 2288 1035 2324 rejiciebant.

241 2342 393 2372 Commode
408 2341 492 2378 igitur
507 2340 566 2368 haec
585 2346 678 2374 opera,
693 2345 753 2373 qua:
767 2341 796 2364 ut
811 2336 868 2364 fors
882 2335 945 2362 tulit
958 2341 1037 2369 sepa-

240 2394 300 2417 rata
315 2388 434 2419 fuerant.
464 2394 518 2414 una
551 2385 622 2412 serie
650 2383 762 2418 legenda
793 2381 956 2409 oﬂ‘crimus:
986 2386 1037 2407 nec

240 2436 332 2463 minus
347 2437 502 2469 opportune
517 2431 592 2459 hunc
607 2430 709 2458 librum
723 2433 785 2457 ante
800 2428 928 2456 homilias
944 2431 1037 2454 contra

238 2482 349 2510 Judwos
366 2481 500 2510 locamus,
517 2477 629 2513 quando
644 2477 702 2512 ipse
718 2475 930 2510 Chrysostomus
945 2474 973 2501 in
984 2474 1037 2502 hoc

240 2533 324 2563 opere
341 2529 435 2553 contra
453 2522 563 2550 Judzeos
575 2529 605 2550 se
625 2521 851 2549 concionaturum
877 2519 1038 2555 propediem

239 2580 301 2601 esse
315 2571 480 2607 pollicetur:
499 2568 546 2597 ubi
559 2575 606 2596 eas
626 2568 700 2603 ipsas
721 2574 782 2602 quae
809 2570 871 2601 post
897 2565 972 2593 hunc
1004 2565 1038 2592 Ii-

240 2621 321 2648 brum
339 2621 491 2653 sequuntur
511 2615 639 2643 homilias
654 2615 745 2649 ipsum
761 2619 978 2641 commemorare
992 2620 1037 2640 vc-

241 2665 356 2693 risimile
370 2667 422 2696 est,
438 2667 468 2690 ut
491 2669 555 2690 mox
571 2661 688 2689 dicetur.
713 2660 774 2694 Quo
794 2663 884 2687 autem
914 2661 1037 2692 tempore

241 2718 331 2747 quave
344 2709 490 2738 occasione
510 2707 584 2734 hunc
598 2706 715 2734 ediderit
743 2706 855 2738 librum,
871 2702 1036 2739 conjecturis

243 2765 298 2784 non
314 2756 420 2784 levibus
436 2761 524 2789 neque
539 2753 629 2781 dubiis
640 2752 774 2786 expiscari
800 2758 957 2786 possumus.
977 2749 1037 2776 Pri—

246 2810 290 2830 mo
306 2801 414 2836 quidem
445 2800 567 2827 nondum
595 2799 754 2833 episcopum
776 2796 870 2829 fuisse,
899 2803 950 2823 nec
965 2795 1038 2822 Con-

242 2846 420 2881 stantinopoli
438 2850 504 2873 tunc
530 2844 638 2879 desisse
666 2843 893 2877 Chrysostomum
923 2841 1038 2868 suadere

246 2894 369 2922 videntur
391 2893 449 2921 haec
465 2892 547 2920 verba
560 2901 567 2918 τ
585 2890 640 2919 Καὶ
654 2891 682 2918 ἐν
698 2891 733 2925 τῇ
751 2887 1037 2917 Κωνσταντινουπὸλει

587 153 615 181 S.
635 153 772 182 JOANNIS
790 154 1024 184 CllnYSOSTOMI
1045 156 1208 184 ARClllEP:
1225 155 1491 184 CONSTANTINOP.

1814 156 1864 183 812

1074 213 1122 241 sed
1133 213 1229 240 anima:
1239 212 1340 245 virtus;
1354 220 1407 240 non
1421 212 1520 247 pictura
1528 215 1556 239 et
1564 211 1650 245 fucus,
1662 218 1748 247 neque
1760 217 1864 243 aurum,

1076 265 1161 294 neque
1184 262 1271 286 vestes
1294 258 1417 293 pretiosa:
1431 266 1438 286 :
1453 258 1500 286 sed
1519 255 1693 292 temperantia
1707 261 1734 286 et
1747 257 1867 293 probitas

1076 308 1103 331 et
1117 304 1197 331 timor
1207 303 1309 331 stabilis
1322 311 1383 338 erga
1397 303 1489 330 Deum.
1506 303 1545 330 Ad
1560 303 1628 330 hanc
1643 311 1707 330 vero
1719 323 1726 334 ,
1743 310 1803 337 qua:
1816 303 1866 330 sub

1075 349 1275 385 intelligentiam
1284 347 1798 384 caditpulchritudinemcomparandam
1814 357 1867 376 nu-

1076 402 1172 430 squam
1190 394 1254 422 alibi
1272 399 1395 422 aceurata
1413 394 1609 421 exercitationis
1626 394 1694 421 ratio
1707 393 1865 428 adhibetur,

1077 445 1252 476 prteterquam
1267 441 1293 468 in
1307 440 1357 468 hoc
1370 439 1519 467 admirabili
1532 447 1562 472 ac
1576 439 1666 466 divino
1677 439 1746 472 loco,
1759 444 1867 474 aposto‘

1078 486 1111 514 lis
1122 491 1150 514 et
1160 486 1295 522 prophetis
1306 485 1468 521 tergentibus
1479 506 1486 518 ,
1496 485 1650 512 ornantibus
1661 506 1668 518 ,
1680 485 1867 513 abradentibus

1077 536 1239 560 senectutem
1253 532 1364 567 peccati,
1378 531 1568 559 adducentibus
1582 531 1698 566 vigorem
1711 531 1866 566 juventutis,

1077 586 1184 606 omnem
1196 586 1298 614 rugam,
1312 585 1417 606 omnem
1431 577 1570 611 maculam,
1581 584 1687 605 omnem
1701 585 1805 604 nmvum
1821 577 1868 612 eji-

1077 625 1207 653 cientibus
1217 633 1251 652 ex
1264 625 1359 652 animis
1369 624 1477 652 nostris.
1491 623 1564 651 Hanc
1575 623 1663 658 igitur,
1676 627 1703 651 et
1714 624 1762 651 viri
1772 628 1799 651 et
1811 631 1869 650 mu-

1080 670 1174 704 lieres,
1187 671 1340 698 studeamus
1354 670 1431 698 nobis
1445 670 1600 697 familiarem
1619 669 1708 697 facere
1719 669 1868 705 pulchritu-

1079 717 1177 749 dinem,
1188 721 1216 744 ut
1222 717 1362 745 nobiscum
1370 715 1484 743 habitet.
1491 713 1686 748 Namcorporis
1692 714 1796 749 pulchri
1801 714 1870 742 tudi-

1079 771 1141 791 nem
1156 767 1182 790 et
1195 763 1306 789 morbus
1318 761 1441 789 tabefacit
1452 782 1459 794 ,
1476 766 1503 789 et
1519 761 1647 796 temporis
1659 761 1795 796 longitudo
1809 768 1869 788 cor-

1080 808 1187 842 rumpit,
1201 812 1227 835 ct
1239 813 1361 835 senectus
1371 807 1523 842 exstinguit,
1533 811 1560 834 et
1570 814 1641 834 mors
1654 806 1778 841 ingruens
1788 811 1870 833 totam

1080 855 1168 881 medio
1186 854 1262 881 tollit.
1280 854 1344 883 Eam
1369 861 1430 881 vero
1444 862 1503 888 quae
1519 854 1545 881 in
1560 853 1646 880 anima
1659 857 1716 886 est,
1733 861 1786 880 non
1804 858 1871 880 tem-

1082 906 1139 934 pus,
1156 907 1207 926 non
1222 899 1340 932 morbus,
1356 906 1410 926 non
1420 903 1553 932 senectus,
1569 906 1620 926 non
1633 907 1714 931 mors,
1731 906 1784 926 non
1799 899 1872 926 aliud

1083 943 1234 978 ltujusmodi
1256 943 1399 979 quidquam
1417 948 1504 978 potest
1522 943 1634 978 perdere
1650 953 1657 970 :
1673 943 1720 971 sed
1743 948 1872 978 perpetuo

1081 987 1166 1015 ﬂoret.
1174 987 1205 1014 Et
1210 987 1382 1023 pulchritudo
1389 988 1497 1022 quidem
1503 988 1702 1024 corporisscepe
1708 993 1871 1023 spectatores

1081 1035 1114 1062 ad
1130 1034 1358 1070 intemperantiam
1373 1037 1508 1069 provocat.
1529 1035 1564 1062 At
1583 1041 1614 1061 ea
1624 1054 1631 1066 ,
1647 1042 1705 1069 qua:
1720 1033 1745 1060 in
1761 1034 1848 1060 animo
1860 1053 1868 1066 ,

1082 1081 1225 1116 ipsummet
1240 1081 1322 1108 Deum
1338 1080 1371 1106 ad
1386 1079 1426 1106 sui
1440 1087 1559 1106 amorem
1572 1079 1672 1112 allicit,
1693 1084 1772 1114 prout
1790 1080 1870 1106 etiam

1082 1126 1209 1161 propheta
1219 1125 1294 1158 dixit,
1306 1124 1451 1152 Ecclesiam
1462 1124 1608 1158 alloquens,
1616 1125 1693 1157 Audi,
1705 1125 1768 1158 ﬁlia,
1777 1124 1871 1157 eteide,

1081 1177 1103 1198 et
1116 1171 1210 1199 inclina
1224 1179 1310 1198 aurem
1328 1175 1397 1197 tuam
1413 1179 1422 1198 :
1437 1175 1460 1198 et
1479 1170 1621 1197 obliviscere
1643 1170 1765 1205 populum
1784 1174 1852 1196 tuum
1862 1189 1871 1202 ,

1081 1221 1104 1243 et
1121 1216 1222 1243 domum
1237 1216 1315 1248 patris
1328 1216 1365 1242 tui
1376 1223 1384 1243 .'
1398 1220 1420 1243 et
1434 1216 1594 1249 concupiscet
1609 1214 1665 1242 Rea:
1675 1215 1788 1242 decorent
1801 1219 1873 1240 tuum

1082 1261 1091 1296 (
1104 1261 1174 1289 Psal.
1188 1261 1233 1289 44.
1246 1262 1289 1289 il.
1302 1261 1335 1288 i2
1345 1261 1365 1296 ).
1379 1261 1470 1296 Igitur,
1482 1268 1498 1288 ο
1510 1260 1609 1293 dilecti,
1622 1265 1650 1287 ut
1660 1261 1801 1287 amicitiam
1811 1267 1873 1287 cum

1082 1308 1137 1335 Deo
1151 1307 1349 1341 contrahamus,
1358 1306 1551 1341 hancquotidie
1559 1305 1873 1342 pulchritudinemcure-

1083 1362 1142 1381 mus
1159 1358 1187 1381 et
1206 1353 1323 1380 colamus
1335 1373 1342 1386 ,
1357 1351 1554 1387 Scripturarum
1569 1352 1682 1378 lectione
1694 1359 1800 1378 omnem
1815 1358 1873 1378 ma-

1081 1400 1168 1427 culam
1189 1399 1388 1434 abstergentes,
1410 1398 1547 1433 precibus,
1568 1397 1760 1433 eleemosynis,
1783 1402 1872 1424 mutua

1081 1444 1221 1472 concordia
1233 1453 1239 1471 :
1252 1450 1279 1471 ut
1290 1452 1347 1476 rex,
1358 1449 1461 1473 amator
1474 1442 1557 1470 factus
1567 1447 1665 1469 nostra:
1675 1450 1733 1477 quae
1744 1443 1770 1469 in
1781 1443 1870 1469 animo

1082 1489 1301 1524 pulchritudinis,
1307 1482 1622 1526 digneturnoscmlorum
1629 1495 1726 1525 regno:
1734 1487 1806 1523 qttod
1823 1488 1874 1515 uli-

1082 1541 1143 1561 nam
1165 1541 1213 1561 nos
1231 1541 1324 1561 omnes
1344 1541 1539 1568 consequamur
1556 1533 1641 1568 gratia
1661 1537 1687 1560 et
1709 1533 1875 1560 humanitate

1081 1580 1186 1607 Domini
1201 1579 1285 1607 nostri
1296 1579 1358 1607 Jesu
1372 1579 1487 1611 Christi,
1501 1587 1561 1607 cum
1575 1587 1627 1614 quo
1640 1579 1712 1607 Patri
1728 1579 1822 1614 gloria,
1837 1579 1874 1606 si-

1082 1625 1189 1660 mulque
1201 1624 1310 1659 Spiritui
1330 1628 1432 1658 sancto,
1450 1632 1520 1652 nunc
1532 1629 1559 1651 ct
1573 1632 1679 1659 semper
1693 1629 1720 1651 et
1738 1624 1764 1651 in
1778 1624 1874 1653 saecula

1081 1670 1249 1698 saeculorum.
1263 1670 1360 1708 Amen.

1090 1874 1250 1906 CONTRA
1268 1874 1430 1906 JUDJEOS
1450 1875 1585 1912 ATQUE
1605 1875 1813 1910 GENTILES.

1082 1966 1110 1994 δὲ
1127 1966 1186 1993 οὐδὲ
1203 1965 1271 2002 πρὸς
1282 1966 1345 1998 τοὺς
1361 1966 1526 1998 ἀποστόλους
1541 1967 1635 2002 ἐγγὺς,
1649 1967 1719 1995 ἀλλὰ
1734 1969 1800 2004 παρ’
1811 1969 1879 1998 αὐτὰ

1082 2013 1117 2040 τὰ
1130 2012 1255 2048 πρόθυρα
1266 2011 1319 2046 ἔξω
1330 2013 1472 2048 ἀγαπητὸν
1485 2011 1553 2040 εἶναι
1567 2013 1697 2049 ἐνόμισαν
1707 2015 1732 2041 ol
1743 2015 1778 2042 τὰ
1790 2015 1879 2051 διαδὴ-

1086 2067 1159 2094 ματα
1175 2058 1363 2094 περικείμενοι
1378 2058 1414 2086 τὰ
1427 2059 1541 2094 σώματα
1552 2059 1642 2086 αὐτῶν
1657 2061 1878 2096 κατορύττεσθαι,

1084 2103 1131 2130 καὶ
1146 2103 1274 2138 γεγόνασι
1291 2103 1409 2140 θυρωροὶ
1422 2104 1514 2132 λοιπὴν
1526 2105 1582 2131 τῶν
1598 2105 1697 2132 ἀλιέων
1713 2107 1737 2133 οἱ
1751 2106 1877 2142 βασιλεῖς·

1085 2150 1132 2176 καὶ
1143 2150 1172 2176 ὲν
1185 2151 1219 2186 τῇ
1237 2150 1350 2186 τελευτῇ
1370 2151 1420 2177 οὐκ
1439 2151 1623 2186 αἰσχύνονται,
1639 2151 1706 2179 ἀλλὰ
1722 2153 1769 2180 καὶ
1784 2153 1879 2188 ἐγκαλ-

1085 2195 1260 2228 λωπίζονται,
1275 2196 1305 2223 οὺ
1315 2196 1395 2231 μόνον
1410 2197 1497 2229 αὐτοὶ,
1509 2197 1577 2224 ἀλλὰ
1593 2197 1641 2224 καὶ
1651 2198 1676 2224 οἱ
1691 2198 1798 2233 ἔκγονοι
1811 2199 1879 2226 ἐκεί-

1088 2250 1148 2268 νων.
1167 2241 1186 2268 Ι.
1202 2249 1227 2268 e.
1248 2241 1479 2276 Constantinopoli
1497 2250 1556 2269 vero
1572 2251 1624 2270 non
1642 2251 1722 2278 prope
1736 2244 1878 2279 apostolos,

1086 2289 1131 2316 sed
1144 2288 1210 2323 foris
1226 2288 1261 2315 ad
1276 2289 1335 2323 ipsa
1348 2289 1443 2316 limina
1460 2294 1613 2324 optaverunt
1630 2290 1651 2317 ii
1672 2291 1717 2326 qui
1733 2291 1881 2319 diademate

1089 2335 1308 2367 redimiebantur,
1324 2343 1435 2370 corpora
1449 2344 1498 2364 sua
1516 2336 1631 2371 sepeliri,
1651 2342 1730 2372 atque
1739 2338 1778 2365 ita
1797 2339 1879 2374 impe-

1088 2386 1189 2408 ratores
1201 2381 1365 2414 piscatorum
1379 2382 1485 2409 ostiarii
1507 2382 1572 2417 facti
1595 2387 1677 2411 sunt:
1700 2384 1738 2410 sic
1762 2385 1789 2411 in
1809 2385 1881 2412 obitu

1091 2427 1139 2454 hoc
1156 2435 1208 2455 non
1221 2427 1354 2461 dedecori,
1376 2429 1420 2455 sed
1438 2428 1532 2456 honori
1558 2429 1610 2456 sibi
1637 2437 1693 2456 esse
1709 2435 1804 2464 putant
1830 2439 1879 2457 mm

1089 2473 1174 2500 solum
1189 2473 1250 2508 ipsi,
1266 2474 1311 2501 sed
1328 2474 1409 2502 etiam
1420 2483 1510 2502 eorum
1524 2480 1639 2509 nepotes.
1653 2475 1718 2503 Haec
1728 2477 1773 2503 vix
1787 2481 1882 2511 puten-

1091 2524 1135 2547 tur
1165 2528 1227 2547 esse
1257 2520 1493 2556 Constantinopoli
1515 2522 1733 2550 commorantis:
1763 2527 1790 2550 et
1816 2530 1882 2550 sane

1090 2566 1148 2602 pari
1174 2567 1256 2594 modo
1273 2567 1307 2594 de
1334 2567 1573 2603 Constantinopoli
1603 2568 1734 2604 loquitur,
1763 2576 1819 2603 quo
1848 2567 1881 2595 de

1092 2613 1161 2640 urbe
1174 2612 1259 2640 Roma
1292 2613 1375 2647 paulo
1403 2618 1466 2641 ante
1484 2614 1565 2641 verba
1591 2613 1702 2642 fecerat.
1732 2613 1881 2642 Antiochiae

1088 2658 1172 2692 igitur
1189 2657 1218 2686 S.
1238 2658 1378 2686 doctorem
1397 2659 1469 2687 hanc
1483 2660 1638 2696 suscepisse
1649 2667 1761 2696 operam
1775 2664 1880 2687 certum

1089 2705 1203 2732 videtur.
1221 2704 1290 2733 Huic
1306 2713 1361 2733 non
1386 2705 1543 2734 inferiorem
1561 2706 1690 2741 temporis
1709 2710 1800 2733 notam
1815 2713 1881 2740 sup-

1088 2751 1191 2786 peditat
1205 2752 1420 2787 Chrysostomus
1433 2752 1516 2787 paulo
1531 2758 1594 2779 ante
1610 2753 1690 2780 tinem
1708 2752 1809 2787 operis,
1833 2751 1880 2778 ubi

1089 2800 1233 2832 postquam
1246 2806 1279 2825 ex
1289 2797 1393 2826 Veteris
1401 2797 1569 2826 Testamenti
1585 2798 1652 2825 locis
1663 2798 1777 2833 carptim
1792 2797 1881 2825 allatis

1088 2842 1226 2878 probavit,
1244 2843 1271 2871 in
1287 2844 1405 2871 adventu
1421 2844 1521 2872 Christi
1537 2844 1723 2879 abmgandum
1743 2850 1805 2871 esse
1820 2843 1880 2870 cul-

1089 2893 1146 2916 tum
1161 2888 1316 2922 Judaicum,
1330 2889 1387 2917 haec
1405 2889 1498 2924 adjicit
1513 2898 1520 2917 :
1539 2889 1618 2916 Ἀλλὰ
1632 2890 1719 2917 ταῦτα
1731 2889 1781 2925 μὲν
1797 2888 1882 2924 ἡνίκα
