2039 3151
255 148 309 176 813

619 152 647 179 S.
664 150 807 181 JOANNIS
825 153 1044 185 CHRYSOSTO)

1095 156 1246 186 \RCIIIEP.
1270 158 1544 188 CONSTANTINOP.

1819 163 1867 191 8N

271 625 350 663 [558]
372 627 451 663 Πρός
473 637 506 656 τε
535 628 696 663 Ἰουδαίους
714 630 763 657 καί
781 631 934 667 Ἓλληνας
953 633 1126 668 ἀπόδειξις,
1164 635 1208 662 ὅτι
1230 635 1295 663 ἐστὶ
1321 635 1393 669 Θεὸς
1415 637 1431 664 ὸ
1469 635 1593 671 Χριστὸς
1607 656 1614 669 ,
1639 635 1673 664 ἐκ
1699 636 1758 664 τῶν
1786 637 1865 672 παρὰ

571 677 634 710 τοῖς
661 678 827 714 προφήταις
849 682 1007 716 πολλαχοῦ
1032 683 1098 718 περὶ
1123 683 1216 710 αὑτοῦ
1243 683 1407 718 εἰρημένων
1422 689 1447 711 ⁸.

288 1101 323 1125 α’.
346 1097 454 1134 Ἐπειδὴ
473 1097 564 1125 πολλοὶ
578 1097 633 1124 τῶν
649 1097 811 1133 ἀνθρώπων,
830 1099 853 1125 οἱ
873 1099 922 1134 μὲν
937 1098 1043 1127 οἴκοθεν

252 1139 328 1173 ὄντες
353 1140 479 1177 ῥᾲθυμοι,
505 1141 529 1167 οἱ
550 1140 578 1166 δὲ
598 1141 655 1171 τοῖς
677 1139 813 1174 βιωτικοῖς
835 1141 948 1173 ἑαυτοὺς
975 1141 1044 1177 μετὰ

253 1182 354 1217 πολλῆς
370 1181 549 1213 ἑκδεδωκότες
564 1181 614 1217 τῆς
631 1181 758 1216 σπουδῆς,
774 1182 862 1218 ἕτεροι
883 1182 911 1209 δὲ
931 1183 977 1209 καὶ
990 1182 1043 1210 ὑπὸ

253 1223 373 1259 ἀμαθίας
388 1223 489 1258 πολλῆς
503 1223 690 1258 κατεχόμενοι,
705 1223 754 1249 οὐκ
766 1223 799 1250 ἂν
814 1223 913 1259 ῥᾳδίως
929 1224 1043 1260 μακρῶν

253 1265 413 1300 ἀνάσχοιντο
429 1265 515 1299 λόγων
527 1284 534 1297 ,
560 1265 707 1299 ἀναγκαῖον
725 1263 794 1292 εἶναι
812 1266 924 1305 ἐνόμισα
945 1266 991 1293 τὸν
1011 1267 1044 1293 ἐκ

252 1308 302 1344 τῆς
320 1307 509 1342 μακρηγορίας
530 1307 714 1342 ὑποτεμέσθαι
731 1307 825 1337 πόνον·
842 1307 912 1334 ὥστε
931 1308 979 1335 καὶ
997 1309 1043 1335 τὸν

252 1351 331 1380 δκνον
347 1349 451 1376 ἀνελεῖν
463 1350 497 1384 τῇ
515 1348 681 1385 βραχυλογίᾳ
696 1349 750 1376 τῶν
768 1349 906 1385 ῥᾳθύμων,
923 1350 1043 1384 καὶτοὺς

253 1391 357 1426 σφόδρα
371 1390 461 1418 αὐτῶν
481 1391 714 1423 ἀναπεπτωκότας
729 1391 799 1427 πρὸς
813 1391 862 1428 τὴν
877 1391 1041 1426 ἀνάγνωσιν,

253 1435 346 1460 πεῖσαι
359 1433 409 1467 τῆς
420 1432 604 1468 προκειμένης
618 1433 684 1468 ἡμῖν
698 1433 890 1468 πραγματείας
902 1434 970 1469 μετά
983 1434 1044 1461 πο).-

253 1475 301 1511 λῆς
317 1474 504 1509 ἀκροάσασθαι
519 1474 569 1510 τῆς
587 1474 748 1510 προθυμίας.
766 1475 816 1502 Διά
831 1483 872 1502 τοι
887 1475 967 1502 τοῦτο
982 1476 1043 1503 οὐδὲ

253 1519 432 1550 καλλωπίζων
447 1518 550 1554 ῥήμασί
572 1527 602 1545 τε
624 1518 670 1545 καὶ
692 1518 805 1554 ὀνόμασι
818 1519 867 1554 τὴν
885 1518 1041 1554 ἑρμηνείαν,

253 1561 310 1588 ἀλλ’
325 1560 395 1588 αὐτὰ
414 1560 500 1591 τιθεὶς
516 1559 551 1586 τὰ
566 1559 686 1595 ὀνόματα
700 1559 802 1592 οὕτως,
820 1560 857 1592 ὡς
874 1561 921 1587 καὶ
938 1561 1041 1597 οἰκέτῃ,

254 1603 301 1630 καὶ
314 1601 494 1638 θεραπαινίδι,
510 1601 556 1627 καὶ
564 1601 638 1636 χήρᾳ
653 1602 773 1635 γυναικὶ,
790 1603 837 1628 καὶ
849 1602 980 1637 καπήλῳ,
995 1603 1043 1629 καὶ

253 1644 338 1680 ναύτῃ
348 1664 355 1675 ,
366 1644 414 1670 καὶ
423 1642 535 1678 γηπόνῳ
551 1642 629 1678 ῥᾴδια
645 1643 715 1669 εἶναι
728 1643 775 1670 καὶ
792 1643 923 1679 εὔληπτα,
940 1652 1043 1672 παντα-

253 1686 301 1722 χοῦ
318 1685 484 1720 πειράσομαι
500 1684 637 1710 συστεῖλαι
653 1683 684 1710 τὸ
705 1685 804 1719 μῆκος.
820 1685 858 1716 ὼς
874 1685 907 1712 ἂν
921 1686 1041 1721 ἐγχωρῇ.

254 1728 301 1755 καὶ
321 1727 354 1754 δι’
372 1727 468 1760 ὀλίγων
496 1726 545 1761 τὴν
561 1725 733 1752 διδασκαλίαν
750 1726 883 1760 ποιῆσαι,
905 1727 1046 1763 ἑκατέροις

253 1770 359 1800 τούτοις
372 1768 427 1795 τῶν
442 1767 545 1794 ὑπτίων
567 1767 709 1803 ἀκροατῶν
725 1767 867 1803 διεγείρων
890 1768 939 1804 τὴν
956 1769 1046 1804 ὄρεξιν

254 1813 294 1843 εἰς
308 1810 338 1838 τὸ
358 1810 457 1847 ῥᾳδίως
471 1809 519 1836 καὶ
533 1809 619 1845 χωρὶς
631 1809 754 1844 καμάτου
767 1810 840 1841 τινὸς
850 1810 884 1837 τὰ
899 1811 1045 1847 ὲγκείμενα

255 1853 379 1881 ἐπελθεῖν
390 1873 398 1885 ,
423 1853 470 1879 καὶ¹
486 1851 672 1886 κατασχόντας
688 1851 734 1878 ἐπὶ
752 1852 861 1888 μνήμης
878 1853 964 1880 ταῦτα
983 1863 1046 1890 κερ-

253 1896 340 1923 δᾶναι.
357 1895 510 1930 Ποιήσομαι
525 1893 554 1920 δὲ
571 1893 617 1920 τὸν
632 1893 726 1927 ἀγῶνα
740 1894 807 1928 πρὸς
821 1894 954 1930 ’Έλληνας
969 1896 1045 1930 πρῶ-

253 1946 309 1965 τον.
324 1937 356 1965 El
369 1937 422 1973 γὰρ
436 1937 468 1973 δὴ
482 1937 556 1971 λέγοι
569 1938 583 1964 ό
601 1936 710 1971 Ἕλλην,
727 1936 812 1963 Πόθεν
826 1936 905 1971 δῆλον
922 1937 962 1963 ὃτι
980 1937 1046 1969 Θεός

253 1981 328 2006 ἐστιν
342 1979 356 2006 ὁ
370 1979 504 2015 Χριστόςς
521 1978 612 2014 (τοῦτο
628 1979 682 2014 γὰρ
698 1978 738 2005 δεῖ
750 1978 952 2014 προῦποθέσθαι
968 1978 1045 2014 πρῶ-

253 2030 299 2048 τον
310 2041 318 2054 ,
333 2021 371 2053 ὡς
382 2021 416 2047 τὰ
430 2021 497 2048 ἄλλα
514 2021 603 2048 πάντα
617 2021 704 2056 τούτῳ
718 2020 847 2056 ἑπόμενα)
863 2020 913 2047 οὐκ
932 2020 979 2047 ἀπ’
1001 2021 1046 2047 οὺ-

255 2063 336 2100 ρανοῧ
361 2063 532 2099 ποιησόμεθα
554 2063 604 2098 τὴν
630 2061 786 2094 ἀπόδειξιν,
811 2062 872 2088 οὐδὲ
897 2062 944 2088 ἀπ’
959 2061 1046 2088 ἄλλων

253 2105 391 2132 τοιούτων.
412 2105 474 2132 Ἐὰν
493 2104 546 2140 γὰρ
568 2105 637 2131 εἴπω
661 2105 728 2139 πρὸς
743 2104 824 2130 αὺτὸν
838 2123 845 2134 ,
867 2104 909 2130 ὅτι
932 2103 1046 2138 οὐρανὸν

254 2147 372 2179 ἔκτισεν,
384 2147 424 2173 ὅτι
441 2147 504 2182 γῆν,
521 2147 562 2173 ὅτι
573 2147 722 2178 θάλασσαν,
736 2146 786 2172 οὐκ
798 2144 921 2178 ἀνέξεται
935 2153 942 2161 ⁸
960 2145 994 2172 ἂν
1008 2144 1046 2171 εί-

255 2199 313 2223 πω,
330 2189 372 2216 ὅτι
387 2188 501 2224 νεκροὺς
522 2189 616 2224 ἤγειρε
629 2208 636 2220 ,
654 2187 771 2221 τυφλοὺς
786 2186 952 2222 ἐθεράπευσε
965 2207 972 2219 ,
988 2186 1046 2213 δαι-

256 2241 340 2268 μονας
355 2231 454 2266 ἤλασεν
466 2251 473 2263 ,
487 2230 546 2257 οὐδὲ
561 2231 639 2257 τοῦτο
653 2228 826 2261 καταδέξεται
838 2238 844 2243 ·
861 2229 893 2255 ἂν
906 2229 989 2261 εῐπω,
1005 2229 1047 2256 ὅτι

255 2273 394 2309 βασιλείαν
407 2272 589 2308 ἐπηγγείλατο
611 2271 659 2298 καὶ
679 2271 714 2298 τὰ
727 2271 872 2306 ἀπόρρητα
890 2270 981 2304 ἀγαθά
991 2292 998 2304 ,
1013 2271 1046 2299 ἂν

255 2316 319 2351 περὶ
335 2314 511 2346 ἀναστάσεως
531 2313 679 2348 διαλεχθῶ,
697 2314 728 2340 οὐ
749 2313 829 2349 μόνον
847 2313 896 2340 οὐκ
910 2313 1045 2347 ἀνέξεται,

253 2358 322 2385 ἀλλά
336 2359 383 2385 καὶ
398 2357 553 2392 γελάσεται.
571 2355 657 2383 Πόθεν
678 2355 725 2383 οὖν
737 2356 818 2383 αὐτὸν
829 2356 959 2392 ἐνάξομεν
972 2377 979 2388 ,
998 2357 1045 2384 καὶ

256 2399 374 2435 μάλιστα
392 2399 440 2425 ὲάν
462 2398 567 2433 ἰδιώτης
612 2406 618 2430 ;
642 2398 726 2424 Πόθεν
740 2398 851 2425 ἄλλοθεν
862 2417 869 2430 ,
885 2398 943 2426 ἀλλ’
960 2399 977 2434 ἢ
992 2399 1046 2425 ἀπὸ

255 2442 309 2469 τῶν
331 2441 396 2476 παρ’
413 2440 480 2476 ἐμοῦ
495 2440 542 2467 καὶ
563 2440 645 2466 αὑτοῦ
661 2440 756 2472 κοινῶς
773 2441 821 2467 καὶ
841 2441 1046 2477 ἀναντιῤῥήτως

253 2482 479 2518 ὁμολογουμένων
493 2502 500 2514 ,
517 2482 563 2508 καὶ
590 2482 658 2518 πρὸς
682 2482 700 2508 ἃ
716 2482 874 2517 ἀμφιϐόλως
896 2484 945 2509 οὐκ
969 2483 1044 2518 ἔχεις

254 2526 295 2553 ὃτι
307 2526 356 2561 μὲν
366 2526 421 2560 γάρ
431 2524 543 2560 οὐρανὸν
556 2525 665 2560 ἐποίησε
676 2525 723 2552 καὶ
734 2525 768 2551 τὰ
782 2524 858 2558 ἄλλα,
872 2525 944 2561 ἅπερ
956 2523 1043 2557 εἷπον,

254 2568 302 2595 ἐὰν
318 2566 463 2602 ὐποθῶμαι
475 2588 482 2599 ,
499 2568 549 2594 οὐκ
564 2561 597 2594 ἂν
611 2568 754 2602 ἀνάσχοιτο
770 2569 913 2603 πεισθῆναι
932 2568 1043 2603 ῥᾳδίως.

254 2610 323 2637 Τίνα
340 2607 388 2636 οὖν
403 2609 476 2635 ἐστιν
492 2608 510 2636 ἃ
521 2609 568 2636 καὶ
581 2610 683 2641 ἐκεῖνος
697 2610 822 2644 ὁμολογεῖ
837 2610 918 2636 αὑτὸν
930 2619 1045 2645 πεποιη-

240 2652 343 2685 νκέναι,
360 2653 407 2679 καὶ
419 2651 544 2687 οὐδαμῶς
561 2651 594 2678 ἃν
607 2652 743 2684 ἁντείποι;
758 2652 818 2680 ’Ὁτι
833 2652 862 2679 τὸ
874 2652 1046 2689 Χριστιανῶν

255 2695 333 2735 γένος
345 2695 428 2726 αὐτὸς
449 2694 597 2728 ἐφύτευσεν
609 2702 616 2709 ·
634 2694 663 2720 οὐ
684 2694 738 2729 γὰρ
754 2694 786 2730 δὴ
807 2694 855 2720 καὶ
879 2695 947 2730 πρὸς
967 2694 1046 2721 τοῦτο

254 2739 370 2774 ἀντερεῖ,
383 2737 424 2764 ὅτι
434 2737 483 2769 τὰς
496 2736 634 2772 πανταχοῦ
647 2737 697 2771 τῆς
709 2737 872 2772 οἰκουμένης
883 2737 1047 2772 Ἐκκλησίας

255 2780 336 2811 αὐτὸς
350 2780 477 2815 ἐπήξατο.
494 2780 562 2807 Ἀπὸ
577 2779 679 2806 τούτων
701 2778 874 2814 παρεξόμεθα
897 2780 946 2814 τῆς
967 2778 1047 2806 δυνά-

257 2831 330 2858 μεως
345 2821 426 2849 αὐτοῦ
440 2822 489 2858 τὴν
510 2821 646 2856 ἀπόδειξιν
657 2841 664 2854 ,
679 2821 724 2848 καὶ
745 2821 867 2857 δείξομεν
883 2821 963 2848 αὑτὸν
981 2821 1045 2849 ὄντα

286 2902 293 2913 ⁸
307 2900 399 2927 Collala
413 2907 466 2926 cum
480 2901 532 2926 cod.
545 2900 614 2926 Culb.
626 2900 695 2931 5055,
709 2900 748 2925 ιὼι
762 2907 883 2932 perpauca
896 2899 1043 2926 discrimina.

1094 1098 1170 1132 Θεὸν,
1185 1100 1232 1127 καὶ
1247 1100 1364 1137 ἐροῦμεν
1378 1102 1418 1130 ὅτι
1432 1102 1483 1129 οὐκ
1501 1102 1574 1130 ἔστιν
1585 1103 1729 1139 ἀνθρώπου
1745 1105 1824 1141 ψιλοῦ
1836 1116 1882 1134 ἰο⁹

1095 1141 1195 1177 σαύτην
1209 1143 1237 1168 ὲν
1253 1142 1349 1178 βραχεῖ
1364 1143 1452 1179 καιρῷ
1469 1144 1621 1180 περιελθεῖν
1637 1147 1799 1183 οἰκουμένην
1811 1168 1819 1180 ,
1835 1149 1882 1175 καὶ

1093 1183 1155 1218 γῆν,
1169 1183 1216 1210 καὶ
1230 1183 1375 1216 θάλατταν,
1388 1186 1435 1212 καὶ
1448 1186 1494 1212 ἐπὶ
1508 1186 1639 1219 τοιούτοις
1651 1188 1743 1215 καλεῖν
1754 1189 1881 1225 πράγμα-

1095 1232 1136 1251 σιν
1157 1225 1228 1252 οὖτω
1239 1246 1246 1258 ,
1262 1227 1307 1252 καὶ
1323 1226 1410 1254 ταῦτα
1425 1227 1477 1254 ὑπὸ
1489 1229 1589 1255 ἀτόπου
1603 1229 1748 1265 συνηθείας
1762 1239 1882 1266 προκατ-

1093 1266 1275 1302 ειλημμένους
1299 1268 1474 1304 ἀνθρώπους,
1501 1270 1600 1305 μᾶλλον
1625 1271 1654 1298 δὲ
1678 1272 1730 1298 ὑπὸ
1751 1273 1883 1308 τοσαύτης

1094 1309 1193 1340 κακίας
1218 1310 1428 1345 κατεχομένους.
1452 1311 1506 1338 Καὶ
1521 1312 1597 1347 ὅμως
1615 1313 1709 1348 ἴσχυσε
1727 1313 1803 1350 [559]
1820 1315 1883 1341 τού-

1093 1357 1147 1376 των
1163 1351 1271 1377 πάντων
1293 1350 1323 1377 τὸ
1342 1352 1398 1378 τῶν
1415 1352 1567 1388 ἀνθρώπων
1587 1354 1665 1388 γένος
1690 1355 1884 1391 ἐλευθερῶσαι,

1093 1391 1154 1426 οὐχὶ
1173 1392 1326 1427 Ῥωμαίους
1343 1393 1435 1428 μόνον,
1447 1394 1515 1421 ἀλλὰ
1525 1395 1572 1422 καὶ
1584 1396 1709 1432 Πέρσας,
1727 1398 1775 1424 καὶ
1790 1397 1886 1429 ἁπλῶς

1093 1433 1127 1459 τὰ
1142 1433 1195 1460 τῶν
1211 1433 1356 1470 βαρϐάρων
1373 1435 1448 1471 γένη.
1463 1436 1518 1463 Καὶ
1532 1435 1616 1464 ταῦτα
1629 1437 1821 1474 κατώρθωσεν,
1835 1439 1885 1474 οὐχ

1093 1475 1185 1507 ὅπλοις
1201 1475 1342 1512 χρώμενος
1352 1497 1358 1508 ,
1377 1477 1407 1503 οὐ
1422 1478 1552 1513 χρήματα
1564 1479 1692 1506 δαπανῶν
1705 1501 1712 1512 ,
1726 1481 1756 1506 οὐ
1772 1481 1884 1516 στρατό-

1093 1517 1162 1544 πεδα
1176 1517 1258 1544 κινῶν
1271 1538 1278 1549 ,
1297 1518 1327 1545 οὐ
1345 1518 1480 1554 πολέμους
1494 1520 1692 1556 ἀναρριπίζων,
1710 1522 1779 1548 ἀλλά
1794 1522 1827 1549 δι’
1843 1522 1886 1549 ἒν-

1093 1558 1159 1586 δεκα
1172 1558 1323 1595 ἀνθρώπων
1335 1559 1383 1595 τὴν
1395 1561 1482 1596 ἀρχὴν
1491 1581 1498 1594 ,
1513 1562 1628 1597 ἀσήμων
1639 1582 1645 1593 ,
1662 1562 1778 1589 εὐτελῶν
1790 1584 1797 1594 ,
1811 1564 1886 1598 ἀμα-

1094 1600 1159 1633 θῶν,
1175 1601 1296 1634 ἰδιωτῶν,
1317 1602 1451 1637 πενήτων,
1468 1604 1599 1638 γυμνῶν,
1613 1603 1736 1637 ἀόπλων,
1749 1605 1886 1640 ἀνυποδή-

1093 1651 1166 1674 των,
1189 1642 1387 1678 μονοχιτώνων.
1416 1644 1448 1670 Τί
1468 1644 1560 1681 λέγω-.
1584 1645 1769 1681 κατώρθωσε;
1792 1648 1886 1673 πεῖσαι

1093 1677 1212 1720 ἠδυνήθη
1223 1677 1343 1712 τοσαῦτα
1357 1685 1426 1719 φῦλα
1439 1677 1600 1721 ἀνθρώπων,
1615 1687 1646 1713 οὐ
1661 1677 1726 1722 περὶ
1745 1677 1799 1714 τῶν
1813 1696 1886 1724 παρ-

1095 1726 1178 1753 όντων
1193 1726 1272 1761 μόνον
1282 1747 1289 1759 ,
1306 1726 1374 1753 ἀλλὰ
1388 1727 1435 1753 καὶ
1452 1728 1517 1763 περὶ
1543 1727 1599 1754 τῶν
1615 1728 1766 1763 μελλόντων
1780 1729 1887 1764 φιλοσο-

1096 1769 1171 1802 φεῖν,
1190 1767 1238 1794 καὶ
1253 1767 1351 1802 νόμους
1371 1768 1514 1804 πατρῴους
1530 1769 1703 1803 ἀνασπάσαι,
1722 1771 1770 1797 καὶ
1784 1771 1888 1799 παλαιά

1096 1810 1143 1846 ἔθη
1161 1809 1279 1845 τοσούτῳ
1296 1809 1446 1845 ριζωθὲντα
1464 1810 1552 1847 χρόνῳ
1566 1812 1598 1838 ἐκ
1613 1811 1695 1847 ῥιζῶν
1708 1813 1823 1844 ἀνελεῖν,
1839 1813 1886 1840 καὶ

1095 1851 1176 1887 ἕτερα
1201 1850 1397 1886 ἀντιφυτεῦσαι
1410 1871 1417 1883 ,
1434 1852 1481 1878 καὶ
1497 1852 1552 1878 τῶν
1574 1853 1692 1880 εὐκόλων
1709 1854 1888 1890 ἀπαγαγόντα

1096 1893 1136 1924 εἰς
1145 1891 1180 1918 τὰ
1190 1892 1306 1919 δύσκολα
1321 1892 1449 1927 ἐμϐαλεῖν
1463 1893 1496 1920 τὰ
1509 1894 1601 1926 αὑτοῦ,
1614 1895 1661 1921 καὶ
1676 1895 1762 1922 ταῦτα
1775 1897 1886 1931 ποιῆσαι

1096 1934 1297 1969 πολεμούμενον
1324 1935 1400 1970 παρά
1416 1935 1544 1967 πάντων,
1571 1937 1618 1962 καὶ
1646 1937 1761 1972 σταυρὸν
1785 1939 1887 1974 ὑπομε-

1098 1976 1244 2011 μενηκέγαι
1269 1975 1466 2011 χλευαζόμενον
1493 1977 1540 2003 καὶ
1566 1977 1680 2004 θάνατον
1696 1979 1885 2007 ἐπονείδιστον.

1096 2018 1133 2044 Οὐ
1147 2017 1201 2053 γὰρ
1213 2017 1244 2053 δὴ
1259 2017 1384 2053 καὶπρὸς
1396 2018 1481 2045 ταῦτα
1495 2019 1663 2054 ἀντεροῦσιν,
1677 2021 1718 2047 ὅτι
1731 2021 1781 2047 οὐκ
1794 2022 1887 2049 ἐσταυ-

1098 2059 1170 2095 ρώθη
1190 2059 1242 2086 ὑπὸ
1262 2059 1409 2091 Ἰουδαίων,
1438 2060 1485 2086 καὶ
1507 2061 1541 2087 τὰ
1560 2062 1644 2097 μυρία
1662 2062 1745 2089 ἔπαθε
1761 2065 1826 2098 παρ’
1840 2064 1886 2090 αὒ-

1096 2101 1149 2128 τῶν
1163 2122 1170 2134 ,
1186 2102 1233 2128 καὶ
1247 2101 1288 2128 ὅτι
1302 2101 1364 2128 καθ’
1380 2102 1497 2137 ἑκάστην
1515 2103 1621 2138 ἡμέραν
1636 2104 1774 2131 ἐπιδίδωσι
1792 2105 1822 2131 τὺ
1839 2107 1886 2140 κή-

1098 2151 1200 2178 ρυγμα.
1215 2143 1270 2169 Καὶ
1285 2143 1316 2169 τὸ
1332 2143 1493 2179 παράδοξον,
1510 2145 1560 2171 οὐκ
1575 2145 1691 2173 ἐνταῦθα
1711 2146 1790 2181 μόνον
1800 2167 1807 2180 ,
1820 2146 1885 2173 ἀλλὰ

1097 2185 1144 2210 καὶ
1161 2184 1370 2220 παρὰΠέρσαις
1393 2184 1490 2219 ἀνθεῖ,
1511 2185 1551 2212 ἔτι
1577 2187 1623 2213 καὶ
1646 2186 1694 2214 νῦν
1716 2188 1781 2223 παρ’
1796 2189 1887 2220 αὐτοῖς

1098 2225 1162 2252 πολε
1167 2225 1217 2260 μού
1221 2234 1311 2261 μενον.

1132 2312 1188 2339 Καὶ
1203 2311 1258 2347 γὰρ
1272 2311 1337 2348 παρ’
1348 2311 1463 2344 ἐκείνοις
1487 2312 1549 2348 ἄρτι
1565 2313 1711 2348 μαρτύρων
1731 2314 1813 2349 δῆμοι
1828 2315 1890 2342 πολ-

1098 2353 1139 2380 λοὶ
1151 2373 1158 2385 ,
1174 2353 1221 2380 κα)⁴
1236 2355 1311 2389 ὅμως
1331 2355 1355 2380 οἱ
1369 2354 1415 2380 καὶ
1431 2353 1520 2381 λύκων
1536 2355 1624 2382 αὐτῶν
1637 2355 1800 2392 ἀγριώτεροι
1813 2356 1891 2388 δεξὰι

1101 2405 1176 2432 μενοι
1191 2396 1222 2422 τὸ
1235 2397 1367 2432 κήρυγμα
1377 2416 1384 2428 ,
1406 2396 1549 2432 προϐάτων
1565 2397 1735 2434 ἡμερώτεροι
1749 2398 1888 2432 γεγόνασι,

1099 2439 1148 2465 καὶ
1164 2438 1229 2474 περ).
1252 2438 1401 2469 ἀθανασίας
1412 2458 1418 2470 ,
1434 2438 1480 2464 καὶ
1506 2439 1568 2474 περὶ
1589 2440 1763 2472 ἀναστάσεως
1781 2439 1889 2475 φιλοσο-

1100 2479 1179 2514 φοῦσι
1190 2481 1236 2507 καὶ
1250 2481 1303 2507 τῶν
1318 2480 1481 2516 ἀπορρήτων
1497 2480 1617 2514 ἀγαθῶν.

1134 2559 1165 2595 β’.
1183 2559 1239 2586 Οὐκ
1252 2560 1280 2585 ἐν
1296 2560 1356 2590 ταῖς
1369 2558 1461 2585 πόλεσι
1477 2558 1504 2584 δὲ
1518 2559 1608 2594 μόνον,
1625 2559 1692 2586 ἀλλὰ
1711 2560 1758 2586 καὶ
1780 2561 1820 2592 είς
1840 2560 1889 2595 τὴν

1098 2601 1199 2638 ἔρημον
1214 2600 1299 2627 ταῦτα
1309 2600 1403 2636 ἐξῆλθε
1414 2600 1447 2626 τὰ
1457 2600 1667 2636 κατορθώματα,
1679 2602 1727 2628 καὶ
1736 2602 1774 2633 είς
1783 2602 1888 2637 κώμας.

1096 2644 1143 2670 καὶ
1157 2644 1196 2675 είς
1211 2642 1319 2678 χώρας,
1334 2642 1382 2668 καὶ
1397 2643 1437 2673 εἰς
1452 2643 1550 2677 νήσους
1571 2642 1618 2669 καὶ
1641 2643 1744 2678 ὅρμους
1760 2644 1807 2670 καὶ
1830 2643 1889 2669 ἐπί-

1095 2694 1154 2712 νεια
1169 2694 1176 2700 ·
1193 2685 1240 2711 καὶ
1255 2685 1305 2710 οὐκ
1323 2684 1443 2716 ίδιῶται,
1459 2683 1520 2710 οὐδὲ
1540 2683 1668 2719 ἄρχοντες
1689 2684 1784 2717 ἅπλῶς
1796 2707 1803 2717 ,
1821 2685 1890 2712 ἀλλὰ

1096 2727 1143 2753 καὶ
1157 2726 1233 2752 αὑτοὶ
1247 2727 1271 2752 οἱ
1285 2725 1318 2752 τά
1331 2725 1484 2760 διαδήματα
1498 2725 1695 2761 περικείμενοι,
1710 2726 1779 2761 μετὰ
1790 2726 1890 2762 πολλῆς

1096 2769 1165 2794 εἰσιν
1193 2767 1408 2803 ὑποτεταγμένοι
1424 2767 1474 2802 τῆς
1490 2767 1608 2799 πίστεως
1627 2767 1665 2803 τῷ
1693 2768 1888 2804 σταυρωθέντι.

1099 2811 1154 2837 Καὶ
1167 2810 1207 2836 ὃτι
1219 2809 1305 2837 ταῦτα
1325 2808 1413 2836 πάντα
1428 2808 1476 2844 οὐχ
1498 2808 1591 2840 ἁπλῶς
1605 2810 1727 2843 γέγονεν,
1739 2809 1807 2836 ἀλλά
1821 2810 1892 2845 μετὰ

1100 2851 1278 2888 προρρήσεως
1291 2850 1344 2886 πρὸ
1356 2849 1452 2877 πολλοῦ
1466 2851 1653 2886 γεγενημένης
1666 2851 1774 2886 χρόνου,
1786 2851 1831 2877 ἐπὶ
1841 2851 1889 2878 τοῦ

1100 2894 1232 2930 παρόντος
1256 2892 1394 2925 ἀποδεῖξαι
1424 2892 1611 2927 πειράσομαν
1640 2892 1739 2928 μᾶλλον
1765 2893 1790 2920 δὲ
1817 2892 1887 2919 ῶπε
