2055 3122
213 208 266 237 813

495 201 631 230 CONTRA
650 199 792 230 JUD/EOS
810 198 854 227 ET
874 197 1050 226 GENTlL‘iES.
1071 195 1162 230 QUOD
1182 192 1349 223 CHRISTUS
1368 191 1420 220 Sl'l'
1440 188 1538 218 DEUS.

1787 182 1839 211 8H

286 696 445 718 ADVERSUS
467 693 593 716 JUD/EOS
615 693 655 713 ET
676 689 827 712 GENTILES
856 683 1111 708 DEMONSTRATIO,
1134 681 1219 708 QUOD
1247 678 1397 702 CHRISTUS
1419 677 1469 699 SIT
1493 675 1583 702 DEUS,
1607 675 1648 695 EX
1670 674 1721 701 IIS,
1744 671 1815 698 ρυλε

559 742 675 764 MULTIS
698 741 730 762 1N
753 739 840 761 LOCIS
862 739 903 760 DE
925 736 995 758 ILLO
1017 735 1113 756 DICTA
1135 733 1215 755 SUNT
1236 731 1319 753 APUD
1335 728 1530 751 PROPIIETAS.

261 1153 285 1181 1.
302 1151 435 1185 Quoniam
450 1148 573 1185 plerique
588 1147 738 1176 hominum,
752 1144 809 1172 sive
818 1150 850 1170 ex
861 1142 954 1169 innata
965 1145 1011 1167 so-

223 1199 327 1231 cordia,
341 1197 398 1225 sive
408 1203 441 1224 ex
462 1194 545 1223 nimia
564 1191 734 1221 satcularium
750 1196 852 1220 rerum,
866 1186 966 1222 quibus
980 1191 1010 1212 se

222 1244 395 1276 dediderunt,
411 1249 478 1269 cura
492 1244 573 1275 atque
589 1236 782 1268 sollicitudine,
800 1235 846 1262 alii
859 1240 922 1261 vero
933 1232 1010 1267 igno-

223 1289 312 1317 rantia
324 1295 420 1324 magna
429 1286 542 1318 detenti,
552 1284 672 1320 prolixos
681 1289 820 1311 sermones
832 1288 886 1308 non
896 1280 1011 1306 libenter

224 1337 348 1368 audiunt,
358 1342 448 1370 operae
459 1333 577 1368 pretium
588 1331 675 1358 visum
686 1333 739 1360 est,
750 1326 914 1361 multiloquii
926 1325 1010 1352 mole-

224 1383 304 1410 stiam
322 1387 448 1408 resecare
465 1388 471 1406 ε
488 1383 517 1405 ut
532 1377 667 1405 sermonis
682 1375 815 1403 brevitate
836 1381 896 1400 cum
920 1371 1010 1407 segni-

223 1429 287 1455 tiem
299 1434 393 1454 eorum
406 1426 507 1457 tollam,
522 1428 578 1451 tum
592 1423 635 1454 iis,
644 1422 726 1457 quiin
735 1419 859 1448 lectionis
869 1417 1008 1445 fastidium

223 1473 343 1509 prolapsi
355 1477 430 1503 sunt,
447 1471 587 1502 suadeam,
603 1473 633 1496 ut
643 1466 776 1503 praesenti
785 1464 902 1492 orationi
913 1470 1008 1498 magna

223 1526 285 1545 cum
300 1517 441 1544 aclaritale
449 1523 529 1543 aures
540 1514 686 1549 praebeant.
696 1513 759 1540 ldeo
771 1511 852 1539 nullis
866 1510 1008 1537 verborum

223 1563 422 1596 hominumque
439 1561 579 1588 lenociniis
595 1558 750 1590 utens,‘sed
767 1557 840 1584 dicta
857 1556 898 1583 sic
907 1559 1009 1589 tempe-

223 1616 299 1639 rans.
319 1613 349 1634 ut
365 1607 478 1637 famulo,
496 1605 612 1637 ancillae,
627 1605 725 1636 viduae,
740 1602 870 1634 institori,
885 1605 974 1628 nauta:
983 1604 1010 1627 et

223 1654 348 1690 agricolae
365 1657 445 1687 captu
464 1652 552 1679 facilia
565 1652 630 1684 sint,
645 1651 769 1678 brevitati
787 1650 908 1684 insuper,
924 1655 1010 1682 quan-

225 1703 281 1726 tum
299 1698 339 1726 fas
355 1698 418 1729 erit,
436 1698 537 1732 ubique
545 1697 658 1725 studebo
675 1695 843 1731 :paueisque
857 1694 1008 1722 doctrinam

225 1744 332 1771 tradere
346 1747 467 1778 satagam
483 1752 489 1770 :
503 1746 584 1777 atque
600 1748 714 1776 uIroque
735 1741 814 1768 mod‘o
834 1740 1009 1768 oscitantium

223 1788 377 1815 auditorum
394 1787 486 1815 studia
498 1787 623 1814 excitabo
635 1795 643 1820 ;
659 1794 713 1821 quo
725 1787 804 1814 facile
817 1791 843 1813 et
857 1786 958 1821 absque
970 1785 1010 1812 la—

222 1835 289 1862 bore
298 1835 354 1861 haec
368 1834 509 1869 percipere
523 1834 640 1868 possint,
653 1833 740 1867 iisque
752 1832 779 1860 in
791 1832 921 1860 memoria
932 1840 1006 1867 repo.

223 1881 295 1912 silis,
322 1880 427 1907 lucrum
445 1879 507 1906 inde
527 1882 676 1914 reportent.
700 1878 820 1906 Primum
839 1882 929 1906 autem
947 1886 1008 1904 eum

222 1925 379 1953 Gentilibus
388 1932 485 1951 manus
493 1931 647 1951 conseram.
658 1923 724 1950 Nam
737 1923 760 1951 si
773 1923 873 1950 dixerit
884 1923 1008 1955 Gentilis,

226 1970 298 1997 unde
305 1970 479 1997 manifestum
491 1974 533 1998 est
543 1969 680 1998 Christum
690 1977 750 1997 esse
758 1969 840 1996 Deum
849 1969 929 2004 ?(hoe
939 1969 1010 1996 enim

224 2021 286 2043 ante
304 2017 394 2043 omnia
412 2016 581 2051 praestituere
594 2019 711 2051 oportet,
727 2019 821 2050 utpote
837 2023 898 2042 cum
915 2019 1012 2043 cratera

225 2061 288 2087 inde
302 2059 514 2099 consequantur)
524 2067 577 2086 non
590 2067 603 2085 ξι
616 2059 685 2086 etB-io
698 2059 958 2086 demonstrationem
969 2067 1013 2094 pe-

224 2109 321 2136 temus,
337 2112 424 2138 neque
446 2103 479 2131 ab
494 2103 553 2131 aliis
576 2103 602 2130 id
616 2109 710 2137 genus.
728 2101 794 2129 Nam
812 2102 835 2129 si
851 2102 889 2129 illi
903 2101 1009 2134 dixero,

223 2149 316 2175 c:elum
338 2149 447 2182 creavit,
469 2152 567 2176 terram
588 2148 651 2175 item
672 2147 714 2174 vel
733 2154 817 2179 mare,
842 2146 868 2174 id
890 2146 945 2181 ipse
959 2154 1011 2173 non

224 2195 305 2226 feret;
325 2195 346 2221 si
361 2194 464 2228 dixero,
485 2199 605 2222 mortuos
626 2193 772 2225 suscitavit,
795 2200 881 2220 caecos
899 2192 1010 2225 curavit,

224 2240 358 2266 daemonas
385 2239 493 2274 fugavit,
514 2247 602 2274 neque
626 2238 677 2266 hoc
700 2238 837 2271 admittet;
860 2238 882 2265 si
909 2238 1011 2270 dixero,

224 2293 334 2320 regnum
348 2286 470 2320 promisit
483 2290 509 2312 et
524 2285 626 2313 occulta
641 2285 720 2316 bona,
737 2284 758 2311 si
772 2284 805 2312 de
818 2284 1013 2312 resurrectione

225 2331 303 2357 verba
318 2331 416 2363 fecero,
434 2331 484 2357 hoc
499 2338 551 2357 non
567 2331 647 2357 modo
661 2338 713 2358 non
731 2331 849 2365 recipiet,
864 2330 911 2357 sed
933 2330 1013 2357 etiam

225 2377 331 2404 ridebit.
348 2377 422 2404 Unde
436 2377 524 2412 igitur,
540 2377 656 2404 maxime
675 2377 696 2403 si
717 2376 797 2403 idiota
817 2376 861 2408 sit,
882 2376 954 2402 illum
970 2377 1011 2402 in-

226 2423 385 2450 stituemus?
399 2422 484 2455 Unde,
503 2423 618 2458 inquam,
641 2423 690 2450 nisi
704 2431 735 2450 ex
752 2422 794 2455 iis,
809 2430 868 2457 qum
882 2422 950 2456 apud
971 2429 1014 2449 me

225 2471 251 2493 et
277 2468 348 2493 illum
372 2468 397 2494 in
427 2468 550 2495 Confesso
572 2472 644 2501 sunt,
668 2476 717 2495 nec
743 2468 769 2495 in
790 2467 898 2494 dubium
925 2467 1014 2494 vocari

229 2516 347 2546 possunt.
360 2512 426 2539 Nam
445 2513 466 2539 si
487 2513 738 2548 supponamripsum
754 2513 904 2540 condidisse
920 2513 1014 2540 caelum

227 2562 254 2584 et
267 2557 329 2590 alia,
343 2565 401 2591 qua:
414 2558 478 2590 dixi,
502 2558 527 2585 id
541 2559 586 2585 ille
609 2566 662 2585 non
684 2559 758 2586 facile
772 2558 872 2585 credet.
887 2559 1015 2592 Quaenam

227 2603 308 2638 igitur
321 2608 383 2630 sunt
400 2611 441 2636 ea,
457 2612 515 2638 qum
531 2605 615 2638 ipsum
630 2604 726 2632 fecisse
745 2604 857 2632 Gentilis
879 2604 938 2639 ipse
951 2604 1016 2631 [ate-

231 2655 282 2681 tur,
298 2656 384 2683 neque
405 2657 502 2684 negare
522 2651 627 2684 potest?
648 2650 723 2684 Quod
746 2650 954 2678 Christianorum
968 2658 1015 2685 ge-

230 2702 278 2722 nus
291 2696 347 2730 ipse
359 2695 505 2723 fundaverit
520 2705 526 2722 :
544 2704 628 2730 neque
643 2697 712 2723 enim
731 2697 794 2724 illud
809 2703 951 2731 negaturus
965 2702 1016 2730 est,

230 2741 300 2775 quol
315 2741 453 2768 universas
466 2749 513 2775 per
524 2741 615 2768 Orbem
631 2741 764 2769 Ecclesias
777 2742 936 2769 condiderit.
952 2742 1018 2770 Hinc

230 2787 286 2820 ejus
303 2786 427 2821 potentia:
445 2790 630 2822 argumentum
650 2787 788 2819 ducemus,
805 2791 831 2814 et
848 2787 1019 2814 ostendemus

229 2832 318 2866 ipsum
329 2838 393 2860 vere
414 2831 497 2860 Deum
521 2838 602 2859 esse:
619 2831 787 2867 dicemusque
806 2839 858 2859 non
880 2839 939 2859 eSSc
962 2833 1018 2867 puri

1059 1144 1175 1171 hominis
1199 1147 1301 1170 tantum
1326 1142 1430 1174 orbem,
1455 1145 1565 1174 terram,
1591 1148 1675 1174 mare,
1701 1145 1753 1168 tam
1779 1140 1851 1168 brevi

1059 1194 1177 1224 tempore
1198 1188 1352 1224 pervadere,
1370 1192 1397 1215 et
1416 1187 1451 1214 ad
1468 1194 1512 1214 res
1534 1191 1621 1214 tantas
1639 1193 1770 1218 evocare;
1791 1193 1851 1213 eum

1059 1234 1177 1267 maxime
1198 1237 1252 1260 tam
1276 1233 1398 1260 absurdis
1420 1232 1538 1260 moribus
1555 1232 1653 1259 assueti
1673 1231 1793 1258 homines
1811 1238 1854 1259 es—

1062 1283 1132 1312 sent,
1146 1283 1173 1307 et
1189 1283 1228 1306 tot
1241 1279 1318 1306 malis
1329 1278 1433 1305 irretiti.
1447 1278 1482 1304 Et
1495 1282 1583 1305 tamen
1599 1277 1684 1311 potuit
1698 1277 1742 1303 ille
1758 1276 1853 1303 huma-

1062 1333 1126 1353 num
1142 1332 1228 1360 genus
1240 1325 1274 1352 ab
1295 1323 1336 1351 his
1352 1323 1476 1350 omnibus
1493 1323 1626 1355 liberare;
1648 1329 1702 1349 non
1719 1321 1854 1349 Romanos

1063 1376 1175 1404 tantum,
1195 1371 1243 1398 sed
1253 1370 1348 1398 Persas
1361 1374 1388 1397 et
1400 1377 1479 1397 omne
1492 1369 1669 1396 Barbarorum
1682 1375 1775 1403 genus.
1790 1368 1854 1395 llam

1063 1424 1144 1452 porro
1158 1416 1219 1443 fecit
1242 1423 1295 1443 non
1319 1415 1401 1442 armis
1424 1422 1497 1447 usus,
1521 1422 1574 1442 non
1588 1414 1748 1449 sumptibus,
1773 1413 1854 1440 nullis

1062 1462 1233 1495 exercitibus,
1248 1469 1301 1488 non
1312 1460 1461 1488 commissis
1474 1460 1584 1495 praeliis,
1597 1459 1644 1487 sed
1658 1459 1787 1494 principio
1809 1466 1855 1493 per

1064 1508 1187 1535 undecim
1212 1507 1296 1540 viros,
1328 1506 1468 1541 ignobiles,
1497 1506 1571 1538 viles,
1603 1506 1719 1540 ignaros,
1746 1505 1851 1536 idiotas,

1063 1560 1205 1589 pauperes,
1221 1552 1318 1584 nudos,
1331 1552 1456 1584 inermes,
1481 1551 1578 1578 calceis
1595 1555 1727 1584 carentes,
1748 1557 1800 1577 una
1815 1554 1856 1577 tu—

1064 1599 1123 1626 nica
1138 1603 1233 1626 tectos.
1253 1597 1321 1631 Quid
1341 1597 1411 1629 dico,
1434 1597 1517 1624 fecit?
1532 1596 1697 1624 Persuadere
1713 1596 1798 1630 potuit
1817 1599 1856 1622 tot

1064 1644 1202 1671 hominum
1220 1644 1352 1678 gentibus,
1375 1648 1405 1670 ut
1426 1650 1479 1670 non
1496 1642 1530 1669 de
1544 1642 1719 1677 prmsentibus
1743 1646 1854 1673 tantum,

1065 1689 1113 1716 sed
1129 1689 1207 1716 etiam
1222 1689 1255 1716 de
1277 1688 1369 1715 futuris
1383 1687 1644 1722 philosopharentur,
1663 1692 1744 1722 utque
1759 1688 1856 1722 patrias

1065 1735 1136 1769 leges
1160 1735 1317 1766 evellerent,
1347 1739 1503 1768 veteresque
1526 1741 1615 1760 mores
1641 1737 1714 1760 tanto
1739 1738 1857 1767 tempore

1065 1780 1198 1808 radicatos
1224 1780 1330 1814 penitus
1358 1780 1490 1812 tollerent,
1512 1779 1632 1813 aliosque
1655 1779 1855 1810 substituerent,

1066 1826 1110 1861 qui
1131 1825 1164 1852 ab
1184 1825 1297 1852 assuetis
1310 1830 1337 1852 et
1358 1825 1479 1852 facilibus
1499 1824 1532 1851 ad
1547 1825 1695 1852 difficiliora
1718 1825 1776 1858 ejus
1789 1831 1858 1859 prm-

1067 1876 1142 1905 cepta
1156 1870 1334 1897 traducerent.
1350 1870 1412 1896 llzee
1424 1877 1489 1896 vero
1504 1869 1590 1897 facere
1613 1869 1707 1904 potuit,
1728 1869 1789 1895 dum
1810 1876 1858 1903 op-

1066 1921 1227 1952 pugnaretur
1236 1915 1269 1942 ab
1279 1915 1401 1942 omnibus
1414 1923 1420 1942 :
1434 1922 1594 1949 crucemque
1608 1915 1743 1947 sustinuit,
1759 1914 1857 1941 infame

1066 1961 1232 1996 supplicium,
1255 1968 1287 1988 ac
1309 1965 1422 1987 mortem
1448 1960 1739 1994 ignominiosissimam.
1763 1959 1855 1994 Neque

1066 2008 1137 2035 enim
1150 2007 1284 2041 negabunt
1297 2006 1383 2040 ipsum
1397 2014 1410 2032 a
1424 2005 1523 2033 Judzeis
1536 2006 1690 2032 crucifixum
1705 2006 1858 2032 innumera-

1065 2061 1117 2088 quc
1128 2053 1162 2080 ab
1176 2053 1229 2079 illis
1243 2059 1349 2086 passum
1370 2059 1439 2082 esse,
1456 2055 1482 2077 et
1496 2056 1582 2078 tamen
1598 2051 1715 2085 quotidie
1730 2050 1858 2085 prmdicn-

1067 2099 1166 2125 tionem
1185 2104 1339 2124 accrescere
1356 2095 1496 2131 :quodque
1511 2095 1665 2122 incredibile
1679 2095 1810 2127 videatur,
1826 2103 1857 2122 ea

1065 2151 1120 2171 non
1133 2144 1176 2171 hic
1191 2148 1303 2175 tantum,
1320 2142 1365 2169 sed
1379 2146 1405 2169 et
1416 2141 1485 2176 apud
1499 2140 1690 2174 Persas‘ﬂoret,
1702 2141 1808 2169 etiamsi
1822 2142 1857 2169 ab

1067 2190 1119 2217 illis
1130 2193 1307 2224 oppugnetur.

1102 2235 1136 2262 In
1157 2235 1262 2262 Perside
1284 2234 1411 2269 Martyres
1434 2233 1680 2260 mulli.—Etenim
1705 2232 1774 2267 apud
1798 2232 1858 2259 illos

1067 2287 1172 2315 quoque
1182 2284 1328 2315 martyrum
1341 2280 1462 2306 examina
1477 2279 1560 2305 multa
1577 2287 1583 2305 :
1595 2282 1623 2305 et
1635 2283 1722 2305 tamen
1736 2278 1780 2313 qui
1795 2278 1858 2312 ipsis

1068 2327 1136 2361 lupis
1150 2326 1295 2353 ferociores
1316 2330 1402 2359 erant,
1419 2330 1526 2359 accepta
1546 2324 1744 2359 praedicatione,
1765 2323 1859 2351 ovibus

1068 2371 1264 2398 mansuetiores
1285 2377 1394 2398 evasere
1412 2379 1418 2397 :
1427 2370 1535 2403 jamque
1554 2369 1588 2396 de
1603 2368 1811 2401 immortalitate,
1826 2368 1860 2395 de

1068 2416 1264 2444 resurrectione
1275 2420 1301 2443 et
1311 2416 1345 2443 de
1357 2415 1532 2443 ineffabilibus
1544 2415 1620 2442 bonis
1630 2414 1858 2449 philosophantur.

1103 2463 1130 2490 2.
1151 2462 1277 2490 Christum
1292 2462 1372 2489 Deum
1389 2467 1412 2489 ει
1427 2461 1553 2488 Iwminem
1566 2463 1678 2497 futurum
1693 2469 1746 2488 esse
1765 2461 1860 2496 prtuli-

1068 2515 1135 2537 ctum
1145 2514 1190 2537 est.
1203 2524 1239 2529 —-
1251 2509 1309 2536 Non
1324 2509 1350 2536 in
1364 2508 1473 2536 urbibus
1486 2511 1598 2540 tantum,
1617 2507 1663 2535 sed
1678 2507 1757 2534 etiam
1771 2507 1797 2534 in
1811 2507 1859 2534 de-

1070 2559 1143 2583 serto
1165 2555 1223 2583 haec
1236 2555 1363 2589 prceclare
1381 2558 1454 2589 gesta
1471 2553 1573 2586 videas,
1590 2554 1616 2580 in
1630 2553 1706 2586 vicis,
1731 2552 1757 2579 in
1779 2551 1859 2587 agris,

1070 2603 1096 2630 in
1111 2601 1216 2635 insulis,
1231 2601 1258 2628 in
1274 2601 1400 2636 portubus
1411 2604 1437 2627 et
1451 2599 1589 2627 navalibus
1605 2608 1611 2626 :
1628 2607 1680 2626 nou
1695 2598 1794 2631 idiotas,
1808 2604 1859 2625 non

1072 2649 1206 2684 principes
1227 2651 1339 2680 tantum,
1365 2646 1411 2674 sed
1432 2646 1470 2673 illi
1493 2645 1543 2681 ipsi
1564 2646 1609 2680 qui
1627 2645 1776 2672 diademate
1794 2643 1860 2671 redi-

1071 2696 1199 2727 miuntur,
1212 2694 1338 2721 crucifixo
1350 2701 1442 2728 magna
1456 2701 1515 2720 cum
1529 2692 1580 2720 ﬁde
1592 2692 1690 2719 subditi
1702 2696 1774 2718 sunt.
1786 2691 1860 2724 Quod

1071 2746 1159 2768 autem
1171 2740 1228 2767 hate
1240 2747 1291 2767 non
1305 2744 1405 2767 temere
1419 2739 1587 2774 contigerint,
1601 2738 1647 2765 sed
1658 2738 1702 2764 diu
1718 2741 1779 2764 ante
1793 2743 1860 2771 prae-

1072 2787 1141 2814 dicta
1156 2787 1219 2820 sint,
1229 2786 1284 2820 jam
1295 2786 1479 2813 demonstrare
1495 2784 1621 2812 conabor.
1637 2784 1692 2811 lmo
1703 2791 1775 2814 vero,
1786 2787 1816 2810 ut
1829 2789 1864 2809 ne

1072 2840 1160 2861 sermo
1175 2837 1264 2859 noster
1278 2836 1416 2867 suspectus
1432 2831 1475 2864 sit,
1491 2838 1579 2866 opera:
1594 2830 1706 2866 pretium
1718 2829 1767 2856 erit
1780 2828 1861 2856 libros
