2055 3122
238 152 291 179 815

239 214 404 250 Jndzeorum,
415 217 458 251 qui
475 217 560 251 ipsum
573 217 771 248 cruciﬁxerunt,
787 215 813 243 in
836 216 952 243 medium
966 224 1028 250 pro-

240 259 318 293 ferre,
333 261 503 296 ipsorumque
513 261 661 288 testimonia
672 269 704 288 ex
714 261 867 296 Scripturis,
877 270 936 296 qua:
944 269 1026 296 penes

238 313 286 333 eos
309 313 489 339 asservantur,
508 313 637 342 excerpta
660 310 710 336 sub
730 309 925 337 incredulorum
945 310 1029 338 oculis

239 359 403 386 percurrere.
417 352 492 386 Quod
508 353 586 387 igitur
598 353 669 380 Deus
680 353 759 381 homo
772 354 875 382 futurus
885 355 928 388 sit,
943 348 1028 383 Dieus-

239 403 292 430 que
315 404 465 429 mansurus,
482 397 583 431 primus
604 399 723 426 omnium
738 399 802 427 dicit
815 400 944 428 Jercmias
957 409 964 426 :
978 401 1028 428 Hic

237 439 306 467 Deus
325 447 416 474 noster,
434 450 484 469 non
508 444 665 478 reputabitur
684 445 749 471 alius
771 446 804 472 ad
819 446 900 473 illum.
924 445 1030 473 Invenit

237 493 335 512 omnem
345 487 411 513 viam
423 488 545 520 scientiae,
557 494 580 516 et
591 489 659 516 dedit
669 490 740 517 illam
751 490 831 518 Iacob
845 500 923 526 puero
936 500 992 524 suo,
1006 497 1030 520 et

239 528 322 557 Israel
335 531 426 558 dilecto
439 540 494 560 suo.
516 530 578 560 Post
594 534 646 561 haec
660 535 686 561 in
701 540 767 562 terra
781 536 848 563 visus
869 541 916 570 est,
933 541 956 564 et
971 546 1028 564 cum

238 575 379 603 hominibus
401 584 561 606 conversatus
583 584 619 606 est
639 580 744 615 (Baruc.
772 582 799 608 5.
821 582 925 617 36-58).
950 582 1028 610 Vides

237 622 370 655 quomodo
382 624 470 651 omnia
485 625 575 658 paucis
586 626 675 653 verbis
686 627 838 661 declaravit,
851 637 945 663 nempe
955 630 1026 665 quod

240 665 308 692 Deus
321 667 466 701 exsistens,
482 669 562 696 homo
581 670 667 698 factus
690 672 736 704 sit,
755 677 782 699 et
800 681 859 700 cum
877 674 1027 703 hominibus

238 717 410 740 conversatus
431 714 484 747 sit;
497 720 524 742 et
538 716 608 750 quod
626 723 744 744 veterem
760 718 845 752 legem
865 719 922 753 ipse
938 720 1028 747 condi-

240 755 329 783 derit?
340 757 406 784 Nam
423 758 531 792 Invenit,
554 761 648 795 inquit,
665 770 764 789 onmem
783 764 848 790 viam
867 765 987 798 scientite,
1003 770 1027 793 el

236 799 305 827 dedit
321 801 392 828 illam
406 803 486 830 Iacob
501 813 577 838 puero
592 814 648 838 suo,
663 811 686 834 et
700 806 783 834 Israel
797 808 887 836 dilecto
907 818 962 837 suo.
978 810 1027 838 Hic

236 845 332 881 quippe
345 847 433 881 docet,
445 849 524 876 etiam
540 855 601 878 ante
615 851 825 881 lncarnationem
837 855 923 889 ipsum
936 857 1025 884 omnia

236 891 417 926 dispensasse,
433 896 575 931 omniaque
590 896 695 931 iecisse,
712 899 797 934 legem
815 901 948 934 statuisse,
963 909 1025 937 pro-

237 936 342 969 vidisse,
358 935 476 973 curasse,
497 940 671 970 benelecisse.
695 944 770 971 Alius
789 945 882 972 iterum
897 946 1024 981 propheta

235 982 368 1015 quomodo
383 983 455 1010 dicat
469 984 554 1019 ipsum
577 994 630 1014 non
645 987 726 1015 modo
746 989 879 1017 hominem
894 991 1022 1025 futurum,

235 1026 283 1053 sed
299 1028 377 1054 etiam
400 1036 434 1056 ex
453 1029 560 1065 Virgine
584 1033 756 1067 nasciturum,
775 1035 854 1062 audi:
869 1036 935 1063 Ecce
955 1038 1024 1073 virgo

231 1071 261 1097 in
277 1076 349 1099 utero
370 1073 477 1108 habebit,
501 1080 524 1102 et
545 1077 625 1110 pariet
639 1077 729 1111 ﬁlium,
749 1083 772 1106 et
792 1081 916 1108 vocabunt
933 1071 1024 1110 nomen

234 1116 288 1150 ejus
302 1115 454 1145 Emmanuel
475 1119 488 1154 (
499 1119 564 1147 lies.
584 1119 609 1146 7.
626 1120 689 1155 M).
708 1121 786 1154 Quod
805 1116 1022 1160 interpretantur,

237 1161 377 1189 Nobiscum
398 1163 476 1191 Deus.
491 1165 592 1194 Deinde
609 1167 763 1201 ostendens,
779 1176 832 1196 non
854 1176 1023 1205 apparenter,

233 1208 279 1235 sed
289 1216 350 1235 vere
357 1209 491 1238 hominem
500 1219 571 1246 esse,
580 1212 696 1246 addidit,
705 1212 869 1249 [Batyrumet
881 1217 930 1243 mel
942 1225 1025 1245 come-

232 1253 282 1280 det.
301 1254 358 1282 Mos
369 1261 410 1283 est
424 1257 505 1290 enim,
516 1262 544 1285 ut
561 1258 602 1286 his
618 1259 684 1287 cibis
700 1261 866 1294 peculiariter
884 1267 1025 1296 pascantur

233 1298 307 1332 pueri
317 1307 375 1328 mox
386 1305 414 1328 ut
422 1301 476 1329 nati
483 1303 587 1330 fuerint.
604 1303 638 1330 Et
651 1303 798 1338 declarans,
807 1306 877 1340 quod
884 1315 936 1334 non
944 1316 1024 1342 purus

233 1345 324 1380 homo,
337 1346 432 1374 iterum
447 1348 520 1376 addit
530 1348 670 1385 diceus‘]:
684 1350 793 1386 Propter
802 1352 868 1386 quod
878 1354 1024 1389 priusquam

229 1391 294 1417 sciat
302 1399 364 1426 puer
370 1400 459 1420 vocare
466 1398 563 1428 patrem
574 1394 665 1421 bonum
672 1396 710 1422 vel
718 1397 811 1423 malum
821 1417 828 1429 ,
839 1406 888 1424 non
899 1399 1024 1434 obtempe-

229 1439 270 1462 rat
296 1437 417 1470 malitite,
438 1442 465 1464 ut
488 1439 565 1474 eligat
590 1439 682 1467 bonunt
703 1441 803 1475 (llcsai.
826 1443 851 1469 7.
871 1443 927 1478 16).
947 1445 1023 1478 Quod

229 1484 318 1508 autem
337 1489 389 1509 non
403 1487 502 1510 tantum
514 1484 595 1512 homo
608 1489 635 1513 et
649 1494 683 1514 ex
698 1487 814 1522 virgine,
829 1489 875 1516 sed
895 1490 974 1517 etiam
990 1498 1023 1518 ex

230 1526 310 1554 domo
330 1527 412 1556 David
430 1528 534 1557 iuturus
555 1535 637 1563 esset,
658 1532 720 1560 audi
735 1533 868 1567 quomodo
890 1534 934 1562 diu
957 1540 1020 1564 ante

230 1572 383 1605 praedixerit
404 1573 523 1608 llesaias,
537 1577 582 1610 qui
604 1576 695 1611 ﬁguris
718 1578 780 1606 licet
803 1587 867 1607 usus
886 1585 914 1607 et
936 1586 1022 1608 meta—

230 1617 323 1652 phora,
349 1620 468 1654 praedicit
487 1625 575 1649 tamen
593 1631 599 1649 :
618 1622 771 1658 Egredietur
792 1625 862 1660 virga
885 1627 916 1653 dc
937 1628 1023 1654 radice

229 1663 320 1697 λειω,
336 1670 360 1692 et
372 1665 420 1700 ﬂos
433 1666 464 1692 de
483 1667 568 1694 radice
581 1669 634 1703 ejus
652 1670 778 1702 ascendet,
790 1675 813 1697 ct
828 1672 963 1706 requiescet
976 1681 1022 1700 su-

231 1717 276 1743 per
284 1717 340 1736 eum
351 1710 454 1743 spiritus
464 1710 574 1744 Domini,
586 1713 689 1747 spiritus
698 1715 828 1748 sapientite
837 1721 861 1742 et
871 1716 1020 1752 intellectus,

234 1755 338 1789 spiritus
352 1756 449 1782 consilii
464 1761 488 1783 et
508 1758 672 1792 fortitudinis,
688 1761 792 1794 spiritus
809 1763 920 1790 scientia:
932 1768 955 1790 et
965 1764 1020 1798 pie-

229 1801 305 1831 tatis,
320 1801 424 1835 spiritus
440 1802 535 1830 timoris
547 1802 597 1830 Dei
608 1805 711 1839 replebit
728 1806 800 1832 illum
817 1807 916 1842 (llesai.
933 1809 977 1836 H.
992 1810 1022 1837 1-

233 1845 273 1880 5).
288 1845 336 1873 Hic
348 1847 419 1874 enim
438 1847 522 1875 Jessa:
544 1854 619 1883 pater
634 1850 681 1878 iuit
695 1851 811 1884 Davidis.
830 1854 890 1887 quia
918 1861 951 1881 ex
977 1855 1020 1882 illa

228 1891 297 1919 tribu
315 1897 456 1921 eratznec
477 1894 564 1922 solum
587 1903 622 1923 ex
646 1897 690 1924 illa
713 1898 794 1931 tribu,
818 1890 864 1926 sed
887 1900 967 1928 etiam
987 1909 1021 1930 ex

227 1937 308 1965 domo
321 1937 403 1966 Jessae
421 1940 556 1980 prodibit:
573 1941 599 1968 id
618 1950 682 1969 vero
695 1944 884 1978 praenuntiavit
904 1945 945 1973 his
957 1954 1020 1974 ver-

231 1984 291 2011 bis:
306 1983 457 2019 Eqredietur
473 1986 543 2022 virga
555 1987 586 2014 de
610 1988 696 2016 radice
706 1988 796 2022 Jessw,
819 1998 871 2017 non
894 1991 928 2018 de
947 1992 1020 2027 virga

227 2030 384 2064 simpliciter
405 2031 527 2066 loquens,
555 2033 602 2060 sed
623 2034 657 2061 de
684 2034 728 2062 illo
738 2039 765 2062 et
786 2035 819 2062 de
844 2044 927 2071 regno
951 2038 1018 2072 ejus.

227 2075 304 2108 Quod
316 2080 402 2103 autem
419 2085 472 2104 non
483 2077 516 2105 de
530 2079 602 2112 virga
619 2079 675 2106 haec
685 2080 794 2112 dixerit,
808 2081 834 2108 in
849 2083 1020 2117 sequentibus

227 2119 345 2147 declarat
360 2130 366 2148 :
383 2127 521 2157 postquam
536 2124 606 2151 enim
627 2125 730 2152 dixerat
752 2126 857 2161 uirgam,
873 2128 1018 2163 subiunxit,

228 2166 262 2193 Et
272 2167 406 2202 requiescet
420 2177 496 2202 super
507 2177 562 2196 eum
580 2170 682 2204 spiritus
695 2171 825 2205 sapientia!
838 2178 862 2200 et
869 2175 1018 2202 intellectus.

226 2211 311 2239 Nemo
322 2213 404 2246 enim,
416 2212 466 2240 etsi
477 2213 618 2241 admodum
628 2215 754 2249 insipiens
763 2217 806 2250 sit,
820 2217 930 2253 dixerit,
941 2221 1020 2255 spiri-

227 2262 270 2285 tns
284 2259 396 2293 gratiam
411 2267 491 2294 super
512 2259 610 2294 lignum
623 2260 761 2290 advenisse
775 2272 782 2290 :
794 2265 840 2291 sed
863 2265 949 2300 palam
965 2270 1017 2299 est,

226 2311 308 2339 super
321 2304 449 2338 templum
466 2304 528 2331 illud
547 2306 743 2335 immaculatum
756 2310 870 2337 venisse.
889 2310 950 2338 Ideo
965 2319 1018 2338 non

226 2348 304 2381 dixit,
315 2349 405 2381 veniet,
420 2349 467 2377 sed
482 2352 636 2384 requiescet:
648 2354 772 2387 quoniam
786 2361 924 2390 postquam
935 2357 1017 2389 venit,

227 2394 264 2421 ibi
282 2395 389 2426 mansit,
412 2403 462 2422 nec
482 2395 613 2424 discessit.
627 2398 702 2432 Quod
716 2399 830 2428 Joannes
850 2401 1018 2435 Evangelista

226 2440 345 2467 declarat
365 2440 407 2467 his
421 2441 508 2469 verbis
523 2441 598 2478 :Ego
619 2444 670 2471 vidi
685 2443 813 2479 Spiritum
830 2445 1018 2474 descendentem

226 2487 289 2514 sicut
302 2487 453 2520 columbarii,
469 2492 492 2514 et
509 2494 649 2516 manentem
662 2498 737 2525 super
749 2499 805 2517 eum
816 2490 906 2525 (Joan.
919 2493 944 2519 1.
959 2493 1016 2529 59).

225 2531 318 2565 Neque
334 2531 440 2558 silentio
455 2534 680 2566 praetermiserunt
699 2535 856 2562 sententiam
868 2536 1015 2572 Judaicam,

225 2584 306 2612 quam
325 2576 362 2605 illi
381 2577 557 2606 exhibuerunt
577 2579 635 2614 ipso
656 2583 717 2606 nato
730 2588 737 2606 :
749 2587 809 2607 nam
827 2581 964 2610 Matthazus
979 2585 1018 2611 sic

226 2622 342 2656 loquitur
353 2630 360 2649 :
373 2622 483 2650 Audiens
495 2628 578 2650 autem
592 2624 703 2653 Herodes
715 2626 827 2653 turbatus
841 2632 886 2661 est,
901 2633 924 2655 et
937 2630 1017 2657 ontnis

218 2661 385 2702 [Jerosolyma
405 2677 462 2694 cum
483 2669 527 2695 illo
543 2669 648 2704 (Matth.
665 2670 693 2697 2.
715 2671 754 2705 5).
768 2672 889 2700 llcsaiam
912 2683 1016 2710 quoque

226 2712 298 2746 audi,
315 2713 359 2747 qui
379 2713 404 2741 id
419 2714 464 2741 diu
479 2719 540 2742 ante
561 2717 746 2750 prmnuntiavit
760 2726 766 2744 :
782 2718 897 2753 Cupient,
919 2722 940 2747 si
952 2722 1015 2756 fiant

256 2811 266 2827 ¹
278 2815 334 2840 Quae
345 2812 439 2846 uncinis
451 2812 642 2846 hiqclauduntur
654 2820 700 2838 non
712 2814 826 2846 leguntur
838 2817 861 2841 in
874 2821 942 2842 tcxtn
953 2823 1016 2843 Grae-

225 2847 264 2870 co,
274 2848 355 2876 neque
367 2842 430 2873 apud
440 2843 550 2868 Savihum
557 2851 566 2876 ;
577 2844 620 2868 sed
637 2842 752 2870 videntuF
762 2847 790 2870 ad
803 2848 892 2873 seriem
903 2842 1016 2876 orationis

225 2873 360 2905 pertinere,
368 2878 442 2905 atque
452 2880 467 2899 a
483 2875 562 2900 veteri
575 2878 709 2907 interprete
725 2876 786 2902 lecta
798 2883 863 2904 sunt.

612 159 641 186 S.
660 158 796 186 JOANNIS
807 157 1041 186 CllRYSOSTOMI
1062 158 1219 188 ARClllEP.
1241 161 1504 194 CONSTANTINOP.

1818 173 1867 201 816

1083 217 1140 251 igne
1151 219 1272 247 combusti
1284 229 1293 248 :
1306 223 1364 256 quia
1376 232 1437 258 pucr
1451 230 1524 253 natus
1538 230 1574 253 est
1587 228 1667 261 nobis,
1679 234 1702 256 et
1714 230 1782 264 [ilius
1793 231 1866 262 datus

1082 267 1118 289 est
1132 264 1211 297 nobis,
1233 270 1256 292 et
1272 273 1374 299 vocatur
1388 277 1477 297 nomen
1495 271 1559 306 ejus,
1576 275 1660 308 magni
1674 276 1772 303 consilii
1784 277 1865 314 Ange-

1082 310 1130 343 lus,
1145 312 1300 341 admirabilis
1314 316 1483 349 consiliarius,
1504 317 1572 345 Dcus
1585 320 1667 354 fortis,
1683 327 1780 356 potens,
1795 325 1866 358 prin-

1081 364 1140 391 ceps
1152 359 1230 392 pacis.
1247 364 1318 393 pater
1331 360 1411 394 futuri
1429 363 1514 390 sceculi
1526 363 1599 398 (lies.
1622 366 1647 393 9.
1664 367 1690 394 5.
1712 368 1750 403 6).
1765 369 1820 397 lloc
1833 371 1866 398 de

1082 409 1148 436 puro
1162 403 1270 432 homine
1282 405 1333 432 dici
1344 414 1396 434 non
1408 415 1485 442 posse
1498 411 1585 444 palam
1600 417 1642 439 est
1656 413 1695 440 vel
1711 414 1752 448 iis,
1766 416 1810 450 qui
1820 417 1867 443 ad-

1080 448 1189 476 modum
1203 453 1361 479 conlentiosi
1383 459 1453 482 sunt.
1469 455 1563 484 Nullus
1580 458 1676 493 quippe
1690 448 1802 488 homo-a
1817 470 1866 490 sa:-

1079 495 1142 522 culo
1164 496 1234 525 Deus
1247 497 1323 526 fortis
1343 505 1452 529 vocatus
1471 508 1522 535 est,
1546 508 1575 531 nt
1595 513 1680 540 neque
1701 511 1781 534 tantae
1794 510 1865 543 pacis

1079 541 1221 576 princeps:
1236 551 1297 571 nam
1318 545 1394 573 Pacis
1413 548 1477 581 eius,
1501 549 1595 584 inquit,
1620 560 1671 578 non
1692 557 1727 579 est
1747 541 1866 581 terminus

1081 584 1134 620 (Ib.
1154 595 1179 613 υ.
1200 588 1238 623 7).
1264 589 1292 616 Id
1311 590 1429 619 declarat
1450 601 1539 620 rerum
1557 601 1677 630 eventus,
1699 598 1759 632 quia
1783 604 1863 626 totam

1079 633 1194 665 pervasit
1209 637 1316 667 terram,
1331 636 1481 665 universum
1495 647 1578 673 mare,
1597 642 1740 678 orbemque
1760 645 1863 673 habita-

1079 676 1168 710 bilem,
1181 685 1294 714 montes,
1307 681 1398 715 saltus,
1410 684 1502 718 colles,
1512 692 1526 711 a
1540 685 1581 713 die
1592 687 1671 721 illa,a
1684 676 1735 723 qua
1744 689 1864 719 Christus

1079 723 1207 758 incipiens
1230 726 1256 753 in
1281 728 1374 755 caelum
1393 737 1552 759 ascensurus
1566 732 1653 760 dixit:
1669 734 1761 766 Pacem
1784 745 1865 764 meum

1077 769 1111 795 do
1130 770 1197 797 vobis
1211 779 1221 798 :
1234 780 1285 800 non
1307 773 1371 800 sicut
1394 776 1503 804 mundus
1524 777 1568 804 dat
1590 779 1622 805 do
1636 780 1703 808 vobis
1717 780 1804 816 (Joan.
1819 784 1863 810 Η.

1078 813 1136 849 27).
1159 816 1213 843 Cur
1234 817 1270 845 ita
1293 818 1416 854 loquutus
1436 826 1477 849 est
1498 822 1636 851 Christus?
1656 813 1725 858 Quia
1741 827 1864 856 nimirum

1077 867 1128 894 pax
1143 861 1280 891 hominum
1295 864 1372 893 facile
1393 867 1513 902 solvitur,
1537 869 1673 905 variasque
1693 871 1772 903 habet
1783 874 1864 902 vicis-

1077 906 1204 935 situdines
1219 918 1226 936 ε
1241 917 1292 944 pax
1312 916 1400 939 autem
1421 913 1488 947 ejus,
1507 914 1593 948 ﬁrma,
1609 916 1727 951 immota,
1749 918 1862 951 stabilis.

1078 951 1212 987 diuturna,
1227 954 1395 990 immortalis,
1419 958 1498 986 linem
1514 967 1566 987 non
1586 961 1697 995 habens,
1711 963 1772 991 licet
1788 964 1864 992 innu,

1076 1004 1148 1025 mera
1163 998 1232 1026 bella
1244 1001 1359 1036 undique
1373 1009 1538 1038 moveantur,
1551 1013 1583 1033 ac
1601 1007 1675 1035 mille
1687 1010 1804 1043 quotidie
1815 1018 1862 1045 pa-

1075 1049 1168 1072 rentur
1182 1046 1295 1074 insidiae.
1311 1048 1409 1076 Verum
1425 1050 1497 1079 illius
1506 1059 1604 1086 sermo,
1620 1055 1664 1089 qni
1680 1055 1768 1083 omnia
1782 1057 1862 1091 perﬂ-

1075 1090 1122 1123 cit,
1139 1090 1189 1118 hoc
1201 1099 1261 1119 cum
1275 1095 1379 1122 eteteris
1391 1096 1489 1125 ell'ecit.

1111 1136 1138 1163 3.
1154 1136 1260 1165 Modum
1274 1140 1347 1167 etiam
1360 1141 1480 1170 adventus
1492 1135 1661 1178 prtedixerunt
1675 1145 1861 1182 Prop/W112.—

1075 1180 1132 1208 Non
1148 1183 1233 1210 solum
1247 1188 1335 1212 autem
1346 1186 1418 1213 illum
1433 1187 1567 1216 hominem
1581 1190 1707 1225 futurum,
1721 1193 1766 1219 sed
1781 1194 1860 1220 etiam

1077 1226 1183 1254 modum
1204 1228 1332 1258 adventus
1346 1231 1403 1265 ejus
1417 1233 1605 1267 praedixerunt.
1628 1236 1693 1270 Quia
1717 1238 1787 1265 enim
1801 1247 1863 1266 vcn-

1076 1275 1151 1300 turus
1161 1277 1228 1308 erat,
1237 1282 1290 1302 non
1301 1277 1427 1311 tonitrua,
1439 1286 1491 1305 non
1503 1279 1610 1308 fulmina
1620 1289 1734 1316 superne
1745 1284 1862 1318 mittens,

1075 1324 1128 1344 non
1141 1319 1262 1353 quatiens
1282 1325 1380 1348 terram
1392 1343 1400 1355 ,
1423 1331 1476 1350 non
1499 1332 1670 1354 commovens
1684 1328 1793 1362 cmlum,
1809 1337 1862 1357 non

1075 1367 1196 1397 portenta
1208 1366 1352 1400 exhibens;
1367 1368 1412 1395 sed
1425 1370 1482 1398 sine
1494 1372 1603 1406 strepitu
1621 1374 1742 1409 nulloque
1755 1377 1862 1403 conscio

1074 1409 1101 1436 in
1117 1409 1197 1437 domo
1219 1411 1284 1439 fabri
1307 1415 1455 1442 nasciturus
1477 1421 1544 1449 erat,
1571 1418 1596 1444 in
1617 1418 1696 1446 domo
1711 1420 1817 1455 ignobili
1831 1429 1862 1449 ac

1073 1454 1130 1487 vili,
1143 1455 1205 1482 audi
1219 1459 1352 1492 quomodo
1365 1467 1452 1495 neque
1466 1461 1517 1489 hoc
1528 1464 1637 1491 tacuerit
1648 1465 1728 1492 David
1739 1466 1862 1494 :Descen—

1077 1500 1131 1533 det,
1146 1502 1243 1538 inquit.
1254 1505 1322 1531 sicut
1332 1505 1421 1539 pluvia
1432 1507 1460 1533 in
1471 1507 1552 1534 vellus
1560 1508 1673 1543 (Psalm.
1688 1509 1730 1537 71,
1741 1510 1780 1545 6),
1792 1514 1868 1538 ιηη-

1076 1546 1242 1582 quillitatem
1251 1553 1277 1575 et
1288 1549 1406 1584 quietem
1419 1551 1682 1588 signiﬁcans.Neque
1689 1553 1740 1580 hoc
1747 1557 1865 1587 tantum;

1073 1592 1121 1619 sed
1135 1593 1214 1620 etiam
1228 1602 1307 1628 quam
1320 1601 1459 1625 mansuete
1472 1602 1499 1625 et
1509 1599 1625 1626 suaviter
1636 1607 1695 1627 cum
1709 1601 1863 1629 hominibus

1073 1643 1278 1667 conversatnrus
1298 1646 1385 1675 esset,
1410 1643 1478 1670 alius
1498 1644 1627 1679 propheta
1647 1646 1784 1674 declarans
1801 1648 1862 1675 vide

1073 1682 1134 1716 quid
1151 1683 1230 1710 dicat.
1250 1685 1316 1712 Nam
1331 1687 1391 1721 quia
1405 1695 1465 1716 cum
1480 1691 1648 1718 contumeliis
1660 1712 1667 1724 ,
1687 1693 1781 1726 sputis,
1797 1701 1862 1720 con-

1072 1728 1146 1755 viciis
1157 1729 1315 1764 afﬁceretur,
1330 1732 1544 1768 inbonoraretur,
1557 1736 1744 1772 ﬂagellaretur,
1755 1745 1860 1774 postre-

1073 1782 1169 1809 moque
1183 1777 1399 1812 cruciﬁgeretur,
1424 1781 1524 1808 nullum
1545 1782 1614 1810 ultus
1629 1788 1670 1810 est
1686 1785 1746 1812 talia
1762 1785 1861 1814 facien-

1073 1823 1136 1852 tem,
1149 1821 1194 1848 sed
1206 1823 1294 1850 omnia
1309 1824 1440 1857 patienter
1455 1826 1520 1859 tulit,
1537 1829 1721 1863 contumelias,
1735 1831 1859 1865 insidias,

1073 1864 1200 1894 insaniam
1214 1871 1241 1894 et
1257 1868 1436 1903 importunum
1451 1871 1534 1906 plebis
1554 1873 1624 1902 illius
1646 1874 1761 1903 furorem
1781 1882 1859 1912 atque

1073 1911 1218 1946 incursum,
1232 1913 1290 1942 ha'c
1304 1916 1393 1944 omnia
1407 1917 1550 1946 declaravit
1563 1919 1604 1947 his
1617 1921 1703 1948 verbis
1714 1930 1720 1947 :
1730 1921 1860 1950 Calamam

1071 1958 1203 1984 contritum
1219 1967 1268 1986 non
1280 1961 1430 1997 confringet,
1441 1967 1465 1989 et
1473 1964 1552 1991 linum
1560 1965 1690 2000 fumigans
1702 1975 1752 1994 non
1764 1969 1858 1995 exstin—

1071 2007 1128 2037 guet
1140 2024 1148 2035 ,
1167 2004 1245 2032 donec
1264 2007 1353 2033 educat
1373 2008 1398 2034 in
1416 2009 1542 2036 uictoriam
1557 2011 1702 2045 judicium,
1727 2018 1751 2039 et
1764 2013 1790 2040 in
1804 2014 1859 2048 ipso

1072 2048 1162 2077 Gentes
1176 2053 1312 2086 sperabunt
1325 2053 1424 2087 (Hesai.
1439 2056 1482 2082 42.
1495 2057 1533 2091 5).
1547 2058 1620 2085 Alius
1635 2058 1697 2086 item
1715 2059 1800 2086 locum
1811 2081 1818 2093 ,
1831 2061 1857 2087 iu

1071 2103 1123 2129 quo
1137 2097 1286 2125 nasciturus
1296 2103 1362 2129 erat.
1376 2100 1472 2128 indicat
1484 2101 1575 2130 dicens
1589 2111 1597 2129 :
1610 2102 1645 2130 Et
1661 2109 1687 2130 tu
1698 2125 1706 2137 ,
1720 2104 1857 2137 Bethleem,

1072 2145 1138 2169 terra
1150 2142 1231 2177 Juda,
1245 2153 1401 2180 nequaquam
1415 2147 1518 2174 minima
1530 2157 1554 2175 es
1568 2149 1594 2175 in
1603 2150 1758 2184 principibus
1767 2150 1837 2177 Juda
1850 2159 1859 2178 :

1071 2196 1102 2215 ea:
1115 2194 1137 2216 te
1149 2191 1214 2217 enim
1227 2192 1290 2218 πίει
1304 2193 1372 2225 dum,
1386 2193 1429 2227 qui
1444 2199 1514 2229 regat
1528 2195 1649 2230 populum
1659 2204 1740 2222 meum
1756 2196 1838 2223 Israel
1850 2219 1858 2227 ρ

1071 2240 1094 2262 et
1108 2236 1188 2263 critus
1198 2237 1252 2271 ejus
1267 2238 1299 2264 ab
1310 2239 1380 2266 initio
1391 2248 1406 2266 α
1418 2239 1504 2267 diebus
1513 2242 1597 2267 θανουΙί
1608 2241 1702 2274 (Mich.
1717 2243 1743 2270 5.
1757 2242 1796 2278 2).
1810 2243 1860 2270 llic

1070 2281 1233 2310 divinitatem
1249 2289 1276 2311 et
1291 2286 1479 2313 humanitatem
1495 2286 1610 2314 declarat
1622 2296 1628 2314 :
1641 2295 1701 2314 nam
1724 2295 1783 2315 cum
1804 2290 1857 2321 ait,

1070 2333 1092 2355 ct
1105 2329 1185 2355 exitus
1194 2330 1248 2364 ejus
1261 2330 1292 2356 ab
1305 2331 1375 2357 initio
1394 2339 1410 2358 a
1427 2332 1514 2358 diebus
1529 2333 1628 2366 steculi,
1648 2338 1774 2360 a‘ternam
1796 2339 1859 2361 ante

1070 2374 1165 2401 Siccula
1179 2375 1359 2402 exsistentiam
1374 2377 1554 2408 demonstrat;
1569 2386 1628 2404 cum
1643 2386 1706 2405 vero
1720 2379 1766 2410 ait,
1785 2378 1859 2406 Exiet

1070 2419 1123 2446 dua:
1142 2420 1185 2456 qui
1205 2426 1275 2456 regat
1294 2422 1416 2457 populum
1437 2431 1519 2449 meum
1541 2422 1638 2456 Israel,
1661 2424 1858 2457 generationem

1071 2465 1218 2492 secundum
1231 2474 1349 2494 carnem.
1362 2469 1401 2495 Ac
1415 2468 1474 2495 vide
1488 2476 1592 2495 rursum
1604 2473 1630 2495 et
1644 2469 1685 2496 hic
1699 2469 1777 2496 aliam
1795 2477 1857 2504 pro-

1072 2510 1187 2545 phetiam
1207 2511 1391 2547 refulgentcm.
1413 2513 1471 2540 Non
1483 2514 1553 2541 enim
1568 2514 1630 2540 dicit
1646 2514 1747 2547 solum,
1770 2515 1858 2549 ipsum

1070 2563 1128 2583 esse
1142 2557 1323 2590 nasciturum,
1346 2559 1392 2586 sed
1411 2560 1489 2586 ctiam
1506 2559 1591 2586 locum
1607 2560 1720 2587 nobilem
1741 2560 1858 2588 futurum

1069 2609 1140 2634 esse,
1155 2603 1199 2638 qui
1215 2608 1277 2630 tunc
1297 2608 1355 2631 erat.
1375 2604 1497 2639 ignobilis
1512 2609 1538 2632 et
1551 2605 1658 2640 exiguus
1671 2614 1677 2632 :
1691 2605 1859 2641 Nequaquam

1069 2647 1139 2674 enim
1153 2648 1256 2675 minima
1270 2657 1305 2681 es,
1322 2649 1413 2683 inquit,
1429 2650 1455 2676 in
1470 2650 1622 2685 principibus
1634 2649 1713 2676 Iuda.
1807 2648 1810 2649 ⁷

1106 2693 1183 2720 Totus
1197 2693 1263 2720 orbis
1278 2694 1312 2720 ad
1328 2694 1455 2722 Bethleem
1474 2695 1606 2722 videndam
1621 2697 1734 2730 conﬂuit.
1744 2697 1858 2724 —Sane

1070 2744 1139 2767 totus
1153 2740 1225 2767 orbis
1238 2740 1270 2768 ad
1285 2741 1419 2768 Bethleem
1434 2741 1576 2768 videndam
1590 2741 1707 2774 conﬂuit,
1721 2742 1763 2768 ubi
1780 2747 1859 2770 natus

1070 2786 1200 2820 repositus
1220 2786 1267 2813 fuit
1278 2807 1286 2820 ,
1300 2795 1386 2822 neque
1399 2787 1451 2814 ulla
1465 2787 1516 2814 alia
1529 2796 1609 2823 quam
1630 2787 1687 2818 lucc.
1704 2796 1782 2815 causa
1804 2794 1857 2816 cst.

1069 2832 1142 2859 Alius
1163 2832 1257 2860 iterum
1281 2837 1385 2867 tempus
1407 2840 1458 2868 qno
1482 2839 1607 2860 venturus
1628 2838 1686 2860 crat
1701 2833 1859 2868 signiﬁcavit

1071 2878 1112 2907 his
1127 2879 1214 2907 verbis
1227 2887 1233 2906 :
1247 2879 1307 2906 Non
1324 2879 1422 2913 deﬁciet
1439 2879 1554 2914 princeps
1568 2880 1598 2906 de
1611 2879 1680 2906 Juda
1690 2900 1697 2913 ,
1712 2887 1790 2914 neque
1804 2880 1858 2906 du:
