2055 3122
182 99 237 126 817

186 168 218 193 (tr
235 164 370 200 femoribus
390 164 443 199 ejus
453 184 460 196 ,
482 164 559 189 donec
579 162 660 189 ueniat
675 162 714 188 cui
729 161 865 196 repositum
879 165 914 187 cst
925 182 931 193 ,
946 166 971 187 et

185 213 238 245 ipse
257 210 408 244 expectatio
435 208 551 235 Gentium
567 215 576 235 :
590 208 672 242 ligans
696 208 729 233 ad
754 205 850 233 vineam
873 206 971 241 pullum

184 265 267 289 suum,
280 260 302 282 et
315 255 348 281 ad
363 255 467 281 [reticent
480 254 578 289 pullum
592 252 669 279 asina:
681 260 744 278 sum.
760 251 864 278 Lavabit
877 252 902 277 in
914 251 971 278 vino

181 302 274 328 stolam
287 309 367 333 suout,
383 305 406 327 et
417 300 443 326 in
457 299 578 334 sanguine
591 306 645 324 uvw
657 298 762 332 pallium
775 304 857 323 suum.
871 295 971 322 Jucun-

184 348 266 373 (liores
285 346 352 373 oculi
371 346 425 380 ejus
441 345 511 375 vino,
532 348 554 370 et
574 343 731 369 candidiores
743 342 828 367 dentes
840 341 893 376 ejus
907 341 971 367 lacte

185 392 259 427 (Gen.
274 388 318 419 λθ.
333 391 366 418 10
380 391 453 425 42).
466 390 532 417 Vide
551 389 618 416 hanc
632 389 711 415 etiam
727 386 890 422 prophetiam
905 394 970 414 con-

162 434 167 439 ’
183 445 287 471 gruere.
304 436 368 463 Nam
390 440 452 462 tunc
468 434 583 465 advenit,
598 441 658 460 cum
671 432 725 467 jam
740 431 884 460 deﬁcerent
897 431 970 466 prin-

183 483 256 516 cipes
269 482 370 509 .ludaici
383 502 389 512 ,
413 485 440 507 et
462 484 566 515 sceptro
582 480 759 506 Romanorum
775 478 950 505 subderentur
964 486 971 504 :

184 533 212 556 et
232 529 270 555 sic
289 528 447 562 implebatur
461 526 598 562 prophetia
610 547 616 558 ,
631 533 689 559 qua:
702 525 764 551 dicit
777 544 784 556 ,
800 523 862 550 Non
875 523 972 556 deﬁciet

187 574 299 608 princeps
313 573 343 599 de
356 572 374 599 J
377 573 438 605 uda,
454 577 477 599 et
492 572 545 598 dua:
558 572 588 597 de
604 570 738 606 femoribus
753 570 817 604 ejus,
832 569 910 596 donec
928 576 970 595 ve-

185 620 237 646 niat
249 640 256 652 ,
272 620 312 645 cui
328 619 466 654 repositum
487 623 532 650 est,
554 617 588 644 de
612 617 718 643 Christo
730 616 830 643 scilicet
849 615 970 649 loquens.

184 665 249 692 Nam
270 665 358 691 statim
373 669 451 699 atque
467 669 543 690 natus
555 667 610 695 est,
625 667 652 689 et
665 661 808 696 descriptio
821 661 865 687 illa
888 660 972 695 prima

185 711 252 738 facta
276 715 334 743 est,
359 710 549 744 imperantibus
563 708 689 735 Romanis
710 707 860 734 Judaeorum
884 705 970 740 genti,

185 764 243 782 cum
259 763 304 783 cos
316 756 364 782 sub
375 755 475 789 imperii
491 756 529 781 sui
539 754 629 789 jugum
641 753 765 788 cgissant.
776 753 891 786 [temque
902 750 972 778 aliud

185 802 347 837 signiﬁcatur
357 802 396 828 his
406 801 501 832 verbis,
514 805 536 827 et
546 800 599 834 ipse
610 799 761 834 exspectatio
769 797 892 824 Gentium.
906 796 972 823 Cum

185 848 332 875 advenisset
353 847 438 879 enim,
461 853 555 873 omnes
577 845 675 872 Gentes
697 844 815 872 attraxit.
837 842 970 875 Herodes,

184 893 274 920 'Jcsum
293 896 381 919 natum
396 892 550 926 perquirens
560 911 567 923 ,
585 898 679 925 pueros
690 897 722 917 eo
736 890 762 915 in
775 889 833 915 loco
848 888 973 915 interem-

185 944 278 973 pturus
296 943 351 965 erat
363 947 369 964 :
382 943 407 964 et
431 945 517 972 neque
540 936 590 963 hoc
611 936 741 963 siluerunt
756 935 891 969 propheta:
902 955 909 965 ,
926 933 972 961 sed

185 985 275 1010 multis
290 988 364 1010 antea
379 983 542 1017 temporibus
555 982 734 1016 praedixerunt
747 981 789 1007 his
804 981 905 1007 verbis:
918 979 974 1007 Vox

185 1031 210 1056 in
230 1029 312 1056 Rama
330 1029 417 1055 audita
430 1034 465 1056 est
477 1049 484 1060 ,
505 1029 587 1055 luctus
600 1049 606 1061 ,
629 1028 703 1062 ﬂetus
718 1032 740 1054 et
754 1027 849 1053 clamor
862 1026 954 1052 multus
964 1034 973 1052 .'

186 1075 284 1103 Rachel
293 1076 394 1109 plorans
408 1075 473 1108 ﬁlios
483 1083 550 1106 suos,
567 1078 590 1100 et
605 1074 686 1100 noluit
702 1073 836 1105 consolari,
851 1072 908 1106 quia
922 1080 973 1099 non

184 1126 242 1148 sunt
261 1121 325 1156 (Jer.
341 1121 383 1148 51.
401 1121 455 1155 15).
472 1120 510 1147 Ex
527 1120 641 1154 Egypto
655 1119 787 1146 rediturus
802 1123 869 1150 erat,
886 1117 973 1145 ethoc

185 1167 395 1202 przl'nuntiarunt
420 1166 539 1192 dicentes
556 1174 562 1191 :
579 1164 621 1191 Ea:
644 1164 759 1199 {Egypto
781 1164 866 1190 vocavi
891 1163 973 1196 ﬁlium

185 1222 268 1240 meum
279 1212 354 1248 (Osee
378 1213 421 1239 11.
438 1212 476 1247 1).
491 1211 640 1245 Conspicua
655 1211 679 1237 in
693 1210 749 1237 loca
764 1214 891 1236 venturus
904 1213 971 1241 erat,

186 1264 213 1286 ut
231 1259 318 1286 statim
333 1258 367 1285 ibi
383 1258 456 1292 signa
477 1257 576 1284 faceret
590 1261 617 1283 et
629 1255 752 1283 doceret:
764 1259 791 1282 et
804 1254 854 1281 hoc
869 1261 974 1289 quoque

186 1303 390 1339 praenuntiatum
415 1306 470 1333 est;
496 1302 556 1327 audi
580 1301 650 1327 enim
677 1299 799 1327 llesaiam
822 1299 971 1326 dicentem:

186 1346 265 1383 Regio
277 1347 402 1379 Zubulon,
417 1352 482 1373 terra
496 1345 672 1380 Nephtlialim,
688 1344 807 1379 populus,
820 1344 863 1379 qui
874 1342 974 1370 sedebat

184 1395 210 1421 in
226 1393 340 1426 tenebris,
356 1393 416 1419 vidit
430 1393 511 1419 lucem
525 1399 643 1427 magnam
655 1399 664 1418 :
675 1390 816 1417 sedentibus
825 1390 852 1416 iu
867 1389 974 1416 tenebris

188 1446 211 1468 et
225 1441 251 1467 in
268 1441 358 1466 umbra
375 1439 462 1465 mortis
484 1439 530 1465 tua:
542 1442 597 1465 orta
611 1442 647 1465 est
662 1436 764 1471 (Hesai.
779 1435 855 1471 9.1).
873 1435 975 1469 Quibus

186 1486 347 1521 signiﬁcatur
356 1485 483 1512 adventus
493 1484 549 1518 ejus
558 1484 584 1510 in
594 1483 639 1510 illa
649 1483 716 1514 loca,
728 1482 846 1509 doctrina
858 1489 971 1516 quoque,

186 1532 300 1566 cognitio
311 1551 318 1563 ,
342 1538 419 1565 quam
434 1538 448 1556 a
464 1529 597 1556 miraculis
612 1532 781 1562 acceperunt.
801 1527 904 1554 Deinde
924 1527 974 1553 alia

185 1584 312 1605 enarrans
333 1576 477 1608 miracula,
492 1574 687 1608 ostendensque
710 1572 843 1607 quomodo
866 1571 974 1598 claudos

185 1622 334 1654 curaverit,
357 1627 442 1647 crocos
456 1619 598 1650 sanaverit,
615 1622 702 1644 mutos
718 1617 788 1651 loqui
802 1616 901 1648 fecerit,
917 1616 973 1642 ait:

184 1667 257 1694 Tunc
272 1666 413 1701 aperientur
425 1664 492 1691 oculi
503 1671 636 1695 cwcorum,
657 1667 679 1689 et
693 1670 768 1688 aures
778 1661 913 1688 surdorum
925 1668 973 1686 au-

186 1712 254 1738 dient
277 1710 352 1745 (IIes.
367 1711 410 1737 55.
423 1710 468 1744 5);
484 1709 595 1743 aliisque
614 1706 791 1742 interpositis,
808 1705 877 1732 Tunc
891 1705 974 1738 saliet,

187 1757 281 1792 inquit,
295 1757 357 1783 sicut
370 1763 455 1782 cervus
469 1755 583 1786 claudus,
599 1758 622 1781 et
634 1753 705 1780 clara
717 1753 762 1779 erit
774 1760 822 1779 vos:
834 1752 974 1778 balbutien-

187 1803 249 1828 tium
269 1800 322 1837 (Ib.
338 1808 361 1827 υ.
378 1800 404 1834 6)
418 1808 424 1826 :
437 1799 507 1834 quod
523 1799 624 1826 scilicet
639 1805 782 1832 numquam
802 1796 900 1824 factum
915 1800 973 1829 est,

187 1847 238 1874 nisi
253 1847 278 1874 in
293 1847 405 1873 adventu
418 1845 499 1872 illius.
521 1844 662 1879 signorum
676 1844 739 1870 item
752 1843 899 1877 aliquorum
913 1849 975 1876 spe-

186 1893 277 1919 ciatim
294 1891 471 1919 meminerunt
484 1897 491 1916 :
504 1890 638 1924 ingressus
652 1893 693 1915 est
707 1888 777 1915 enim
792 1886 933 1922 aliquando
949 1886 975 1913 in

187 1938 314 1973 templum
325 1958 332 1970 ,
351 1942 379 1964 et
391 1937 464 1972 pueri
478 1936 564 1963 adhuc
577 1936 703 1962 lactentes
714 1955 722 1966 ,
745 1933 976 1968 inexpeditamque

186 1985 273 2012 adhuc
290 1983 417 2010 habentes
430 1982 545 2017 linguam
557 1981 711 2008 cecinerunt
722 1980 748 2007 in
762 1980 836 2006 illum
848 1979 972 2015 hymnos,

187 2031 227 2058 sic
241 2030 369 2062 dicentes,
387 2028 510 2055 Hosanna
525 2028 552 2054 in
567 2027 671 2054 excelsis
682 2034 691 2053 :
701 2026 843 2052 benedictus
855 2025 897 2060 qui
910 2025 976 2051 venit

187 2078 213 2103 in
224 2076 323 2102 nomine
331 2074 433 2100 Domini
443 2072 547 2108 (Matth.
556 2072 600 2099 21.
612 2071 639 2106 9)
649 2071 713 2098 :hoc
723 2071 807 2098 multo
819 2074 897 2097 antea
908 2077 976 2104 prie-

187 2121 291 2148 dixcrat
304 2118 431 2154 propheta
441 2138 448 2150 ,
465 2117 506 2144 Ea:
521 2125 562 2144 ore
573 2136 581 2150 ,
598 2117 736 2151 inquiens,
751 2115 887 2150 infantium
899 2120 921 2142 et
935 2115 975 2141 la-

187 2165 304 2193 etentium
325 2164 450 2200 perfeciin
474 2163 590 2195 laudem,
613 2166 641 2188 ut
660 2162 776 2188 destruas
800 2160 929 2188 inimicum
952 2165 976 2187 et

187 2213 294 2239 ultorem
306 2210 416 2247 (Psalm.
429 2210 456 2237 8.
467 2209 506 2241 '5).
515 2208 609 2236 Viden'
617 2207 749 2243 quomodo
760 2211 851 2234 contra
860 2207 975 2241 seipsam

187 2258 326 2284 decertans
350 2260 443 2283 natura
465 2254 586 2289 opiﬁcem
607 2253 780 2288 przedicaret,
801 2257 829 2280 et
848 2252 976 2279 innocens

188 2308 263 2336 actas,
285 2300 397 2328 necdum
421 2299 585 2327 articulatam
607 2306 699 2325 vocem
720 2298 843 2325 emittere
864 2297 974 2331 valens,

188 2349 357 2384 apostolicam
369 2346 583 2382 prmdieationem
597 2345 763 2380 susciperet?

224 2395 250 2421 4.
269 2394 372 2421 Iudicas
385 2393 496 2427 ingratos
511 2394 565 2428 fore
575 2390 722 2426 prcedictum
731 2395 777 2417 est.
788 2405 823 2410 —
832 2389 900 2423 Quia
910 2395 973 2416 vero

189 2447 249 2467 cum
265 2439 363 2466 Iudaeis
376 2438 517 2473 aliquando
530 2437 667 2464 disserens
686 2436 721 2463 ob
734 2436 866 2471 ingratum
880 2442 973 2462 eorum

188 2485 306 2511 animum
325 2484 407 2511 multa
421 2483 583 2511 subobscure
599 2481 673 2517 quasi
687 2482 714 2509 in
727 2481 867 2516 :euigmate
880 2485 906 2508 et
926 2488 973 2514 pa-

189 2531 279 2558 rabola
303 2530 459 2564 loquuturus
472 2534 539 2562 erat,
563 2529 677 2563 idipsum
700 2535 805 2562 quoque
828 2527 874 2554 diu
896 2531 974 2554 antea

191 2576 343 2611 praedictum
368 2579 408 2602 est
428 2583 435 2601 :
462 2574 563 2609 Loquar
588 2572 769 2609 propositiones
791 2580 807 2599 a
828 2572 975 2607 fundatione

189 2621 287 2653 mundi,
303 2620 418 2646 eructabo
441 2619 585 2646 abscondita
598 2618 629 2644 ab
650 2618 721 2644 initio
740 2617 850 2652 (Psalm.
868 2616 911 2643 77.
933 2616 974 2651 2).

189 2666 259 2699 Quin
272 2670 298 2692 et
311 2665 466 2700 sapientiam
480 2664 538 2699 ejus
552 2664 579 2691 in
600 2662 782 2691 concionando
796 2662 882 2697 longis
897 2666 974 2688 antea

189 2710 353 2745 temporibus
377 2710 556 2743 prmnuntians
577 2707 704 2743 propheta
724 2707 850 2734 dicebat:
873 2705 975 2739 Di/Tusa

187 2760 224 2782 ist
237 2756 317 2791 gratia
327 2755 353 2781 in
364 2754 437 2781 labiis
450 2754 497 2780 tuis
511 2753 623 2790 (Psalm.
636 2753 680 2780 44.
693 2754 721 2788 5)
733 2762 740 2780 :
756 2757 784 2780 et
796 2752 863 2779 alius
877 2752 973 2779 iterum

189 2800 318 2836 propheta
330 2810 336 2828 :
352 2800 418 2828 Ecce
430 2800 550 2836 intelliget
569 2808 632 2835 puer
643 2807 722 2833 meus,
736 2804 759 2826 et
773 2798 934 2831 excitabitur,
948 2802 971 2826 et

468 105 604 134 CONTRA
623 104 764 134 JUDEOS
782 105 826 133 ET
845 104 1024 140 GENTILES,
1045 106 1137 141 QUOD
1155 107 1319 138 CHRISTUS
1338 110 1391 138 Sl'l'
1410 104 1510 139 DEUS.

1758 117 1810 144 818

1026 162 1219 197 gloriﬁeabitur,
1240 171 1263 191 et
1285 165 1357 192 valde
1377 167 1489 194 sublimis
1503 168 1549 194 erit
1573 168 1672 202 (Ilesai.
1689 171 1732 197 52.
1755 172 1809 207 13).

1028 207 1165 235 Adventus
1189 213 1277 236 autem
1301 210 1384 245 ipsius
1406 213 1533 246 przeclara
1556 218 1629 249 gesta
1648 223 1708 242 cum
1729 218 1812 251 signis

1023 254 1190 289 edita,quasi
1201 258 1363 291 compendio
1374 266 1513 290 euarrans,
1524 261 1618 286 iterum
1630 261 1652 287 is
1661 261 1720 295 ipse
1729 263 1805 289 dixit:

1023 299 1138 334 Spiritus
1146 300 1250 328 Domini
1261 311 1338 337 super
1349 312 1398 334 me.
1408 309 1545 338 propterea
1556 306 1630 332 unxit
1641 314 1691 339 me,
1702 315 1810 343 evange-

1023 346 1105 374 lizare
1111 347 1269 382 pauperibus
1279 350 1394 376 misitme
1402 358 1410 377 ε
1417 351 1562 385 praedicare
1568 353 1676 387 captivis
1682 354 1809 381 remissiw

1021 402 1089 426 nem,
1103 399 1127 420 et
1138 394 1212 420 cazcis
1222 395 1292 420 visus
1308 397 1499 422 restitutionem
1511 397 1611 427 (Hesai.
1622 398 1666 424 61.
1681 401 1718 432 ι).
1732 398 1808 430 Quo-

1020 439 1092 466 niam
1102 439 1188 466 .ludaii
1200 444 1237 466 tot
1247 439 1280 466 ab
1295 447 1327 466 eo
1337 440 1474 467 beneﬁciis
1485 441 1573 468 allecti
1582 441 1682 469 frustra
1692 447 1810 472 temere-

1019 491 1072 517 que
1086 485 1172 529 ipsum
1191 484 1340 511 aversaturi
1356 489 1445 513 erant.
1457 486 1518 512 licet
1529 493 1590 521 eum
1601 487 1685 513 necin
1698 495 1808 522 magno,

1024 530 1073 549 nec
1088 528 1112 549 in
1130 531 1211 558 parvo
1234 530 1344 559 possent
1356 533 1478 561 arguere,
1494 528 1557 555 illud
1584 537 1688 564 quoque
1711 532 1810 565 prmiti-

1024 573 1096 595 ctum
1110 569 1176 596 fuit:
1192 571 1253 597 audi
1265 571 1392 599 Davidem
1407 572 1456 599 hoc
1471 573 1557 608 ipsum
1571 576 1759 604 vaticinantem
1772 579 1813 605 his

1024 614 1113 641 verbis
1133 624 1140 642 :
1157 615 1219 642 Cum
1240 617 1280 649 iis,
1304 618 1346 652 qui
1359 618 1464 645 oderant
1488 628 1584 654 pacem,
1598 630 1666 648 eram
1681 624 1812 657 paciﬁcus,

1024 668 1081 686 cum
1094 660 1211 693 loquebar
1225 662 1285 694 illis,
1306 663 1489 699 impugnabant
1501 674 1539 693 me
1553 667 1632 701 gratis
1650 667 1734 702 (Psal.
1752 670 1802 696 119

1026 705 1063 740 7).
1078 706 1163 733 Asino
1185 712 1277 735 vectus
1298 709 1466 744 ingressurus
1479 716 1536 738 erat
1548 712 1693 748 civitatem,
1709 718 1735 741 et
1751 714 1814 741 illud

1025 758 1130 784 quoque
1150 751 1252 786 jamdiu
1271 755 1476 787 prmnuntiatum
1491 756 1576 783 fuerat
1599 764 1613 783 a
1633 757 1758 786 Zacharia
1777 759 1815 786 sic

1025 796 1153 830 loquente
1172 806 1179 824 :
1206 798 1296 826 Gaude
1314 800 1430 833 multant,
1456 799 1511 835 ﬁlia
1526 802 1610 835 Sion;
1626 803 1746 837 prtediea,
1761 805 1815 838 ﬁlia

1025 840 1168 869 Jerusalem
1189 851 1198 869 :
1212 851 1267 871 ecce
1280 853 1325 871 rea:
1338 850 1395 872 tuus
1407 847 1471 872 venit
1497 847 1541 873 tibi
1555 853 1708 881 mansuetus,
1734 854 1816 876 vectus

1025 895 1102 921 supra
1121 889 1279 923 sulrjugalem
1302 896 1325 916 et
1349 891 1446 926 pullum
1462 892 1581 927 juvenem
1610 893 1701 927 (Zaclt.
1726 895 1753 921 9.
1775 895 1814 928 9).

1027 932 1110 966 Ejecit
1123 934 1267 962 vendentes
1281 936 1418 963 columbas
1434 942 1461 964 et
1474 939 1677 972 nummularios,
1691 941 1760 974 quod
1773 940 1816 968 ille

1025 978 1139 1006 faciebat
1159 980 1217 1007 zelo
1241 981 1336 1009 domus
1358 983 1462 1010 Domini
1477 984 1581 1017 ductus,
1598 990 1623 1012 et
1637 991 1665 1012 ut
1678 986 1756 1014 simul
1770 995 1816 1014 os—

1026 1024 1148 1052 tenderet
1165 1033 1194 1052 se
1208 1034 1260 1053 non
1273 1035 1333 1054 esse
1348 1030 1510 1056 contrarium
1526 1030 1590 1062 Deo,
1604 1031 1650 1058 sed
1665 1039 1725 1059 cum
1739 1032 1818 1060 Patro

1026 1071 1235 1098 consentientem
1249 1081 1256 1099 :
1268 1080 1350 1107 quare
1362 1073 1468 1101 domum
1483 1075 1643 1107 vindicabat,
1660 1077 1730 1111 quod
1747 1077 1772 1104 in
1784 1085 1815 1105 ca

1026 1115 1178 1150 hujusmodi
1193 1118 1336 1151 negotiatio
1347 1117 1423 1146 ﬁeret
1436 1127 1444 1146 :
1466 1127 1551 1154 neque
1565 1120 1616 1147 hoc
1628 1121 1735 1149 silentio
1747 1130 1816 1156 pra:-

1027 1162 1177 1188 termissnm
1193 1167 1242 1195 est,
1259 1163 1307 1190 sed
1321 1163 1434 1198 idipsum
1450 1164 1577 1199 propheta
1593 1165 1674 1193 David
1689 1167 1816 1195 vaticina-

1028 1210 1070 1233 tus
1085 1212 1135 1239 est,
1147 1212 1173 1234 et
1186 1216 1236 1242 qua
1251 1212 1339 1236 mente
1350 1209 1419 1236 hanc
1429 1215 1584 1244 sumpturus
1591 1211 1732 1238 vindictam
1741 1217 1813 1240 esset

1027 1253 1215 1286 prmnuntiavit
1233 1252 1324 1280 dicens
1347 1262 1353 1280 :
1377 1253 1454 1281 Zelus
1475 1254 1564 1281 domus
1587 1259 1636 1282 tua:
1653 1257 1760 1283 comedit
1780 1265 1818 1284 me

1029 1298 1137 1334 (Psatnt.
1152 1299 1195 1326 68.
1212 1299 1266 1334 10).
1279 1299 1348 1333 Quid
1368 1299 1420 1327 hoc
1435 1300 1602 1328 manifestius
1615 1301 1716 1329 fuerit?
1734 1302 1818 1330 Futu-

1026 1353 1084 1371 rum
1096 1350 1192 1371 eratut
1208 1345 1374 1379 proderetur,
1389 1350 1417 1373 et
1429 1354 1529 1374 mensa:
1542 1347 1612 1374 illius
1628 1355 1738 1375 consors
1753 1356 1816 1383 pro-

1027 1390 1154 1417 ditionem
1168 1391 1275 1417 facerct.
1289 1390 1354 1418 Vide
1365 1391 1499 1426 quomodo
1511 1392 1561 1419 hoc
1576 1393 1654 1420 etiam
1667 1393 1818 1427 prardixerit

1028 1435 1070 1462 hic
1084 1436 1140 1469 ipse
1153 1436 1280 1470 propheta
1293 1435 1404 1464 dicens:
1421 1437 1471 1470 Qui
1483 1438 1571 1464 edebat
1582 1447 1660 1473 panes
1671 1447 1748 1471 meos,
1765 1447 1818 1465 ma-

1027 1481 1155 1515 gniﬁcavit
1172 1488 1248 1514 super
1261 1489 1300 1507 me
1319 1481 1551 1516 supplantationem
1570 1482 1680 1518 (Psalm.
1695 1484 1739 1510 40.
1754 1484 1797 1519 10)
1810 1493 1817 1516 :

1027 1525 1207 1553 animadverte
1230 1525 1293 1552 item
1320 1527 1490 1562 evangelistie
1517 1529 1741 1556 consonantiam:
1769 1529 1818 1563 Qui

1027 1571 1139 1601 intinait.
1154 1570 1249 1605 inquit,
1263 1579 1361 1598 mecum
1376 1580 1478 1598 manum
1496 1580 1568 1599 suam
1578 1573 1604 1600 in
1617 1574 1712 1605 catino,
1729 1574 1769 1600 hic
1781 1583 1819 1600 me

1028 1615 1108 1641 tradet
1123 1614 1228 1651 (Matth.
1242 1615 1289 1643 26.
1302 1616 1358 1650 25).
1372 1616 1430 1644 Νοη
1447 1617 1526 1644 modo
1542 1617 1653 1645 traditor
1668 1618 1712 1645 ille
1732 1619 1818 1653 ipsum

1027 1660 1180 1695 proditurus
1192 1665 1259 1694 erat,
1276 1661 1412 1689 sed‘etiam
1425 1663 1582 1697 sanguinem
1594 1664 1739 1698 pretiosum
1754 1672 1818 1692 ven-

1028 1705 1141 1737 diturus,
1158 1711 1269 1740 accepta
1284 1714 1331 1741 pro
1342 1706 1391 1734 hac
1405 1715 1433 1734 re
1447 1708 1558 1742 pecunia
1572 1716 1578 1735 :
1598 1717 1684 1743 neque
1699 1710 1765 1737 illud
1777 1715 1819 1737 ta-

1027 1750 1082 1777 cuit
1103 1751 1241 1785 propheta,
1261 1751 1308 1779 sed
1331 1751 1494 1786 impudentia
1511 1753 1614 1780 illorum
1629 1759 1703 1788 pacta
1718 1759 1745 1782 et
1759 1763 1818 1783 scr-

1027 1803 1143 1829 mones,
1167 1804 1234 1831 quos
1249 1796 1319 1825 inter
1344 1804 1374 1825 se
1396 1797 1592 1832 conferebant,
1615 1800 1714 1828 retulit.
1742 1801 1818 1837 [Nam

1028 1842 1074 1869 ille
1085 1842 1200 1875 dicebat,
1218 1843 1286 1876 Quid
1297 1843 1372 1870 vultis
1391 1844 1453 1870 milii
1473 1844 1543 1877 dare,
1565 1849 1589 1871 et
1602 1853 1646 1880 ego
1659 1846 1726 1873 vobis
1745 1847 1818 1874 illuni

1028 1887 1149 1918 tradam;
1169 1888 1212 1915 isti
1236 1896 1300 1916 vero
1315 1889 1520 1923 responderunt,
1543 1889 1659 1925 Triginta
1678 1897 1817 1926 argenteos.

1028 1933 1057 1961 In
1071 1934 1210 1968 aenigmate
1223 1934 1287 1961 dicit
1301 1934 1333 1971 ¹,]
1346 1934 1417 1962 Deus
1436 1935 1537 1961 laudem
1561 1944 1641 1962 meum
1653 1945 1683 1963 ne
1698 1939 1814 1971 tacueris,

1027 1979 1087 2014 quia
1106 1987 1133 2006 os
1147 1981 1285 2013 peccatoris
1307 1985 1330 2007 et
1352 1989 1380 2007 os
1395 1980 1477 2007 dolosi
1496 1989 1572 2016 super
1585 1990 1624 2008 me
1645 1987 1759 2017 apertum
1781 1989 1818 2011 est

1028 2025 1140 2056 (Psalm.
1157 2026 1219 2053 108.
1234 2026 1271 2060 1).
1287 2025 1312 2053 Is
1325 2026 1382 2060 ipse
1396 2027 1515 2061 proditor
1526 2026 1633 2054 demum
1646 2028 1680 2056 ob
1697 2033 1767 2056 tanta
1779 2029 1816 2056 fa-

1029 2070 1120 2098 cinora
1143 2071 1259 2105 seipsum
1283 2071 1429 2104 damnans,
1445 2080 1505 2099 cum
1528 2077 1669 2108 argenteos
1694 2074 1814 2108 projecit.

1028 2119 1084 2142 tum
1099 2116 1132 2143 ad
1147 2116 1269 2151 laqueum
1285 2124 1405 2149 currens,
1421 2118 1457 2144 ita
1472 2118 1554 2144 vitam
1568 2118 1681 2146 clausit:
1695 2119 1816 2147 viduam-

1028 2169 1080 2195 que
1103 2168 1224 2194 uxorem,
1248 2166 1275 2189 et
1297 2162 1365 2189 ﬁlios
1384 2163 1498 2197 pupillos
1513 2163 1637 2198 reliquit,
1653 2164 1815 2200 domumque

1028 2206 1172 2233 desertam.
1188 2206 1253 2234 Vide
1272 2207 1405 2241 quomodo
1427 2212 1454 2235 et
1469 2208 1537 2236 hanc
1558 2209 1736 2237 calamitatem
1761 2215 1803 2238 tra

1027 2251 1084 2287 gice
1106 2252 1235 2286 propheta
1249 2252 1407 2286 pra-nuntiet
1422 2252 1463 2280 his
1482 2254 1570 2281 verbis
1586 2263 1593 2281 :
1607 2253 1687 2281 Fiant
1698 2255 1747 2289 ﬁlii
1760 2257 1816 2291 ejus

1027 2297 1146 2331 orphani,
1159 2301 1182 2323 et
1192 2304 1257 2323 uxor
1269 2298 1323 2330 eius
1335 2297 1410 2324 vidua
1424 2303 1558 2325 :nutantes
1572 2301 1759 2336 transferantur
1768 2301 1816 2334 ﬁlii

1027 2343 1090 2377 ejus,
1099 2347 1122 2368 et
1130 2342 1263 2377 ejiciantur
1273 2342 1304 2369 de
1312 2343 1503 2371 habitationibus
1511 2345 1562 2371 suis
1569 2344 1655 2379 (Psal.
1666 2345 1816 2382 108.9.10).

1027 2387 1089 2414 Post
1101 2387 1174 2414 illum
1187 2387 1310 2414 Matthias
1320 2387 1404 2415 factus
1414 2388 1459 2415 ’est
1468 2389 1612 2423 apostolus,
1624 2394 1652 2417 et
1663 2390 1714 2418 hoc
1726 2391 1813 2425 ipsum

1027 2433 1071 2460 ille
1085 2433 1208 2467 praefatus
1219 2438 1258 2460 est
1272 2433 1313 2460 his
1328 2433 1417 2461 verbis
1429 2443 1436 2462 :
1448 2434 1628 2468 Episcopatum
1641 2436 1695 2469 eius
1708 2436 1816 2471 accipiat

1027 2480 1090 2506 alter
1103 2479 1154 2515 (Ib.
1171 2487 1194 2506 υ.
1214 2480 1252 2516 8).
1270 2480 1379 2507 Tradito
1393 2484 1420 2507 et
1433 2481 1627 2516 comprehenso
1640 2482 1703 2510 Iesu
1717 2483 1816 2511 libente

1027 2534 1058 2552 ac
1070 2526 1186 2558 volente,
1200 2531 1321 2553 coactum
1337 2531 1378 2553 est
1390 2526 1533 2553 concilium
1547 2527 1684 2562 iniquitate
1695 2529 1814 2562 plenum,

1026 2571 1178 2598 .ludaiorum
1199 2572 1277 2598 simul
1297 2579 1328 2598 ac
1349 2571 1492 2599 Gentilium
1517 2581 1523 2599 :
1551 2572 1612 2599 vide
1632 2573 1765 2607 quomodo
1790 2574 1815 2601 id

1026 2618 1106 2644 etiam
1122 2617 1274 2651 prmdixerit
1289 2617 1417 2651 propheta
1433 2616 1524 2643 dicens
1540 2625 1546 2643 :
1564 2617 1649 2649 Quare
1662 2618 1815 2651 fremuerunt

1028 2661 1128 2694 Gentes,
1151 2667 1173 2689 et
1193 2662 1283 2696 pepuli
1305 2662 1417 2688 meditati
1436 2667 1495 2689 sunt
1515 2653 1601 2688 inania
1620 2662 1704 2697 (Psal.
1725 2662 1751 2689 2.
1769 2662 1816 2698 1)7

1058 2741 1066 2756 ι
1085 2744 1139 2769 ρυλε
1150 2740 1294 2776 clauduntnr_
1301 2740 1340 2776 hic
1348 2741 1442 2776 uncinis
1451 2747 1567 2776 nusquam
1582 2740 1700 2765 habentur
1711 2742 1734 2766 in
1747 2746 1815 2766 textu

1026 2775 1121 2833 (lict-39:3;
1146 2778 1191 2796 nec
1211 2772 1236 2795 in
1257 2772 1364 2797 editione
1384 2771 1452 2796 savii.
1474 2772 1519 2796 Sed
1541 2772 1579 2796 illa
1604 2777 1674 2797 vetus
1695 2775 1816 2803 lnterpres
