  <div class='ocr_page' id='page_1' title='image "/cluster/home/n/w/nwhite01/storage/ocr_20150623/47-48/njp.32101077772612/787.png"; bbox 0 0 2055 3122; ppageno 0'>
   <div class='ocr_carea' id='block_1_1' title="bbox 261 121 313 149">
    <p class='ocr_par' dir='ltr' id='par_1_1' title="bbox 261 121 313 149">
     <span class='ocr_line' id='line_1_1' title="bbox 261 121 313 149; baseline -0.038 0"><span class='ocrx_word' id='word_1_1' title='bbox 261 121 313 149; x_wconf 79' lang='lat'><strong>819</strong></span> 
     </span>
    </p>
   </div>
   <div class='ocr_carea' id='block_1_2' title="bbox 263 175 1049 213">
    <p class='ocr_par' dir='ltr' id='par_1_2' title="bbox 263 175 1049 213">
     <span class='ocr_line' id='line_1_2' title="bbox 263 175 1049 213; baseline -0.008 -7"><span class='ocrx_word' id='word_1_2' title='bbox 263 180 353 213; x_wconf 74' lang='lat' dir='ltr'><strong>Neque</strong></span> <span class='ocrx_word' id='word_1_3' title='bbox 367 183 468 206; x_wconf 88' lang='lat' dir='ltr'><strong>tantum</strong></span> <span class='ocrx_word' id='word_1_4' title='bbox 484 178 533 205; x_wconf 87' lang='lat' dir='ltr'><strong>ista</strong></span> <span class='ocrx_word' id='word_1_5' title='bbox 557 178 777 213; x_wconf 71' lang='lat' dir='ltr'><strong>prwltunliaruttt,</strong></span> <span class='ocrx_word' id='word_1_6' title='bbox 801 177 848 202; x_wconf 84' lang='lat' dir='ltr'><strong>sed</strong></span> <span class='ocrx_word' id='word_1_7' title='bbox 870 175 949 201; x_wconf 84' lang='lat' dir='ltr'><strong>etiam</strong></span> <span class='ocrx_word' id='word_1_8' title='bbox 970 175 1049 202; x_wconf 85' lang='lat' dir='ltr'><strong>silen-</strong></span> 
     </span>
    </p>
   </div>
   <div class='ocr_carea' id='block_1_3' title="bbox 264 222 1052 260">
    <p class='ocr_par' dir='ltr' id='par_1_3' title="bbox 264 222 1052 260">
     <span class='ocr_line' id='line_1_3' title="bbox 264 222 1052 260; baseline -0.008 -7"><span class='ocrx_word' id='word_1_9' title='bbox 264 226 339 258; x_wconf 89' lang='lat' dir='ltr'><strong>tium,</strong></span> <span class='ocrx_word' id='word_1_10' title='bbox 351 225 422 260; x_wconf 90' lang='lat' dir='ltr'><strong>quod</strong></span> <span class='ocrx_word' id='word_1_11' title='bbox 432 225 522 252; x_wconf 88' lang='lat' dir='ltr'><strong>multis</strong></span> <span class='ocrx_word' id='word_1_12' title='bbox 532 224 628 251; x_wconf 75' lang='lat' dir='ltr'><strong>habitis</strong></span> <span class='ocrx_word' id='word_1_13' title='bbox 643 222 824 254; x_wconf 78' lang='lat' dir='ltr'><strong>Sermonlbus,</strong></span> <span class='ocrx_word' id='word_1_14' title='bbox 837 222 985 255; x_wconf 89' lang='lat' dir='ltr'><strong>oblatisque</strong></span> <span class='ocrx_word' id='word_1_15' title='bbox 1000 222 1052 248; x_wconf 91' lang='lat' dir='ltr'><strong>cri-</strong></span> 
     </span>
    </p>
   </div>
   <div class='ocr_carea' id='block_1_4' title="bbox 263 268 1053 304">
    <p class='ocr_par' dir='ltr' id='par_1_4' title="bbox 263 268 1053 304">
     <span class='ocr_line' id='line_1_4' title="bbox 263 268 1053 304; baseline -0.005 -6"><span class='ocrx_word' id='word_1_16' title='bbox 263 272 452 299; x_wconf 87' lang='lat' dir='ltr'><strong>minationibus</strong></span> <span class='ocrx_word' id='word_1_17' title='bbox 465 271 509 298; x_wconf 88' lang='lat' dir='ltr'><strong>ille</strong></span> <span class='ocrx_word' id='word_1_18' title='bbox 522 270 654 302; x_wconf 80' lang='lat' dir='ltr'><strong>servabat,</strong></span> <span class='ocrx_word' id='word_1_19' title='bbox 677 269 801 304; x_wconf 65' lang='lat' dir='ltr'><strong>praedixit</strong></span> <span class='ocrx_word' id='word_1_20' title='bbox 814 268 924 296; x_wconf 79' lang='lat' dir='ltr'><strong>liesaias</strong></span> <span class='ocrx_word' id='word_1_21' title='bbox 938 268 979 295; x_wconf 87' lang='lat' dir='ltr'><strong>his</strong></span> <span class='ocrx_word' id='word_1_22' title='bbox 991 275 1053 294; x_wconf 80' lang='lat' dir='ltr'><strong>ver-</strong></span> 
     </span>
    </p>
   </div>
   <div class='ocr_carea' id='block_1_5' title="bbox 263 314 1054 347">
    <p class='ocr_par' dir='ltr' id='par_1_5' title="bbox 263 314 1054 347">
     <span class='ocr_line' id='line_1_5' title="bbox 263 314 1054 347; baseline -0.008 -2"><span class='ocrx_word' id='word_1_23' title='bbox 263 317 325 345; x_wconf 78' lang='lat' dir='ltr'><strong>his:</strong></span> <span class='ocrx_word' id='word_1_24' title='bbox 342 317 415 345; x_wconf 79' lang='lat' dir='ltr'><strong>Sicut</strong></span> <span class='ocrx_word' id='word_1_25' title='bbox 429 317 481 343; x_wconf 74' lang='lat' dir='ltr'><strong>ouis</strong></span> <span class='ocrx_word' id='word_1_26' title='bbox 495 316 529 343; x_wconf 86' lang='lat' dir='ltr'><strong>ad</strong></span> <span class='ocrx_word' id='word_1_27' title='bbox 542 315 692 342; x_wconf 82' lang='lat' dir='ltr'><strong>occisionem</strong></span> <span class='ocrx_word' id='word_1_28' title='bbox 705 314 795 341; x_wconf 84' lang='lat' dir='ltr'><strong>ductus</strong></span> <span class='ocrx_word' id='word_1_29' title='bbox 808 319 854 346; x_wconf 84' lang='lat' dir='ltr'><strong>est,</strong></span> <span class='ocrx_word' id='word_1_30' title='bbox 866 318 890 340; x_wconf 88' lang='lat' dir='ltr'><strong>et</strong></span> <span class='ocrx_word' id='word_1_31' title='bbox 900 314 963 340; x_wconf 85' lang='lat' dir='ltr'><strong>sicut</strong></span> <span class='ocrx_word' id='word_1_32' title='bbox 973 321 1054 347; x_wconf 85' lang='lat' dir='ltr'><strong>agnus</strong></span> 
     </span>
    </p>
   </div>
   <div class='ocr_carea' id='block_1_6' title="bbox 262 357 1051 394">
    <p class='ocr_par' dir='ltr' id='par_1_6' title="bbox 262 357 1051 394">
     <span class='ocr_line' id='line_1_6' title="bbox 262 357 1051 394; baseline -0.008 -4"><span class='ocrx_word' id='word_1_33' title='bbox 262 371 348 390; x_wconf 75' lang='lat' dir='ltr'><strong>eorum</strong></span> <span class='ocrx_word' id='word_1_34' title='bbox 361 360 478 389; x_wconf 77' lang='lat' dir='ltr'><strong>tondente</strong></span> <span class='ocrx_word' id='word_1_35' title='bbox 491 366 584 392; x_wconf 83' lang='lat' dir='ltr'><strong>mulus,</strong></span> <span class='ocrx_word' id='word_1_36' title='bbox 601 361 637 386; x_wconf 83' lang='lat' dir='ltr'><strong>sic</strong></span> <span class='ocrx_word' id='word_1_37' title='bbox 650 368 699 388; x_wconf 88' lang='lat' dir='ltr'><strong>non</strong></span> <span class='ocrx_word' id='word_1_38' title='bbox 711 360 811 394; x_wconf 86' lang='lat' dir='ltr'><strong>aperuit</strong></span> <span class='ocrx_word' id='word_1_39' title='bbox 822 367 849 386; x_wconf 89' lang='lat' dir='ltr'><strong>os</strong></span> <span class='ocrx_word' id='word_1_40' title='bbox 865 367 938 385; x_wconf 87' lang='lat' dir='ltr'><strong>suum</strong></span> <span class='ocrx_word' id='word_1_41' title='bbox 950 357 1051 394; x_wconf 78' lang='lat' dir='ltr'><strong>(Hesai.</strong></span> 
     </span>
    </p>
   </div>
   <div class='ocr_carea' id='block_1_7' title="bbox 264 403 1055 444">
    <p class='ocr_par' dir='ltr' id='par_1_7' title="bbox 264 403 1055 444">
     <span class='ocr_line' id='line_1_7' title="bbox 264 403 1055 444; baseline -0.008 -9"><span class='ocrx_word' id='word_1_42' title='bbox 264 409 308 436; x_wconf 76' lang='grc'><strong>55.</strong></span> <span class='ocrx_word' id='word_1_43' title='bbox 323 408 363 444; x_wconf 89' lang='lat'><strong>7).</strong></span> <span class='ocrx_word' id='word_1_44' title='bbox 377 408 471 434; x_wconf 81' lang='lat' dir='ltr'><strong>Postea</strong></span> <span class='ocrx_word' id='word_1_45' title='bbox 487 405 782 440; x_wconf 88' lang='lat' dir='ltr'><strong>corruptumjudieium</strong></span> <span class='ocrx_word' id='word_1_46' title='bbox 797 405 948 436; x_wconf 78' lang='lat' dir='ltr'><strong>declarans,</strong></span> <span class='ocrx_word' id='word_1_47' title='bbox 960 403 993 430; x_wconf 81' lang='lat' dir='ltr'><strong>In</strong></span> <span class='ocrx_word' id='word_1_48' title='bbox 1007 403 1055 429; x_wconf 84' lang='lat' dir='ltr'><strong>hu-</strong></span> 
     </span>
    </p>
   </div>
   <div class='ocr_carea' id='block_1_8' title="bbox 262 448 1053 487">
    <p class='ocr_par' dir='ltr' id='par_1_8' title="bbox 262 448 1053 487">
     <span class='ocr_line' id='line_1_8' title="bbox 262 448 1053 487; baseline -0.008 -7"><span class='ocrx_word' id='word_1_49' title='bbox 262 454 378 486; x_wconf 80' lang='lat' dir='ltr'><strong>militate,</strong></span> <span class='ocrx_word' id='word_1_50' title='bbox 402 451 496 487; x_wconf 85' lang='lat' dir='ltr'><strong>inquit,</strong></span> <span class='ocrx_word' id='word_1_51' title='bbox 518 452 646 487; x_wconf 81' lang='lat' dir='ltr'><strong>judicium</strong></span> <span class='ocrx_word' id='word_1_52' title='bbox 666 452 722 487; x_wconf 80' lang='lat' dir='ltr'><strong>ejus</strong></span> <span class='ocrx_word' id='word_1_53' title='bbox 742 450 869 477; x_wconf 87' lang='lat' dir='ltr'><strong>sublatum</strong></span> <span class='ocrx_word' id='word_1_54' title='bbox 884 454 940 482; x_wconf 81' lang='lat' dir='ltr'><strong>est;</strong></span> <span class='ocrx_word' id='word_1_55' title='bbox 961 448 987 476; x_wconf 91' lang='lat' dir='ltr'><strong>id</strong></span> <span class='ocrx_word' id='word_1_56' title='bbox 1001 454 1053 480; x_wconf 71' lang='grc' dir='ltr'><strong>εει,</strong></span> 
     </span>
    </p>
   </div>
   <div class='ocr_carea' id='block_1_9' title="bbox 262 493 1055 531">
    <p class='ocr_par' dir='ltr' id='par_1_9' title="bbox 262 493 1055 531">
     <span class='ocr_line' id='line_1_9' title="bbox 262 493 1055 531; baseline -0.008 -6"><span class='ocrx_word' id='word_1_57' title='bbox 262 498 350 526; x_wconf 94' lang='lat' dir='ltr'><strong>nullus</strong></span> <span class='ocrx_word' id='word_1_58' title='bbox 365 497 398 524; x_wconf 89' lang='lat' dir='ltr'><strong>de</strong></span> <span class='ocrx_word' id='word_1_59' title='bbox 413 497 471 531; x_wconf 83' lang='lat' dir='ltr'><strong>ipso</strong></span> <span class='ocrx_word' id='word_1_60' title='bbox 484 497 555 531; x_wconf 84' lang='lat' dir='ltr'><strong>juste</strong></span> <span class='ocrx_word' id='word_1_61' title='bbox 576 496 715 531; x_wconf 84' lang='lat' dir='ltr'><strong>judicavit.</strong></span> <span class='ocrx_word' id='word_1_62' title='bbox 731 495 831 523; x_wconf 84' lang='lat' dir='ltr'><strong>Deinde</strong></span> <span class='ocrx_word' id='word_1_63' title='bbox 852 502 959 522; x_wconf 82' lang='lat' dir='ltr'><strong>causam</strong></span> <span class='ocrx_word' id='word_1_64' title='bbox 974 493 1055 520; x_wconf 75' lang='lat' dir='ltr'><strong>ca-dis</strong></span> 
     </span>
    </p>
   </div>
   <div class='ocr_carea' id='block_1_10' title="bbox 263 543 1055 579">
    <p class='ocr_par' dir='ltr' id='par_1_10' title="bbox 263 543 1055 579">
     <span class='ocr_line' id='line_1_10' title="bbox 263 543 1055 579; baseline -0.006 -9"><span class='ocrx_word' id='word_1_65' title='bbox 263 543 399 579; x_wconf 80' lang='lat' dir='ltr'><strong>patefacit.</strong></span> <span class='ocrx_word' id='word_1_66' title='bbox 415 543 480 570; x_wconf 84' lang='lat' dir='ltr'><strong>Nam</strong></span> <span class='ocrx_word' id='word_1_67' title='bbox 495 543 556 576; x_wconf 90' lang='lat' dir='ltr'><strong>quia</strong></span> <span class='ocrx_word' id='word_1_68' title='bbox 577 550 630 568; x_wconf 90' lang='lat' dir='ltr'><strong>non</strong></span> <span class='ocrx_word' id='word_1_69' title='bbox 653 545 821 576; x_wconf 82' lang='lat' dir='ltr'><strong>peccatorum</strong></span> <span class='ocrx_word' id='word_1_70' title='bbox 843 548 952 567; x_wconf 90' lang='lat' dir='ltr'><strong>suorutn</strong></span> <span class='ocrx_word' id='word_1_71' title='bbox 975 545 1055 566; x_wconf 85' lang='lat' dir='ltr'><strong>causa</strong></span> 
     </span>
    </p>
   </div>
   <div class='ocr_carea' id='block_1_11' title="bbox 263 585 1055 625">
    <p class='ocr_par' dir='ltr' id='par_1_11' title="bbox 263 585 1055 625">
     <span class='ocr_line' id='line_1_11' title="bbox 263 585 1055 625; baseline -0.006 -9"><span class='ocrx_word' id='word_1_72' title='bbox 263 597 358 625; x_wconf 83' lang='lat' dir='ltr'><strong>passus</strong></span> <span class='ocrx_word' id='word_1_73' title='bbox 369 593 419 622; x_wconf 87' lang='lat' dir='ltr'><strong>est,</strong></span> <span class='ocrx_word' id='word_1_74' title='bbox 435 589 585 622; x_wconf 88' lang='lat' dir='ltr'><strong>inculpatus</strong></span> <span class='ocrx_word' id='word_1_75' title='bbox 599 588 670 615; x_wconf 89' lang='lat' dir='ltr'><strong>enim</strong></span> <span class='ocrx_word' id='word_1_76' title='bbox 687 592 713 614; x_wconf 89' lang='lat' dir='ltr'><strong>et</strong></span> <span class='ocrx_word' id='word_1_77' title='bbox 729 587 854 613; x_wconf 75' lang='lat' dir='ltr'><strong>innoxius</strong></span> <span class='ocrx_word' id='word_1_78' title='bbox 865 590 933 617; x_wconf 87' lang='lat' dir='ltr'><strong>erat,</strong></span> <span class='ocrx_word' id='word_1_79' title='bbox 949 585 996 612; x_wconf 89' lang='lat' dir='ltr'><strong>sed</strong></span> <span class='ocrx_word' id='word_1_80' title='bbox 1009 591 1055 618; x_wconf 92' lang='lat' dir='ltr'><strong>pro</strong></span> 
     </span>
    </p>
   </div>
   <div class='ocr_carea' id='block_1_12' title="bbox 262 630 1056 667">
    <p class='ocr_par' dir='ltr' id='par_1_12' title="bbox 262 630 1056 667">
     <span class='ocr_line' id='line_1_12' title="bbox 262 630 1056 667; baseline -0.008 -5"><span class='ocrx_word' id='word_1_81' title='bbox 262 635 354 662; x_wconf 89' lang='lat' dir='ltr'><strong>mundi</strong></span> <span class='ocrx_word' id='word_1_82' title='bbox 371 635 448 662; x_wconf 81' lang='lat' dir='ltr'><strong>malis</strong></span> <span class='ocrx_word' id='word_1_83' title='bbox 465 634 576 661; x_wconf 87' lang='lat' dir='ltr'><strong>traditus</strong></span> <span class='ocrx_word' id='word_1_84' title='bbox 590 639 650 666; x_wconf 89' lang='lat' dir='ltr'><strong>est;</strong></span> <span class='ocrx_word' id='word_1_85' title='bbox 674 633 735 660; x_wconf 86' lang='lat' dir='ltr'><strong>vide</strong></span> <span class='ocrx_word' id='word_1_86' title='bbox 750 632 884 667; x_wconf 89' lang='lat' dir='ltr'><strong>quomodo</strong></span> <span class='ocrx_word' id='word_1_87' title='bbox 905 631 961 658; x_wconf 69' lang='grc' dir='ltr'><strong>ὴωο</strong></span> <span class='ocrx_word' id='word_1_88' title='bbox 976 630 1056 657; x_wconf 88' lang='lat' dir='ltr'><strong>atnbo</strong></span> 
     </span>
    </p>
   </div>
   <div class='ocr_carea' id='block_1_13' title="bbox 262 676 1054 713">
    <p class='ocr_par' dir='ltr' id='par_1_13' title="bbox 262 676 1054 713">
     <span class='ocr_line' id='line_1_13' title="bbox 262 676 1054 713; baseline -0.009 -4"><span class='ocrx_word' id='word_1_89' title='bbox 262 681 482 713; x_wconf 82' lang='lat' dir='ltr'><strong>subindicaverit,</strong></span> <span class='ocrx_word' id='word_1_90' title='bbox 504 688 563 707; x_wconf 81' lang='lat' dir='ltr'><strong>cuin</strong></span> <span class='ocrx_word' id='word_1_91' title='bbox 580 679 646 706; x_wconf 84' lang='lat' dir='ltr'><strong>dixit</strong></span> <span class='ocrx_word' id='word_1_92' title='bbox 664 688 670 704; x_wconf 90' lang='lat'>:</span> <span class='ocrx_word' id='word_1_93' title='bbox 698 678 748 712; x_wconf 83' lang='lat' dir='ltr'><strong>Qui</strong></span> <span class='ocrx_word' id='word_1_94' title='bbox 770 683 899 712; x_wconf 78' lang='lat' dir='ltr'><strong>peccatum</strong></span> <span class='ocrx_word' id='word_1_95' title='bbox 915 685 964 703; x_wconf 90' lang='lat' dir='ltr'><strong>non</strong></span> <span class='ocrx_word' id='word_1_96' title='bbox 987 676 1054 712; x_wconf 75' lang='lat' dir='ltr'><strong>fecit,</strong></span> 
     </span>
    </p>
   </div>
   <div class='ocr_carea' id='block_1_14' title="bbox 263 723 1057 759">
    <p class='ocr_par' dir='ltr' id='par_1_14' title="bbox 263 723 1057 759">
     <span class='ocr_line' id='line_1_14' title="bbox 263 723 1057 759; baseline -0.008 -4"><span class='ocrx_word' id='word_1_97' title='bbox 263 737 309 756; x_wconf 80' lang='lat' dir='ltr'><strong>nec</strong></span> <span class='ocrx_word' id='word_1_98' title='bbox 321 729 435 755; x_wconf 83' lang='lat' dir='ltr'><strong>inventus</strong></span> <span class='ocrx_word' id='word_1_99' title='bbox 449 731 484 754; x_wconf 87' lang='lat' dir='ltr'><strong>est</strong></span> <span class='ocrx_word' id='word_1_100' title='bbox 503 726 576 753; x_wconf 83' lang='lat' dir='ltr'><strong>dolus</strong></span> <span class='ocrx_word' id='word_1_101' title='bbox 588 726 614 752; x_wconf 90' lang='lat' dir='ltr'><strong>in</strong></span> <span class='ocrx_word' id='word_1_102' title='bbox 625 734 667 752; x_wconf 87' lang='lat' dir='ltr'><strong>ore</strong></span> <span class='ocrx_word' id='word_1_103' title='bbox 680 726 734 759; x_wconf 87' lang='lat' dir='ltr'><strong>ejus</strong></span> <span class='ocrx_word' id='word_1_104' title='bbox 757 724 858 759; x_wconf 85' lang='lat' dir='ltr'><strong>(Hesai.</strong></span> <span class='ocrx_word' id='word_1_105' title='bbox 877 724 921 751; x_wconf 78' lang='grc'><strong>55.</strong></span> <span class='ocrx_word' id='word_1_106' title='bbox 938 723 966 758; x_wconf 88' lang='lat'><strong>9)</strong></span> <span class='ocrx_word' id='word_1_107' title='bbox 988 732 993 748; x_wconf 94' lang='lat'>:</span> <span class='ocrx_word' id='word_1_108' title='bbox 1009 730 1057 757; x_wconf 86' lang='lat' dir='ltr'><strong>per</strong></span> 
     </span>
    </p>
   </div>
   <div class='ocr_carea' id='block_1_15' title="bbox 264 768 1057 808">
    <p class='ocr_par' dir='ltr' id='par_1_15' title="bbox 264 768 1057 808">
     <span class='ocr_line' id='line_1_15' title="bbox 264 768 1057 808; baseline -0.009 -6"><span class='ocrx_word' id='word_1_109' title='bbox 264 775 316 802; x_wconf 90' lang='lat' dir='ltr'><strong>ltoc</strong></span> <span class='ocrx_word' id='word_1_110' title='bbox 339 774 409 801; x_wconf 89' lang='lat' dir='ltr'><strong>enim</strong></span> <span class='ocrx_word' id='word_1_111' title='bbox 430 773 506 808; x_wconf 86' lang='lat' dir='ltr'><strong>cujus</strong></span> <span class='ocrx_word' id='word_1_112' title='bbox 520 773 556 799; x_wconf 90' lang='lat' dir='ltr'><strong>rei</strong></span> <span class='ocrx_word' id='word_1_113' title='bbox 573 780 651 799; x_wconf 91' lang='lat' dir='ltr'><strong>causa</strong></span> <span class='ocrx_word' id='word_1_114' title='bbox 666 772 771 798; x_wconf 88' lang='lat' dir='ltr'><strong>occisus</strong></span> <span class='ocrx_word' id='word_1_115' title='bbox 793 771 828 797; x_wconf 87' lang='lat' dir='ltr'><strong>sit</strong></span> <span class='ocrx_word' id='word_1_116' title='bbox 840 770 994 797; x_wconf 75' lang='lat' dir='ltr'><strong>declaravit.</strong></span> <span class='ocrx_word' id='word_1_117' title='bbox 1010 768 1057 796; x_wconf 88' lang='lat' dir='ltr'><strong>Se-</strong></span> 
     </span>
    </p>
   </div>
   <div class='ocr_carea' id='block_1_16' title="bbox 265 814 1058 854">
    <p class='ocr_par' dir='ltr' id='par_1_16' title="bbox 265 814 1058 854">
     <span class='ocr_line' id='line_1_16' title="bbox 265 814 1058 854; baseline -0.008 -9"><span class='ocrx_word' id='word_1_118' title='bbox 265 820 355 854; x_wconf 89' lang='lat' dir='ltr'><strong>quitur</strong></span> <span class='ocrx_word' id='word_1_119' title='bbox 366 823 393 845; x_wconf 88' lang='lat' dir='ltr'><strong>et</strong></span> <span class='ocrx_word' id='word_1_120' title='bbox 407 818 458 844; x_wconf 89' lang='lat' dir='ltr'><strong>alia</strong></span> <span class='ocrx_word' id='word_1_121' title='bbox 474 825 553 844; x_wconf 87' lang='lat' dir='ltr'><strong>causa</strong></span> <span class='ocrx_word' id='word_1_122' title='bbox 567 826 573 843; x_wconf 89' lang='lat'>:</span> <span class='ocrx_word' id='word_1_123' title='bbox 595 816 648 843; x_wconf 87' lang='lat' dir='ltr'><strong>Pro</strong></span> <span class='ocrx_word' id='word_1_124' title='bbox 659 816 842 850; x_wconf 85' lang='lat' dir='ltr'><strong>iniquitatibus’,</strong></span> <span class='ocrx_word' id='word_1_125' title='bbox 860 814 953 850; x_wconf 86' lang='lat' dir='ltr'><strong>inquit,</strong></span> <span class='ocrx_word' id='word_1_126' title='bbox 970 814 1058 849; x_wconf 84' lang='lat' dir='ltr'><strong>populi</strong></span> 
     </span>
    </p>
   </div>
   <div class='ocr_carea' id='block_1_17' title="bbox 266 861 1058 897">
    <p class='ocr_par' dir='ltr' id='par_1_17' title="bbox 266 861 1058 897">
     <span class='ocr_line' id='line_1_17' title="bbox 266 861 1058 897; baseline -0.006 -6"><span class='ocrx_word' id='word_1_127' title='bbox 266 865 314 891; x_wconf 82' lang='lat' dir='ltr'><strong>mei</strong></span> <span class='ocrx_word' id='word_1_128' title='bbox 328 864 362 890; x_wconf 87' lang='lat' dir='ltr'><strong>ad</strong></span> <span class='ocrx_word' id='word_1_129' title='bbox 374 868 479 890; x_wconf 85' lang='lat' dir='ltr'><strong>mortem</strong></span> <span class='ocrx_word' id='word_1_130' title='bbox 495 863 561 890; x_wconf 82' lang='lat' dir='ltr'><strong>venit</strong></span> <span class='ocrx_word' id='word_1_131' title='bbox 580 861 682 897; x_wconf 75' lang='lat' dir='ltr'><strong>(Hemi.</strong></span> <span class='ocrx_word' id='word_1_132' title='bbox 696 862 740 889; x_wconf 79' lang='lat'><strong>53.</strong></span> <span class='ocrx_word' id='word_1_133' title='bbox 761 861 801 897; x_wconf 79' lang='lat'><strong>5).</strong></span> <span class='ocrx_word' id='word_1_134' title='bbox 817 861 909 895; x_wconf 80' lang='lat' dir='ltr'><strong>Neque</strong></span> <span class='ocrx_word' id='word_1_135' title='bbox 921 868 986 887; x_wconf 89' lang='lat' dir='ltr'><strong>vero</strong></span> <span class='ocrx_word' id='word_1_136' title='bbox 1000 864 1058 886; x_wconf 89' lang='lat' dir='ltr'><strong>tan-</strong></span> 
     </span>
    </p>
   </div>
   <div class='ocr_carea' id='block_1_18' title="bbox 266 907 1056 941">
    <p class='ocr_par' dir='ltr' id='par_1_18' title="bbox 266 907 1056 941">
     <span class='ocr_line' id='line_1_18' title="bbox 266 907 1056 941; baseline -0.006 -5"><span class='ocrx_word' id='word_1_137' title='bbox 266 915 324 937; x_wconf 91' lang='lat' dir='ltr'><strong>tum</strong></span> <span class='ocrx_word' id='word_1_138' title='bbox 337 917 443 936; x_wconf 82' lang='lat' dir='ltr'><strong>causam</strong></span> <span class='ocrx_word' id='word_1_139' title='bbox 458 908 549 941; x_wconf 75' lang='lat' dir='ltr'><strong>cadis,</strong></span> <span class='ocrx_word' id='word_1_140' title='bbox 561 907 608 934; x_wconf 89' lang='lat' dir='ltr'><strong>sed</strong></span> <span class='ocrx_word' id='word_1_141' title='bbox 617 908 696 934; x_wconf 87' lang='lat' dir='ltr'><strong>etiam</strong></span> <span class='ocrx_word' id='word_1_142' title='bbox 708 907 769 941; x_wconf 90' lang='lat' dir='ltr'><strong>quid</strong></span> <span class='ocrx_word' id='word_1_143' title='bbox 782 907 850 934; x_wconf 86' lang='lat' dir='ltr'><strong>lucri</strong></span> <span class='ocrx_word' id='word_1_144' title='bbox 861 914 893 933; x_wconf 87' lang='lat' dir='ltr'><strong>ex</strong></span> <span class='ocrx_word' id='word_1_145' title='bbox 900 913 979 933; x_wconf 89' lang='lat' dir='ltr'><strong>cruce</strong></span> <span class='ocrx_word' id='word_1_146' title='bbox 989 909 1014 932; x_wconf 86' lang='lat' dir='ltr'><strong>et</strong></span> <span class='ocrx_word' id='word_1_147' title='bbox 1024 913 1056 932; x_wconf 80' lang='lat' dir='ltr'><strong>ex</strong></span> 
     </span>
    </p>
   </div>
   <div class='ocr_carea' id='block_1_19' title="bbox 269 950 1058 986">
    <p class='ocr_par' dir='ltr' id='par_1_19' title="bbox 269 950 1058 986">
     <span class='ocr_line' id='line_1_19' title="bbox 269 950 1058 986; baseline -0.008 -4"><span class='ocrx_word' id='word_1_148' title='bbox 269 955 343 983; x_wconf 71' lang='lat' dir='ltr'><strong>caede</strong></span> <span class='ocrx_word' id='word_1_149' title='bbox 356 954 400 981; x_wconf 83' lang='lat' dir='ltr'><strong>illa</strong></span> <span class='ocrx_word' id='word_1_150' title='bbox 409 953 553 980; x_wconf 86' lang='lat' dir='ltr'><strong>accesserit</strong></span> <span class='ocrx_word' id='word_1_151' title='bbox 559 952 701 980; x_wconf 86' lang='lat' dir='ltr'><strong>ostendere</strong></span> <span class='ocrx_word' id='word_1_152' title='bbox 709 952 811 984; x_wconf 87' lang='lat' dir='ltr'><strong>volens,</strong></span> <span class='ocrx_word' id='word_1_153' title='bbox 819 951 879 978; x_wconf 86' lang='lat' dir='ltr'><strong>vide</strong></span> <span class='ocrx_word' id='word_1_154' title='bbox 889 950 1022 986; x_wconf 87' lang='lat' dir='ltr'><strong>quomodo</strong></span> <span class='ocrx_word' id='word_1_155' title='bbox 1031 950 1058 976; x_wconf 87' lang='lat' dir='ltr'><strong>id</strong></span> 
     </span>
    </p>
   </div>
   <div class='ocr_carea' id='block_1_20' title="bbox 265 997 1056 1036">
    <p class='ocr_par' dir='ltr' id='par_1_20' title="bbox 265 997 1056 1036">
     <span class='ocr_line' id='line_1_20' title="bbox 265 997 1056 1036; baseline -0.008 -9"><span class='ocrx_word' id='word_1_156' title='bbox 265 1001 425 1036; x_wconf 70' lang='lat' dir='ltr'><strong>prtenuntiet</strong></span> <span class='ocrx_word' id='word_1_157' title='bbox 446 1000 487 1026; x_wconf 88' lang='lat' dir='ltr'><strong>his</strong></span> <span class='ocrx_word' id='word_1_158' title='bbox 501 999 610 1027; x_wconf 85' lang='lat' dir='ltr'><strong>verbis:</strong></span> <span class='ocrx_word' id='word_1_159' title='bbox 629 998 721 1025; x_wconf 87' lang='lat' dir='ltr'><strong>Omnes</strong></span> <span class='ocrx_word' id='word_1_160' title='bbox 737 998 800 1024; x_wconf 88' lang='lat' dir='ltr'><strong>sicut</strong></span> <span class='ocrx_word' id='word_1_161' title='bbox 819 1005 875 1023; x_wconf 83' lang='lat' dir='ltr'><strong>oves</strong></span> <span class='ocrx_word' id='word_1_162' title='bbox 896 997 1034 1023; x_wconf 83' lang='lat' dir='ltr'><strong>erravimus</strong></span> <span class='ocrx_word' id='word_1_163' title='bbox 1046 1003 1056 1022; x_wconf 87' lang='lat'><strong><em>:</em></strong></span> 
     </span>
    </p>
   </div>
   <div class='ocr_carea' id='block_1_21' title="bbox 267 1043 1060 1078">
    <p class='ocr_par' dir='ltr' id='par_1_21' title="bbox 267 1043 1060 1078">
     <span class='ocr_line' id='line_1_21' title="bbox 267 1043 1060 1078; baseline -0.006 -5"><span class='ocrx_word' id='word_1_164' title='bbox 267 1048 341 1073; x_wconf 88' lang='lat' dir='ltr'><strong>homo</strong></span> <span class='ocrx_word' id='word_1_165' title='bbox 355 1047 383 1073; x_wconf 85' lang='lat' dir='ltr'><strong>in</strong></span> <span class='ocrx_word' id='word_1_166' title='bbox 396 1046 435 1072; x_wconf 84' lang='lat' dir='ltr'><strong>via</strong></span> <span class='ocrx_word' id='word_1_167' title='bbox 449 1052 494 1072; x_wconf 87' lang='lat' dir='ltr'><strong>sua</strong></span> <span class='ocrx_word' id='word_1_168' title='bbox 515 1044 638 1072; x_wconf 88' lang='lat' dir='ltr'><strong>aberravit</strong></span> <span class='ocrx_word' id='word_1_169' title='bbox 650 1052 659 1071; x_wconf 90' lang='lat'><strong><em>:</em></strong></span> <span class='ocrx_word' id='word_1_170' title='bbox 672 1044 806 1078; x_wconf 80' lang='lat' dir='ltr'><strong>disciplina</strong></span> <span class='ocrx_word' id='word_1_171' title='bbox 822 1043 891 1078; x_wconf 83' lang='lat' dir='ltr'><strong>pacis</strong></span> <span class='ocrx_word' id='word_1_172' title='bbox 904 1047 996 1069; x_wconf 68' lang='lat' dir='ltr'><strong>nostra:</strong></span> <span class='ocrx_word' id='word_1_173' title='bbox 1017 1050 1060 1068; x_wconf 81' lang='lat' dir='ltr'><strong>su-</strong></span> 
     </span>
    </p>
   </div>
   <div class='ocr_carea' id='block_1_22' title="bbox 266 1086 1054 1127">
    <p class='ocr_par' dir='ltr' id='par_1_22' title="bbox 266 1086 1054 1127">
     <span class='ocr_line' id='line_1_22' title="bbox 266 1086 1054 1127; baseline -0.006 -9"><span class='ocrx_word' id='word_1_174' title='bbox 266 1100 310 1127; x_wconf 82' lang='lat' dir='ltr'><strong>per</strong></span> <span class='ocrx_word' id='word_1_175' title='bbox 329 1099 384 1118; x_wconf 87' lang='lat' dir='ltr'><strong>eum</strong></span> <span class='ocrx_word' id='word_1_176' title='bbox 397 1099 405 1118; x_wconf 94' lang='lat'><em>:</em></span> <span class='ocrx_word' id='word_1_177' title='bbox 419 1092 496 1117; x_wconf 81' lang='lat' dir='ltr'><strong>liuore</strong></span> <span class='ocrx_word' id='word_1_178' title='bbox 515 1092 571 1125; x_wconf 90' lang='lat' dir='ltr'><strong>ejus</strong></span> <span class='ocrx_word' id='word_1_179' title='bbox 583 1099 628 1116; x_wconf 87' lang='lat' dir='ltr'><strong>nos</strong></span> <span class='ocrx_word' id='word_1_180' title='bbox 642 1098 728 1116; x_wconf 88' lang='lat' dir='ltr'><strong>omnes</strong></span> <span class='ocrx_word' id='word_1_181' title='bbox 741 1089 824 1116; x_wconf 85' lang='lat' dir='ltr'><strong>sanati</strong></span> <span class='ocrx_word' id='word_1_182' title='bbox 837 1096 934 1115; x_wconf 85' lang='lat' dir='ltr'><strong>sumus.</strong></span> <span class='ocrx_word' id='word_1_183' title='bbox 950 1086 1054 1114; x_wconf 87' lang='lat' dir='ltr'><strong>Deinde</strong></span> 
     </span>
    </p>
   </div>
   <div class='ocr_carea' id='block_1_23' title="bbox 266 1133 1054 1173">
    <p class='ocr_par' dir='ltr' id='par_1_23' title="bbox 266 1133 1054 1173">
     <span class='ocr_line' id='line_1_23' title="bbox 266 1133 1054 1173; baseline -0.006 -9"><span class='ocrx_word' id='word_1_184' title='bbox 266 1138 326 1173; x_wconf 85' lang='lat' dir='ltr'><strong>quia</strong></span> <span class='ocrx_word' id='word_1_185' title='bbox 337 1145 430 1172; x_wconf 64' lang='lat' dir='ltr'><strong>poenas</strong></span> <span class='ocrx_word' id='word_1_186' title='bbox 441 1137 528 1163; x_wconf 88' lang='lat' dir='ltr'><strong>daturi</strong></span> <span class='ocrx_word' id='word_1_187' title='bbox 541 1141 617 1163; x_wconf 88' lang='lat' dir='ltr'><strong>erant</strong></span> <span class='ocrx_word' id='word_1_188' title='bbox 626 1136 710 1163; x_wconf 77' lang='lat' dir='ltr'><strong>Judcci</strong></span> <span class='ocrx_word' id='word_1_189' title='bbox 721 1135 879 1170; x_wconf 79' lang='lat' dir='ltr'><strong>flagitiorum</strong></span> <span class='ocrx_word' id='word_1_190' title='bbox 894 1133 1054 1169; x_wconf 89' lang='lat' dir='ltr'><strong>hujusmodi,</strong></span> 
     </span>
    </p>
   </div>
   <div class='ocr_carea' id='block_1_24' title="bbox 266 1178 1057 1218">
    <p class='ocr_par' dir='ltr' id='par_1_24' title="bbox 266 1178 1057 1218">
     <span class='ocr_line' id='line_1_24' title="bbox 266 1178 1057 1218; baseline -0.008 -8"><span class='ocrx_word' id='word_1_191' title='bbox 266 1183 328 1210; x_wconf 88' lang='lat' dir='ltr'><strong>illud</strong></span> <span class='ocrx_word' id='word_1_192' title='bbox 340 1191 445 1218; x_wconf 89' lang='lat' dir='ltr'><strong>quoque</strong></span> <span class='ocrx_word' id='word_1_193' title='bbox 458 1183 575 1210; x_wconf 87' lang='lat' dir='ltr'><strong>declarat</strong></span> <span class='ocrx_word' id='word_1_194' title='bbox 589 1182 658 1208; x_wconf 90' lang='lat' dir='ltr'><strong>idem</strong></span> <span class='ocrx_word' id='word_1_195' title='bbox 673 1181 800 1216; x_wconf 75' lang='lat' dir='ltr'><strong>propheta</strong></span> <span class='ocrx_word' id='word_1_196' title='bbox 815 1188 876 1208; x_wconf 92' lang='lat' dir='ltr'><strong>cum</strong></span> <span class='ocrx_word' id='word_1_197' title='bbox 887 1180 951 1207; x_wconf 88' lang='lat' dir='ltr'><strong>dicit</strong></span> <span class='ocrx_word' id='word_1_198' title='bbox 963 1188 969 1206; x_wconf 89' lang='lat'><strong>:</strong></span> <span class='ocrx_word' id='word_1_199' title='bbox 986 1178 1057 1205; x_wconf 85' lang='lat' dir='ltr'><strong>Dabo</strong></span> 
     </span>
    </p>
   </div>
   <div class='ocr_carea' id='block_1_25' title="bbox 265 1226 1060 1264">
    <p class='ocr_par' dir='ltr' id='par_1_25' title="bbox 265 1226 1060 1264">
     <span class='ocr_line' id='line_1_25' title="bbox 265 1226 1060 1264; baseline -0.005 -9"><span class='ocrx_word' id='word_1_200' title='bbox 265 1229 392 1264; x_wconf 83' lang='lat' dir='ltr'><strong>improbos</strong></span> <span class='ocrx_word' id='word_1_201' title='bbox 414 1236 459 1263; x_wconf 88' lang='lat' dir='ltr'><strong>pro</strong></span> <span class='ocrx_word' id='word_1_202' title='bbox 481 1228 610 1263; x_wconf 73' lang='lat' dir='ltr'><strong>sepultura</strong></span> <span class='ocrx_word' id='word_1_203' title='bbox 625 1228 690 1262; x_wconf 81' lang='lat' dir='ltr'><strong>ejus,</strong></span> <span class='ocrx_word' id='word_1_204' title='bbox 711 1232 734 1254; x_wconf 91' lang='lat' dir='ltr'><strong>et</strong></span> <span class='ocrx_word' id='word_1_205' title='bbox 747 1227 834 1253; x_wconf 83' lang='lat' dir='ltr'><strong>divites</strong></span> <span class='ocrx_word' id='word_1_206' title='bbox 855 1234 900 1260; x_wconf 92' lang='lat' dir='ltr'><strong>pro</strong></span> <span class='ocrx_word' id='word_1_207' title='bbox 912 1231 992 1252; x_wconf 86' lang='lat' dir='ltr'><strong>morte</strong></span> <span class='ocrx_word' id='word_1_208' title='bbox 1004 1226 1060 1260; x_wconf 85' lang='lat' dir='ltr'><strong>ejus</strong></span> 
     </span>
    </p>
   </div>
   <div class='ocr_carea' id='block_1_26' title="bbox 265 1271 1058 1309">
    <p class='ocr_par' dir='ltr' id='par_1_26' title="bbox 265 1271 1058 1309">
     <span class='ocr_line' id='line_1_26' title="bbox 265 1271 1058 1309; baseline -0.006 -7"><span class='ocrx_word' id='word_1_209' title='bbox 265 1275 326 1309; x_wconf 87' lang='lat' dir='ltr'><strong>(Id.</strong></span> <span class='ocrx_word' id='word_1_210' title='bbox 349 1283 374 1302; x_wconf 74' lang='grc' dir='ltr'><strong>υ.</strong></span> <span class='ocrx_word' id='word_1_211' title='bbox 396 1275 440 1308; x_wconf 82' lang='grc'><strong>9).</strong></span> <span class='ocrx_word' id='word_1_212' title='bbox 456 1273 558 1301; x_wconf 84' lang='lat' dir='ltr'><strong>Rursus</strong></span> <span class='ocrx_word' id='word_1_213' title='bbox 573 1273 654 1300; x_wconf 85' lang='lat' dir='ltr'><strong>David</strong></span> <span class='ocrx_word' id='word_1_214' title='bbox 667 1280 727 1300; x_wconf 92' lang='lat' dir='ltr'><strong>cum</strong></span> <span class='ocrx_word' id='word_1_215' title='bbox 743 1272 862 1303; x_wconf 81' lang='lat' dir='ltr'><strong>dixisset,</strong></span> <span class='ocrx_word' id='word_1_216' title='bbox 877 1271 1032 1306; x_wconf 85' lang='lat' dir='ltr'><strong>Abjiciamus</strong></span> <span class='ocrx_word' id='word_1_217' title='bbox 1042 1279 1058 1297; x_wconf 81' lang='grc' dir='ltr'><em>α</em></span> 
     </span>
    </p>
   </div>
   <div class='ocr_carea' id='block_1_27' title="bbox 267 1318 1059 1355">
    <p class='ocr_par' dir='ltr' id='par_1_27' title="bbox 267 1318 1059 1355">
     <span class='ocr_line' id='line_1_27' title="bbox 267 1318 1059 1355; baseline -0.003 -9"><span class='ocrx_word' id='word_1_218' title='bbox 267 1319 436 1355; x_wconf 82' lang='lat' dir='ltr'><strong>nobisjugum</strong></span> <span class='ocrx_word' id='word_1_219' title='bbox 450 1321 563 1354; x_wconf 88' lang='lat' dir='ltr'><strong>ipsorum</strong></span> <span class='ocrx_word' id='word_1_220' title='bbox 577 1319 663 1354; x_wconf 83' lang='lat' dir='ltr'><strong>(Psal.</strong></span> <span class='ocrx_word' id='word_1_221' title='bbox 681 1319 709 1346; x_wconf 78' lang='grc'><strong>9..</strong></span> <span class='ocrx_word' id='word_1_222' title='bbox 724 1319 764 1354; x_wconf 76' lang='lat'><strong>3),</strong></span> <span class='ocrx_word' id='word_1_223' title='bbox 779 1318 886 1353; x_wconf 86' lang='lat' dir='ltr'><strong>adjecit,</strong></span> <span class='ocrx_word' id='word_1_224' title='bbox 902 1318 952 1351; x_wconf 82' lang='lat' dir='ltr'><strong>Qui</strong></span> <span class='ocrx_word' id='word_1_225' title='bbox 965 1318 1059 1345; x_wconf 87' lang='lat' dir='ltr'><strong>habitat</strong></span> 
     </span>
    </p>
   </div>
   <div class='ocr_carea' id='block_1_28' title="bbox 269 1365 1060 1400">
    <p class='ocr_par' dir='ltr' id='par_1_28' title="bbox 269 1365 1060 1400">
     <span class='ocr_line' id='line_1_28' title="bbox 269 1365 1060 1400; baseline -0.003 -8"><span class='ocrx_word' id='word_1_226' title='bbox 269 1367 296 1393; x_wconf 88' lang='lat' dir='ltr'><strong>in</strong></span> <span class='ocrx_word' id='word_1_227' title='bbox 303 1365 372 1392; x_wconf 74' lang='lat' dir='ltr'><strong>caelis</strong></span> <span class='ocrx_word' id='word_1_228' title='bbox 382 1365 495 1392; x_wconf 70' lang='lat' dir='ltr'><strong>irridebit</strong></span> <span class='ocrx_word' id='word_1_229' title='bbox 510 1374 551 1392; x_wconf 84' lang='lat' dir='ltr'><strong>eos</strong></span> <span class='ocrx_word' id='word_1_230' title='bbox 563 1374 572 1392; x_wconf 88' lang='lat'><strong><em>:</em></strong></span> <span class='ocrx_word' id='word_1_231' title='bbox 583 1370 641 1392; x_wconf 82' lang='lat' dir='ltr'><strong>tunc</strong></span> <span class='ocrx_word' id='word_1_232' title='bbox 654 1365 767 1400; x_wconf 82' lang='lat' dir='ltr'><strong>loquetur</strong></span> <span class='ocrx_word' id='word_1_233' title='bbox 780 1365 814 1391; x_wconf 87' lang='lat' dir='ltr'><strong>ad</strong></span> <span class='ocrx_word' id='word_1_234' title='bbox 825 1373 866 1391; x_wconf 83' lang='lat' dir='ltr'><strong>eos</strong></span> <span class='ocrx_word' id='word_1_235' title='bbox 876 1365 902 1391; x_wconf 88' lang='lat' dir='ltr'><strong>in</strong></span> <span class='ocrx_word' id='word_1_236' title='bbox 913 1365 952 1391; x_wconf 88' lang='lat' dir='ltr'><strong>ira</strong></span> <span class='ocrx_word' id='word_1_237' title='bbox 964 1373 1020 1396; x_wconf 83' lang='lat' dir='ltr'><strong>sua,</strong></span> <span class='ocrx_word' id='word_1_238' title='bbox 1037 1369 1060 1391; x_wconf 90' lang='lat' dir='ltr'><strong>et</strong></span> 
     </span>
    </p>
   </div>
   <div class='ocr_carea' id='block_1_29' title="bbox 269 1409 1061 1446">
    <p class='ocr_par' dir='ltr' id='par_1_29' title="bbox 269 1409 1061 1446">
     <span class='ocr_line' id='line_1_29' title="bbox 269 1409 1061 1446; baseline -0.003 -8"><span class='ocrx_word' id='word_1_239' title='bbox 269 1412 296 1438; x_wconf 86' lang='lat' dir='ltr'><strong>in</strong></span> <span class='ocrx_word' id='word_1_240' title='bbox 304 1413 391 1446; x_wconf 82' lang='lat' dir='ltr'><strong>furore</strong></span> <span class='ocrx_word' id='word_1_241' title='bbox 405 1419 449 1438; x_wconf 89' lang='lat' dir='ltr'><strong>suo</strong></span> <span class='ocrx_word' id='word_1_242' title='bbox 461 1410 618 1437; x_wconf 82' lang='lat' dir='ltr'><strong>conturbabit</strong></span> <span class='ocrx_word' id='word_1_243' title='bbox 631 1419 673 1437; x_wconf 88' lang='lat' dir='ltr'><strong>eos</strong></span> <span class='ocrx_word' id='word_1_244' title='bbox 685 1418 694 1436; x_wconf 92' lang='lat'><strong><em>:</em></strong></span> <span class='ocrx_word' id='word_1_245' title='bbox 705 1410 800 1445; x_wconf 89' lang='lat' dir='ltr'><strong>quibus</strong></span> <span class='ocrx_word' id='word_1_246' title='bbox 810 1409 941 1444; x_wconf 78' lang='lat' dir='ltr'><strong>signiﬁcat</strong></span> <span class='ocrx_word' id='word_1_247' title='bbox 956 1409 1061 1444; x_wconf 88' lang='lat' dir='ltr'><strong>disper-</strong></span> 
     </span>
    </p>
   </div>
   <div class='ocr_carea' id='block_1_30' title="bbox 269 1455 1059 1490">
    <p class='ocr_par' dir='ltr' id='par_1_30' title="bbox 269 1455 1059 1490">
     <span class='ocr_line' id='line_1_30' title="bbox 269 1455 1059 1490; baseline -0.003 -7"><span class='ocrx_word' id='word_1_248' title='bbox 269 1457 369 1484; x_wconf 84' lang='lat' dir='ltr'><strong>sionem</strong></span> <span class='ocrx_word' id='word_1_249' title='bbox 381 1463 473 1482; x_wconf 89' lang='lat' dir='ltr'><strong>eorum</strong></span> <span class='ocrx_word' id='word_1_250' title='bbox 487 1464 534 1490; x_wconf 90' lang='lat' dir='ltr'><strong>per</strong></span> <span class='ocrx_word' id='word_1_251' title='bbox 547 1460 629 1483; x_wconf 91' lang='lat' dir='ltr'><strong>totum</strong></span> <span class='ocrx_word' id='word_1_252' title='bbox 641 1460 770 1482; x_wconf 89' lang='lat' dir='ltr'><strong>terrarum</strong></span> <span class='ocrx_word' id='word_1_253' title='bbox 780 1455 871 1482; x_wconf 88' lang='lat' dir='ltr'><strong>orbem</strong></span> <span class='ocrx_word' id='word_1_254' title='bbox 882 1463 889 1487; x_wconf 93' lang='lat'><strong>;</strong></span> <span class='ocrx_word' id='word_1_255' title='bbox 902 1455 971 1490; x_wconf 91' lang='lat' dir='ltr'><strong>quod</strong></span> <span class='ocrx_word' id='word_1_256' title='bbox 980 1455 1059 1482; x_wconf 88' lang='lat' dir='ltr'><strong>etiam</strong></span> 
     </span>
    </p>
   </div>
   <div class='ocr_carea' id='block_1_31' title="bbox 269 1500 1060 1538">
    <p class='ocr_par' dir='ltr' id='par_1_31' title="bbox 269 1500 1060 1538">
     <span class='ocr_line' id='line_1_31' title="bbox 269 1500 1060 1538; baseline -0.001 -9"><span class='ocrx_word' id='word_1_257' title='bbox 269 1503 325 1538; x_wconf 73' lang='lat' dir='ltr'><strong>ipSe</strong></span> <span class='ocrx_word' id='word_1_258' title='bbox 346 1501 466 1529; x_wconf 83' lang='lat' dir='ltr'><strong>Christus</strong></span> <span class='ocrx_word' id='word_1_259' title='bbox 488 1501 513 1528; x_wconf 91' lang='lat' dir='ltr'><strong>in</strong></span> <span class='ocrx_word' id='word_1_260' title='bbox 533 1502 682 1536; x_wconf 76' lang='lat' dir='ltr'><strong>Evangeliis</strong></span> <span class='ocrx_word' id='word_1_261' title='bbox 696 1501 835 1529; x_wconf 85' lang='lat' dir='ltr'><strong>declarans</strong></span> <span class='ocrx_word' id='word_1_262' title='bbox 857 1501 982 1528; x_wconf 89' lang='lat' dir='ltr'><strong>dicebat:</strong></span> <span class='ocrx_word' id='word_1_263' title='bbox 1007 1500 1060 1528; x_wconf 84' lang='lat' dir='ltr'><strong>Eos</strong></span> 
     </span>
    </p>
   </div>
   <div class='ocr_carea' id='block_1_32' title="bbox 266 1547 1058 1583">
    <p class='ocr_par' dir='ltr' id='par_1_32' title="bbox 266 1547 1058 1583">
     <span class='ocr_line' id='line_1_32' title="bbox 266 1547 1058 1583; baseline -0.003 -7"><span class='ocrx_word' id='word_1_264' title='bbox 266 1555 351 1576; x_wconf 86' lang='lat' dir='ltr'><strong>autem</strong></span> <span class='ocrx_word' id='word_1_265' title='bbox 361 1548 404 1583; x_wconf 87' lang='lat' dir='ltr'><strong>qui</strong></span> <span class='ocrx_word' id='word_1_266' title='bbox 418 1556 458 1574; x_wconf 81' lang='lat' dir='ltr'><strong>me</strong></span> <span class='ocrx_word' id='word_1_267' title='bbox 470 1548 603 1574; x_wconf 85' lang='lat' dir='ltr'><strong>noluerunt</strong></span> <span class='ocrx_word' id='word_1_268' title='bbox 615 1556 721 1583; x_wconf 84' lang='lat' dir='ltr'><strong>regnare</strong></span> <span class='ocrx_word' id='word_1_269' title='bbox 735 1555 809 1582; x_wconf 81' lang='lat' dir='ltr'><strong>super</strong></span> <span class='ocrx_word' id='word_1_270' title='bbox 821 1555 856 1580; x_wconf 86' lang='lat' dir='ltr'><strong>se,</strong></span> <span class='ocrx_word' id='word_1_271' title='bbox 872 1547 986 1574; x_wconf 83' lang='lat' dir='ltr'><strong>abducite</strong></span> <span class='ocrx_word' id='word_1_272' title='bbox 998 1547 1058 1580; x_wconf 85' lang='lat' dir='ltr'><strong>huc,</strong></span> 
     </span>
    </p>
   </div>
   <div class='ocr_carea' id='block_1_33' title="bbox 267 1591 1059 1628">
    <p class='ocr_par' dir='ltr' id='par_1_33' title="bbox 267 1591 1059 1628">
     <span class='ocr_line' id='line_1_33' title="bbox 267 1591 1059 1628; baseline -0.001 -9"><span class='ocrx_word' id='word_1_273' title='bbox 267 1598 292 1620; x_wconf 80' lang='lat' dir='ltr'><strong>et</strong></span> <span class='ocrx_word' id='word_1_274' title='bbox 312 1594 416 1619; x_wconf 74' lang='lat' dir='ltr'><strong>occidite</strong></span> <span class='ocrx_word' id='word_1_275' title='bbox 438 1601 480 1619; x_wconf 91' lang='lat' dir='ltr'><strong>eos</strong></span> <span class='ocrx_word' id='word_1_276' title='bbox 505 1593 579 1628; x_wconf 83' lang='lat' dir='ltr'><strong>(Luc.</strong></span> <span class='ocrx_word' id='word_1_277' title='bbox 596 1593 639 1620; x_wconf 83' lang='lat' dir='ltr'><strong>l9.</strong></span> <span class='ocrx_word' id='word_1_278' title='bbox 662 1593 718 1627; x_wconf 64' lang='grc' dir='ltr'><strong>Ἦ).</strong></span> <span class='ocrx_word' id='word_1_279' title='bbox 740 1593 872 1620; x_wconf 67' lang='lat' dir='ltr'><strong>Praeterea</strong></span> <span class='ocrx_word' id='word_1_280' title='bbox 885 1591 918 1619; x_wconf 91' lang='lat' dir='ltr'><strong>de</strong></span> <span class='ocrx_word' id='word_1_281' title='bbox 932 1591 1059 1619; x_wconf 75' lang='lat' dir='ltr'><strong>cmdelo-</strong></span> 
     </span>
    </p>
   </div>
   <div class='ocr_carea' id='block_1_34' title="bbox 268 1638 1061 1672">
    <p class='ocr_par' dir='ltr' id='par_1_34' title="bbox 268 1638 1061 1672">
     <span class='ocr_line' id='line_1_34' title="bbox 268 1638 1061 1672; baseline -0.001 -7"><span class='ocrx_word' id='word_1_282' title='bbox 268 1639 354 1672; x_wconf 83' lang='lat' dir='ltr'><strong>qunti,</strong></span> <span class='ocrx_word' id='word_1_283' title='bbox 369 1638 476 1665; x_wconf 88' lang='lat' dir='ltr'><strong>modum</strong></span> <span class='ocrx_word' id='word_1_284' title='bbox 491 1640 549 1672; x_wconf 84' lang='lat' dir='ltr'><strong>ejus</strong></span> <span class='ocrx_word' id='word_1_285' title='bbox 564 1646 616 1665; x_wconf 89' lang='lat' dir='ltr'><strong>non</strong></span> <span class='ocrx_word' id='word_1_286' title='bbox 631 1639 773 1671; x_wconf 90' lang='lat' dir='ltr'><strong>siltterunl,</strong></span> <span class='ocrx_word' id='word_1_287' title='bbox 788 1638 834 1665; x_wconf 86' lang='lat' dir='ltr'><strong>sed</strong></span> <span class='ocrx_word' id='word_1_288' title='bbox 849 1638 922 1664; x_wconf 93' lang='lat' dir='ltr'><strong>illum</strong></span> <span class='ocrx_word' id='word_1_289' title='bbox 936 1638 1061 1664; x_wconf 80' lang='lat' dir='ltr'><strong>indicavit</strong></span> 
     </span>
    </p>
   </div>
   <div class='ocr_carea' id='block_1_35' title="bbox 270 1684 1060 1719">
    <p class='ocr_par' dir='ltr' id='par_1_35' title="bbox 270 1684 1060 1719">
     <span class='ocr_line' id='line_1_35' title="bbox 270 1684 1060 1719; baseline -0.001 -8"><span class='ocrx_word' id='word_1_290' title='bbox 270 1685 350 1711; x_wconf 85' lang='lat' dir='ltr'><strong>David</strong></span> <span class='ocrx_word' id='word_1_291' title='bbox 371 1685 406 1711; x_wconf 90' lang='lat' dir='ltr'><strong>ita</strong></span> <span class='ocrx_word' id='word_1_292' title='bbox 434 1685 545 1719; x_wconf 88' lang='lat' dir='ltr'><strong>loqttens</strong></span> <span class='ocrx_word' id='word_1_293' title='bbox 565 1694 572 1712; x_wconf 90' lang='lat'><strong>:</strong></span> <span class='ocrx_word' id='word_1_294' title='bbox 598 1684 729 1711; x_wconf 82' lang='lat' dir='ltr'><strong>Foderunt</strong></span> <span class='ocrx_word' id='word_1_295' title='bbox 750 1693 837 1711; x_wconf 85' lang='lat' dir='ltr'><strong>manus</strong></span> <span class='ocrx_word' id='word_1_296' title='bbox 857 1692 926 1710; x_wconf 88' lang='lat' dir='ltr'><strong>meas</strong></span> <span class='ocrx_word' id='word_1_297' title='bbox 941 1688 963 1710; x_wconf 91' lang='lat' dir='ltr'><strong>et</strong></span> <span class='ocrx_word' id='word_1_298' title='bbox 986 1684 1060 1718; x_wconf 84' lang='lat' dir='ltr'><strong>pedes</strong></span> 
     </span>
    </p>
   </div>
   <div class='ocr_carea' id='block_1_36' title="bbox 268 1726 1060 1762">
    <p class='ocr_par' dir='ltr' id='par_1_36' title="bbox 268 1726 1060 1762">
     <span class='ocr_line' id='line_1_36' title="bbox 268 1726 1060 1762; baseline -0.003 -7"><span class='ocrx_word' id='word_1_299' title='bbox 268 1737 346 1761; x_wconf 82' lang='lat' dir='ltr'><strong>meos,</strong></span> <span class='ocrx_word' id='word_1_300' title='bbox 369 1729 587 1755; x_wconf 84' lang='lat' dir='ltr'><strong>diuumcraverunt</strong></span> <span class='ocrx_word' id='word_1_301' title='bbox 598 1729 683 1755; x_wconf 86' lang='lat' dir='ltr'><strong>omnia</strong></span> <span class='ocrx_word' id='word_1_302' title='bbox 694 1737 750 1755; x_wconf 85' lang='lat' dir='ltr'><strong>ossa</strong></span> <span class='ocrx_word' id='word_1_303' title='bbox 762 1737 818 1755; x_wconf 86' lang='lat' dir='ltr'><strong>mea</strong></span> <span class='ocrx_word' id='word_1_304' title='bbox 836 1726 943 1762; x_wconf 59' lang='lat' dir='ltr'><strong>(P321.</strong></span> <span class='ocrx_word' id='word_1_305' title='bbox 952 1726 995 1759; x_wconf 81' lang='lat' dir='ltr'><strong>l7,</strong></span> <span class='ocrx_word' id='word_1_306' title='bbox 1005 1726 1060 1762; x_wconf 83' lang='lat' dir='ltr'><strong>l8);</strong></span> 
     </span>
    </p>
   </div>
   <div class='ocr_carea' id='block_1_37' title="bbox 270 1773 1059 1808">
    <p class='ocr_par' dir='ltr' id='par_1_37' title="bbox 270 1773 1059 1808">
     <span class='ocr_line' id='line_1_37' title="bbox 270 1773 1059 1808; baseline -0.001 -7"><span class='ocrx_word' id='word_1_307' title='bbox 270 1782 319 1801; x_wconf 90' lang='lat' dir='ltr'><strong>nec</strong></span> <span class='ocrx_word' id='word_1_308' title='bbox 334 1773 498 1808; x_wconf 87' lang='lat' dir='ltr'><strong>iniquitatem</strong></span> <span class='ocrx_word' id='word_1_309' title='bbox 513 1778 573 1808; x_wconf 89' lang='lat' dir='ltr'><strong>post</strong></span> <span class='ocrx_word' id='word_1_310' title='bbox 592 1778 705 1800; x_wconf 90' lang='lat' dir='ltr'><strong>mortem</strong></span> <span class='ocrx_word' id='word_1_311' title='bbox 721 1777 910 1808; x_wconf 85' lang='lat' dir='ltr'><strong>consequutam</strong></span> <span class='ocrx_word' id='word_1_312' title='bbox 931 1773 1036 1800; x_wconf 89' lang='lat' dir='ltr'><strong>reticuit</strong></span> <span class='ocrx_word' id='word_1_313' title='bbox 1051 1781 1059 1800; x_wconf 91' lang='lat'><strong>:</strong></span> 
     </span>
    </p>
   </div>
   <div class='ocr_carea' id='block_1_38' title="bbox 269 1817 1061 1852">
    <p class='ocr_par' dir='ltr' id='par_1_38' title="bbox 269 1817 1061 1852">
     <span class='ocr_line' id='line_1_38' title="bbox 269 1817 1061 1852; baseline -0.001 -7"><span class='ocrx_word' id='word_1_314' title='bbox 269 1826 330 1848; x_wconf 83' lang='lat' dir='ltr'><strong>nam</strong></span> <span class='ocrx_word' id='word_1_315' title='bbox 352 1818 438 1846; x_wconf 88' lang='lat' dir='ltr'><strong>dicit:</strong></span> <span class='ocrx_word' id='word_1_316' title='bbox 463 1817 606 1844; x_wconf 87' lang='lat' dir='ltr'><strong>Diviserunt</strong></span> <span class='ocrx_word' id='word_1_317' title='bbox 629 1818 676 1844; x_wconf 86' lang='lat' dir='ltr'><strong>sibi</strong></span> <span class='ocrx_word' id='word_1_318' title='bbox 691 1818 834 1844; x_wconf 73' lang='lat' dir='ltr'><strong>vestimenta</strong></span> <span class='ocrx_word' id='word_1_319' title='bbox 857 1826 921 1850; x_wconf 87' lang='lat' dir='ltr'><strong>mea,</strong></span> <span class='ocrx_word' id='word_1_320' title='bbox 942 1823 965 1844; x_wconf 87' lang='lat' dir='ltr'><strong>et</strong></span> <span class='ocrx_word' id='word_1_321' title='bbox 985 1826 1061 1852; x_wconf 75' lang='lat' dir='ltr'><strong>super</strong></span> 
     </span>
    </p>
   </div>
   <div class='ocr_carea' id='block_1_39' title="bbox 269 1863 922 1899">
    <p class='ocr_par' dir='ltr' id='par_1_39' title="bbox 269 1863 922 1899">
     <span class='ocr_line' id='line_1_39' title="bbox 269 1863 922 1899; baseline -0.002 -8"><span class='ocrx_word' id='word_1_322' title='bbox 269 1868 358 1893; x_wconf 83' lang='lat' dir='ltr'><strong>vestem</strong></span> <span class='ocrx_word' id='word_1_323' title='bbox 373 1872 455 1890; x_wconf 86' lang='lat' dir='ltr'><strong>meam</strong></span> <span class='ocrx_word' id='word_1_324' title='bbox 468 1864 589 1890; x_wconf 80' lang='lat' dir='ltr'><strong>miserunt</strong></span> <span class='ocrx_word' id='word_1_325' title='bbox 603 1868 693 1890; x_wconf 85' lang='lat' dir='ltr'><strong>sortem</strong></span> <span class='ocrx_word' id='word_1_326' title='bbox 708 1863 795 1899; x_wconf 83' lang='lat' dir='ltr'><strong>(Psal.</strong></span> <span class='ocrx_word' id='word_1_327' title='bbox 807 1864 857 1896; x_wconf 37' lang='lat'><strong>9.1.,</strong></span> <span class='ocrx_word' id='word_1_328' title='bbox 866 1864 922 1899; x_wconf 89' lang='lat' dir='ltr'><strong>l9).</strong></span> 
     </span>
    </p>
   </div>
   <div class='ocr_carea' id='block_1_40' title="bbox 306 1908 1059 1944">
    <p class='ocr_par' dir='ltr' id='par_1_40' title="bbox 306 1908 1059 1944">
     <span class='ocr_line' id='line_1_40' title="bbox 306 1908 1059 1944; baseline -0.001 -8"><span class='ocrx_word' id='word_1_329' title='bbox 306 1908 445 1943; x_wconf 82' lang='lat' dir='ltr'><strong>Sepultum</strong></span> <span class='ocrx_word' id='word_1_330' title='bbox 469 1909 856 1943; x_wconf 77' lang='lat' dir='ltr'><strong>Cltristiprtedieta.—Deinde</strong></span> <span class='ocrx_word' id='word_1_331' title='bbox 877 1910 947 1944; x_wconf 87' lang='lat' dir='ltr'><strong>quod</strong></span> <span class='ocrx_word' id='word_1_332' title='bbox 969 1910 1059 1944; x_wconf 87' lang='lat' dir='ltr'><strong>sepul-</strong></span> 
     </span>
    </p>
   </div>
   <div class='ocr_carea' id='block_1_41' title="bbox 255 1955 1061 1985">
    <p class='ocr_par' dir='ltr' id='par_1_41' title="bbox 255 1955 1061 1985">
     <span class='ocr_line' id='line_1_41' title="bbox 255 1955 1061 1985; baseline -0.002 -1"><span class='ocrx_word' id='word_1_333' title='bbox 255 1960 257 1962; x_wconf 88' lang='lat'>&#39;</span> <span class='ocrx_word' id='word_1_334' title='bbox 271 1961 338 1985; x_wconf 72' lang='lat' dir='ltr'><strong>tura:</strong></span> <span class='ocrx_word' id='word_1_335' title='bbox 351 1955 493 1985; x_wconf 84' lang='lat' dir='ltr'><strong>tradendus</strong></span> <span class='ocrx_word' id='word_1_336' title='bbox 507 1961 578 1983; x_wconf 89' lang='lat' dir='ltr'><strong>esset</strong></span> <span class='ocrx_word' id='word_1_337' title='bbox 592 1956 734 1983; x_wconf 82' lang='lat' dir='ltr'><strong>declaravit</strong></span> <span class='ocrx_word' id='word_1_338' title='bbox 747 1955 788 1983; x_wconf 88' lang='lat' dir='ltr'><strong>his</strong></span> <span class='ocrx_word' id='word_1_339' title='bbox 799 1956 886 1983; x_wconf 88' lang='lat' dir='ltr'><strong>verbis</strong></span> <span class='ocrx_word' id='word_1_340' title='bbox 898 1965 904 1983; x_wconf 88' lang='lat'>:</span> <span class='ocrx_word' id='word_1_341' title='bbox 917 1955 1061 1983; x_wconf 86' lang='lat' dir='ltr'><strong>Posuerunt</strong></span> 
     </span>
    </p>
   </div>
   <div class='ocr_carea' id='block_1_42' title="bbox 269 2003 1060 2046">
    <p class='ocr_par' dir='ltr' id='par_1_42' title="bbox 269 2003 1060 2046">
     <span class='ocr_line' id='line_1_42' title="bbox 269 2003 1060 2046; baseline -0.004 -15"><span class='ocrx_word' id='word_1_342' title='bbox 269 2011 309 2032; x_wconf 68' lang='lat' dir='ltr'><strong>me</strong></span> <span class='ocrx_word' id='word_1_343' title='bbox 330 2005 357 2030; x_wconf 89' lang='lat' dir='ltr'><strong>in</strong></span> <span class='ocrx_word' id='word_1_344' title='bbox 379 2003 436 2030; x_wconf 79' lang='lat' dir='ltr'><strong>lacu</strong></span> <span class='ocrx_word' id='word_1_345' title='bbox 458 2003 572 2046; x_wconf 53' lang='lat' dir='ltr'><strong>inferiori</strong></span> <span class='ocrx_word' id='word_1_346' title='bbox 583 2023 590 2035; x_wconf 91' lang='lat'><strong>,</strong></span> <span class='ocrx_word' id='word_1_347' title='bbox 605 2003 632 2029; x_wconf 89' lang='lat' dir='ltr'><strong>in</strong></span> <span class='ocrx_word' id='word_1_348' title='bbox 643 2003 776 2029; x_wconf 76' lang='lat' dir='ltr'><strong>tenebrosis</strong></span> <span class='ocrx_word' id='word_1_349' title='bbox 791 2007 813 2029; x_wconf 86' lang='lat' dir='ltr'><strong>et</strong></span> <span class='ocrx_word' id='word_1_350' title='bbox 825 2003 852 2029; x_wconf 88' lang='lat' dir='ltr'><strong>in</strong></span> <span class='ocrx_word' id='word_1_351' title='bbox 870 2003 960 2028; x_wconf 88' lang='lat' dir='ltr'><strong>umbra</strong></span> <span class='ocrx_word' id='word_1_352' title='bbox 974 2003 1060 2028; x_wconf 89' lang='lat' dir='ltr'><strong>mortis</strong></span> 
     </span>
    </p>
   </div>
   <div class='ocr_carea' id='block_1_43' title="bbox 270 2048 1060 2083">
    <p class='ocr_par' dir='ltr' id='par_1_43' title="bbox 270 2048 1060 2083">
     <span class='ocr_line' id='line_1_43' title="bbox 270 2048 1060 2083; baseline -0.003 -7"><span class='ocrx_word' id='word_1_353' title='bbox 270 2049 356 2083; x_wconf 84' lang='lat' dir='ltr'><strong>(Psul.</strong></span> <span class='ocrx_word' id='word_1_354' title='bbox 371 2049 416 2076; x_wconf 88' lang='lat'><strong>87.</strong></span> <span class='ocrx_word' id='word_1_355' title='bbox 433 2049 477 2083; x_wconf 87' lang='lat'><strong>7).</strong></span> <span class='ocrx_word' id='word_1_356' title='bbox 501 2048 567 2075; x_wconf 89' lang='lat' dir='ltr'><strong>Cum</strong></span> <span class='ocrx_word' id='word_1_357' title='bbox 586 2053 675 2075; x_wconf 89' lang='lat' dir='ltr'><strong>autem</strong></span> <span class='ocrx_word' id='word_1_358' title='bbox 689 2052 884 2075; x_wconf 84' lang='lat' dir='ltr'><strong>resurrecturus</strong></span> <span class='ocrx_word' id='word_1_359' title='bbox 898 2052 986 2080; x_wconf 88' lang='lat' dir='ltr'><strong>esset,</strong></span> <span class='ocrx_word' id='word_1_360' title='bbox 1000 2048 1060 2074; x_wconf 86' lang='lat' dir='ltr'><strong>vide</strong></span> 
     </span>
    </p>
   </div>
   <div class='ocr_carea' id='block_1_44' title="bbox 270 2093 1059 2129">
    <p class='ocr_par' dir='ltr' id='par_1_44' title="bbox 270 2093 1059 2129">
     <span class='ocr_line' id='line_1_44' title="bbox 270 2093 1059 2129; baseline -0.001 -9"><span class='ocrx_word' id='word_1_361' title='bbox 270 2094 406 2129; x_wconf 87' lang='lat' dir='ltr'><strong>quomodo</strong></span> <span class='ocrx_word' id='word_1_362' title='bbox 432 2094 483 2121; x_wconf 91' lang='lat' dir='ltr'><strong>hoc</strong></span> <span class='ocrx_word' id='word_1_363' title='bbox 505 2093 688 2128; x_wconf 75' lang='lat' dir='ltr'><strong>prtenuntiaril.</strong></span> <span class='ocrx_word' id='word_1_364' title='bbox 703 2102 709 2120; x_wconf 90' lang='lat'><strong>:</strong></span> <span class='ocrx_word' id='word_1_365' title='bbox 727 2093 788 2119; x_wconf 87' lang='lat' dir='ltr'><strong>Non</strong></span> <span class='ocrx_word' id='word_1_366' title='bbox 813 2093 987 2128; x_wconf 80' lang='lat' dir='ltr'><strong>derelinquas,</strong></span> <span class='ocrx_word' id='word_1_367' title='bbox 1006 2093 1059 2126; x_wconf 87' lang='lat' dir='ltr'><strong>ait,</strong></span> 
     </span>
    </p>
   </div>
   <div class='ocr_carea' id='block_1_45' title="bbox 272 2138 1062 2174">
    <p class='ocr_par' dir='ltr' id='par_1_45' title="bbox 272 2138 1062 2174">
     <span class='ocr_line' id='line_1_45' title="bbox 272 2138 1062 2174; baseline -0.003 -8"><span class='ocrx_word' id='word_1_368' title='bbox 272 2138 385 2167; x_wconf 83' lang='lat' dir='ltr'><strong>animum</strong></span> <span class='ocrx_word' id='word_1_369' title='bbox 394 2148 474 2166; x_wconf 87' lang='lat' dir='ltr'><strong>meam</strong></span> <span class='ocrx_word' id='word_1_370' title='bbox 483 2140 508 2166; x_wconf 88' lang='lat' dir='ltr'><strong>in</strong></span> <span class='ocrx_word' id='word_1_371' title='bbox 517 2141 627 2174; x_wconf 84' lang='lat' dir='ltr'><strong>inferno,</strong></span> <span class='ocrx_word' id='word_1_372' title='bbox 640 2147 684 2165; x_wconf 76' lang='lat' dir='ltr'><strong>nec</strong></span> <span class='ocrx_word' id='word_1_373' title='bbox 692 2138 762 2164; x_wconf 85' lang='lat' dir='ltr'><strong>dabis</strong></span> <span class='ocrx_word' id='word_1_374' title='bbox 774 2144 889 2165; x_wconf 87' lang='lat' dir='ltr'><strong>sanctum</strong></span> <span class='ocrx_word' id='word_1_375' title='bbox 899 2145 969 2165; x_wconf 88' lang='lat' dir='ltr'><strong>tuum</strong></span> <span class='ocrx_word' id='word_1_376' title='bbox 978 2139 1062 2165; x_wconf 81' lang='lat' dir='ltr'><strong>videre</strong></span> 
     </span>
    </p>
   </div>
   <div class='ocr_carea' id='block_1_46' title="bbox 272 2183 1062 2220">
    <p class='ocr_par' dir='ltr' id='par_1_46' title="bbox 272 2183 1062 2220">
     <span class='ocr_line' id='line_1_46' title="bbox 272 2183 1062 2220; baseline -0.004 -7"><span class='ocrx_word' id='word_1_377' title='bbox 272 2184 458 2220; x_wconf 77' lang='lat' dir='ltr'><strong>corruptionem</strong></span> <span class='ocrx_word' id='word_1_378' title='bbox 482 2184 566 2220; x_wconf 85' lang='lat' dir='ltr'><strong>(Psal.</strong></span> <span class='ocrx_word' id='word_1_379' title='bbox 581 2185 623 2211; x_wconf 79' lang='grc'><strong>15.</strong></span> <span class='ocrx_word' id='word_1_380' title='bbox 640 2183 693 2218; x_wconf 87' lang='lat' dir='ltr'><strong>l0)</strong></span> <span class='ocrx_word' id='word_1_381' title='bbox 710 2193 716 2209; x_wconf 93' lang='lat'><strong>:</strong></span> <span class='ocrx_word' id='word_1_382' title='bbox 733 2183 784 2210; x_wconf 86' lang='lat' dir='ltr'><strong>alio</strong></span> <span class='ocrx_word' id='word_1_383' title='bbox 799 2184 860 2210; x_wconf 88' lang='lat' dir='ltr'><strong>itetn</strong></span> <span class='ocrx_word' id='word_1_384' title='bbox 876 2184 955 2210; x_wconf 91' lang='lat' dir='ltr'><strong>modo</strong></span> <span class='ocrx_word' id='word_1_385' title='bbox 969 2183 995 2210; x_wconf 87' lang='lat' dir='ltr'><strong>id</strong></span> <span class='ocrx_word' id='word_1_386' title='bbox 1011 2183 1062 2210; x_wconf 83' lang='lat' dir='ltr'><strong>He-</strong></span> 
     </span>
    </p>
   </div>
   <div class='ocr_carea' id='block_1_47' title="bbox 272 2228 1061 2264">
    <p class='ocr_par' dir='ltr' id='par_1_47' title="bbox 272 2228 1061 2264">
     <span class='ocr_line' id='line_1_47' title="bbox 272 2228 1061 2264; baseline -0.005 -6"><span class='ocrx_word' id='word_1_387' title='bbox 272 2232 342 2259; x_wconf 83' lang='lat' dir='ltr'><strong>saias</strong></span> <span class='ocrx_word' id='word_1_388' title='bbox 356 2230 474 2258; x_wconf 82' lang='lat' dir='ltr'><strong>declarat</strong></span> <span class='ocrx_word' id='word_1_389' title='bbox 490 2238 497 2256; x_wconf 87' lang='lat'><strong>:</strong></span> <span class='ocrx_word' id='word_1_390' title='bbox 513 2229 546 2255; x_wconf 84' lang='lat' dir='ltr'><strong>Et</strong></span> <span class='ocrx_word' id='word_1_391' title='bbox 568 2228 709 2260; x_wconf 84' lang='lat' dir='ltr'><strong>Dominus,</strong></span> <span class='ocrx_word' id='word_1_392' title='bbox 726 2229 826 2263; x_wconf 87' lang='lat' dir='ltr'><strong>inquit,</strong></span> <span class='ocrx_word' id='word_1_393' title='bbox 851 2229 933 2262; x_wconf 84' lang='lat' dir='ltr'><strong>ipsum</strong></span> <span class='ocrx_word' id='word_1_394' title='bbox 947 2229 998 2255; x_wconf 80' lang='lat' dir='ltr'><strong>vult</strong></span> <span class='ocrx_word' id='word_1_395' title='bbox 1012 2237 1061 2264; x_wconf 89' lang='lat' dir='ltr'><strong>pu-</strong></span> 
     </span>
    </p>
   </div>
   <div class='ocr_carea' id='block_1_48' title="bbox 272 2274 1060 2312">
    <p class='ocr_par' dir='ltr' id='par_1_48' title="bbox 272 2274 1060 2312">
     <span class='ocr_line' id='line_1_48' title="bbox 272 2274 1060 2312; baseline -0.005 -8"><span class='ocrx_word' id='word_1_396' title='bbox 272 2277 373 2312; x_wconf 77' lang='lat' dir='ltr'><strong>riﬁcare</strong></span> <span class='ocrx_word' id='word_1_397' title='bbox 385 2285 400 2302; x_wconf 90' lang='lat' dir='ltr'><strong>a</strong></span> <span class='ocrx_word' id='word_1_398' title='bbox 411 2275 499 2310; x_wconf 84' lang='lat' dir='ltr'><strong>plaga,</strong></span> <span class='ocrx_word' id='word_1_399' title='bbox 510 2275 639 2301; x_wconf 80' lang='lat' dir='ltr'><strong>ostendere</strong></span> <span class='ocrx_word' id='word_1_400' title='bbox 649 2274 670 2300; x_wconf 79' lang='lat' dir='ltr'><strong>ei</strong></span> <span class='ocrx_word' id='word_1_401' title='bbox 685 2275 768 2301; x_wconf 88' lang='lat' dir='ltr'><strong>lumen</strong></span> <span class='ocrx_word' id='word_1_402' title='bbox 781 2294 788 2307; x_wconf 89' lang='lat'><strong>,</strong></span> <span class='ocrx_word' id='word_1_403' title='bbox 799 2275 941 2308; x_wconf 83' lang='lat' dir='ltr'><strong>justiﬁcare</strong></span> <span class='ocrx_word' id='word_1_404' title='bbox 953 2274 1060 2309; x_wconf 78' lang='lat' dir='ltr'><strong>instant,</strong></span> 
     </span>
    </p>
   </div>
   <div class='ocr_carea' id='block_1_49' title="bbox 272 2318 1060 2357">
    <p class='ocr_par' dir='ltr' id='par_1_49' title="bbox 272 2318 1060 2357">
     <span class='ocr_line' id='line_1_49' title="bbox 272 2318 1060 2357; baseline -0.003 -8"><span class='ocrx_word' id='word_1_405' title='bbox 272 2323 327 2357; x_wconf 82' lang='lat' dir='ltr'><strong>quis</strong></span> <span class='ocrx_word' id='word_1_406' title='bbox 341 2322 427 2348; x_wconf 88' lang='lat' dir='ltr'><strong>multis</strong></span> <span class='ocrx_word' id='word_1_407' title='bbox 448 2322 508 2347; x_wconf 87' lang='lat' dir='ltr'><strong>bene</strong></span> <span class='ocrx_word' id='word_1_408' title='bbox 526 2320 618 2347; x_wconf 79' lang='lat' dir='ltr'><strong>serviat</strong></span> <span class='ocrx_word' id='word_1_409' title='bbox 641 2319 743 2355; x_wconf 82' lang='lat' dir='ltr'><strong>(Hesai.</strong></span> <span class='ocrx_word' id='word_1_410' title='bbox 765 2319 809 2347; x_wconf 76' lang='grc'><strong>55.</strong></span> <span class='ocrx_word' id='word_1_411' title='bbox 834 2320 877 2346; x_wconf 76' lang='grc'><strong>10.</strong></span> <span class='ocrx_word' id='word_1_412' title='bbox 897 2318 957 2355; x_wconf 85' lang='grc' dir='ltr'><strong>Η).</strong></span> <span class='ocrx_word' id='word_1_413' title='bbox 985 2320 1060 2353; x_wconf 82' lang='lat' dir='ltr'><strong>Quod</strong></span> 
     </span>
    </p>
   </div>
   <div class='ocr_carea' id='block_1_50' title="bbox 273 2365 1060 2402">
    <p class='ocr_par' dir='ltr' id='par_1_50' title="bbox 273 2365 1060 2402">
     <span class='ocr_line' id='line_1_50' title="bbox 273 2365 1060 2402; baseline -0.003 -8"><span class='ocrx_word' id='word_1_414' title='bbox 273 2369 332 2402; x_wconf 78' lang='lat' dir='ltr'><strong>ejus</strong></span> <span class='ocrx_word' id='word_1_415' title='bbox 351 2368 440 2394; x_wconf 67' lang='lat' dir='ltr'><strong>cmdcs</strong></span> <span class='ocrx_word' id='word_1_416' title='bbox 459 2371 628 2400; x_wconf 83' lang='lat' dir='ltr'><strong>peccatorum</strong></span> <span class='ocrx_word' id='word_1_417' title='bbox 650 2366 786 2393; x_wconf 90' lang='lat' dir='ltr'><strong>hominum</strong></span> <span class='ocrx_word' id='word_1_418' title='bbox 802 2365 899 2393; x_wconf 87' lang='lat' dir='ltr'><strong>solutio</strong></span> <span class='ocrx_word' id='word_1_419' title='bbox 911 2365 1004 2399; x_wconf 86' lang='lat' dir='ltr'><strong>fuerit,</strong></span> <span class='ocrx_word' id='word_1_420' title='bbox 1020 2366 1060 2392; x_wconf 91' lang='lat' dir='ltr'><strong>id-</strong></span> 
     </span>
    </p>
   </div>
   <div class='ocr_carea' id='block_1_51' title="bbox 273 2412 1062 2448">
    <p class='ocr_par' dir='ltr' id='par_1_51' title="bbox 273 2412 1062 2448">
     <span class='ocr_line' id='line_1_51' title="bbox 273 2412 1062 2448; baseline -0.004 -7"><span class='ocrx_word' id='word_1_421' title='bbox 273 2414 359 2448; x_wconf 79' lang='lat' dir='ltr'><strong>ipsu‘m</strong></span> <span class='ocrx_word' id='word_1_422' title='bbox 372 2413 451 2440; x_wconf 90' lang='lat' dir='ltr'><strong>etiam</strong></span> <span class='ocrx_word' id='word_1_423' title='bbox 463 2412 588 2439; x_wconf 79' lang='lat' dir='ltr'><strong>indicavit</strong></span> <span class='ocrx_word' id='word_1_424' title='bbox 601 2412 641 2439; x_wconf 87' lang='lat' dir='ltr'><strong>his</strong></span> <span class='ocrx_word' id='word_1_425' title='bbox 654 2412 742 2439; x_wconf 78' lang='lat' dir='ltr'><strong>verbis</strong></span> <span class='ocrx_word' id='word_1_426' title='bbox 758 2422 764 2439; x_wconf 89' lang='lat'>:</span> <span class='ocrx_word' id='word_1_427' title='bbox 777 2412 809 2438; x_wconf 87' lang='lat' dir='ltr'><strong>Et</strong></span> <span class='ocrx_word' id='word_1_428' title='bbox 823 2412 876 2447; x_wconf 89' lang='lat' dir='ltr'><strong>ipse</strong></span> <span class='ocrx_word' id='word_1_429' title='bbox 885 2418 985 2447; x_wconf 73' lang='lat' dir='ltr'><strong>peccata</strong></span> <span class='ocrx_word' id='word_1_430' title='bbox 997 2412 1062 2438; x_wconf 79' lang='lat' dir='ltr'><strong>ntul-</strong></span> 
     </span>
    </p>
   </div>
   <div class='ocr_carea' id='block_1_52' title="bbox 273 2457 1060 2493">
    <p class='ocr_par' dir='ltr' id='par_1_52' title="bbox 273 2457 1060 2493">
     <span class='ocr_line' id='line_1_52' title="bbox 273 2457 1060 2493; baseline -0.004 -6"><span class='ocrx_word' id='word_1_431' title='bbox 273 2464 356 2487; x_wconf 87' lang='lat' dir='ltr'><strong>torum</strong></span> <span class='ocrx_word' id='word_1_432' title='bbox 382 2457 540 2493; x_wconf 86' lang='lat' dir='ltr'><strong>tulit(lbid.</strong></span> <span class='ocrx_word' id='word_1_433' title='bbox 568 2467 591 2485; x_wconf 83' lang='lat' dir='ltr'><strong>v.</strong></span> <span class='ocrx_word' id='word_1_434' title='bbox 616 2458 671 2492; x_wconf 71' lang='lat'><strong>1&#39;2).</strong></span> <span class='ocrx_word' id='word_1_435' title='bbox 698 2458 773 2492; x_wconf 84' lang='lat' dir='ltr'><strong>Quod</strong></span> <span class='ocrx_word' id='word_1_436' title='bbox 797 2458 944 2485; x_wconf 87' lang='lat' dir='ltr'><strong>hominesa</strong></span> <span class='ocrx_word' id='word_1_437' title='bbox 959 2458 1060 2485; x_wconf 69' lang='lat' dir='ltr'><strong>dmino-</strong></span> 
     </span>
    </p>
   </div>
   <div class='ocr_carea' id='block_1_53' title="bbox 273 2503 1058 2538">
    <p class='ocr_par' dir='ltr' id='par_1_53' title="bbox 273 2503 1058 2538">
     <span class='ocr_line' id='line_1_53' title="bbox 273 2503 1058 2538; baseline -0.003 -7"><span class='ocrx_word' id='word_1_438' title='bbox 273 2504 351 2534; x_wconf 86' lang='lat' dir='ltr'><strong>nihus</strong></span> <span class='ocrx_word' id='word_1_439' title='bbox 370 2503 488 2530; x_wconf 83' lang='lat' dir='ltr'><strong>liberarit</strong></span> <span class='ocrx_word' id='word_1_440' title='bbox 510 2513 517 2530; x_wconf 92' lang='lat'><strong>:</strong></span> <span class='ocrx_word' id='word_1_441' title='bbox 533 2503 566 2530; x_wconf 83' lang='lat' dir='ltr'><strong>Et</strong></span> <span class='ocrx_word' id='word_1_442' title='bbox 581 2504 703 2538; x_wconf 78' lang='lat' dir='ltr'><strong>fortium,</strong></span> <span class='ocrx_word' id='word_1_443' title='bbox 728 2503 832 2538; x_wconf 87' lang='lat' dir='ltr'><strong>inquit,</strong></span> <span class='ocrx_word' id='word_1_444' title='bbox 858 2503 948 2529; x_wconf 81' lang='lat' dir='ltr'><strong>dividet</strong></span> <span class='ocrx_word' id='word_1_445' title='bbox 967 2504 1058 2537; x_wconf 86' lang='lat' dir='ltr'><strong>spolia.</strong></span> 
     </span>
    </p>
   </div>
   <div class='ocr_carea' id='block_1_54' title="bbox 273 2548 1060 2583">
    <p class='ocr_par' dir='ltr' id='par_1_54' title="bbox 273 2548 1060 2583">
     <span class='ocr_line' id='line_1_54' title="bbox 273 2548 1060 2583; baseline -0.003 -7"><span class='ocrx_word' id='word_1_446' title='bbox 273 2548 348 2582; x_wconf 82' lang='lat' dir='ltr'><strong>Quod</strong></span> <span class='ocrx_word' id='word_1_447' title='bbox 371 2548 434 2576; x_wconf 91' lang='lat' dir='ltr'><strong>illud</strong></span> <span class='ocrx_word' id='word_1_448' title='bbox 456 2549 542 2583; x_wconf 87' lang='lat' dir='ltr'><strong>ipsum</strong></span> <span class='ocrx_word' id='word_1_449' title='bbox 556 2556 603 2583; x_wconf 86' lang='lat' dir='ltr'><strong>per</strong></span> <span class='ocrx_word' id='word_1_450' title='bbox 623 2553 737 2575; x_wconf 87' lang='lat' dir='ltr'><strong>mortem</strong></span> <span class='ocrx_word' id='word_1_451' title='bbox 753 2548 889 2580; x_wconf 78' lang='lat' dir='ltr'><strong>effecerit,</strong></span> <span class='ocrx_word' id='word_1_452' title='bbox 903 2548 930 2575; x_wconf 91' lang='lat' dir='ltr'><strong>id</strong></span> <span class='ocrx_word' id='word_1_453' title='bbox 945 2556 997 2574; x_wconf 92' lang='lat' dir='ltr'><strong>non</strong></span> <span class='ocrx_word' id='word_1_454' title='bbox 1019 2553 1060 2575; x_wconf 85' lang='lat' dir='ltr'><strong>ta-</strong></span> 
     </span>
    </p>
   </div>
   <div class='ocr_carea' id='block_1_55' title="bbox 273 2593 1059 2629">
    <p class='ocr_par' dir='ltr' id='par_1_55' title="bbox 273 2593 1059 2629">
     <span class='ocr_line' id='line_1_55' title="bbox 273 2593 1059 2629; baseline -0.003 -8"><span class='ocrx_word' id='word_1_455' title='bbox 273 2595 344 2626; x_wconf 84' lang='lat' dir='ltr'><strong>cuit,</strong></span> <span class='ocrx_word' id='word_1_456' title='bbox 360 2594 406 2621; x_wconf 87' lang='lat' dir='ltr'><strong>sed</strong></span> <span class='ocrx_word' id='word_1_457' title='bbox 419 2595 454 2621; x_wconf 91' lang='lat' dir='ltr'><strong>ait</strong></span> <span class='ocrx_word' id='word_1_458' title='bbox 471 2603 477 2621; x_wconf 90' lang='lat'>:</span> <span class='ocrx_word' id='word_1_459' title='bbox 495 2593 547 2621; x_wconf 84' lang='lat' dir='ltr'><strong>Pro</strong></span> <span class='ocrx_word' id='word_1_460' title='bbox 562 2603 590 2621; x_wconf 88' lang='lat' dir='ltr'><strong>eo</strong></span> <span class='ocrx_word' id='word_1_461' title='bbox 604 2594 670 2629; x_wconf 87' lang='lat' dir='ltr'><strong>quod</strong></span> <span class='ocrx_word' id='word_1_462' title='bbox 684 2595 710 2620; x_wconf 90' lang='lat' dir='ltr'><strong>in</strong></span> <span class='ocrx_word' id='word_1_463' title='bbox 728 2599 832 2620; x_wconf 86' lang='lat' dir='ltr'><strong>mortem</strong></span> <span class='ocrx_word' id='word_1_464' title='bbox 846 2594 938 2621; x_wconf 74' lang='lat' dir='ltr'><strong>tradita</strong></span> <span class='ocrx_word' id='word_1_465' title='bbox 952 2599 988 2620; x_wconf 85' lang='lat' dir='ltr'><strong>est</strong></span> <span class='ocrx_word' id='word_1_466' title='bbox 1002 2595 1059 2620; x_wconf 91' lang='lat' dir='ltr'><strong>ani-</strong></span> 
     </span>
    </p>
   </div>
   <div class='ocr_carea' id='block_1_56' title="bbox 273 2640 1060 2675">
    <p class='ocr_par' dir='ltr' id='par_1_56' title="bbox 273 2640 1060 2675">
     <span class='ocr_line' id='line_1_56' title="bbox 273 2640 1060 2675; baseline 0 -8"><span class='ocrx_word' id='word_1_467' title='bbox 273 2648 314 2666; x_wconf 86' lang='lat' dir='ltr'><strong>ma</strong></span> <span class='ocrx_word' id='word_1_468' title='bbox 328 2641 380 2675; x_wconf 84' lang='lat' dir='ltr'><strong>ejus</strong></span> <span class='ocrx_word' id='word_1_469' title='bbox 394 2640 494 2675; x_wconf 81' lang='lat' dir='ltr'><strong>(lbid.)</strong></span> <span class='ocrx_word' id='word_1_470' title='bbox 509 2641 584 2674; x_wconf 78' lang='lat' dir='ltr'><strong>Quod</strong></span> <span class='ocrx_word' id='word_1_471' title='bbox 600 2640 645 2667; x_wconf 92' lang='lat' dir='ltr'><strong>toti</strong></span> <span class='ocrx_word' id='word_1_472' title='bbox 660 2640 717 2667; x_wconf 89' lang='lat' dir='ltr'><strong>orbi</strong></span> <span class='ocrx_word' id='word_1_473' title='bbox 737 2640 919 2675; x_wconf 74' lang='lat' dir='ltr'><strong>praeficiendus</strong></span> <span class='ocrx_word' id='word_1_474' title='bbox 931 2645 1001 2667; x_wconf 87' lang='lat' dir='ltr'><strong>esset</strong></span> <span class='ocrx_word' id='word_1_475' title='bbox 1022 2641 1060 2668; x_wconf 86' lang='lat' dir='ltr'><strong>sic</strong></span> 
     </span>
    </p>
   </div>
   <div class='ocr_carea' id='block_1_57' title="bbox 273 2685 1057 2721">
    <p class='ocr_par' dir='ltr' id='par_1_57' title="bbox 273 2685 1057 2721">
     <span class='ocr_line' id='line_1_57' title="bbox 273 2685 1057 2721; baseline -0.001 -8"><span class='ocrx_word' id='word_1_476' title='bbox 273 2685 435 2713; x_wconf 84' lang='lat' dir='ltr'><strong>declaravit:</strong></span> <span class='ocrx_word' id='word_1_477' title='bbox 452 2686 483 2712; x_wconf 85' lang='lat' dir='ltr'><strong>Et</strong></span> <span class='ocrx_word' id='word_1_478' title='bbox 498 2689 552 2721; x_wconf 88' lang='lat' dir='ltr'><strong>ipse</strong></span> <span class='ocrx_word' id='word_1_479' title='bbox 566 2686 703 2712; x_wconf 70' lang='lat' dir='ltr'><strong>hereditate</strong></span> <span class='ocrx_word' id='word_1_480' title='bbox 718 2685 850 2720; x_wconf 77' lang='lat' dir='ltr'><strong>possidebit</strong></span> <span class='ocrx_word' id='word_1_481' title='bbox 864 2685 954 2712; x_wconf 86' lang='lat' dir='ltr'><strong>multos</strong></span> <span class='ocrx_word' id='word_1_482' title='bbox 965 2685 1057 2720; x_wconf 86' lang='lat' dir='ltr'><strong>(Ibid.)</strong></span> 
     </span>
    </p>
   </div>
   <div class='ocr_carea' id='block_1_58' title="bbox 273 2731 1059 2767">
    <p class='ocr_par' dir='ltr' id='par_1_58' title="bbox 273 2731 1059 2767">
     <span class='ocr_line' id='line_1_58' title="bbox 273 2731 1059 2767; baseline -0.003 -8"><span class='ocrx_word' id='word_1_483' title='bbox 273 2731 373 2759; x_wconf 84' lang='lat' dir='ltr'><strong>Deinde</strong></span> <span class='ocrx_word' id='word_1_484' title='bbox 385 2732 509 2766; x_wconf 87' lang='lat' dir='ltr'><strong>quoniam</strong></span> <span class='ocrx_word' id='word_1_485' title='bbox 530 2739 590 2758; x_wconf 92' lang='lat' dir='ltr'><strong>cum</strong></span> <span class='ocrx_word' id='word_1_486' title='bbox 606 2731 632 2758; x_wconf 88' lang='lat' dir='ltr'><strong>in</strong></span> <span class='ocrx_word' id='word_1_487' title='bbox 645 2731 776 2767; x_wconf 87' lang='lat' dir='ltr'><strong>infernum</strong></span> <span class='ocrx_word' id='word_1_488' title='bbox 790 2731 987 2762; x_wconf 75' lang='lat' dir='ltr'><strong>descendisset,</strong></span> <span class='ocrx_word' id='word_1_489' title='bbox 1001 2738 1059 2757; x_wconf 89' lang='lat' dir='ltr'><strong>om-</strong></span> 
     </span>
    </p>
   </div>
   <div class='ocr_carea' id='block_1_59' title="bbox 273 2777 1058 2816">
    <p class='ocr_par' dir='ltr' id='par_1_59' title="bbox 273 2777 1058 2816">
     <span class='ocr_line' id='line_1_59' title="bbox 273 2777 1058 2816; baseline 0.001 -12"><span class='ocrx_word' id='word_1_490' title='bbox 273 2778 315 2804; x_wconf 84' lang='lat' dir='ltr'><strong>nia</strong></span> <span class='ocrx_word' id='word_1_491' title='bbox 327 2778 440 2805; x_wconf 88' lang='lat' dir='ltr'><strong>turbavit</strong></span> <span class='ocrx_word' id='word_1_492' title='bbox 452 2798 458 2809; x_wconf 90' lang='lat'><strong>,</strong></span> <span class='ocrx_word' id='word_1_493' title='bbox 480 2778 590 2812; x_wconf 87' lang='lat' dir='ltr'><strong>strepitu</strong></span> <span class='ocrx_word' id='word_1_494' title='bbox 609 2777 814 2816; x_wconf 88' lang='lat' dir='ltr'><strong>atque_lumultu</strong></span> <span class='ocrx_word' id='word_1_495' title='bbox 836 2777 957 2804; x_wconf 82' lang='lat' dir='ltr'><strong>universa</strong></span> <span class='ocrx_word' id='word_1_496' title='bbox 972 2777 1058 2812; x_wconf 86' lang='lat' dir='ltr'><strong>reple-</strong></span> 
     </span>
    </p>
   </div>
   <div class='ocr_carea' id='block_1_60' title="bbox 276 2822 1059 2858">
    <p class='ocr_par' dir='ltr' id='par_1_60' title="bbox 276 2822 1059 2858">
     <span class='ocr_line' id='line_1_60' title="bbox 276 2822 1059 2858; baseline 0.001 -9"><span class='ocrx_word' id='word_1_497' title='bbox 276 2823 328 2856; x_wconf 86' lang='lat' dir='ltr'><strong>vit,</strong></span> <span class='ocrx_word' id='word_1_498' title='bbox 341 2830 483 2858; x_wconf 85' lang='lat' dir='ltr'><strong>arccmquc</strong></span> <span class='ocrx_word' id='word_1_499' title='bbox 495 2823 642 2856; x_wconf 82' lang='lat' dir='ltr'><strong>destruxit;</strong></span> <span class='ocrx_word' id='word_1_500' title='bbox 659 2823 727 2850; x_wconf 83' lang='lat' dir='ltr'><strong>hanc</strong></span> <span class='ocrx_word' id='word_1_501' title='bbox 739 2829 794 2850; x_wconf 89' lang='lat' dir='ltr'><strong>rem</strong></span> <span class='ocrx_word' id='word_1_502' title='bbox 806 2829 858 2850; x_wconf 87' lang='lat' dir='ltr'><strong>non</strong></span> <span class='ocrx_word' id='word_1_503' title='bbox 874 2822 979 2850; x_wconf 84' lang='lat' dir='ltr'><strong>silentio</strong></span> <span class='ocrx_word' id='word_1_504' title='bbox 991 2830 1059 2857; x_wconf 48' lang='lat' dir='ltr'><strong>pros.</strong></span> 
     </span>
    </p>
   </div>
   <div class='ocr_carea' id='block_1_61' title="bbox 633 117 1530 149">
    <p class='ocr_par' dir='ltr' id='par_1_61' title="bbox 633 117 1530 149">
     <span class='ocr_line' id='line_1_61' title="bbox 633 117 1530 149; baseline -0.002 -1"><span class='ocrx_word' id='word_1_505' title='bbox 633 121 661 148; x_wconf 89' lang='lat' dir='ltr'><strong>S.</strong></span> <span class='ocrx_word' id='word_1_506' title='bbox 677 120 814 149; x_wconf 75' lang='lat' dir='ltr'><strong>JOANNIS</strong></span> <span class='ocrx_word' id='word_1_507' title='bbox 831 118 1068 146; x_wconf 62' lang='lat' dir='ltr'><strong>CIIRYSOSTO&#39;SII</strong></span> <span class='ocrx_word' id='word_1_508' title='bbox 1089 117 1248 146; x_wconf 76' lang='lat' dir='ltr'><strong>AilCillEP.</strong></span> <span class='ocrx_word' id='word_1_509' title='bbox 1262 117 1530 146; x_wconf 75' lang='lat' dir='ltr'><strong>CONSTANTINOP.</strong></span> 
     </span>
    </p>
   </div>
   <div class='ocr_carea' id='block_1_62' title="bbox 1846 120 1900 148">
    <p class='ocr_par' dir='ltr' id='par_1_62' title="bbox 1846 120 1900 148">
     <span class='ocr_line' id='line_1_62' title="bbox 1846 120 1900 148; baseline 0 0"><span class='ocrx_word' id='word_1_510' title='bbox 1846 120 1900 148; x_wconf 75' lang='lat'><strong>8&#39;20</strong></span> 
     </span>
    </p>
   </div>
   <div class='ocr_carea' id='block_1_63' title="bbox 1106 175 1897 212">
    <p class='ocr_par' dir='ltr' id='par_1_63' title="bbox 1106 175 1897 212">
     <span class='ocr_line' id='line_1_63' title="bbox 1106 175 1897 212; baseline 0.004 -11"><span class='ocrx_word' id='word_1_511' title='bbox 1106 179 1219 208; x_wconf 81' lang='lat' dir='ltr'><strong>tereunt,</strong></span> <span class='ocrx_word' id='word_1_512' title='bbox 1242 175 1289 202; x_wconf 88' lang='lat' dir='ltr'><strong>sed</strong></span> <span class='ocrx_word' id='word_1_513' title='bbox 1313 176 1392 203; x_wconf 90' lang='lat' dir='ltr'><strong>modo</strong></span> <span class='ocrx_word' id='word_1_514' title='bbox 1403 176 1484 203; x_wconf 87' lang='lat' dir='ltr'><strong>David</strong></span> <span class='ocrx_word' id='word_1_515' title='bbox 1495 175 1560 203; x_wconf 86' lang='lat' dir='ltr'><strong>dicit</strong></span> <span class='ocrx_word' id='word_1_516' title='bbox 1573 185 1578 202; x_wconf 91' lang='lat'>:</span> <span class='ocrx_word' id='word_1_517' title='bbox 1593 175 1705 203; x_wconf 71' lang='lat' dir='ltr'><strong>Attollite</strong></span> <span class='ocrx_word' id='word_1_518' title='bbox 1718 181 1802 210; x_wconf 84' lang='lat' dir='ltr'><strong>portas</strong></span> <span class='ocrx_word' id='word_1_519' title='bbox 1823 179 1897 212; x_wconf 83' lang='lat' dir='ltr'><strong>prin-</strong></span> 
     </span>
    </p>
   </div>
   <div class='ocr_carea' id='block_1_64' title="bbox 1106 221 1899 257">
    <p class='ocr_par' dir='ltr' id='par_1_64' title="bbox 1106 221 1899 257">
     <span class='ocr_line' id='line_1_64' title="bbox 1106 221 1899 257; baseline 0.004 -11"><span class='ocrx_word' id='word_1_520' title='bbox 1106 221 1173 255; x_wconf 79' lang='lat' dir='ltr'><strong>cipes</strong></span> <span class='ocrx_word' id='word_1_521' title='bbox 1195 225 1299 252; x_wconf 83' lang='lat' dir='ltr'><strong>vestras,</strong></span> <span class='ocrx_word' id='word_1_522' title='bbox 1314 226 1338 247; x_wconf 82' lang='lat' dir='ltr'><strong>et</strong></span> <span class='ocrx_word' id='word_1_523' title='bbox 1351 221 1481 248; x_wconf 84' lang='lat' dir='ltr'><strong>elevamini</strong></span> <span class='ocrx_word' id='word_1_524' title='bbox 1496 227 1575 257; x_wconf 75' lang='lat' dir='ltr'><strong>parite</strong></span> <span class='ocrx_word' id='word_1_525' title='bbox 1588 225 1728 254; x_wconf 74' lang='lat' dir='ltr'><strong>teternalcs,</strong></span> <span class='ocrx_word' id='word_1_526' title='bbox 1744 227 1768 249; x_wconf 90' lang='lat' dir='ltr'><strong>et</strong></span> <span class='ocrx_word' id='word_1_527' title='bbox 1786 223 1899 250; x_wconf 78' lang='lat' dir='ltr'><strong>introibit</strong></span> 
     </span>
    </p>
   </div>
   <div class='ocr_carea' id='block_1_65' title="bbox 1105 265 1899 302">
    <p class='ocr_par' dir='ltr' id='par_1_65' title="bbox 1105 265 1899 302">
     <span class='ocr_line' id='line_1_65' title="bbox 1105 265 1899 302; baseline 0.004 -10"><span class='ocrx_word' id='word_1_528' title='bbox 1105 274 1150 292; x_wconf 75' lang='lat' dir='ltr'><strong>rea:</strong></span> <span class='ocrx_word' id='word_1_529' title='bbox 1160 266 1248 301; x_wconf 68' lang='lat' dir='ltr'><strong>gloria»:</strong></span> <span class='ocrx_word' id='word_1_530' title='bbox 1261 265 1345 300; x_wconf 86' lang='lat' dir='ltr'><strong>(Psat.</strong></span> <span class='ocrx_word' id='word_1_531' title='bbox 1357 266 1402 294; x_wconf 75' lang='lat'><strong>23.</strong></span> <span class='ocrx_word' id='word_1_532' title='bbox 1417 266 1450 302; x_wconf 90' lang='lat'><strong>7)</strong></span> <span class='ocrx_word' id='word_1_533' title='bbox 1462 275 1469 299; x_wconf 90' lang='lat'><strong>;</strong></span> <span class='ocrx_word' id='word_1_534' title='bbox 1484 267 1562 294; x_wconf 92' lang='lat' dir='ltr'><strong>modo</strong></span> <span class='ocrx_word' id='word_1_535' title='bbox 1577 267 1687 294; x_wconf 86' lang='lat' dir='ltr'><strong>llesaias</strong></span> <span class='ocrx_word' id='word_1_536' title='bbox 1699 268 1775 294; x_wconf 88' lang='lat' dir='ltr'><strong>aliter</strong></span> <span class='ocrx_word' id='word_1_537' title='bbox 1784 288 1791 301; x_wconf 87' lang='lat'><strong>,</strong></span> <span class='ocrx_word' id='word_1_538' title='bbox 1803 267 1899 295; x_wconf 80' lang='lat' dir='ltr'><strong>Portus</strong></span> 
     </span>
    </p>
   </div>
   <div class='ocr_carea' id='block_1_66' title="bbox 1107 311 1899 349">
    <p class='ocr_par' dir='ltr' id='par_1_66' title="bbox 1107 311 1899 349">
     <span class='ocr_line' id='line_1_66' title="bbox 1107 311 1899 349; baseline 0.004 -11"><span class='ocrx_word' id='word_1_539' title='bbox 1107 319 1186 338; x_wconf 67' lang='lat' dir='ltr'><strong>cereas</strong></span> <span class='ocrx_word' id='word_1_540' title='bbox 1199 311 1357 346; x_wconf 85' lang='lat' dir='ltr'><strong>confringam</strong></span> <span class='ocrx_word' id='word_1_541' title='bbox 1372 332 1379 343; x_wconf 95' lang='lat'><strong>,</strong></span> <span class='ocrx_word' id='word_1_542' title='bbox 1394 316 1417 338; x_wconf 91' lang='lat' dir='ltr'><strong>et</strong></span> <span class='ocrx_word' id='word_1_543' title='bbox 1436 318 1514 339; x_wconf 76' lang='lat' dir='ltr'><strong>ret-tes</strong></span> <span class='ocrx_word' id='word_1_544' title='bbox 1534 314 1627 347; x_wconf 87' lang='lat' dir='ltr'><strong>ferreos</strong></span> <span class='ocrx_word' id='word_1_545' title='bbox 1641 317 1781 345; x_wconf 84' lang='lat' dir='ltr'><strong>conteram,</strong></span> <span class='ocrx_word' id='word_1_546' title='bbox 1794 318 1817 340; x_wconf 88' lang='lat' dir='ltr'><strong>et</strong></span> <span class='ocrx_word' id='word_1_547' title='bbox 1836 322 1899 349; x_wconf 84' lang='lat' dir='ltr'><strong>ape-</strong></span> 
     </span>
    </p>
   </div>
   <div class='ocr_carea' id='block_1_67' title="bbox 1106 356 1901 391">
    <p class='ocr_par' dir='ltr' id='par_1_67' title="bbox 1106 356 1901 391">
     <span class='ocr_line' id='line_1_67' title="bbox 1106 356 1901 391; baseline 0.005 -9"><span class='ocrx_word' id='word_1_548' title='bbox 1106 357 1171 383; x_wconf 90' lang='lat' dir='ltr'><strong>riam</strong></span> <span class='ocrx_word' id='word_1_549' title='bbox 1183 356 1226 382; x_wconf 82' lang='lat' dir='ltr'><strong>tibi</strong></span> <span class='ocrx_word' id='word_1_550' title='bbox 1239 357 1369 384; x_wconf 80' lang='lat' dir='ltr'><strong>thesauros</strong></span> <span class='ocrx_word' id='word_1_551' title='bbox 1381 357 1531 389; x_wconf 82' lang='lat' dir='ltr'><strong>tenebrosos,</strong></span> <span class='ocrx_word' id='word_1_552' title='bbox 1543 359 1662 391; x_wconf 82' lang='lat' dir='ltr'><strong>occultos,</strong></span> <span class='ocrx_word' id='word_1_553' title='bbox 1672 359 1805 386; x_wconf 68' lang='lat' dir='ltr'><strong>invisibiles</strong></span> <span class='ocrx_word' id='word_1_554' title='bbox 1816 364 1886 386; x_wconf 74' lang='lat' dir='ltr'><strong>oeten</strong></span> <span class='ocrx_word' id='word_1_555' title='bbox 1894 374 1901 378; x_wconf 89' lang='lat'><strong><em>-</em></strong></span> 
     </span>
    </p>
   </div>
   <div class='ocr_carea' id='block_1_68' title="bbox 1107 398 1899 438">
    <p class='ocr_par' dir='ltr' id='par_1_68' title="bbox 1107 398 1899 438">
     <span class='ocr_line' id='line_1_68' title="bbox 1107 398 1899 438; baseline 0.005 -10"><span class='ocrx_word' id='word_1_556' title='bbox 1107 402 1166 428; x_wconf 85' lang='lat' dir='ltr'><strong>dam</strong></span> <span class='ocrx_word' id='word_1_557' title='bbox 1180 402 1224 428; x_wconf 87' lang='lat' dir='ltr'><strong>tibi</strong></span> <span class='ocrx_word' id='word_1_558' title='bbox 1237 401 1340 437; x_wconf 82' lang='lat' dir='ltr'><strong>(Hesai.</strong></span> <span class='ocrx_word' id='word_1_559' title='bbox 1354 402 1400 429; x_wconf 78' lang='grc'><strong>45.</strong></span> <span class='ocrx_word' id='word_1_560' title='bbox 1416 398 1444 438; x_wconf 71' lang='lat'><strong>‘2)</strong></span> <span class='ocrx_word' id='word_1_561' title='bbox 1459 412 1465 429; x_wconf 75' lang='grc' dir='ltr'>ε</span> <span class='ocrx_word' id='word_1_562' title='bbox 1480 403 1518 430; x_wconf 83' lang='lat' dir='ltr'><strong>sic</strong></span> <span class='ocrx_word' id='word_1_563' title='bbox 1530 404 1667 438; x_wconf 83' lang='lat' dir='ltr'><strong>appellans</strong></span> <span class='ocrx_word' id='word_1_564' title='bbox 1679 403 1821 431; x_wconf 85' lang='lat' dir='ltr'><strong>infernum.</strong></span> <span class='ocrx_word' id='word_1_565' title='bbox 1832 405 1899 432; x_wconf 85' lang='lat' dir='ltr'><strong>Nam</strong></span> 
     </span>
    </p>
   </div>
   <div class='ocr_carea' id='block_1_69' title="bbox 1107 448 1900 487">
    <p class='ocr_par' dir='ltr' id='par_1_69' title="bbox 1107 448 1900 487">
     <span class='ocr_line' id='line_1_69' title="bbox 1107 448 1900 487; baseline 0.006 -13"><span class='ocrx_word' id='word_1_566' title='bbox 1107 448 1210 475; x_wconf 88' lang='lat' dir='ltr'><strong>etiamsi</strong></span> <span class='ocrx_word' id='word_1_567' title='bbox 1226 448 1345 475; x_wconf 81' lang='lat' dir='ltr'><strong>infernus</strong></span> <span class='ocrx_word' id='word_1_568' title='bbox 1355 453 1441 481; x_wconf 86' lang='lat' dir='ltr'><strong>esset,</strong></span> <span class='ocrx_word' id='word_1_569' title='bbox 1461 454 1487 475; x_wconf 90' lang='lat' dir='ltr'><strong>at</strong></span> <span class='ocrx_word' id='word_1_570' title='bbox 1501 455 1606 476; x_wconf 87' lang='lat' dir='ltr'><strong>sanctas</strong></span> <span class='ocrx_word' id='word_1_571' title='bbox 1616 450 1718 477; x_wconf 88' lang='lat' dir='ltr'><strong>animas</strong></span> <span class='ocrx_word' id='word_1_572' title='bbox 1728 455 1754 477; x_wconf 91' lang='lat' dir='ltr'><strong>et</strong></span> <span class='ocrx_word' id='word_1_573' title='bbox 1763 459 1824 478; x_wconf 84' lang='lat' dir='ltr'><strong>vasa</strong></span> <span class='ocrx_word' id='word_1_574' title='bbox 1837 459 1900 487; x_wconf 86' lang='lat' dir='ltr'><strong>pre--</strong></span> 
     </span>
    </p>
   </div>
   <div class='ocr_carea' id='block_1_70' title="bbox 1108 495 1899 530">
    <p class='ocr_par' dir='ltr' id='par_1_70' title="bbox 1108 495 1899 530">
     <span class='ocr_line' id='line_1_70' title="bbox 1108 495 1899 530; baseline 0.006 -9"><span class='ocrx_word' id='word_1_575' title='bbox 1108 495 1175 522; x_wconf 89' lang='lat' dir='ltr'><strong>tiosa</strong></span> <span class='ocrx_word' id='word_1_576' title='bbox 1203 495 1340 528; x_wconf 87' lang='lat' dir='ltr'><strong>servabat,</strong></span> <span class='ocrx_word' id='word_1_577' title='bbox 1366 503 1462 530; x_wconf 89' lang='lat' dir='ltr'><strong>nempe</strong></span> <span class='ocrx_word' id='word_1_578' title='bbox 1488 496 1726 529; x_wconf 83' lang='lat' dir='ltr'><strong>Abraham,lsaac</strong></span> <span class='ocrx_word' id='word_1_579' title='bbox 1750 503 1776 525; x_wconf 84' lang='lat' dir='ltr'><strong>et</strong></span> <span class='ocrx_word' id='word_1_580' title='bbox 1796 498 1878 526; x_wconf 83' lang='lat' dir='ltr'><strong>Jacob</strong></span> <span class='ocrx_word' id='word_1_581' title='bbox 1893 519 1899 526; x_wconf 94' lang='lat'><strong>.</strong></span> 
     </span>
    </p>
   </div>
   <div class='ocr_carea' id='block_1_71' title="bbox 1108 541 1898 577">
    <p class='ocr_par' dir='ltr' id='par_1_71' title="bbox 1108 541 1898 577">
     <span class='ocr_line' id='line_1_71' title="bbox 1108 541 1898 577; baseline 0.004 -9"><span class='ocrx_word' id='word_1_582' title='bbox 1108 546 1250 577; x_wconf 84' lang='lat' dir='ltr'><strong>propterea</strong></span> <span class='ocrx_word' id='word_1_583' title='bbox 1268 541 1407 568; x_wconf 84' lang='lat' dir='ltr'><strong>thesauros</strong></span> <span class='ocrx_word' id='word_1_584' title='bbox 1421 542 1588 577; x_wconf 86' lang='lat' dir='ltr'><strong>appellabat,</strong></span> <span class='ocrx_word' id='word_1_585' title='bbox 1610 543 1766 570; x_wconf 77' lang='lat' dir='ltr'><strong>tenebrosus</strong></span> <span class='ocrx_word' id='word_1_586' title='bbox 1787 549 1875 571; x_wconf 86' lang='lat' dir='ltr'><strong>autem</strong></span> <span class='ocrx_word' id='word_1_587' title='bbox 1891 565 1898 575; x_wconf 88' lang='lat'><strong>,</strong></span> 
     </span>
    </p>
   </div>
   <div class='ocr_carea' id='block_1_72' title="bbox 1109 587 1901 624">
    <p class='ocr_par' dir='ltr' id='par_1_72' title="bbox 1109 587 1901 624">
     <span class='ocr_line' id='line_1_72' title="bbox 1109 587 1901 624; baseline 0.004 -11"><span class='ocrx_word' id='word_1_588' title='bbox 1109 588 1169 622; x_wconf 87' lang='lat' dir='ltr'><strong>quia</strong></span> <span class='ocrx_word' id='word_1_589' title='bbox 1182 588 1299 614; x_wconf 90' lang='lat' dir='ltr'><strong>nondum</strong></span> <span class='ocrx_word' id='word_1_590' title='bbox 1311 587 1349 614; x_wconf 88' lang='lat' dir='ltr'><strong>sol</strong></span> <span class='ocrx_word' id='word_1_591' title='bbox 1361 588 1471 622; x_wconf 75' lang='lat' dir='ltr'><strong>justitize</strong></span> <span class='ocrx_word' id='word_1_592' title='bbox 1485 588 1519 615; x_wconf 89' lang='lat' dir='ltr'><strong>ibi</strong></span> <span class='ocrx_word' id='word_1_593' title='bbox 1530 588 1652 620; x_wconf 82' lang='lat' dir='ltr'><strong>fulserat,</strong></span> <span class='ocrx_word' id='word_1_594' title='bbox 1669 597 1754 624; x_wconf 88' lang='lat' dir='ltr'><strong>neque</strong></span> <span class='ocrx_word' id='word_1_595' title='bbox 1764 589 1798 616; x_wconf 90' lang='lat' dir='ltr'><strong>de</strong></span> <span class='ocrx_word' id='word_1_596' title='bbox 1808 597 1901 616; x_wconf 88' lang='lat' dir='ltr'><strong>resur-</strong></span> 
     </span>
    </p>
   </div>
   <div class='ocr_carea' id='block_1_73' title="bbox 1079 633 1900 672">
    <p class='ocr_par' dir='ltr' id='par_1_73' title="bbox 1079 633 1900 672">
     <span class='ocr_line' id='line_1_73' title="bbox 1079 633 1900 672; baseline 0.004 -13"><span class='ocrx_word' id='word_1_597' title='bbox 1079 665 1083 672; x_wconf 16' lang='grc' dir='ltr'><strong><em>ἢ</em></strong></span> <span class='ocrx_word' id='word_1_598' title='bbox 1108 633 1226 660; x_wconf 86' lang='lat' dir='ltr'><strong>rectione</strong></span> <span class='ocrx_word' id='word_1_599' title='bbox 1239 633 1438 668; x_wconf 78' lang='lat' dir='ltr'><strong>przedicaverat.</strong></span> <span class='ocrx_word' id='word_1_600' title='bbox 1449 633 1526 666; x_wconf 82' lang='lat' dir='ltr'><strong>Quod</strong></span> <span class='ocrx_word' id='word_1_601' title='bbox 1539 638 1599 668; x_wconf 87' lang='lat' dir='ltr'><strong>post</strong></span> <span class='ocrx_word' id='word_1_602' title='bbox 1613 635 1835 662; x_wconf 86' lang='lat' dir='ltr'><strong>resurrectionem</strong></span> <span class='ocrx_word' id='word_1_603' title='bbox 1846 643 1900 662; x_wconf 90' lang='lat' dir='ltr'><strong>non</strong></span> 
     </span>
    </p>
   </div>
   <div class='ocr_carea' id='block_1_74' title="bbox 1109 679 1900 716">
    <p class='ocr_par' dir='ltr' id='par_1_74' title="bbox 1109 679 1900 716">
     <span class='ocr_line' id='line_1_74' title="bbox 1109 679 1900 716; baseline 0.003 -11"><span class='ocrx_word' id='word_1_604' title='bbox 1109 687 1168 706; x_wconf 86' lang='lat' dir='ltr'><strong>cum</strong></span> <span class='ocrx_word' id='word_1_605' title='bbox 1184 679 1284 714; x_wconf 75' lang='lat' dir='ltr'><strong>angelis</strong></span> <span class='ocrx_word' id='word_1_606' title='bbox 1299 679 1465 707; x_wconf 86' lang='lat' dir='ltr'><strong>constiturus</strong></span> <span class='ocrx_word' id='word_1_607' title='bbox 1477 684 1565 713; x_wconf 88' lang='lat' dir='ltr'><strong>esset,</strong></span> <span class='ocrx_word' id='word_1_608' title='bbox 1582 687 1634 707; x_wconf 90' lang='lat' dir='ltr'><strong>non</strong></span> <span class='ocrx_word' id='word_1_609' title='bbox 1646 688 1707 707; x_wconf 86' lang='lat' dir='ltr'><strong>cum</strong></span> <span class='ocrx_word' id='word_1_610' title='bbox 1722 681 1900 716; x_wconf 78' lang='lat' dir='ltr'><strong>archangelis,</strong></span> 
     </span>
    </p>
   </div>
   <div class='ocr_carea' id='block_1_75' title="bbox 1110 725 1902 759">
    <p class='ocr_par' dir='ltr' id='par_1_75' title="bbox 1110 725 1902 759">
     <span class='ocr_line' id='line_1_75' title="bbox 1110 725 1902 759; baseline 0.003 -8"><span class='ocrx_word' id='word_1_611' title='bbox 1110 733 1162 752; x_wconf 92' lang='lat' dir='ltr'><strong>non</strong></span> <span class='ocrx_word' id='word_1_612' title='bbox 1176 732 1236 751; x_wconf 90' lang='lat' dir='ltr'><strong>cum</strong></span> <span class='ocrx_word' id='word_1_613' title='bbox 1250 725 1300 751; x_wconf 87' lang='lat' dir='ltr'><strong>alia</strong></span> <span class='ocrx_word' id='word_1_614' title='bbox 1316 725 1541 753; x_wconf 86' lang='lat' dir='ltr'><strong>administratoria</strong></span> <span class='ocrx_word' id='word_1_615' title='bbox 1555 725 1652 752; x_wconf 87' lang='lat' dir='ltr'><strong>virtute</strong></span> <span class='ocrx_word' id='word_1_616' title='bbox 1666 746 1674 759; x_wconf 90' lang='lat'><strong>,</strong></span> <span class='ocrx_word' id='word_1_617' title='bbox 1687 725 1734 752; x_wconf 89' lang='lat' dir='ltr'><strong>sed</strong></span> <span class='ocrx_word' id='word_1_618' title='bbox 1757 726 1783 752; x_wconf 92' lang='lat' dir='ltr'><strong>in</strong></span> <span class='ocrx_word' id='word_1_619' title='bbox 1804 726 1902 753; x_wconf 89' lang='lat' dir='ltr'><strong>throno</strong></span> 
     </span>
    </p>
   </div>
   <div class='ocr_carea' id='block_1_76' title="bbox 1110 770 1901 805">
    <p class='ocr_par' dir='ltr' id='par_1_76' title="bbox 1110 770 1901 805">
     <span class='ocr_line' id='line_1_76' title="bbox 1110 770 1901 805; baseline 0.003 -9"><span class='ocrx_word' id='word_1_620' title='bbox 1110 770 1183 804; x_wconf 80' lang='lat' dir='ltr'><strong>regio</strong></span> <span class='ocrx_word' id='word_1_621' title='bbox 1195 777 1318 796; x_wconf 86' lang='lat' dir='ltr'><strong>sessurus</strong></span> <span class='ocrx_word' id='word_1_622' title='bbox 1331 790 1338 802; x_wconf 86' lang='lat'><strong>,</strong></span> <span class='ocrx_word' id='word_1_623' title='bbox 1363 770 1424 797; x_wconf 86' lang='lat' dir='ltr'><strong>audi</strong></span> <span class='ocrx_word' id='word_1_624' title='bbox 1438 770 1572 805; x_wconf 84' lang='lat' dir='ltr'><strong>quomodo</strong></span> <span class='ocrx_word' id='word_1_625' title='bbox 1586 770 1667 797; x_wconf 90' lang='lat' dir='ltr'><strong>David</strong></span> <span class='ocrx_word' id='word_1_626' title='bbox 1679 770 1796 798; x_wconf 86' lang='lat' dir='ltr'><strong>declaret</strong></span> <span class='ocrx_word' id='word_1_627' title='bbox 1809 780 1816 798; x_wconf 85' lang='lat'><strong>:</strong></span> <span class='ocrx_word' id='word_1_628' title='bbox 1829 770 1901 798; x_wconf 69' lang='lat' dir='ltr'><strong>Dixit</strong></span> 
     </span>
    </p>
   </div>
   <div class='ocr_carea' id='block_1_77' title="bbox 1111 814 1901 849">
    <p class='ocr_par' dir='ltr' id='par_1_77' title="bbox 1111 814 1901 849">
     <span class='ocr_line' id='line_1_77' title="bbox 1111 814 1901 849; baseline 0.003 -9"><span class='ocrx_word' id='word_1_629' title='bbox 1111 814 1233 841; x_wconf 84' lang='lat' dir='ltr'><strong>Dominus</strong></span> <span class='ocrx_word' id='word_1_630' title='bbox 1261 814 1370 841; x_wconf 89' lang='lat' dir='ltr'><strong>Domino</strong></span> <span class='ocrx_word' id='word_1_631' title='bbox 1395 823 1465 846; x_wconf 88' lang='lat' dir='ltr'><strong>mea,</strong></span> <span class='ocrx_word' id='word_1_632' title='bbox 1487 814 1555 842; x_wconf 85' lang='lat' dir='ltr'><strong>Sede</strong></span> <span class='ocrx_word' id='word_1_633' title='bbox 1574 823 1591 842; x_wconf 79' lang='grc' dir='ltr'><strong>α</strong></span> <span class='ocrx_word' id='word_1_634' title='bbox 1610 815 1705 842; x_wconf 72' lang='lat' dir='ltr'><strong>dextris</strong></span> <span class='ocrx_word' id='word_1_635' title='bbox 1729 817 1806 849; x_wconf 85' lang='lat' dir='ltr'><strong>meis,</strong></span> <span class='ocrx_word' id='word_1_636' title='bbox 1823 816 1901 843; x_wconf 78' lang='lat' dir='ltr'><strong>donec</strong></span> 
     </span>
    </p>
   </div>
   <div class='ocr_carea' id='block_1_78' title="bbox 1111 860 1899 897">
    <p class='ocr_par' dir='ltr' id='par_1_78' title="bbox 1111 860 1899 897">
     <span class='ocr_line' id='line_1_78' title="bbox 1111 860 1899 897; baseline 0.001 -10"><span class='ocrx_word' id='word_1_637' title='bbox 1111 869 1203 896; x_wconf 85' lang='lat' dir='ltr'><strong>ponam</strong></span> <span class='ocrx_word' id='word_1_638' title='bbox 1216 860 1331 888; x_wconf 79' lang='lat' dir='ltr'><strong>inimicos</strong></span> <span class='ocrx_word' id='word_1_639' title='bbox 1351 865 1406 888; x_wconf 87' lang='lat' dir='ltr'><strong>tuos</strong></span> <span class='ocrx_word' id='word_1_640' title='bbox 1424 861 1562 888; x_wconf 85' lang='lat' dir='ltr'><strong>scabellum</strong></span> <span class='ocrx_word' id='word_1_641' title='bbox 1579 861 1674 896; x_wconf 83' lang='lat' dir='ltr'><strong>pedum</strong></span> <span class='ocrx_word' id='word_1_642' title='bbox 1689 867 1789 888; x_wconf 86' lang='lat' dir='ltr'><strong>tuorum</strong></span> <span class='ocrx_word' id='word_1_643' title='bbox 1804 863 1813 897; x_wconf 98' lang='lat'><strong>(</strong></span> <span class='ocrx_word' id='word_1_644' title='bbox 1827 861 1899 889; x_wconf 80' lang='lat' dir='ltr'><strong>Psal.</strong></span> 
     </span>
    </p>
   </div>
   <div class='ocr_carea' id='block_1_79' title="bbox 1111 906 1224 942">
    <p class='ocr_par' dir='ltr' id='par_1_79' title="bbox 1111 906 1224 942">
     <span class='ocr_line' id='line_1_79' title="bbox 1111 906 1224 942; baseline -0.009 -8"><span class='ocrx_word' id='word_1_645' title='bbox 1111 906 1224 942; x_wconf 70' lang='lat'><strong>409.1).</strong></span> 
     </span>
    </p>
   </div>
   <div class='ocr_carea' id='block_1_80' title="bbox 1150 952 1902 988">
    <p class='ocr_par' dir='ltr' id='par_1_80' title="bbox 1150 952 1902 988">
     <span class='ocr_line' id='line_1_80' title="bbox 1150 952 1902 988; baseline -0.003 -6"><span class='ocrx_word' id='word_1_646' title='bbox 1150 955 1176 982; x_wconf 80' lang='grc'><strong>5.</strong></span> <span class='ocrx_word' id='word_1_647' title='bbox 1188 953 1276 980; x_wconf 82' lang='lat' dir='ltr'><strong>Missio</strong></span> <span class='ocrx_word' id='word_1_648' title='bbox 1285 955 1347 980; x_wconf 79' lang='lat' dir='ltr'><strong>item</strong></span> <span class='ocrx_word' id='word_1_649' title='bbox 1358 952 1716 987; x_wconf 85' lang='lat' dir='ltr'><strong>apostolorum.—Missurus</strong></span> <span class='ocrx_word' id='word_1_650' title='bbox 1732 959 1822 988; x_wconf 86' lang='lat' dir='ltr'><strong>postea</strong></span> <span class='ocrx_word' id='word_1_651' title='bbox 1844 960 1902 981; x_wconf 87' lang='lat' dir='ltr'><strong>erat</strong></span> 
     </span>
    </p>
   </div>
   <div class='ocr_carea' id='block_1_81' title="bbox 1112 998 1899 1033">
    <p class='ocr_par' dir='ltr' id='par_1_81' title="bbox 1112 998 1899 1033">
     <span class='ocr_line' id='line_1_81' title="bbox 1112 998 1899 1033; baseline 0.001 -8"><span class='ocrx_word' id='word_1_652' title='bbox 1112 999 1247 1033; x_wconf 84' lang='lat' dir='ltr'><strong>apostolos</strong></span> <span class='ocrx_word' id='word_1_653' title='bbox 1259 1019 1265 1031; x_wconf 86' lang='lat'><strong>,</strong></span> <span class='ocrx_word' id='word_1_654' title='bbox 1285 1003 1312 1024; x_wconf 87' lang='lat' dir='ltr'><strong>et</strong></span> <span class='ocrx_word' id='word_1_655' title='bbox 1335 998 1386 1026; x_wconf 92' lang='lat' dir='ltr'><strong>hoc</strong></span> <span class='ocrx_word' id='word_1_656' title='bbox 1403 999 1526 1033; x_wconf 69' lang='lat' dir='ltr'><strong>pratdixit</strong></span> <span class='ocrx_word' id='word_1_657' title='bbox 1549 999 1660 1027; x_wconf 87' lang='lat' dir='ltr'><strong>llesaias</strong></span> <span class='ocrx_word' id='word_1_658' title='bbox 1677 999 1768 1026; x_wconf 90' lang='lat' dir='ltr'><strong>dicens</strong></span> <span class='ocrx_word' id='word_1_659' title='bbox 1788 1009 1795 1026; x_wconf 93' lang='lat'><strong><em>:</em></strong></span> <span class='ocrx_word' id='word_1_660' title='bbox 1817 999 1899 1033; x_wconf 82' lang='lat' dir='ltr'><strong>Quom</strong></span> 
     </span>
    </p>
   </div>
   <div class='ocr_carea' id='block_1_82' title="bbox 1112 1044 1901 1079">
    <p class='ocr_par' dir='ltr' id='par_1_82' title="bbox 1112 1044 1901 1079">
     <span class='ocr_line' id='line_1_82' title="bbox 1112 1044 1901 1079; baseline 0 -9"><span class='ocrx_word' id='word_1_661' title='bbox 1112 1044 1217 1079; x_wconf 79' lang='lat' dir='ltr'><strong>speciosi</strong></span> <span class='ocrx_word' id='word_1_662' title='bbox 1231 1044 1305 1078; x_wconf 87' lang='lat' dir='ltr'><strong>pedes</strong></span> <span class='ocrx_word' id='word_1_663' title='bbox 1319 1044 1541 1079; x_wconf 69' lang='lat' dir='ltr'><strong>euangelizandum</strong></span> <span class='ocrx_word' id='word_1_664' title='bbox 1555 1052 1642 1079; x_wconf 78' lang='lat' dir='ltr'><strong>pacem</strong></span> <span class='ocrx_word' id='word_1_665' title='bbox 1653 1064 1661 1076; x_wconf 90' lang='lat'><strong>,</strong></span> <span class='ocrx_word' id='word_1_666' title='bbox 1675 1045 1901 1079; x_wconf 66' lang='lat' dir='ltr'><strong>euangelizandum</strong></span> 
     </span>
    </p>
   </div>
   <div class='ocr_carea' id='block_1_83' title="bbox 1112 1089 1901 1124">
    <p class='ocr_par' dir='ltr' id='par_1_83' title="bbox 1112 1089 1901 1124">
     <span class='ocr_line' id='line_1_83' title="bbox 1112 1089 1901 1124; baseline 0.001 -9"><span class='ocrx_word' id='word_1_667' title='bbox 1112 1089 1177 1116; x_wconf 84' lang='lat' dir='ltr'><strong>bona</strong></span> <span class='ocrx_word' id='word_1_668' title='bbox 1186 1090 1198 1123; x_wconf 52' lang='lat'><strong>*(</strong></span> <span class='ocrx_word' id='word_1_669' title='bbox 1209 1089 1299 1116; x_wconf 88' lang='lat' dir='ltr'><strong>Hesai.</strong></span> <span class='ocrx_word' id='word_1_670' title='bbox 1311 1089 1355 1116; x_wconf 74' lang='lat'><strong>52.</strong></span> <span class='ocrx_word' id='word_1_671' title='bbox 1370 1089 1409 1124; x_wconf 89' lang='lat'><strong>7).</strong></span> <span class='ocrx_word' id='word_1_672' title='bbox 1433 1089 1473 1116; x_wconf 86' lang='lat' dir='ltr'><strong>En</strong></span> <span class='ocrx_word' id='word_1_673' title='bbox 1487 1089 1591 1124; x_wconf 85' lang='lat' dir='ltr'><strong>qualem</strong></span> <span class='ocrx_word' id='word_1_674' title='bbox 1607 1089 1696 1116; x_wconf 90' lang='lat' dir='ltr'><strong>laudat</strong></span> <span class='ocrx_word' id='word_1_675' title='bbox 1708 1090 1827 1124; x_wconf 90' lang='lat' dir='ltr'><strong>corporis</strong></span> <span class='ocrx_word' id='word_1_676' title='bbox 1840 1097 1901 1124; x_wconf 90' lang='lat' dir='ltr'><strong>par-</strong></span> 
     </span>
    </p>
   </div>
   <div class='ocr_carea' id='block_1_84' title="bbox 1112 1134 1904 1169">
    <p class='ocr_par' dir='ltr' id='par_1_84' title="bbox 1112 1134 1904 1169">
     <span class='ocr_line' id='line_1_84' title="bbox 1112 1134 1904 1169; baseline 0.001 -8"><span class='ocrx_word' id='word_1_677' title='bbox 1112 1140 1183 1166; x_wconf 87' lang='lat' dir='ltr'><strong>tem,</strong></span> <span class='ocrx_word' id='word_1_678' title='bbox 1208 1134 1305 1169; x_wconf 89' lang='lat' dir='ltr'><strong>pedes,</strong></span> <span class='ocrx_word' id='word_1_679' title='bbox 1329 1134 1374 1169; x_wconf 85' lang='lat' dir='ltr'><strong>qui</strong></span> <span class='ocrx_word' id='word_1_680' title='bbox 1401 1135 1460 1162; x_wconf 89' lang='lat' dir='ltr'><strong>illos</strong></span> <span class='ocrx_word' id='word_1_681' title='bbox 1483 1135 1580 1169; x_wconf 87' lang='lat' dir='ltr'><strong>ubique</strong></span> <span class='ocrx_word' id='word_1_682' title='bbox 1603 1136 1754 1169; x_wconf 87' lang='lat' dir='ltr'><strong>portabant.</strong></span> <span class='ocrx_word' id='word_1_683' title='bbox 1778 1136 1818 1163; x_wconf 78' lang='lat' dir='ltr'><strong>Ad</strong></span> <span class='ocrx_word' id='word_1_684' title='bbox 1846 1136 1904 1163; x_wconf 62' lang='lat' dir='ltr'><strong>hinc</strong></span> 
     </span>
    </p>
   </div>
   <div class='ocr_carea' id='block_1_85' title="bbox 1111 1171 1901 1215">
    <p class='ocr_par' dir='ltr' id='par_1_85' title="bbox 1111 1171 1901 1215">
     <span class='ocr_line' id='line_1_85' title="bbox 1111 1171 1901 1215; baseline 0 -8"><span class='ocrx_word' id='word_1_685' title='bbox 1111 1171 1302 1207; x_wconf 77' lang='lat' dir='ltr'><strong>commemorat</strong></span> <span class='ocrx_word' id='word_1_686' title='bbox 1319 1179 1399 1207; x_wconf 88' lang='lat' dir='ltr'><strong>David</strong></span> <span class='ocrx_word' id='word_1_687' title='bbox 1414 1180 1546 1215; x_wconf 89' lang='lat' dir='ltr'><strong>quomodo</strong></span> <span class='ocrx_word' id='word_1_688' title='bbox 1562 1180 1748 1214; x_wconf 66' lang='lat' dir='ltr'><strong>praevaluerint</strong></span> <span class='ocrx_word' id='word_1_689' title='bbox 1767 1181 1901 1215; x_wconf 80' lang='lat' dir='ltr'><strong>apostoli.</strong></span> 
     </span>
    </p>
   </div>
   <div class='ocr_carea' id='block_1_86' title="bbox 1113 1225 1904 1261">
    <p class='ocr_par' dir='ltr' id='par_1_86' title="bbox 1113 1225 1904 1261">
     <span class='ocr_line' id='line_1_86' title="bbox 1113 1225 1904 1261; baseline -0.001 -8"><span class='ocrx_word' id='word_1_690' title='bbox 1113 1225 1204 1253; x_wconf 87' lang='lat' dir='ltr'><strong>dicens</strong></span> <span class='ocrx_word' id='word_1_691' title='bbox 1217 1235 1224 1253; x_wconf 72' lang='grc' dir='ltr'><strong><em>τ</em></strong></span> <span class='ocrx_word' id='word_1_692' title='bbox 1239 1225 1364 1252; x_wconf 84' lang='lat' dir='ltr'><strong>Dominus</strong></span> <span class='ocrx_word' id='word_1_693' title='bbox 1376 1226 1445 1252; x_wconf 87' lang='lat' dir='ltr'><strong>dabit</strong></span> <span class='ocrx_word' id='word_1_694' title='bbox 1458 1226 1558 1253; x_wconf 76' lang='lat' dir='ltr'><strong>verbum</strong></span> <span class='ocrx_word' id='word_1_695' title='bbox 1574 1226 1800 1261; x_wconf 68' lang='lat' dir='ltr'><strong>evangelieantibus</strong></span> <span class='ocrx_word' id='word_1_696' title='bbox 1813 1227 1904 1253; x_wconf 73' lang='lat' dir='ltr'><strong>uirtute</strong></span> 
     </span>
    </p>
   </div>
   <div class='ocr_carea' id='block_1_87' title="bbox 1113 1271 1903 1307">
    <p class='ocr_par' dir='ltr' id='par_1_87' title="bbox 1113 1271 1903 1307">
     <span class='ocr_line' id='line_1_87' title="bbox 1113 1271 1903 1307; baseline 0 -9"><span class='ocrx_word' id='word_1_697' title='bbox 1113 1272 1191 1298; x_wconf 88' lang='lat' dir='ltr'><strong>multa</strong></span> <span class='ocrx_word' id='word_1_698' title='bbox 1207 1271 1299 1306; x_wconf 83' lang='lat' dir='ltr'><strong>(Psal.</strong></span> <span class='ocrx_word' id='word_1_699' title='bbox 1315 1271 1359 1298; x_wconf 86' lang='grc'><strong>67.</strong></span> <span class='ocrx_word' id='word_1_700' title='bbox 1375 1271 1430 1307; x_wconf 75' lang='lat' dir='ltr'><strong>l2).</strong></span> <span class='ocrx_word' id='word_1_701' title='bbox 1443 1271 1500 1298; x_wconf 86' lang='lat' dir='ltr'><strong>Non</strong></span> <span class='ocrx_word' id='word_1_702' title='bbox 1511 1271 1582 1298; x_wconf 92' lang='lat' dir='ltr'><strong>enim</strong></span> <span class='ocrx_word' id='word_1_703' title='bbox 1597 1272 1693 1304; x_wconf 90' lang='lat' dir='ltr'><strong>armis,</strong></span> <span class='ocrx_word' id='word_1_704' title='bbox 1706 1279 1757 1298; x_wconf 92' lang='lat' dir='ltr'><strong>non</strong></span> <span class='ocrx_word' id='word_1_705' title='bbox 1774 1272 1903 1306; x_wconf 72' lang='lat' dir='ltr'><strong>pecuniis,</strong></span> 
     </span>
    </p>
   </div>
   <div class='ocr_carea' id='block_1_88' title="bbox 1112 1316 1905 1351">
    <p class='ocr_par' dir='ltr' id='par_1_88' title="bbox 1112 1316 1905 1351">
     <span class='ocr_line' id='line_1_88' title="bbox 1112 1316 1905 1351; baseline 0 -8"><span class='ocrx_word' id='word_1_706' title='bbox 1112 1325 1165 1343; x_wconf 91' lang='lat' dir='ltr'><strong>non</strong></span> <span class='ocrx_word' id='word_1_707' title='bbox 1180 1317 1276 1343; x_wconf 89' lang='lat' dir='ltr'><strong>robore</strong></span> <span class='ocrx_word' id='word_1_708' title='bbox 1291 1317 1411 1350; x_wconf 90' lang='lat' dir='ltr'><strong>corporis</strong></span> <span class='ocrx_word' id='word_1_709' title='bbox 1424 1337 1430 1348; x_wconf 91' lang='lat'><strong>,</strong></span> <span class='ocrx_word' id='word_1_710' title='bbox 1449 1323 1502 1343; x_wconf 89' lang='lat' dir='ltr'><strong>non</strong></span> <span class='ocrx_word' id='word_1_711' title='bbox 1518 1316 1686 1343; x_wconf 82' lang='lat' dir='ltr'><strong>exercituum</strong></span> <span class='ocrx_word' id='word_1_712' title='bbox 1701 1317 1785 1350; x_wconf 86' lang='lat' dir='ltr'><strong>copiis</strong></span> <span class='ocrx_word' id='word_1_713' title='bbox 1795 1337 1802 1346; x_wconf 78' lang='lat'><em>.</em></span> <span class='ocrx_word' id='word_1_714' title='bbox 1818 1324 1905 1351; x_wconf 82' lang='lat' dir='ltr'><strong>neque</strong></span> 
     </span>
    </p>
   </div>
   <div class='ocr_carea' id='block_1_89' title="bbox 1112 1361 1901 1396">
    <p class='ocr_par' dir='ltr' id='par_1_89' title="bbox 1112 1361 1901 1396">
     <span class='ocr_line' id='line_1_89' title="bbox 1112 1361 1901 1396; baseline 0 -8"><span class='ocrx_word' id='word_1_715' title='bbox 1112 1362 1163 1388; x_wconf 85' lang='lat' dir='ltr'><strong>alio</strong></span> <span class='ocrx_word' id='word_1_716' title='bbox 1175 1361 1254 1388; x_wconf 90' lang='lat' dir='ltr'><strong>simili</strong></span> <span class='ocrx_word' id='word_1_717' title='bbox 1270 1361 1349 1388; x_wconf 90' lang='lat' dir='ltr'><strong>modo</strong></span> <span class='ocrx_word' id='word_1_718' title='bbox 1370 1366 1546 1396; x_wconf 86' lang='lat' dir='ltr'><strong>superarunt,</strong></span> <span class='ocrx_word' id='word_1_719' title='bbox 1570 1361 1617 1388; x_wconf 89' lang='lat' dir='ltr'><strong>sed</strong></span> <span class='ocrx_word' id='word_1_720' title='bbox 1632 1362 1714 1388; x_wconf 88' lang='lat' dir='ltr'><strong>verbo</strong></span> <span class='ocrx_word' id='word_1_721' title='bbox 1728 1362 1859 1396; x_wconf 75' lang='lat' dir='ltr'><strong>simplici,</strong></span> <span class='ocrx_word' id='word_1_722' title='bbox 1874 1366 1901 1388; x_wconf 89' lang='lat' dir='ltr'><strong>et</strong></span> 
     </span>
    </p>
   </div>
   <div class='ocr_carea' id='block_1_90' title="bbox 1112 1407 1904 1442">
    <p class='ocr_par' dir='ltr' id='par_1_90' title="bbox 1112 1407 1904 1442">
     <span class='ocr_line' id='line_1_90' title="bbox 1112 1407 1904 1442; baseline -0.001 -8"><span class='ocrx_word' id='word_1_723' title='bbox 1112 1408 1223 1435; x_wconf 90' lang='lat' dir='ltr'><strong>multatn</strong></span> <span class='ocrx_word' id='word_1_724' title='bbox 1239 1407 1354 1435; x_wconf 87' lang='lat' dir='ltr'><strong>habente</strong></span> <span class='ocrx_word' id='word_1_725' title='bbox 1374 1409 1520 1440; x_wconf 88' lang='lat' dir='ltr'><strong>virtutem,</strong></span> <span class='ocrx_word' id='word_1_726' title='bbox 1539 1407 1725 1434; x_wconf 89' lang='lat' dir='ltr'><strong>miraculorum</strong></span> <span class='ocrx_word' id='word_1_727' title='bbox 1742 1415 1836 1442; x_wconf 88' lang='lat' dir='ltr'><strong>nempe</strong></span> <span class='ocrx_word' id='word_1_728' title='bbox 1858 1416 1904 1433; x_wconf 70' lang='lat' dir='ltr'><strong>os-</strong></span> 
     </span>
    </p>
   </div>
   <div class='ocr_carea' id='block_1_91' title="bbox 1114 1453 1904 1488">
    <p class='ocr_par' dir='ltr' id='par_1_91' title="bbox 1114 1453 1904 1488">
     <span class='ocr_line' id='line_1_91' title="bbox 1114 1453 1904 1488; baseline 0 -8"><span class='ocrx_word' id='word_1_729' title='bbox 1114 1458 1225 1481; x_wconf 89' lang='lat' dir='ltr'><strong>tentum.</strong></span> <span class='ocrx_word' id='word_1_730' title='bbox 1251 1453 1415 1480; x_wconf 82' lang='lat' dir='ltr'><strong>Cruciﬁxum</strong></span> <span class='ocrx_word' id='word_1_731' title='bbox 1431 1454 1504 1480; x_wconf 86' lang='lat' dir='ltr'><strong>cuitu</strong></span> <span class='ocrx_word' id='word_1_732' title='bbox 1521 1453 1711 1488; x_wconf 74' lang='lat' dir='ltr'><strong>pru~dieantes,</strong></span> <span class='ocrx_word' id='word_1_733' title='bbox 1728 1459 1755 1481; x_wconf 87' lang='lat' dir='ltr'><strong>et</strong></span> <span class='ocrx_word' id='word_1_734' title='bbox 1778 1455 1904 1481; x_wconf 82' lang='lat' dir='ltr'><strong>miracula</strong></span> 
     </span>
    </p>
   </div>
   <div class='ocr_carea' id='block_1_92' title="bbox 1113 1499 1906 1534">
    <p class='ocr_par' dir='ltr' id='par_1_92' title="bbox 1113 1499 1906 1534">
     <span class='ocr_line' id='line_1_92' title="bbox 1113 1499 1906 1534; baseline 0.001 -9"><span class='ocrx_word' id='word_1_735' title='bbox 1113 1503 1250 1533; x_wconf 89' lang='lat' dir='ltr'><strong>patrantes</strong></span> <span class='ocrx_word' id='word_1_736' title='bbox 1261 1519 1268 1531; x_wconf 94' lang='lat'><strong>,</strong></span> <span class='ocrx_word' id='word_1_737' title='bbox 1285 1499 1323 1526; x_wconf 88' lang='lat' dir='ltr'><strong>sic</strong></span> <span class='ocrx_word' id='word_1_738' title='bbox 1333 1499 1426 1526; x_wconf 88' lang='lat' dir='ltr'><strong>orbcnt</strong></span> <span class='ocrx_word' id='word_1_739' title='bbox 1443 1499 1615 1534; x_wconf 83' lang='lat' dir='ltr'><strong>subegerunt.</strong></span> <span class='ocrx_word' id='word_1_740' title='bbox 1631 1499 1693 1526; x_wconf 86' lang='lat' dir='ltr'><strong>ideo</strong></span> <span class='ocrx_word' id='word_1_741' title='bbox 1706 1499 1743 1526; x_wconf 88' lang='lat' dir='ltr'><strong>ait</strong></span> <span class='ocrx_word' id='word_1_742' title='bbox 1757 1508 1763 1526; x_wconf 90' lang='lat'><strong>:</strong></span> <span class='ocrx_word' id='word_1_743' title='bbox 1780 1499 1906 1526; x_wconf 85' lang='lat' dir='ltr'><strong>Dominus</strong></span> 
     </span>
    </p>
   </div>
   <div class='ocr_carea' id='block_1_93' title="bbox 1113 1543 1906 1580">
    <p class='ocr_par' dir='ltr' id='par_1_93' title="bbox 1113 1543 1906 1580">
     <span class='ocr_line' id='line_1_93' title="bbox 1113 1543 1906 1580; baseline 0 -10"><span class='ocrx_word' id='word_1_744' title='bbox 1113 1543 1182 1570; x_wconf 88' lang='lat' dir='ltr'><strong>dabit</strong></span> <span class='ocrx_word' id='word_1_745' title='bbox 1195 1544 1294 1571; x_wconf 84' lang='lat' dir='ltr'><strong>verbum</strong></span> <span class='ocrx_word' id='word_1_746' title='bbox 1316 1544 1543 1580; x_wconf 75' lang='lat' dir='ltr'><strong>euangelizantibus</strong></span> <span class='ocrx_word' id='word_1_747' title='bbox 1558 1545 1647 1572; x_wconf 84' lang='lat' dir='ltr'><strong>virtute</strong></span> <span class='ocrx_word' id='word_1_748' title='bbox 1660 1545 1753 1577; x_wconf 87' lang='lat' dir='ltr'><strong>ntulta,</strong></span> <span class='ocrx_word' id='word_1_749' title='bbox 1770 1545 1808 1572; x_wconf 87' lang='lat' dir='ltr'><strong>sic</strong></span> <span class='ocrx_word' id='word_1_750' title='bbox 1823 1546 1906 1572; x_wconf 78' lang='lat' dir='ltr'><strong>mira—</strong></span> 
     </span>
    </p>
   </div>
   <div class='ocr_carea' id='block_1_94' title="bbox 1113 1590 1901 1626">
    <p class='ocr_par' dir='ltr' id='par_1_94' title="bbox 1113 1590 1901 1626">
     <span class='ocr_line' id='line_1_94' title="bbox 1113 1590 1901 1626; baseline 0 -8"><span class='ocrx_word' id='word_1_751' title='bbox 1113 1591 1171 1618; x_wconf 92' lang='lat' dir='ltr'><strong>cula</strong></span> <span class='ocrx_word' id='word_1_752' title='bbox 1185 1598 1293 1618; x_wconf 89' lang='lat' dir='ltr'><strong>vocans.</strong></span> <span class='ocrx_word' id='word_1_753' title='bbox 1303 1590 1368 1617; x_wconf 88' lang='lat' dir='ltr'><strong>Nam</strong></span> <span class='ocrx_word' id='word_1_754' title='bbox 1384 1590 1524 1618; x_wconf 70' lang='lat' dir='ltr'><strong>ineil&#39;abilis</strong></span> <span class='ocrx_word' id='word_1_755' title='bbox 1537 1591 1620 1618; x_wconf 89' lang='lat' dir='ltr'><strong>virtus</strong></span> <span class='ocrx_word' id='word_1_756' title='bbox 1641 1596 1708 1623; x_wconf 91' lang='lat' dir='ltr'><strong>erat,</strong></span> <span class='ocrx_word' id='word_1_757' title='bbox 1725 1592 1882 1626; x_wconf 86' lang='lat' dir='ltr'><strong>piscatorem</strong></span> <span class='ocrx_word' id='word_1_758' title='bbox 1894 1613 1901 1623; x_wconf 90' lang='lat'><strong>,</strong></span> 
     </span>
    </p>
   </div>
   <div class='ocr_carea' id='block_1_95' title="bbox 1115 1631 1908 1673">
    <p class='ocr_par' dir='ltr' id='par_1_95' title="bbox 1115 1631 1908 1673">
     <span class='ocr_line' id='line_1_95' title="bbox 1115 1631 1908 1673; baseline 0 -9"><span class='ocrx_word' id='word_1_759' title='bbox 1115 1637 1304 1672; x_wconf 88' lang='lat' dir='ltr'><strong>publicanum,</strong></span> <span class='ocrx_word' id='word_1_760' title='bbox 1325 1638 1498 1664; x_wconf 86' lang='lat' dir='ltr'><strong>tentoriorum</strong></span> <span class='ocrx_word' id='word_1_761' title='bbox 1522 1631 1660 1673; x_wconf 77' lang='lat' dir='ltr'><strong>opiticem,</strong></span> <span class='ocrx_word' id='word_1_762' title='bbox 1683 1638 1740 1665; x_wconf 88' lang='lat' dir='ltr'><strong>solo</strong></span> <span class='ocrx_word' id='word_1_763' title='bbox 1771 1643 1908 1672; x_wconf 64' lang='lat' dir='ltr'><strong>praecepto</strong></span> 
     </span>
    </p>
   </div>
   <div class='ocr_carea' id='block_1_96' title="bbox 1113 1683 1907 1718">
    <p class='ocr_par' dir='ltr' id='par_1_96' title="bbox 1113 1683 1907 1718">
     <span class='ocr_line' id='line_1_96' title="bbox 1113 1683 1907 1718; baseline 0.003 -9"><span class='ocrx_word' id='word_1_764' title='bbox 1113 1688 1233 1710; x_wconf 90' lang='lat' dir='ltr'><strong>mortttos</strong></span> <span class='ocrx_word' id='word_1_765' title='bbox 1253 1683 1395 1715; x_wconf 70' lang='lat' dir='ltr'><strong>suscitare,</strong></span> <span class='ocrx_word' id='word_1_766' title='bbox 1411 1683 1546 1711; x_wconf 68' lang='lat' dir='ltr'><strong>darmones</strong></span> <span class='ocrx_word' id='word_1_767' title='bbox 1559 1685 1690 1718; x_wconf 83' lang='lat' dir='ltr'><strong>expellere</strong></span> <span class='ocrx_word' id='word_1_768' title='bbox 1703 1705 1709 1716; x_wconf 87' lang='lat'><strong>,</strong></span> <span class='ocrx_word' id='word_1_769' title='bbox 1723 1689 1835 1711; x_wconf 87' lang='lat' dir='ltr'><strong>mortem</strong></span> <span class='ocrx_word' id='word_1_770' title='bbox 1848 1685 1907 1711; x_wconf 88' lang='lat' dir='ltr'><strong>abi-</strong></span> 
     </span>
    </p>
   </div>
   <div class='ocr_carea' id='block_1_97' title="bbox 1113 1728 1906 1763">
    <p class='ocr_par' dir='ltr' id='par_1_97' title="bbox 1113 1728 1906 1763">
     <span class='ocr_line' id='line_1_97' title="bbox 1113 1728 1906 1763; baseline 0.003 -9"><span class='ocrx_word' id='word_1_771' title='bbox 1113 1735 1194 1761; x_wconf 71' lang='lat' dir='ltr'><strong>gere,</strong></span> <span class='ocrx_word' id='word_1_772' title='bbox 1211 1728 1429 1763; x_wconf 85' lang='lat' dir='ltr'><strong>philosophorum</strong></span> <span class='ocrx_word' id='word_1_773' title='bbox 1452 1729 1566 1763; x_wconf 80' lang='lat' dir='ltr'><strong>linguam</strong></span> <span class='ocrx_word' id='word_1_774' title='bbox 1593 1729 1744 1761; x_wconf 85' lang='lat' dir='ltr'><strong>refrenare,</strong></span> <span class='ocrx_word' id='word_1_775' title='bbox 1765 1729 1906 1756; x_wconf 88' lang='lat' dir='ltr'><strong>rhetorum</strong></span> 
     </span>
    </p>
   </div>
   <div class='ocr_carea' id='block_1_98' title="bbox 1114 1774 1905 1809">
    <p class='ocr_par' dir='ltr' id='par_1_98' title="bbox 1114 1774 1905 1809">
     <span class='ocr_line' id='line_1_98' title="bbox 1114 1774 1905 1809; baseline 0.003 -9"><span class='ocrx_word' id='word_1_776' title='bbox 1114 1781 1160 1800; x_wconf 90' lang='lat' dir='ltr'><strong>ora</strong></span> <span class='ocrx_word' id='word_1_777' title='bbox 1173 1781 1304 1801; x_wconf 85' lang='lat' dir='ltr'><strong>consuere</strong></span> <span class='ocrx_word' id='word_1_778' title='bbox 1315 1795 1321 1806; x_wconf 82' lang='lat'><strong>,</strong></span> <span class='ocrx_word' id='word_1_779' title='bbox 1333 1781 1410 1808; x_wconf 78' lang='lat' dir='ltr'><strong>rcges</strong></span> <span class='ocrx_word' id='word_1_780' title='bbox 1425 1782 1455 1801; x_wconf 90' lang='lat' dir='ltr'><strong>ac</strong></span> <span class='ocrx_word' id='word_1_781' title='bbox 1473 1775 1606 1809; x_wconf 84' lang='lat' dir='ltr'><strong>principes</strong></span> <span class='ocrx_word' id='word_1_782' title='bbox 1620 1775 1725 1801; x_wconf 84' lang='lat' dir='ltr'><strong>vincere</strong></span> <span class='ocrx_word' id='word_1_783' title='bbox 1738 1795 1744 1806; x_wconf 84' lang='lat'><strong>,</strong></span> <span class='ocrx_word' id='word_1_784' title='bbox 1761 1774 1883 1802; x_wconf 86' lang='lat' dir='ltr'><strong>barbaris</strong></span> <span class='ocrx_word' id='word_1_785' title='bbox 1897 1795 1905 1806; x_wconf 85' lang='lat'><strong>.</strong></span> 
     </span>
    </p>
   </div>
   <div class='ocr_carea' id='block_1_99' title="bbox 1114 1819 1908 1854">
    <p class='ocr_par' dir='ltr' id='par_1_99' title="bbox 1114 1819 1908 1854">
     <span class='ocr_line' id='line_1_99' title="bbox 1114 1819 1908 1854; baseline 0.001 -8"><span class='ocrx_word' id='word_1_786' title='bbox 1114 1819 1231 1852; x_wconf 72' lang='lat' dir='ltr'><strong>Crtecis,</strong></span> <span class='ocrx_word' id='word_1_787' title='bbox 1255 1820 1380 1853; x_wconf 84' lang='lat' dir='ltr'><strong>omnique</strong></span> <span class='ocrx_word' id='word_1_788' title='bbox 1401 1820 1500 1846; x_wconf 90' lang='lat' dir='ltr'><strong>nationi</strong></span> <span class='ocrx_word' id='word_1_789' title='bbox 1522 1820 1662 1854; x_wconf 87' lang='lat' dir='ltr'><strong>imperare.</strong></span> <span class='ocrx_word' id='word_1_790' title='bbox 1683 1821 1715 1847; x_wconf 83' lang='lat' dir='ltr'><strong>Et</strong></span> <span class='ocrx_word' id='word_1_791' title='bbox 1734 1820 1855 1854; x_wconf 84' lang='lat' dir='ltr'><strong>apposite</strong></span> <span class='ocrx_word' id='word_1_792' title='bbox 1868 1821 1908 1847; x_wconf 89' lang='lat' dir='ltr'><strong>sic</strong></span> 
     </span>
    </p>
   </div>
   <div class='ocr_carea' id='block_1_100' title="bbox 1113 1863 1905 1900">
    <p class='ocr_par' dir='ltr' id='par_1_100' title="bbox 1113 1863 1905 1900">
     <span class='ocr_line' id='line_1_100' title="bbox 1113 1863 1905 1900; baseline 0.003 -10"><span class='ocrx_word' id='word_1_793' title='bbox 1113 1863 1237 1898; x_wconf 86' lang='lat' dir='ltr'><strong>loquutus</strong></span> <span class='ocrx_word' id='word_1_794' title='bbox 1250 1869 1291 1891; x_wconf 86' lang='lat' dir='ltr'><strong>est</strong></span> <span class='ocrx_word' id='word_1_795' title='bbox 1303 1873 1309 1890; x_wconf 89' lang='lat'>:</span> <span class='ocrx_word' id='word_1_796' title='bbox 1322 1872 1383 1891; x_wconf 83' lang='lat' dir='ltr'><strong>nam</strong></span> <span class='ocrx_word' id='word_1_797' title='bbox 1397 1865 1454 1892; x_wconf 72' lang='lat' dir='ltr'><strong>hrec</strong></span> <span class='ocrx_word' id='word_1_798' title='bbox 1467 1864 1556 1891; x_wconf 88' lang='lat' dir='ltr'><strong>omnia</strong></span> <span class='ocrx_word' id='word_1_799' title='bbox 1571 1866 1651 1892; x_wconf 87' lang='lat' dir='ltr'><strong>verbo</strong></span> <span class='ocrx_word' id='word_1_800' title='bbox 1666 1865 1711 1895; x_wconf 81' lang='lat' dir='ltr'><strong>illo</strong></span> <span class='ocrx_word' id='word_1_801' title='bbox 1726 1865 1905 1900; x_wconf 88' lang='lat' dir='ltr'><strong>perfecerunt,</strong></span> 
     </span>
    </p>
   </div>
   <div class='ocr_carea' id='block_1_101' title="bbox 1113 1910 1926 1946">
    <p class='ocr_par' dir='ltr' id='par_1_101' title="bbox 1113 1910 1926 1946">
     <span class='ocr_line' id='line_1_101' title="bbox 1113 1910 1926 1946; baseline 0.002 -10"><span class='ocrx_word' id='word_1_802' title='bbox 1113 1915 1140 1936; x_wconf 87' lang='lat' dir='ltr'><strong>et</strong></span> <span class='ocrx_word' id='word_1_803' title='bbox 1153 1910 1251 1937; x_wconf 85' lang='lat' dir='ltr'><strong>virtute</strong></span> <span class='ocrx_word' id='word_1_804' title='bbox 1267 1911 1347 1937; x_wconf 92' lang='lat' dir='ltr'><strong>multa</strong></span> <span class='ocrx_word' id='word_1_805' title='bbox 1365 1915 1485 1937; x_wconf 91' lang='lat' dir='ltr'><strong>mortuos</strong></span> <span class='ocrx_word' id='word_1_806' title='bbox 1498 1911 1523 1938; x_wconf 93' lang='lat' dir='ltr'><strong>in</strong></span> <span class='ocrx_word' id='word_1_807' title='bbox 1545 1911 1619 1938; x_wconf 89' lang='lat' dir='ltr'><strong>vivos</strong></span> <span class='ocrx_word' id='word_1_808' title='bbox 1641 1916 1794 1944; x_wconf 89' lang='lat' dir='ltr'><strong>mutarunt,</strong></span> <span class='ocrx_word' id='word_1_809' title='bbox 1811 1919 1926 1946; x_wconf 46' lang='lat' dir='ltr'><strong>peccax</strong></span> 
     </span>
    </p>
   </div>
   <div class='ocr_carea' id='block_1_102' title="bbox 1116 1956 1905 1990">
    <p class='ocr_par' dir='ltr' id='par_1_102' title="bbox 1116 1956 1905 1990">
     <span class='ocr_line' id='line_1_102' title="bbox 1116 1956 1905 1990; baseline 0 -7"><span class='ocrx_word' id='word_1_810' title='bbox 1116 1961 1187 1984; x_wconf 85' lang='lat' dir='ltr'><strong>tores</strong></span> <span class='ocrx_word' id='word_1_811' title='bbox 1201 1957 1226 1983; x_wconf 92' lang='lat' dir='ltr'><strong>in</strong></span> <span class='ocrx_word' id='word_1_812' title='bbox 1238 1956 1323 1990; x_wconf 82' lang='lat' dir='ltr'><strong>justus</strong></span> <span class='ocrx_word' id='word_1_813' title='bbox 1335 1976 1342 1987; x_wconf 82' lang='lat'><strong>,</strong></span> <span class='ocrx_word' id='word_1_814' title='bbox 1356 1964 1442 1983; x_wconf 57' lang='lat' dir='ltr'><strong>caucos</strong></span> <span class='ocrx_word' id='word_1_815' title='bbox 1454 1957 1480 1983; x_wconf 95' lang='lat' dir='ltr'><strong>in</strong></span> <span class='ocrx_word' id='word_1_816' title='bbox 1495 1957 1614 1984; x_wconf 83' lang='lat' dir='ltr'><strong>videntes</strong></span> <span class='ocrx_word' id='word_1_817' title='bbox 1624 1977 1631 1989; x_wconf 83' lang='lat'><strong>,</strong></span> <span class='ocrx_word' id='word_1_818' title='bbox 1648 1957 1754 1983; x_wconf 88' lang='lat' dir='ltr'><strong>morbos</strong></span> <span class='ocrx_word' id='word_1_819' title='bbox 1767 1962 1868 1983; x_wconf 69' lang='lat' dir='ltr'><strong>natura:</strong></span> <span class='ocrx_word' id='word_1_820' title='bbox 1877 1961 1905 1983; x_wconf 90' lang='lat' dir='ltr'><strong>et</strong></span> 
     </span>
    </p>
   </div>
   <div class='ocr_carea' id='block_1_103' title="bbox 1114 2002 1906 2037">
    <p class='ocr_par' dir='ltr' id='par_1_103' title="bbox 1114 2002 1906 2037">
     <span class='ocr_line' id='line_1_103' title="bbox 1114 2002 1906 2037; baseline 0 -8"><span class='ocrx_word' id='word_1_821' title='bbox 1114 2003 1210 2029; x_wconf 82' lang='lat' dir='ltr'><strong>animae</strong></span> <span class='ocrx_word' id='word_1_822' title='bbox 1233 2002 1376 2037; x_wconf 88' lang='lat' dir='ltr'><strong>nequitiam</strong></span> <span class='ocrx_word' id='word_1_823' title='bbox 1392 2003 1565 2037; x_wconf 82' lang='lat' dir='ltr'><strong>exponentes.</strong></span> <span class='ocrx_word' id='word_1_824' title='bbox 1581 2002 1679 2029; x_wconf 87' lang='lat' dir='ltr'><strong>Deinde</strong></span> <span class='ocrx_word' id='word_1_825' title='bbox 1693 2002 1762 2036; x_wconf 86' lang='lat' dir='ltr'><strong>quod</strong></span> <span class='ocrx_word' id='word_1_826' title='bbox 1776 2003 1832 2029; x_wconf 71' lang='lat' dir='ltr'><strong>lure</strong></span> <span class='ocrx_word' id='word_1_827' title='bbox 1850 2002 1906 2029; x_wconf 83' lang='lat' dir='ltr'><strong>vir-</strong></span> 
     </span>
    </p>
   </div>
   <div class='ocr_carea' id='block_1_104' title="bbox 1116 2047 1903 2083">
    <p class='ocr_par' dir='ltr' id='par_1_104' title="bbox 1116 2047 1903 2083">
     <span class='ocr_line' id='line_1_104' title="bbox 1116 2047 1903 2083; baseline -0.004 -7"><span class='ocrx_word' id='word_1_828' title='bbox 1116 2054 1157 2076; x_wconf 87' lang='lat' dir='ltr'><strong>tus</strong></span> <span class='ocrx_word' id='word_1_829' title='bbox 1171 2048 1224 2076; x_wconf 85' lang='lat' dir='ltr'><strong>illis</strong></span> <span class='ocrx_word' id='word_1_830' title='bbox 1236 2056 1250 2075; x_wconf 90' lang='lat' dir='ltr'><strong>a</strong></span> <span class='ocrx_word' id='word_1_831' title='bbox 1263 2048 1364 2083; x_wconf 87' lang='lat' dir='ltr'><strong>Spiritu</strong></span> <span class='ocrx_word' id='word_1_832' title='bbox 1379 2053 1470 2075; x_wconf 90' lang='lat' dir='ltr'><strong>sancto</strong></span> <span class='ocrx_word' id='word_1_833' title='bbox 1481 2048 1636 2080; x_wconf 81' lang='lat' dir='ltr'><strong>accederet,</strong></span> <span class='ocrx_word' id='word_1_834' title='bbox 1654 2048 1715 2074; x_wconf 88' lang='lat' dir='ltr'><strong>hinc</strong></span> <span class='ocrx_word' id='word_1_835' title='bbox 1727 2047 1880 2074; x_wconf 78' lang='lat' dir='ltr'><strong>declaratur</strong></span> <span class='ocrx_word' id='word_1_836' title='bbox 1896 2056 1903 2073; x_wconf 88' lang='lat'><strong>:</strong></span> 
     </span>
    </p>
   </div>
   <div class='ocr_carea' id='block_1_105' title="bbox 1114 2093 1904 2130">
    <p class='ocr_par' dir='ltr' id='par_1_105' title="bbox 1114 2093 1904 2130">
     <span class='ocr_line' id='line_1_105' title="bbox 1114 2093 1904 2130; baseline -0.003 -8"><span class='ocrx_word' id='word_1_837' title='bbox 1114 2095 1214 2129; x_wconf 85' lang='lat' dir='ltr'><strong>Spiritu</strong></span> <span class='ocrx_word' id='word_1_838' title='bbox 1224 2115 1231 2127; x_wconf 95' lang='lat'><strong>,</strong></span> <span class='ocrx_word' id='word_1_839' title='bbox 1246 2095 1350 2130; x_wconf 89' lang='lat' dir='ltr'><strong>inquit,</strong></span> <span class='ocrx_word' id='word_1_840' title='bbox 1373 2101 1459 2121; x_wconf 81' lang='lat' dir='ltr'><strong>sancto</strong></span> <span class='ocrx_word' id='word_1_841' title='bbox 1482 2094 1570 2130; x_wconf 81' lang='lat' dir='ltr'><strong>repleti</strong></span> <span class='ocrx_word' id='word_1_842' title='bbox 1583 2099 1652 2121; x_wconf 88' lang='lat' dir='ltr'><strong>erant</strong></span> <span class='ocrx_word' id='word_1_843' title='bbox 1669 2094 1741 2127; x_wconf 77' lang='lat' dir='ltr'><strong>(Act.</strong></span> <span class='ocrx_word' id='word_1_844' title='bbox 1755 2094 1782 2121; x_wconf 74' lang='grc'><strong>2.</strong></span> <span class='ocrx_word' id='word_1_845' title='bbox 1797 2093 1833 2129; x_wconf 72' lang='grc'>4)</span> <span class='ocrx_word' id='word_1_846' title='bbox 1849 2101 1856 2126; x_wconf 81' lang='grc'>;</span> <span class='ocrx_word' id='word_1_847' title='bbox 1877 2098 1904 2120; x_wconf 85' lang='lat' dir='ltr'><strong>et</strong></span> 
     </span>
    </p>
   </div>
   <div class='ocr_carea' id='block_1_106' title="bbox 1115 2140 1904 2176">
    <p class='ocr_par' dir='ltr' id='par_1_106' title="bbox 1115 2140 1904 2176">
     <span class='ocr_line' id='line_1_106' title="bbox 1115 2140 1904 2176; baseline -0.001 -9"><span class='ocrx_word' id='word_1_848' title='bbox 1115 2142 1164 2168; x_wconf 91' lang='lat' dir='ltr'><strong>viri</strong></span> <span class='ocrx_word' id='word_1_849' title='bbox 1180 2141 1258 2168; x_wconf 83' lang='lat' dir='ltr'><strong>simul</strong></span> <span class='ocrx_word' id='word_1_850' title='bbox 1271 2145 1350 2176; x_wconf 86' lang='lat' dir='ltr'><strong>atque</strong></span> <span class='ocrx_word' id='word_1_851' title='bbox 1365 2141 1490 2168; x_wconf 90' lang='lat' dir='ltr'><strong>mulieres</strong></span> <span class='ocrx_word' id='word_1_852' title='bbox 1501 2140 1703 2175; x_wconf 90' lang='lat' dir='ltr'><strong>prophetabant.</strong></span> <span class='ocrx_word' id='word_1_853' title='bbox 1714 2140 1822 2174; x_wconf 70' lang='lat' dir='ltr'><strong>Lingua:</strong></span> <span class='ocrx_word' id='word_1_854' title='bbox 1836 2140 1904 2174; x_wconf 77' lang='lat' dir='ltr'><strong>ignis</strong></span> 
     </span>
    </p>
   </div>
   <div class='ocr_carea' id='block_1_107' title="bbox 1113 2186 1904 2220">
    <p class='ocr_par' dir='ltr' id='par_1_107' title="bbox 1113 2186 1904 2220">
     <span class='ocr_line' id='line_1_107' title="bbox 1113 2186 1904 2220; baseline 0 -8"><span class='ocrx_word' id='word_1_855' title='bbox 1113 2186 1197 2213; x_wconf 83' lang='lat' dir='ltr'><strong>forma</strong></span> <span class='ocrx_word' id='word_1_856' title='bbox 1221 2187 1285 2213; x_wconf 72' lang='lat' dir='ltr'><strong>visu:</strong></span> <span class='ocrx_word' id='word_1_857' title='bbox 1306 2186 1432 2213; x_wconf 87' lang='lat' dir='ltr'><strong>sederunt</strong></span> <span class='ocrx_word' id='word_1_858' title='bbox 1451 2194 1530 2220; x_wconf 85' lang='lat' dir='ltr'><strong>supra</strong></span> <span class='ocrx_word' id='word_1_859' title='bbox 1552 2193 1764 2220; x_wconf 88' lang='lat' dir='ltr'><strong>unumquemque</strong></span> <span class='ocrx_word' id='word_1_860' title='bbox 1786 2192 1879 2212; x_wconf 86' lang='lat' dir='ltr'><strong>eorum</strong></span> <span class='ocrx_word' id='word_1_861' title='bbox 1897 2195 1904 2212; x_wconf 89' lang='lat'>:</span> 
     </span>
    </p>
   </div>
   <div class='ocr_carea' id='block_1_108' title="bbox 1113 2230 1904 2266">
    <p class='ocr_par' dir='ltr' id='par_1_108' title="bbox 1113 2230 1904 2266">
     <span class='ocr_line' id='line_1_108' title="bbox 1113 2230 1904 2266; baseline -0.001 -7"><span class='ocrx_word' id='word_1_862' title='bbox 1113 2236 1140 2259; x_wconf 88' lang='lat' dir='ltr'><strong>et</strong></span> <span class='ocrx_word' id='word_1_863' title='bbox 1154 2231 1204 2259; x_wconf 87' lang='lat' dir='ltr'><strong>hoc</strong></span> <span class='ocrx_word' id='word_1_864' title='bbox 1216 2231 1273 2259; x_wconf 79' lang='lat' dir='ltr'><strong>Joel</strong></span> <span class='ocrx_word' id='word_1_865' title='bbox 1289 2231 1333 2258; x_wconf 92' lang='lat' dir='ltr'><strong>diu</strong></span> <span class='ocrx_word' id='word_1_866' title='bbox 1355 2236 1416 2259; x_wconf 88' lang='lat' dir='ltr'><strong>ante</strong></span> <span class='ocrx_word' id='word_1_867' title='bbox 1435 2231 1619 2266; x_wconf 69' lang='lat' dir='ltr'><strong>praznuntiavit</strong></span> <span class='ocrx_word' id='word_1_868' title='bbox 1633 2231 1724 2258; x_wconf 88' lang='lat' dir='ltr'><strong>dicens</strong></span> <span class='ocrx_word' id='word_1_869' title='bbox 1739 2239 1745 2257; x_wconf 91' lang='lat'><strong>:</strong></span> <span class='ocrx_word' id='word_1_870' title='bbox 1764 2230 1904 2263; x_wconf 78' lang='lat' dir='ltr'><strong>Effundam</strong></span> 
     </span>
    </p>
   </div>
   <div class='ocr_carea' id='block_1_109' title="bbox 1114 2277 1903 2312">
    <p class='ocr_par' dir='ltr' id='par_1_109' title="bbox 1114 2277 1903 2312">
     <span class='ocr_line' id='line_1_109' title="bbox 1114 2277 1903 2312; baseline -0.001 -9"><span class='ocrx_word' id='word_1_871' title='bbox 1114 2278 1144 2303; x_wconf 88' lang='lat' dir='ltr'><strong>de</strong></span> <span class='ocrx_word' id='word_1_872' title='bbox 1155 2277 1253 2312; x_wconf 89' lang='lat' dir='ltr'><strong>Spiritu</strong></span> <span class='ocrx_word' id='word_1_873' title='bbox 1267 2285 1320 2303; x_wconf 80' lang='lat' dir='ltr'><strong>meo</strong></span> <span class='ocrx_word' id='word_1_874' title='bbox 1339 2285 1415 2312; x_wconf 82' lang='lat' dir='ltr'><strong>super</strong></span> <span class='ocrx_word' id='word_1_875' title='bbox 1428 2285 1526 2304; x_wconf 73' lang='lat' dir='ltr'><strong>attinent</strong></span> <span class='ocrx_word' id='word_1_876' title='bbox 1539 2285 1655 2308; x_wconf 82' lang='lat' dir='ltr'><strong>carnem,</strong></span> <span class='ocrx_word' id='word_1_877' title='bbox 1670 2281 1693 2303; x_wconf 86' lang='lat' dir='ltr'><strong>et</strong></span> <span class='ocrx_word' id='word_1_878' title='bbox 1716 2277 1903 2312; x_wconf 85' lang='lat' dir='ltr'><strong>prophetabunt</strong></span> 
     </span>
    </p>
   </div>
   <div class='ocr_carea' id='block_1_110' title="bbox 1114 2324 1904 2358">
    <p class='ocr_par' dir='ltr' id='par_1_110' title="bbox 1114 2324 1904 2358">
     <span class='ocr_line' id='line_1_110' title="bbox 1114 2324 1904 2358; baseline 0 -8"><span class='ocrx_word' id='word_1_879' title='bbox 1114 2324 1262 2358; x_wconf 79' lang='lat' dir='ltr'><strong>ﬁliivestri,</strong></span> <span class='ocrx_word' id='word_1_880' title='bbox 1285 2329 1309 2350; x_wconf 80' lang='lat' dir='ltr'><strong>ct</strong></span> <span class='ocrx_word' id='word_1_881' title='bbox 1328 2324 1388 2358; x_wconf 82' lang='lat' dir='ltr'><strong>ﬁlice</strong></span> <span class='ocrx_word' id='word_1_882' title='bbox 1406 2329 1494 2351; x_wconf 65' lang='lat' dir='ltr'><strong>vestrae</strong></span> <span class='ocrx_word' id='word_1_883' title='bbox 1512 2324 1618 2351; x_wconf 80' lang='lat' dir='ltr'><strong>visiones</strong></span> <span class='ocrx_word' id='word_1_884' title='bbox 1632 2324 1748 2350; x_wconf 84' lang='lat' dir='ltr'><strong>videbunt</strong></span> <span class='ocrx_word' id='word_1_885' title='bbox 1759 2344 1765 2356; x_wconf 88' lang='lat'><strong>,</strong></span> <span class='ocrx_word' id='word_1_886' title='bbox 1780 2328 1803 2350; x_wconf 85' lang='lat' dir='ltr'><strong>et</strong></span> <span class='ocrx_word' id='word_1_887' title='bbox 1816 2324 1904 2350; x_wconf 87' lang='lat' dir='ltr'><strong>adole-</strong></span> 
     </span>
    </p>
   </div>
   <div class='ocr_carea' id='block_1_111' title="bbox 1113 2369 1904 2404">
    <p class='ocr_par' dir='ltr' id='par_1_111' title="bbox 1113 2369 1904 2404">
     <span class='ocr_line' id='line_1_111' title="bbox 1113 2369 1904 2404; baseline 0 -9"><span class='ocrx_word' id='word_1_888' title='bbox 1113 2373 1207 2395; x_wconf 82' lang='lat' dir='ltr'><strong>scentes</strong></span> <span class='ocrx_word' id='word_1_889' title='bbox 1220 2369 1295 2396; x_wconf 84' lang='lat' dir='ltr'><strong>vestri</strong></span> <span class='ocrx_word' id='word_1_890' title='bbox 1307 2370 1403 2396; x_wconf 85' lang='lat' dir='ltr'><strong>somnia</strong></span> <span class='ocrx_word' id='word_1_891' title='bbox 1417 2370 1574 2396; x_wconf 83' lang='lat' dir='ltr'><strong>samniabunt</strong></span> <span class='ocrx_word' id='word_1_892' title='bbox 1590 2377 1599 2395; x_wconf 91' lang='lat'><em>:</em></span> <span class='ocrx_word' id='word_1_893' title='bbox 1610 2374 1633 2395; x_wconf 91' lang='lat' dir='ltr'><strong>et</strong></span> <span class='ocrx_word' id='word_1_894' title='bbox 1645 2369 1746 2403; x_wconf 80' lang='lat' dir='ltr'><strong>quidem</strong></span> <span class='ocrx_word' id='word_1_895' title='bbox 1760 2377 1836 2404; x_wconf 84' lang='lat' dir='ltr'><strong>super</strong></span> <span class='ocrx_word' id='word_1_896' title='bbox 1849 2377 1904 2395; x_wconf 90' lang='lat' dir='ltr'><strong>ser-</strong></span> 
     </span>
    </p>
   </div>
   <div class='ocr_carea' id='block_1_112' title="bbox 1114 2415 1905 2450">
    <p class='ocr_par' dir='ltr' id='par_1_112' title="bbox 1114 2415 1905 2450">
     <span class='ocr_line' id='line_1_112' title="bbox 1114 2415 1905 2450; baseline 0 -10"><span class='ocrx_word' id='word_1_897' title='bbox 1114 2422 1156 2440; x_wconf 81' lang='lat' dir='ltr'><strong>vos</strong></span> <span class='ocrx_word' id='word_1_898' title='bbox 1171 2422 1253 2447; x_wconf 87' lang='lat' dir='ltr'><strong>nteos,</strong></span> <span class='ocrx_word' id='word_1_899' title='bbox 1267 2418 1289 2441; x_wconf 88' lang='lat' dir='ltr'><strong>et</strong></span> <span class='ocrx_word' id='word_1_900' title='bbox 1310 2423 1385 2449; x_wconf 86' lang='lat' dir='ltr'><strong>super</strong></span> <span class='ocrx_word' id='word_1_901' title='bbox 1408 2415 1514 2442; x_wconf 88' lang='lat' dir='ltr'><strong>ancillas</strong></span> <span class='ocrx_word' id='word_1_902' title='bbox 1534 2415 1680 2450; x_wconf 78' lang='lat' dir='ltr'><strong>effundant,</strong></span> <span class='ocrx_word' id='word_1_903' title='bbox 1693 2415 1840 2448; x_wconf 83' lang='lat' dir='ltr'><strong>priusquam</strong></span> <span class='ocrx_word' id='word_1_904' title='bbox 1864 2423 1905 2441; x_wconf 76' lang='lat' dir='ltr'><strong>ve-</strong></span> 
     </span>
    </p>
   </div>
   <div class='ocr_carea' id='block_1_113' title="bbox 1114 2458 1903 2495">
    <p class='ocr_par' dir='ltr' id='par_1_113' title="bbox 1114 2458 1903 2495">
     <span class='ocr_line' id='line_1_113' title="bbox 1114 2458 1903 2495; baseline -0.001 -10"><span class='ocrx_word' id='word_1_905' title='bbox 1114 2460 1167 2486; x_wconf 87' lang='lat' dir='ltr'><strong>niat</strong></span> <span class='ocrx_word' id='word_1_906' title='bbox 1187 2459 1240 2486; x_wconf 89' lang='lat' dir='ltr'><strong>dies</strong></span> <span class='ocrx_word' id='word_1_907' title='bbox 1256 2459 1356 2486; x_wconf 89' lang='lat' dir='ltr'><strong>Domini</strong></span> <span class='ocrx_word' id='word_1_908' title='bbox 1380 2468 1485 2495; x_wconf 87' lang='lat' dir='ltr'><strong>magnus</strong></span> <span class='ocrx_word' id='word_1_909' title='bbox 1510 2465 1533 2486; x_wconf 85' lang='lat' dir='ltr'><strong>et</strong></span> <span class='ocrx_word' id='word_1_910' title='bbox 1553 2458 1796 2494; x_wconf 71' lang='lat' dir='ltr'><strong>itlustris(Joel.2.</strong></span> <span class='ocrx_word' id='word_1_911' title='bbox 1818 2459 1854 2486; x_wconf 80' lang='lat'><strong>‘28</strong></span> <span class='ocrx_word' id='word_1_912' title='bbox 1869 2458 1878 2493; x_wconf 97' lang='lat'><strong>)</strong></span> <span class='ocrx_word' id='word_1_913' title='bbox 1896 2467 1903 2484; x_wconf 83' lang='lat'><strong>:</strong></span> 
     </span>
    </p>
   </div>
   <div class='ocr_carea' id='block_1_114' title="bbox 1114 2504 1904 2540">
    <p class='ocr_par' dir='ltr' id='par_1_114' title="bbox 1114 2504 1904 2540">
     <span class='ocr_line' id='line_1_114' title="bbox 1114 2504 1904 2540; baseline -0.003 -8"><span class='ocrx_word' id='word_1_914' title='bbox 1114 2512 1237 2540; x_wconf 74' lang='lat' dir='ltr'><strong>magnum</strong></span> <span class='ocrx_word' id='word_1_915' title='bbox 1253 2511 1281 2531; x_wconf 91' lang='lat' dir='ltr'><strong>et</strong></span> <span class='ocrx_word' id='word_1_916' title='bbox 1295 2505 1424 2532; x_wconf 90' lang='lat' dir='ltr'><strong>illustrem</strong></span> <span class='ocrx_word' id='word_1_917' title='bbox 1445 2512 1544 2532; x_wconf 88' lang='lat' dir='ltr'><strong>vocans</strong></span> <span class='ocrx_word' id='word_1_918' title='bbox 1557 2504 1626 2531; x_wconf 89' lang='lat' dir='ltr'><strong>diem</strong></span> <span class='ocrx_word' id='word_1_919' title='bbox 1640 2504 1768 2531; x_wconf 81' lang='lat' dir='ltr'><strong>adventus</strong></span> <span class='ocrx_word' id='word_1_920' title='bbox 1787 2504 1904 2538; x_wconf 86' lang='lat' dir='ltr'><strong>Spiritus</strong></span> 
     </span>
    </p>
   </div>
   <div class='ocr_carea' id='block_1_115' title="bbox 1114 2551 1904 2585">
    <p class='ocr_par' dir='ltr' id='par_1_115' title="bbox 1114 2551 1904 2585">
     <span class='ocr_line' id='line_1_115' title="bbox 1114 2551 1904 2585; baseline 0 -8"><span class='ocrx_word' id='word_1_921' title='bbox 1114 2551 1216 2584; x_wconf 84' lang='lat' dir='ltr'><strong>sancti,</strong></span> <span class='ocrx_word' id='word_1_922' title='bbox 1231 2559 1280 2578; x_wconf 91' lang='lat' dir='ltr'><strong>nec</strong></span> <span class='ocrx_word' id='word_1_923' title='bbox 1295 2558 1347 2577; x_wconf 91' lang='lat' dir='ltr'><strong>non</strong></span> <span class='ocrx_word' id='word_1_924' title='bbox 1369 2559 1428 2578; x_wconf 89' lang='lat' dir='ltr'><strong>eum</strong></span> <span class='ocrx_word' id='word_1_925' title='bbox 1439 2572 1447 2584; x_wconf 84' lang='lat'><strong>,</strong></span> <span class='ocrx_word' id='word_1_926' title='bbox 1472 2551 1516 2585; x_wconf 90' lang='lat' dir='ltr'><strong>qui</strong></span> <span class='ocrx_word' id='word_1_927' title='bbox 1537 2551 1563 2577; x_wconf 96' lang='lat' dir='ltr'><strong>in</strong></span> <span class='ocrx_word' id='word_1_928' title='bbox 1578 2551 1806 2578; x_wconf 86' lang='lat' dir='ltr'><strong>consummatione</strong></span> <span class='ocrx_word' id='word_1_929' title='bbox 1817 2558 1904 2577; x_wconf 70' lang='lat' dir='ltr'><strong>saecu-</strong></span> 
     </span>
    </p>
   </div>
   <div class='ocr_carea' id='block_1_116' title="bbox 1114 2595 1903 2630">
    <p class='ocr_par' dir='ltr' id='par_1_116' title="bbox 1114 2595 1903 2630">
     <span class='ocr_line' id='line_1_116' title="bbox 1114 2595 1903 2630; baseline 0 -8"><span class='ocrx_word' id='word_1_930' title='bbox 1114 2595 1200 2622; x_wconf 87' lang='lat' dir='ltr'><strong>lorum</strong></span> <span class='ocrx_word' id='word_1_931' title='bbox 1211 2596 1315 2623; x_wconf 90' lang='lat' dir='ltr'><strong>futurus</strong></span> <span class='ocrx_word' id='word_1_932' title='bbox 1330 2601 1380 2624; x_wconf 85' lang='lat' dir='ltr'><strong>est.</strong></span> <span class='ocrx_word' id='word_1_933' title='bbox 1404 2595 1474 2624; x_wconf 84' lang='lat' dir='ltr'><strong>Idem</strong></span> <span class='ocrx_word' id='word_1_934' title='bbox 1490 2604 1553 2623; x_wconf 91' lang='lat' dir='ltr'><strong>vero</strong></span> <span class='ocrx_word' id='word_1_935' title='bbox 1567 2597 1623 2630; x_wconf 85' lang='lat' dir='ltr'><strong>ipse</strong></span> <span class='ocrx_word' id='word_1_936' title='bbox 1639 2595 1765 2630; x_wconf 82' lang='lat' dir='ltr'><strong>propheta</strong></span> <span class='ocrx_word' id='word_1_937' title='bbox 1788 2596 1903 2623; x_wconf 84' lang='lat' dir='ltr'><strong>salutem</strong></span> 
     </span>
    </p>
   </div>
   <div class='ocr_carea' id='block_1_117' title="bbox 1113 2641 1901 2676">
    <p class='ocr_par' dir='ltr' id='par_1_117' title="bbox 1113 2641 1901 2676">
     <span class='ocr_line' id='line_1_117' title="bbox 1113 2641 1901 2676; baseline -0.003 -8"><span class='ocrx_word' id='word_1_938' title='bbox 1113 2648 1160 2675; x_wconf 87' lang='lat' dir='ltr'><strong>per</strong></span> <span class='ocrx_word' id='word_1_939' title='bbox 1175 2641 1253 2668; x_wconf 84' lang='lat' dir='ltr'><strong>ﬁdem</strong></span> <span class='ocrx_word' id='word_1_940' title='bbox 1279 2642 1477 2675; x_wconf 77' lang='lat' dir='ltr'><strong>pt&#39;tcnunlians,</strong></span> <span class='ocrx_word' id='word_1_941' title='bbox 1502 2649 1587 2676; x_wconf 89' lang='lat' dir='ltr'><strong>neque</strong></span> <span class='ocrx_word' id='word_1_942' title='bbox 1607 2642 1677 2669; x_wconf 91' lang='lat' dir='ltr'><strong>enim</strong></span> <span class='ocrx_word' id='word_1_943' title='bbox 1702 2641 1774 2668; x_wconf 81' lang='lat' dir='ltr'><strong>illaut</strong></span> <span class='ocrx_word' id='word_1_944' title='bbox 1799 2641 1901 2673; x_wconf 86' lang='lat' dir='ltr'><strong>tacuit,</strong></span> 
     </span>
    </p>
   </div>
   <div class='ocr_carea' id='block_1_118' title="bbox 1112 2686 1902 2721">
    <p class='ocr_par' dir='ltr' id='par_1_118' title="bbox 1112 2686 1902 2721">
     <span class='ocr_line' id='line_1_118' title="bbox 1112 2686 1902 2721; baseline 0.001 -8"><span class='ocrx_word' id='word_1_945' title='bbox 1112 2687 1149 2713; x_wconf 88' lang='lat' dir='ltr'><strong>ait</strong></span> <span class='ocrx_word' id='word_1_946' title='bbox 1165 2695 1171 2712; x_wconf 90' lang='lat'><strong>:</strong></span> <span class='ocrx_word' id='word_1_947' title='bbox 1186 2686 1219 2713; x_wconf 82' lang='lat' dir='ltr'><strong>Et</strong></span> <span class='ocrx_word' id='word_1_948' title='bbox 1234 2687 1297 2719; x_wconf 85' lang='lat' dir='ltr'><strong>erit,</strong></span> <span class='ocrx_word' id='word_1_949' title='bbox 1311 2688 1391 2714; x_wconf 87' lang='lat' dir='ltr'><strong>omnis</strong></span> <span class='ocrx_word' id='word_1_950' title='bbox 1405 2688 1447 2721; x_wconf 88' lang='lat' dir='ltr'><strong>qui</strong></span> <span class='ocrx_word' id='word_1_951' title='bbox 1459 2688 1607 2714; x_wconf 78' lang='lat' dir='ltr'><strong>invocaverit</strong></span> <span class='ocrx_word' id='word_1_952' title='bbox 1619 2695 1708 2714; x_wconf 87' lang='lat' dir='ltr'><strong>nomen</strong></span> <span class='ocrx_word' id='word_1_953' title='bbox 1722 2686 1836 2718; x_wconf 85' lang='lat' dir='ltr'><strong>Domini,</strong></span> <span class='ocrx_word' id='word_1_954' title='bbox 1847 2687 1902 2714; x_wconf 77' lang='lat' dir='ltr'><strong>sal-</strong></span> 
     </span>
    </p>
   </div>
   <div class='ocr_carea' id='block_1_119' title="bbox 1112 2731 1422 2767">
    <p class='ocr_par' dir='ltr' id='par_1_119' title="bbox 1112 2731 1422 2767">
     <span class='ocr_line' id='line_1_119' title="bbox 1112 2731 1422 2767; baseline 0.003 -9"><span class='ocrx_word' id='word_1_955' title='bbox 1112 2739 1156 2758; x_wconf 71' lang='lat' dir='ltr'><strong>vus</strong></span> <span class='ocrx_word' id='word_1_956' title='bbox 1167 2732 1212 2758; x_wconf 89' lang='lat' dir='ltr'><strong>erit</strong></span> <span class='ocrx_word' id='word_1_957' title='bbox 1225 2731 1235 2767; x_wconf 96' lang='lat'><strong>(</strong></span> <span class='ocrx_word' id='word_1_958' title='bbox 1247 2731 1315 2758; x_wconf 89' lang='lat' dir='ltr'><strong>Ibid.</strong></span> <span class='ocrx_word' id='word_1_959' title='bbox 1328 2740 1350 2758; x_wconf 85' lang='grc' dir='ltr'><strong>ν.</strong></span> <span class='ocrx_word' id='word_1_960' title='bbox 1367 2732 1422 2766; x_wconf 73' lang='lat'><strong>3‘2).</strong></span> 
     </span>
    </p>
   </div>
   <div class='ocr_carea' id='block_1_120' title="bbox 1147 2777 1901 2813">
    <p class='ocr_par' dir='ltr' id='par_1_120' title="bbox 1147 2777 1901 2813">
     <span class='ocr_line' id='line_1_120' title="bbox 1147 2777 1901 2813; baseline -0.001 -9"><span class='ocrx_word' id='word_1_961' title='bbox 1147 2777 1174 2804; x_wconf 80' lang='lat'><strong>6.</strong></span> <span class='ocrx_word' id='word_1_962' title='bbox 1192 2777 1283 2805; x_wconf 79' lang='lat' dir='ltr'><strong>Petrus</strong></span> <span class='ocrx_word' id='word_1_963' title='bbox 1295 2783 1319 2805; x_wconf 84' lang='lat' dir='ltr'><strong>et</strong></span> <span class='ocrx_word' id='word_1_964' title='bbox 1334 2777 1431 2804; x_wconf 83' lang='lat' dir='ltr'><strong>Paulus</strong></span> <span class='ocrx_word' id='word_1_965' title='bbox 1440 2777 1538 2813; x_wconf 71' lang='lat' dir='ltr'><strong>regibus</strong></span> <span class='ocrx_word' id='word_1_966' title='bbox 1552 2778 1670 2813; x_wconf 77' lang='lat' dir='ltr'><strong>majores.</strong></span> <span class='ocrx_word' id='word_1_967' title='bbox 1680 2793 1716 2799; x_wconf 63' lang='grc' dir='ltr'><strong>σ-</strong></span> <span class='ocrx_word' id='word_1_968' title='bbox 1730 2777 1832 2812; x_wconf 82' lang='lat' dir='ltr'><strong>Ubique</strong></span> <span class='ocrx_word' id='word_1_969' title='bbox 1848 2782 1901 2804; x_wconf 81' lang='lat' dir='ltr'><strong>ter-</strong></span> 
     </span>
    </p>
   </div>
   <div class='ocr_carea' id='block_1_121' title="bbox 1114 2824 1900 2859">
    <p class='ocr_par' dir='ltr' id='par_1_121' title="bbox 1114 2824 1900 2859">
     <span class='ocr_line' id='line_1_121' title="bbox 1114 2824 1900 2859; baseline -0.003 -9"><span class='ocrx_word' id='word_1_970' title='bbox 1114 2831 1203 2851; x_wconf 87' lang='lat' dir='ltr'><strong>rarum</strong></span> <span class='ocrx_word' id='word_1_971' title='bbox 1216 2831 1353 2859; x_wconf 82' lang='lat' dir='ltr'><strong>praecones</strong></span> <span class='ocrx_word' id='word_1_972' title='bbox 1365 2824 1458 2859; x_wconf 87' lang='lat' dir='ltr'><strong>mittit,</strong></span> <span class='ocrx_word' id='word_1_973' title='bbox 1473 2831 1503 2852; x_wconf 82' lang='lat' dir='ltr'><strong>ac</strong></span> <span class='ocrx_word' id='word_1_974' title='bbox 1515 2832 1594 2852; x_wconf 85' lang='lat' dir='ltr'><strong>nemo</strong></span> <span class='ocrx_word' id='word_1_975' title='bbox 1607 2828 1647 2852; x_wconf 84' lang='lat' dir='ltr'><strong>est</strong></span> <span class='ocrx_word' id='word_1_976' title='bbox 1660 2824 1721 2859; x_wconf 89' lang='lat' dir='ltr'><strong>quin</strong></span> <span class='ocrx_word' id='word_1_977' title='bbox 1733 2824 1819 2851; x_wconf 84' lang='lat' dir='ltr'><strong>audiat</strong></span> <span class='ocrx_word' id='word_1_978' title='bbox 1828 2830 1900 2856; x_wconf 71' lang='lat' dir='ltr'><strong>pra--</strong></span> 
     </span>
    </p>
   </div>
  </div>
