2055 3122
220 149 269 178 8⁵21

222 212 398 244 dicationetn;
414 215 442 239 et
461 210 512 239 hoc
535 210 621 245 ipsum
641 208 844 244 praenuntiatum
863 210 904 234 est
918 202 980 232 audi
996 211 1003 229 :

223 260 274 288 hoc
288 259 441 294 prophetice
462 257 594 285 dicentem
618 254 744 283 Davidem
760 263 767 281 :
783 253 816 280 In
830 260 929 280 omnem
954 257 1004 279 ter-

226 315 281 333 ram
295 305 368 332 exivit
388 311 464 331 sonits
479 310 563 329 eorum
575 322 582 333 ,
597 305 619 327 ct
641 301 666 326 in
679 300 740 334 ﬁnes
762 299 828 325 orbis
841 303 915 325 teme
933 297 1006 324 verba

223 359 308 378 eorum
322 349 405 385 (Psal.
422 348 464 375 18.
478 348 494 375 5
508 348 528 381 ).
551 346 591 373 Ad
606 346 662 373 haec
672 366 680 379 ,
694 344 763 380 quod
777 352 836 371 cum
852 343 1008 371 auctoritate

224 396 391 431 praedicarim
401 415 408 427 ,
420 400 446 422 et
458 394 521 428 ipsis
531 393 637 428 regibus
651 392 813 426 potentiores
827 390 937 422 fuerim,
952 389 1007 423 ipse

224 441 285 467 alibi
310 439 387 466 ducet
407 438 527 472 inquiens
543 446 550 463 :
568 436 707 463 Constitues
726 443 767 461 eos
794 434 918 469 principes
934 441 1008 468 super

225 493 321 511 omnem
334 489 425 510 terram
444 482 528 517 (Psal.
544 482 587 509 44.
606 480 660 515 l7).
676 479 750 514 Quod
766 479 870 514 regibus
893 486 923 506 ac
938 479 1008 513 priu-

226 531 328 565 cipibus
342 530 456 564 majores
471 529 566 556 fuerint
581 528 674 555 Petrus
689 531 717 554 et
727 526 840 559 Paulus,
865 525 1009 553 declaravit

226 581 346 603 eventus.
368 575 433 602 Nam
458 582 550 609 regum
576 574 648 608 leges
671 572 751 599 etiam
775 571 840 606 ipsis
860 570 1009 597 viventibus

225 621 386 655 abrogautur
402 630 408 647 :
422 620 492 654 leges
515 626 578 646 vero
601 620 761 653 piscatorum
787 617 908 649 illorum,
930 616 1008 643 etiam

227 671 391 693 mortuorum
408 665 490 691 firma:
510 669 586 696 sunt,
600 669 625 691 ct
648 663 763 690 immota:
783 666 906 694 manent;
930 662 1009 696 idque

226 712 287 739 licet
302 711 483 743 daemonibus,
500 711 621 737 diuturna
637 709 845 740 consuetudine,
862 709 925 735 vitio
938 729 944 741 ,
965 715 1009 735 vo-

227 757 326 791 luptate
349 756 546 790 inuumerisque
568 756 627 783 aliis
651 755 707 782 illas
726 755 872 789 refringere
891 754 1010 781 conanti-

227 803 285 829 bus.
308 802 339 829 Ut
353 802 475 828 ostendat
486 806 573 828 autem
588 809 633 828 eos
647 801 717 835 ipsos
730 801 862 835 principes
880 800 1009 828 constitu-

228 852 278 880 tos,
289 848 415 875 amabiles
433 847 554 874 omnibus
569 846 809 881 desiderabilesquc
818 847 889 879 fore,
903 845 990 873 subdit
1003 855 1009 872 :

228 893 365 927 Propterea
379 893 466 927 populi
480 893 662 926 conﬁtebuntur
677 892 721 918 tibi
736 892 762 918 in
781 891 901 918 sarculum
922 890 1009 927 (Ibid.

228 946 250 964 υ.
272 938 334 974 l8);
359 938 385 964 id
404 943 458 971 est,
488 938 584 973 gratias
606 938 654 964 tibi
675 943 753 972 agent
774 938 918 972 plurimas,
941 938 1011 973 quod

230 985 296 1011 tales
308 984 439 1018 principes
457 983 571 1010 dederis.
586 983 661 1017 Quod
677 983 828 1018 prmdicatio
843 984 938 1018 ubique
952 991 1012 1019 pro-

230 1029 345 1064 paganda
365 1029 418 1061 sit,
442 1029 468 1056 id
492 1035 597 1064 quoque
619 1029 850 1063 prmsignificatum
872 1033 913 1056 est
930 1039 936 1056 :
951 1029 1012 1056 audi

231 1074 353 1101 Davidem
370 1074 395 1101 id
409 1075 453 1101 tibi
463 1075 638 1101 declarantem
648 1075 688 1101 his
699 1075 785 1102 verbis
798 1082 804 1100 :
818 1074 923 1102 Postula
935 1083 950 1101 a
962 1084 1010 1108 mc,

228 1124 250 1145 ct
263 1119 327 1145 dabo
352 1120 395 1146 tibi
410 1125 494 1154 gentes
510 1120 673 1146 hereditatem
687 1125 773 1153 tuam,
788 1124 810 1146 ct
832 1121 1013 1154 possessionem

229 1169 297 1190 tuam
310 1165 427 1191 terminos
440 1169 511 1191 [ει-ναξ
527 1165 535 1200 (
549 1164 621 1192 Psal.
635 1165 662 1191 2.
678 1165 694 1192 8
707 1166 725 1199 ).
742 1165 854 1199 ldipsum
871 1166 933 1193 item
944 1165 1013 1193 alius

229 1210 355 1245 propheta
370 1211 465 1237 alicubi
489 1211 527 1238 sic
542 1212 660 1238 enuntiat
675 1220 680 1236 :
697 1211 846 1245 Implebitur
859 1213 939 1238 omnis
961 1217 1011 1239 ter-

228 1263 257 1281 ra
270 1256 372 1282 scientia
387 1255 499 1288 Domini,
510 1261 532 1282 et
544 1257 608 1283 sicut
623 1265 688 1291 aqua
702 1257 789 1289 multa,
798 1265 852 1291 qua:
866 1258 946 1292 operit
960 1266 1013 1284 ma-

229 1301 267 1327 ria
282 1300 382 1335 (Ilesui.
396 1301 440 1327 Η.
455 1301 494 1336 9).
520 1301 552 1328 Et
570 1302 630 1328 vide
656 1301 807 1329 facilitatem
832 1302 989 1329 obedienticc
1005 1312 1010 1329 :

231 1345 291 1372 Non
315 1346 426 1379 docebit,
451 1347 503 1380 ait,
528 1348 699 1382 unusquisque
724 1348 867 1382 proximum
882 1356 972 1381 suum,
990 1354 1013 1375 ιιι

230 1393 399 1426 unusquiqu
423 1395 527 1427 fratrem
548 1402 639 1426 suum,
665 1394 750 1421 dicens
764 1402 773 1420 :
785 1394 911 1430 Cognosce
925 1395 1013 1421 Denti-

229 1446 290 1464 num
305 1445 314 1464 :
325 1439 383 1472 quia
394 1446 478 1465 onmes
490 1444 637 1474 cognoscent
650 1448 688 1466 me
699 1448 715 1466 a
728 1440 830 1466 minimo
842 1441 942 1467 illorum
953 1461 960 1472 ,
972 1448 1015 1467 πιδ-

230 1491 276 1517 que
285 1484 319 1509 ad
330 1485 466 1510 maximum
480 1485 579 1511 illorum
592 1485 656 1519 (Jer.
671 1486 701 1513 51
709 1506 715 1511 .
725 1486 781 1521 54).
792 1486 913 1513 Firmitas
923 1486 1014 1513 Eccle-

230 1529 277 1555 sia:
296 1529 336 1555 bis
354 1529 521 1556 declaratur:
537 1530 592 1556 Erit
605 1531 629 1556 in
647 1531 787 1557 novissimis
809 1531 895 1557 diebus
914 1532 1014 1566 conspi-

230 1581 292 1599 cuus
308 1582 378 1600 mons
393 1574 494 1601 Domini
507 1583 583 1609 supra
596 1575 710 1602 uerticem
730 1576 850 1602 montium
863 1576 950 1603 domus
962 1576 1014 1603 Do-

231 1620 309 1651 mini,
327 1624 349 1646 et
360 1619 496 1646 elcvabilur
511 1628 587 1655 super
600 1621 675 1647 colles
687 1642 693 1652 ,
710 1626 733 1647 cl
746 1622 842 1648 venient
856 1622 890 1648 ad
901 1630 955 1649 eam
970 1631 1015 1657 po-

232 1665 369 1699 pulimulti
392 1670 415 1692 et
436 1670 519 1700 gentes
541 1666 625 1692 multa:
642 1666 741 1701 (Ilesai.
762 1667 788 1693 2.
811 1667 851 1701 ‘2).
864 1667 939 1701 Quod
953 1676 1015 1695 vero

231 1718 283 1738 non
298 1711 372 1738 firma
389 1715 504 1744 tantum,
517 1711 599 1738 solida
613 1716 639 1739 et
654 1712 795 1739 immobilis
806 1713 891 1740 futura
906 1713 956 1744 sit,
968 1714 1015 1741 sed

231 1756 310 1783 etiam
325 1757 433 1783 multam
444 1757 501 1783 orbi
523 1764 613 1791 pacem
634 1757 670 1784 sit
683 1758 853 1785 conciliatura
864 1779 871 1791 ,
893 1759 1015 1794 quodque

231 1807 294 1829 tunc
315 1803 457 1830 multorum
479 1804 640 1838 principatus
653 1824 660 1836 ,
686 1808 740 1831 tum
764 1804 924 1832 monarchia:
943 1805 1016 1832 aufe-

232 1848 321 1875 rendae
334 1849 386 1875 sint
399 1857 406 1875 ε
420 1856 499 1875 unum
515 1854 604 1876 autem
618 1849 644 1876 in
658 1857 749 1877 omnes
763 1858 872 1884 regnum
887 1850 1014 1882 futurum,

231 1902 259 1922 et
279 1895 463 1923 abundantiori
483 1903 547 1930 pace
566 1895 705 1923 fruiturum
719 1916 725 1928 ,
745 1904 798 1923 non
822 1897 890 1924 sicut
918 1898 991 1932 prius
1008 1907 1014 1924 :

233 1950 292 1968 nam
317 1943 409 1976 priscis
423 1942 585 1976 temporibus
598 1942 712 1970 artifices
731 1950 825 1970 omnes
849 1947 876 1970 et
895 1943 1016 1970 rhetores

232 1988 312 2014 armis
324 1988 442 2014 instructi
457 1992 531 2014 erant
541 2009 547 2019 ,
561 1991 588 2015 et
601 1988 626 2014 in
641 1988 696 2015 acie
708 1989 812 2015 stabant
828 1998 834 2015 :
849 1989 1016 2024 postadven-

234 2037 287 2059 ttun
302 2041 363 2059 vero
377 2032 474 2059 Christi
495 2033 552 2059 hmo
566 2033 652 2059 omnia
666 2034 750 2060 soluta
768 2038 848 2067 sunt,
862 2039 889 2061 et
908 2035 975 2062 bella
990 2036 1015 2062 in

233 2078 401 2104 constitutam
424 2082 524 2112 partem
546 2078 655 2105 seorsim
671 2083 877 2112 concesserunt;
897 2079 947 2108 hoc
966 2080 1014 2107 do-

234 2130 296 2149 cens
309 2123 437 2157 propheta
451 2123 555 2157 quidam
569 2123 672 2150 dicebat
684 2132 690 2150 :
702 2122 736 2149 Et
749 2124 907 2159 confringent
917 2124 1016 2160 gladios

235 2176 291 2195 suos
304 2169 329 2195 in
343 2176 451 2195 vomeres
462 2190 468 2201 ,
485 2174 508 2195 et
518 2169 616 2196 lanceas
629 2177 688 2196 suas
703 2170 727 2196 in
743 2170 819 2204 falces
834 2178 843 2196 :
858 2175 881 2198 et
900 2179 950 2197 non
971 2179 1015 2198 su-

234 2219 281 2241 met
294 2223 353 2250 gens
367 2220 453 2242 contra
463 2220 560 2250 gentem
570 2216 682 2251 gladium
692 2237 699 2250 ,
710 2222 733 2243 et
746 2225 796 2243 non
806 2217 899 2244 discent
908 2218 1017 2252 amplius

235 2261 326 2287 bellum
341 2260 421 2296 (Ibid.
433 2270 457 2289 υ.
470 2262 507 2296 4).
524 2262 588 2288 Nam
602 2262 674 2296 prius
694 2262 719 2289 in
737 2262 789 2290 illis
799 2270 892 2290 omnes
905 2271 1015 2291 exerce-

235 2305 328 2332 bantur
344 2315 350 2332 :
364 2314 432 2333 nunc
446 2311 533 2333 autem
549 2308 612 2333 artis
631 2307 688 2341 ejus
700 2307 772 2335 obliti
791 2313 868 2340 sunt;
892 2307 945 2335 imo
960 2309 1016 2343 plu-

235 2361 277 2379 res
291 2360 348 2380 eam
363 2361 396 2380 ne
408 2354 449 2380 vel
468 2354 603 2381 minimum
616 2358 678 2381 sunt
691 2354 794 2389 experti
809 2363 817 2381 :
831 2355 900 2389 quod
913 2355 935 2382 si
956 2355 1016 2390 qui-

236 2398 294 2424 dam
310 2399 376 2430 sint,
390 2399 427 2425 illi
439 2399 578 2426 admodum
594 2400 669 2434 pauci
682 2404 760 2432 sunt;
776 2404 803 2426 at
812 2400 875 2427 olim
891 2402 916 2428 in
930 2401 1017 2427 omni-

236 2443 284 2469 bus
294 2444 416 2478 gentibus
424 2450 554 2471 sexcentre
562 2445 706 2472 seditiones
715 2446 907 2473 excitabantur.
917 2447 1017 2475 Deinde

236 2493 262 2515 et
278 2489 346 2516 unde
360 2491 542 2518 constituenda
553 2491 585 2517 sit
598 2491 713 2518 Ecclesia
727 2492 854 2526 prazdic'tt.
865 2492 930 2525 Quia
945 2493 1016 2520 enim

238 2542 288 2560 non
306 2536 435 2562 mansueti
451 2541 550 2562 tantum
562 2556 568 2568 ,
584 2536 662 2564 mites
674 2541 701 2563 et
713 2536 804 2563 urbani
819 2536 956 2570 homines;
972 2538 1017 2565 sed

236 2581 314 2607 etiam
337 2581 383 2608 [eri
405 2586 431 2608 et
444 2575 579 2609 inhumani
593 2602 600 2615 ,
620 2583 791 2618 moribusque
811 2584 911 2611 similes
930 2583 997 2618 lupis
1009 2604 1016 2617 ,

237 2625 354 2653 leonibus
368 2630 395 2653 et
416 2628 514 2660 tauris,
537 2636 596 2655 cum
620 2628 683 2663 ipsis
707 2629 861 2656 conventuri
883 2634 977 2661 erant,
992 2634 1020 2657 et

238 2679 331 2699 omnes
349 2681 426 2699 unam
442 2673 588 2701 Ecclesium
603 2675 768 2702 constituturi
779 2696 787 2709 ,
808 2675 869 2702 audi
888 2676 1020 2711 quomodo

238 2718 324 2753 gregis
341 2718 411 2745 illius
424 2719 576 2746 varietatem
590 2720 716 2755 propheta
731 2720 905 2748 deelaraverit
918 2730 925 2748 :
939 2722 1017 2754 ’I‘unc,

240 2764 339 2797 inquit,
356 2769 488 2797 pascentur
499 2765 575 2792 simul
588 2767 662 2800 lupus
672 2774 728 2792 cum
738 2774 803 2801 agno
811 2766 910 2801 (Hesai.
923 2767 965 2794 ll.
977 2766 1018 2802 6),

241 2816 293 2843 quo
308 2808 435 2843 frugalem
449 2818 537 2845 regum
552 2811 631 2838 vitam
651 2811 757 2839 indicat.
773 2812 847 2845 Quod
862 2818 948 2840 autem
963 2813 1020 2840 lucc

242 2860 295 2879 non
305 2853 337 2881 de
351 2855 413 2883 feris
426 2856 495 2884 dicta
506 2857 558 2884 sint
569 2878 576 2890 ,
589 2857 658 2885 dicat
672 2858 779 2886 Judzeus
793 2858 959 2893 quantlonam
969 2859 1019 2886 hoc

517 150 652 180 CONTRA
672 148 811 178 JL’DEOS
830 147 872 175 ET
892 145 1068 178 GENTILES,
1088 145 1179 180 QUOD
1197 147 1363 177 CHRISTUS
1380 148 1434 177 Sl'l'
1454 148 1551 177 DEUS.

1793 150 1846 179 8'22

1061 203 1157 233 factum
1179 207 1213 233 sit
1229 215 1236 235 :
1250 214 1393 242 numquam
1408 208 1477 235 enim
1497 208 1575 243 lupus
1600 216 1659 236 cum
1684 216 1752 244 agno
1773 217 1847 237 com-

1060 259 1173 286 pascuus
1186 251 1235 279 fuit
1251 261 1257 278 :
1271 253 1341 288 quod
1366 253 1388 280 si
1404 254 1484 281 etiam
1507 253 1624 281 futurum
1640 259 1710 282 esset
1722 275 1730 286 ,
1741 259 1774 282 .ut
1787 262 1847 283 cum

1060 297 1105 323 illo
1119 303 1270 331 pasceretur
1281 319 1288 331 ,
1303 298 1365 333 quid
1381 299 1430 326 hoc
1442 300 1556 327 humano
1577 301 1666 335 generi
1682 300 1847 335 profuturum

1059 343 1149 370 eSset?
1162 343 1214 370 Sed
1229 343 1260 370 de
1275 344 1338 371 feris
1354 345 1504 372 hominibus
1519 345 1545 372 id
1558 345 1656 372 dictum
1671 350 1722 379 est,
1738 346 1771 374 de
1780 346 1847 382 Scy-

1061 387 1112 414 this
1125 409 1131 419 ,
1155 388 1298 416 Thracibus
1309 411 1315 422 ,
1339 389 1435 418 Mauris
1446 412 1453 423 ,
1479 390 1565 423 Indis,
1581 391 1760 424 Sauromatis,
1785 392 1849 420 Pcr-

1060 434 1106 461 sis.
1123 435 1198 468 Quod
1213 441 1300 463 autem
1322 444 1414 464 omnes
1430 437 1479 464 illa:
1492 443 1585 472 gentes
1604 438 1653 465 sub
1666 446 1719 465 uno
1732 438 1849 474 jugo-{u-

1063 484 1127 507 tunc
1147 486 1237 508 essent
1250 502 1257 512 .
1283 482 1350 509 alius
1364 482 1493 517 propheta
1517 482 1660 510 declaravit
1682 483 1722 511 his
1737 484 1847 511 verbis:

1062 525 1094 552 Et
1108 527 1213 554 servient
1227 528 1248 554 ei
1261 528 1304 555 sub
1313 528 1377 563 jugo
1392 537 1442 555 uno
1452 550 1459 561 ,
1473 534 1496 556 ct
1517 530 1658 557 adorabunt
1676 530 1749 557 illum
1768 539 1849 558 unus-

1061 572 1162 606 quisque
1176 581 1189 599 e
1203 573 1257 599 loco
1270 582 1314 600 suo
1331 573 1457 609 (Sep/ton.
1473 575 1498 602 5.
1516 574 1553 610 9).
1568 575 1625 603 Non
1639 576 1707 603 ultra
1717 597 1724 610 ,
1745 576 1847 612 inquit,

1061 617 1233 653 Jerosolymis
1260 619 1366 653 solum,
1389 619 1435 648 sed
1470 620 1566 655 ubique
1590 626 1728 649 terrarum.
1759 623 1850 658 Neque

1061 662 1130 689 enim
1147 667 1237 697 postea
1258 663 1449 700 Jerosolymam
1461 665 1622 700 jubebuntur
1635 665 1757 694 homines
1765 667 1848 700 adire,

1061 708 1108 735 sed
1124 709 1234 745 quisque
1249 711 1320 738 domi
1336 719 1446 740 manens
1460 713 1530 740 hunc
1540 713 1638 741 cultum
1653 715 1799 749 prmstabit.

1098 755 1123 781 7.
1139 755 1288 783 Judteorum
1313 758 1401 792 ejeclio
1413 758 1545 793 prwdicta.
1560 775 1596 779 —
1607 760 1684 793 Quod
1701 760 1784 788 Judtci
1800 761 1849 795 eji-

1062 801 1148 828 ciendi
1163 806 1263 836 essent,
1276 810 1360 838 neque
1374 803 1423 831 hoc
1436 806 1644 839 prmtcrmissum
1660 806 1767 834 silentio
1783 806 1830 834 fuit
1842 816 1848 833 :

1063 847 1121 875 vide
1143 849 1276 883 quomodo
1302 854 1328 875 et
1351 850 1400 877 hoc
1414 850 1565 884 praedixerit
1578 851 1704 886 propheta
1722 861 1729 879 :
1746 852 1810 879 Ecce
1825 854 1851 879 in

1063 894 1130 920 vobis
1145 894 1421 930 concludenturjannte
1431 916 1437 928 ,
1454 900 1537 923 etnon
1551 898 1690 925 accendetis
1703 898 1783 925 altare
1798 907 1835 925 me
1845 914 1851 918 -

1064 948 1105 966 um
1121 941 1198 975 gratis
1213 941 1339 975 (Malaclt.
1356 942 1381 969 l.
1396 942 1449 977 l0).
1474 942 1587 976 Quinam
1609 951 1688 978 porro
1708 946 1778 971 hunc
1796 946 1852 972 cul-

1065 990 1118 1012 tutn
1132 986 1272 1013 exbibituri
1286 992 1374 1014 essent
1394 989 1432 1015 sic
1446 989 1649 1023 praanuntiatum
1662 995 1703 1017 est
1716 999 1722 1017 :
1739 990 1776 1017 Ab
1802 992 1852 1017 ari-

1064 1035 1119 1057 cnte
1133 1031 1193 1057 solis
1207 1039 1284 1065 usque
1297 1032 1330 1058 ad
1343 1032 1504 1066 occidentem,
1521 1042 1610 1061 nomen
1626 1043 1706 1061 meum
1717 1034 1848 1070 gloriﬁca-

1064 1080 1116 1102 tnm
1131 1081 1166 1102 est
1175 1076 1202 1103 in
1215 1076 1328 1111 gentibus
1340 1085 1349 1104 :
1362 1082 1385 1104 et
1399 1078 1425 1104 in
1439 1079 1508 1105 omni
1519 1078 1574 1106 loco
1588 1079 1719 1107 incensum
1738 1081 1800 1107 milii
1812 1083 1852 1116 of-

1065 1121 1155 1155 fertur,
1170 1127 1194 1149 et
1209 1123 1293 1149 Itostia
1306 1131 1372 1158 pura
1380 1123 1758 1160 (Ibid.ll).Videsquomodo
1766 1125 1852 1152 cultus

1065 1166 1227 1194 nobilitatem
1243 1167 1403 1195 declaravit?
1419 1168 1552 1203 quomodo
1559 1170 1743 1197 excellentiam
1755 1175 1780 1197 et
1792 1178 1851 1197 nnt-

1066 1213 1189 1240 lationem
1204 1213 1279 1247 ejus?
1294 1214 1368 1247 Quod
1393 1222 1446 1241 non
1460 1214 1485 1241 in
1501 1214 1574 1247 loco,
1595 1214 1641 1242 sed
1666 1215 1692 1241 in
1714 1216 1832 1243 moribus
1843 1236 1851 1248 ,

1066 1266 1152 1293 neque
1167 1259 1193 1286 in
1207 1259 1300 1287 nidore
1313 1264 1338 1287 et
1354 1260 1436 1293 fumo,
1451 1260 1498 1288 sed
1513 1261 1538 1288 in
1549 1261 1602 1288 alio
1614 1262 1684 1288 cultu
1698 1266 1788 1289 nostra
1809 1263 1850 1289 fu-

1066 1310 1123 1332 tura
1136 1305 1190 1332 sint
1204 1305 1359 1333 ministeria.
1380 1306 1413 1332 Et
1426 1306 1559 1341 quomodo
1576 1307 1635 1334 illos
1656 1314 1765 1339 omnes,
1781 1307 1853 1334 dicet

1065 1351 1213 1385 quispiam,
1236 1355 1401 1378 attraxerth
1422 1351 1554 1386 apostoli?
1568 1352 1618 1386 Qui
1631 1360 1683 1380 non
1699 1353 1748 1379 nisi
1773 1361 1851 1380 unam

1066 1397 1180 1431 linguam
1196 1396 1327 1429 habebat,
1350 1404 1445 1431 nempe
1462 1396 1615 1432 judaicam,
1638 1397 1771 1432 quomodo
1784 1397 1852 1433 Scy-

1067 1441 1150 1473 tham,
1163 1440 1254 1468 lndum
1268 1446 1293 1468 et
1307 1441 1491 1468 Sauromatam
1505 1441 1602 1469 docere
1616 1442 1723 1477 potuit?
1737 1443 1854 1477 Accepto

1067 1493 1162 1520 nempe
1182 1494 1229 1521 per
1248 1486 1373 1521 Spiritum
1398 1492 1518 1514 sanctum
1538 1487 1687 1522 linguarum
1711 1489 1853 1516 multarum

1066 1530 1147 1558 dono.
1161 1531 1194 1558 Et
1207 1530 1259 1558 hoc
1279 1531 1384 1566 quidem
1406 1532 1440 1559 de
1459 1531 1587 1560 Gentibus
1603 1541 1609 1559 :
1624 1532 1656 1560 de
1676 1533 1772 1560 lsraele
1792 1533 1854 1560 item

1067 1576 1166 1603 donum
1179 1576 1326 1612 linguarum
1343 1587 1349 1604 :
1365 1577 1435 1613 quod
1446 1583 1533 1606 autem
1549 1586 1636 1613 neque
1650 1578 1701 1606 hoc
1718 1580 1856 1607 attraxerit

1067 1622 1172 1650 Judzeos
1183 1643 1190 1655 ,
1205 1622 1266 1650 audi
1277 1630 1331 1657 quo
1345 1628 1420 1657 pacto
1433 1623 1550 1652 declaret
1566 1624 1693 1658 propheta
1704 1625 1796 1652 dicens
1807 1634 1813 1652 :
1823 1624 1856 1652 In

1067 1667 1142 1694 rariis
1155 1667 1248 1703 linguis
1262 1672 1285 1695 et
1299 1668 1357 1695 aliis
1372 1667 1443 1695 labiis
1457 1669 1545 1704 loquar
1557 1670 1650 1704 populo
1670 1670 1728 1696 huic
1740 1691 1747 1702 ,
1763 1675 1787 1697 et
1807 1679 1853 1697 nc-

1066 1721 1113 1747 que
1127 1713 1162 1739 sic
1174 1713 1276 1740 audient
1290 1720 1328 1739 me
1338 1733 1345 1746 ,
1357 1713 1417 1739 dicit
1437 1713 1559 1740 Dominus
1571 1714 1646 1748 (Iles.
1661 1714 1705 1742 28.
1719 1715 1777 1750 Η).
1787 1715 1854 1748 Quid

1068 1757 1118 1784 hoc
1133 1757 1298 1785 manifestius
1313 1758 1397 1785 videri
1411 1759 1514 1793 possit?
1530 1759 1612 1786 Erant
1625 1759 1708 1786 Juda'i
1725 1760 1854 1788 increduli

1067 1803 1165 1836 futuri,
1178 1808 1205 1831 et
1214 1804 1311 1832 Gentes
1321 1804 1354 1831 ad
1366 1805 1444 1832 ﬁdem
1455 1805 1616 1833 advolaturae
1628 1814 1633 1832 :
1647 1811 1674 1834 et
1687 1806 1737 1834 hoc
1750 1815 1857 1842 quoque

1068 1850 1298 1885 prmsigniﬁcatum
1319 1855 1360 1878 est.
1376 1859 1383 1877 :
1399 1852 1460 1878 audi
1485 1851 1606 1879 llesaiam
1631 1853 1680 1879 hoc
1705 1853 1740 1879 ita
1764 1853 1854 1880 decla-

1068 1900 1170 1923 rantem
1187 1905 1193 1922 :
1210 1895 1330 1923 Inventus
1340 1904 1396 1923 sum
1411 1896 1441 1923 ab
1462 1897 1493 1923 iis
1505 1917 1512 1929 ,
1527 1897 1570 1932 qui
1591 1905 1629 1923 me
1651 1905 1701 1924 non
1721 1902 1835 1931 quu'runt
1845 1906 1855 1926 :

1068 1943 1242 1977 manifestatus
1255 1950 1311 1968 sum
1323 1942 1354 1968 iis
1364 1963 1371 1974 ,
1386 1942 1429 1977 qui
1440 1950 1479 1968 me
1493 1950 1542 1968 non
1554 1942 1691 1977 inquirunt.
1709 1942 1771 1970 Dici
1780 1964 1788 1976 ,
1800 1951 1857 1971 ecce

1066 1994 1112 2022 ego
1126 1995 1181 2013 sum
1191 2007 1198 2019 ,
1212 1987 1245 2013 ad
1258 1992 1355 2022 gentem
1367 2007 1375 2020 ,
1393 1995 1448 2021 quw
1462 1995 1512 2014 non
1534 1988 1654 2014 invocavit
1669 1996 1759 2014 nomen
1773 1997 1856 2015 meum

1066 2034 1169 2068 (IIcsai.
1184 2034 1228 2061 65.
1241 2034 1277 2069 1).
1292 2034 1331 2062 De
1344 2034 1438 2061 lsraele
1447 2038 1550 2061 autem:
1563 2034 1671 2061 Totndie
1684 2035 1793 2069 expendi
1802 2044 1856 2063 ma-

1068 2087 1115 2106 nus
1129 2087 1196 2107 meas
1215 2079 1248 2106 ad
1266 2084 1363 2114 gentem
1385 2087 1435 2106 non
1448 2079 1587 2106 credentem
1601 2084 1625 2107 et
1644 2081 1853 2107 contradicente»:

1069 2123 1183 2160 (Ibid.2)
1191 2134 1197 2156 ;
1206 2132 1237 2151 ac
1248 2132 1354 2151 rursum
1366 2134 1372 2151 :
1382 2124 1604 2153 Annuittiavimus
1611 2125 1634 2152 ei
1642 2129 1669 2151 ut
1677 2134 1754 2161 puero
1769 2134 1778 2153 :
1790 2127 1854 2153 sicut

1067 2169 1144 2197 radix
1158 2170 1185 2196 in
1204 2174 1270 2196 terra
1291 2170 1384 2196 sitienti
1404 2169 1457 2204 (Id.
1472 2170 1516 2198 55.
1535 2170 1583 2206 2);
1602 2178 1633 2198 ac
1653 2178 1758 2199 rursum
1771 2192 1778 2203 ,
1800 2171 1854 2198 Do-

1068 2215 1135 2242 mine
1143 2234 1150 2247 ,
1165 2215 1223 2250 quis
1235 2214 1340 2242 credidit
1353 2215 1453 2241 auditui
1460 2220 1546 2242 nostra
1557 2215 1570 2242 ?
1582 2214 1614 2242 Et
1624 2215 1754 2243 brae/tium
1765 2216 1854 2243 Domi-

1068 2262 1095 2288 ni
1120 2262 1158 2288 cui
1183 2262 1319 2288 revelatum
1339 2266 1374 2288 est
1399 2260 1481 2296 (Ibid.
1498 2270 1523 2288 v.
1539 2260 1587 2297 1)?
1602 2261 1659 2288 Non
1678 2262 1743 2289 dixit
1756 2262 1854 2289 doctri—

1069 2315 1109 2335 nas
1124 2311 1221 2334 nostra:
1233 2327 1240 2339 ,
1254 2307 1298 2334 ubi
1313 2307 1428 2334 ostendit
1439 2314 1484 2334 eos
1496 2314 1547 2334 non
1561 2315 1594 2333 ex
1605 2315 1634 2334 se
1647 2307 1769 2342 loquutos
1782 2315 1852 2341 esse,

1068 2353 1114 2380 sed
1128 2360 1157 2380 ea
1168 2373 1175 2385 ,
1191 2360 1248 2387 quae
1261 2360 1275 2380 a
1289 2353 1343 2379 Deo
1356 2353 1494 2380 audierant
1516 2353 1695 2380 annuntiasse.
1710 2353 1785 2387 Quod
1807 2361 1853 2381 no.

1068 2402 1122 2426 stra
1137 2398 1253 2426 Judaicis
1267 2398 1430 2433 praiferenda
1444 2405 1476 2425 ac
1491 2398 1573 2425 multo
1584 2399 1765 2432 pnestautiora
1780 2399 1833 2426 sint
1845 2419 1854 2433 ,

1070 2444 1213 2473 declaravit
1224 2444 1327 2479 Moyses
1342 2445 1382 2470 Itis
1396 2444 1483 2471 verbis
1499 2452 1504 2470 :
1521 2443 1554 2470 In
1575 2444 1759 2470 cemulationcm
1775 2444 1855 2470 dedu-

1069 2499 1125 2517 cam
1137 2499 1178 2517 vos
1189 2492 1214 2517 in
1234 2499 1284 2517 non
1295 2495 1385 2525 gente:
1398 2491 1424 2516 in
1446 2494 1518 2525 gente
1539 2490 1672 2524 insipiente
1693 2490 1797 2516 irritabo
1813 2497 1856 2517 vos

1071 2536 1158 2572 (Deut.
1182 2536 1227 2563 52.
1253 2536 1298 2571 21)
1313 2545 1319 2562 :
1334 2536 1449 2570 priorem
1473 2535 1562 2570 populi
1580 2535 1708 2562 vilitatem
1734 2535 1855 2562 indicans

1070 2591 1131 2611 cum
1146 2583 1208 2610 dicit
1221 2603 1229 2616 ,
1245 2582 1279 2609 In
1300 2591 1351 2609 non
1362 2586 1433 2617 gente
1448 2590 1457 2608 :
1471 2590 1523 2608 non
1542 2581 1611 2608 enim
1635 2589 1700 2615 gens
1715 2582 1856 2616 putabatur

1071 2636 1131 2656 esse
1141 2629 1174 2656 ob
1187 2629 1313 2656 vilitatem
1328 2629 1435 2655 nimiam
1446 2649 1454 2661 ,
1468 2628 1502 2654 ob
1516 2627 1691 2661 insipientiam
1701 2647 1708 2658 ,
1722 2627 1756 2654 ob
1765 2634 1856 2654 anicu-

1072 2675 1145 2702 tiam.
1159 2675 1211 2702 Sed
1227 2675 1337 2702 mutatio
1349 2679 1419 2701 tanta
1429 2682 1444 2701 a
1459 2673 1509 2700 fide
1522 2673 1589 2700 facta
1605 2677 1645 2700 est
1657 2693 1664 2705 ,
1686 2677 1714 2699 ut
1730 2672 1755 2699 hi
1769 2672 1855 2699 bono-

1072 2722 1215 2750 rabiliores
1228 2725 1371 2756 appareant
1382 2720 1413 2747 iis
1422 2741 1430 2753 ,
1443 2720 1487 2754 qui
1501 2724 1563 2746 tunc
1582 2718 1787 2745 honorabantur.
1801 2718 1856 2745 lloc

1073 2776 1143 2803 aegre
1165 2768 1265 2794 laturos
1288 2766 1396 2794 Judaeos
1408 2787 1415 2799 ,
1435 2770 1462 2792 et
1477 2765 1537 2792 inde
1551 2765 1675 2792 meliores
1689 2764 1806 2796 futuros.
1825 2771 1858 2791 ex

1074 2814 1115 2841 his
1134 2814 1212 2840 etiam
1230 2813 1404 2840 declaratur:
1427 2819 1479 2838 non
1502 2811 1571 2838 enim
1595 2809 1751 2844 simpliciter
1778 2809 1855 2843 dixit,

1075 2865 1248 2894 anteponam;
1265 2858 1310 2886 sed
1324 2858 1401 2885 simul
1415 2857 1465 2885 hoc
1478 2857 1564 2892 ipsum
1579 2856 1716 2883 declarans
1728 2875 1735 2888 ,
1755 2859 1857 2891 etqua-
