2039 3151
251 105 309 135 ⁷823

252 176 421 210 lemcumque
433 175 494 202 hinc
505 174 621 203 futuram
634 175 845 203 emendationem
859 173 990 206 indicans,
1005 173 1038 200 In

252 222 450 253 cumulationem,
462 221 560 256 inquit,
572 220 694 247 deducam
705 228 746 246 uos
766 220 791 246 in
802 228 851 246 non
864 225 936 255 gente
950 219 1039 253 (Deut.

252 267 298 295 32.
309 267 355 303 2i)
370 276 378 301 ;
397 275 428 294 ac
441 267 462 294 si
478 267 589 300 diceret,
602 265 687 292 Tanta
696 266 765 293 dabo
778 266 842 300 ipsis
853 266 921 293 bona
932 287 939 299 ,
955 271 984 292 ut
994 273 1040 293 vos

253 313 421 340 mmulatione
432 312 622 347 corripiamini,
639 316 666 339 et
676 317 704 339 ut
719 311 904 339 mordeamini.
918 311 975 339 Hoc
989 311 1039 338 ila-

251 367 303 394 que
321 359 446 387 meliores
461 359 533 394 ipsos
545 358 669 386 reddidit.
685 358 751 386 Nam
764 358 810 394 qui
823 358 936 386 divisum
947 366 1036 392 mare,

249 407 345 433 scissas
360 411 463 440 petras,
479 412 568 432 aerem
582 408 713 432 mutatum
725 425 734 438 ,
749 409 775 432 et
789 409 828 431 tot
841 409 965 439 tantaque
976 411 1039 439 pro-

247 451 317 487 digia
331 451 465 481 viderant;
478 451 531 478 imo
541 458 604 478 vero
616 450 661 486 qui
673 450 741 477 filios
751 457 813 478 suos
825 450 1036 483 immolaverunt,

246 498 290 532 qui
307 497 356 531 ipsi
369 496 534 532 Beelphegor
556 497 650 524 initiati
666 496 790 529 fuerant,
807 497 951 532 multisque
966 504 1035 532 prte-

247 543 333 577 stigiis
359 550 468 578 operam
482 541 625 574 dederant;
642 542 669 569 hi
689 546 827 578 postquam
851 549 900 570 nos
919 542 1036 570 accessi-

245 596 320 621 mus,
337 588 467 623 longeque
491 588 690 622 prmstantiores
711 588 766 615 suis
781 595 825 615 res
849 588 1035 621 exhibuimus,

245 634 414 661 :rmulatione
432 633 503 661 ducti
515 654 525 667 ,
540 638 567 661 et
580 634 703 661 meliores
715 634 800 661 ell'ccti
816 639 898 667 sunt,
912 639 992 669 atque
1006 641 1036 661 se

243 681 450 714 coutiuuerunt;
464 681 499 708 ita
513 685 542 708 ut
555 688 586 708 ea
599 688 658 715 quze
671 688 720 708 nec
735 681 925 716 prophetarum
947 680 1034 707 moui-

245 726 297 760 tis,
323 734 372 754 nec
387 727 566 762 prodigiorum
586 726 698 754 ostentis
713 726 798 753 territi
820 725 957 758 fecerant,
976 727 1033 760 jam

243 772 412 800 aemulatione
427 772 510 799 nostri
522 776 592 799 recte
607 771 714 799 faciant.
728 771 813 799 Nemo
826 772 915 806 itaque
928 771 1032 798 illorum

241 817 296 852 jam
310 817 376 845 ﬁlios
389 817 518 851 immolat,
530 825 610 845 nemo
623 817 657 845 ad
668 817 738 844 idola
748 818 860 850 accedit,
871 817 913 845 vel
921 817 1031 844 vitulum

241 863 344 890 adurat.
369 863 533 899 Virginitatis
547 864 630 891 decor
652 863 678 890 in
694 863 782 891 Veteri
805 864 976 892 Testamento
999 872 1032 892 ne

243 909 429 937 nominabatur
452 909 558 944 quidem
572 917 579 942 ;
599 917 660 937 cum
675 914 763 937 autem
784 910 811 937 in
824 909 898 937 Novo
915 910 1033 944 splendi-

240 956 291 983 dus
307 955 410 982 futurus
420 959 506 988 esset,
520 954 580 982 vide
592 955 726 990 quomodo
739 955 764 982 id
785 955 911 990 praedicat
924 955 1007 983 David
1023 964 1029 983 :

240 1001 384 1035 Aﬂ'erentur
396 1001 450 1037 regi
461 1001 570 1037 uirgines
585 1005 642 1036 post
653 1009 725 1034 eam,
741 1001 900 1028 adducentur
918 1001 945 1028 in
966 1006 1027 1028 tent-

239 1047 309 1082 plum
323 1046 387 1081 regis
402 1046 487 1082 (Psal.
502 1047 546 1074 44.
560 1046 615 1082 16).
627 1045 679 1074 Sed
695 1054 780 1082 neque
793 1047 961 1074 sacerdotum
979 1055 1029 1074 no-

239 1100 300 1119 men
326 1092 426 1125 tacuit,
450 1092 636 1127 episcoporum
658 1092 719 1120 dico
743 1101 750 1119 :
776 1092 933 1119 Constituam
961 1093 1028 1120 enim

238 1138 364 1173 principes
388 1142 443 1165 tuos
461 1138 487 1165 in
505 1146 582 1173 pace,
607 1142 632 1165 et
655 1138 785 1174 episcopos
806 1143 861 1166 tuos
879 1138 905 1165 in
926 1138 1029 1174 justitia

239 1183 340 1219 (Ilesai.
354 1183 397 1211 60.
412 1183 468 1219 17).
774 1205 778 1209 .

271 1229 298 1256 8.
313 1228 409 1256 Judicii
428 1230 532 1256 extremi
554 1230 884 1264 prwtlictio.-Venturus
906 1234 965 1258 erat
984 1237 1028 1257 ra-

236 1276 336 1302 tionem
352 1280 494 1303 exacturus
507 1276 540 1303 ab
560 1277 696 1304 hominum
711 1284 811 1312 genere
821 1296 829 1310 ,
847 1281 874 1304 et
888 1276 1026 1312 speciatim

235 1328 251 1348 a
264 1320 379 1352 Judzcis;
393 1321 501 1349 attende
516 1322 650 1356 quomodo
665 1327 692 1350 et
704 1322 757 1349 hoc
775 1322 862 1357 ipsum
878 1321 1026 1349 vaticiuen-

234 1370 279 1394 tur
290 1371 345 1394 tum
361 1367 453 1400 David,
468 1371 523 1395 tum
538 1367 690 1401 Malachias,
704 1369 798 1403 quisic
809 1369 866 1396 ait:
880 1367 914 1395 Et
927 1369 1026 1403 ingres-

232 1421 276 1441 sus
299 1418 334 1440 est
354 1413 418 1440 sicut
440 1414 632 1449 conﬂatorium,
658 1414 722 1440 sicut
743 1414 819 1441 herbo
843 1414 985 1449 fullonum,
1002 1418 1025 1440 et

234 1459 351 1494 purgabit
373 1463 504 1494 argentum
523 1463 546 1486 et
566 1467 656 1486 aurum
672 1459 682 1490 (
692 1459 806 1486 Malach.
828 1459 855 1486 5.
876 1458 914 1495 5)
929 1469 937 1486 :
950 1459 1024 1486 Pauli

232 1506 321 1533 verbis
334 1504 422 1532 afﬁuia
434 1505 560 1541 loquitur,
571 1506 615 1541 qui
626 1506 664 1533 sic
675 1505 755 1533 habet
767 1515 772 1532 :
788 1505 849 1533 Dies
862 1506 928 1533 enim
939 1505 1025 1533 decla-

231 1553 307 1584 rabit,
320 1552 380 1587 quia
392 1553 418 1579 in
431 1552 488 1587 igne
499 1553 670 1588 revelaturU.
682 1552 741 1580 Cor.
751 1553 777 1580 5.
788 1553 845 1588 15).
857 1553 940 1581 David
950 1560 1022 1587 vero,

232 1597 302 1625 Deus
315 1598 446 1633 manifeste
462 1599 541 1626 veniet
561 1598 654 1634 (Psal.
676 1599 721 1627 49.
737 1599 771 1634 5)
781 1620 788 1632 ,
804 1599 950 1626 secundum
965 1599 1024 1634 ejus

231 1643 375 1671 adventum
400 1644 570 1679 prmdicans:
593 1652 654 1672 nam
679 1645 779 1680 primus
802 1644 935 1672 adventus
961 1652 1022 1673 cum

232 1691 313 1717 multa
328 1691 547 1725 attemperatione
562 1691 610 1718 fuit
621 1712 629 1724 ,
643 1691 776 1719 secundus
797 1699 849 1718 non
870 1691 954 1725 item;
974 1692 1021 1720 sed

232 1736 352 1764 horroris
367 1736 530 1771 terrorisque
544 1736 640 1771 plenus
655 1737 722 1770 erit,
737 1736 840 1772 angelis
852 1744 1021 1772 praecurren-

232 1782 314 1814 tibus,
328 1782 440 1817 ejusque
449 1782 588 1816 pratsentia
601 1789 650 1810 ceu
664 1781 751 1817 fulgur
764 1782 853 1810 omnia
863 1788 1020 1819 occttpante.

229 1828 296 1856 Nam
310 1829 373 1856 sicut
391 1829 488 1864 fulgur,
509 1828 610 1863 inquit,
625 1828 676 1855 exit
691 1828 722 1855 ab
740 1828 848 1861 oriente,
873 1833 897 1856 et
915 1834 1022 1864 apparet

228 1882 307 1908 usque
327 1874 362 1901 ad
382 1873 549 1906 occidentem,
571 1873 607 1900 ita
631 1873 676 1900 erit
698 1873 820 1900 adventus
839 1873 901 1901 Filii
913 1874 1021 1902 hominis

228 1922 238 1956 (
252 1921 345 1948 Matth.
360 1921 406 1948 24.
419 1920 475 1956 27)
489 1929 496 1947 :
509 1927 563 1955 quo
577 1919 729 1947 declaratur
751 1920 808 1955 ejus
822 1920 959 1956 splendor,
975 1920 1019 1955 qui

228 1967 400 2001 semetipsum
417 1966 570 1993 annunciat.
590 1965 646 1993 Hoc
660 1965 742 1993 David
758 1965 879 1994 indicans
898 1966 1017 1999 dicebat,

228 2012 296 2040 Deus
309 2012 440 2048 nmnifeste
453 2012 531 2039 veitiet
547 2011 641 2048 (Psal.
656 2012 700 2040 49.
716 2013 733 2040 3
743 2012 766 2048 ).
787 2012 889 2040 Deinde
902 2011 1018 2040 futurum

227 2058 285 2092 ejus
303 2058 431 2092 judicium
453 2058 605 2093 signiﬁcans
623 2058 662 2085 sic
686 2058 878 2093 prosequitur:
897 2058 969 2093 Ignis
992 2058 1019 2085 in

227 2108 361 2138 conspectu
373 2104 426 2138 ejus
441 2104 584 2131 exardesoet
595 2124 602 2137 ,
618 2109 642 2131 et
660 2104 686 2131 in
700 2105 805 2131 circuitu
819 2105 874 2140 ejus
887 2108 1019 2138 tempestas

228 2150 312 2177 ualida
323 2148 427 2184 (lbid.).
443 2148 578 2185 Supplicia
592 2150 766 2181 memoravit,
783 2150 951 2184 splendorem
962 2150 1018 2185 jam

228 2197 336 2225 indicat.
352 2195 487 2223 Advocabit
507 2196 596 2223 ccetum
609 2196 758 2230 desursum,
772 2201 793 2223 et
813 2202 906 2224 terram
920 2198 1017 2225 discer-

227 2253 286 2272 nere
299 2244 423 2280 populum
436 2252 509 2271 suum
519 2242 605 2278 (Ib.v.
615 2242 642 2278 4)
652 2251 659 2270 :
668 2243 711 2270 hic
723 2247 822 2271 terram
840 2249 919 2272 vocat
933 2252 1018 2280 genus

227 2291 372 2319 humanum
385 2311 391 2323 ,
407 2289 458 2318 sub
477 2289 535 2317 hmc
556 2297 616 2316 cum
632 2293 688 2316 toto
707 2289 843 2317 hominum
856 2297 955 2326 genere
969 2291 1016 2319 Ju-

227 2337 300 2366 dazos
323 2343 502 2364 annnmerans
517 2344 524 2362 :
541 2343 601 2363 nam
625 2335 659 2363 ad
683 2335 744 2363 illos
764 2344 869 2371 quoque
892 2337 1015 2372 respicit;

227 2384 285 2410 hmo
298 2382 433 2417 subjungit
447 2391 454 2408 :
468 2381 621 2416 Cougregate
632 2381 671 2408 illi
682 2386 781 2409 sanctos
792 2383 848 2418 ejus
857 2404 865 2416 ,
885 2384 929 2418 qui
947 2385 1017 2411 ordi-

228 2432 288 2454 nant
301 2431 474 2454 testamentum
487 2426 542 2459 ejus
551 2435 627 2462 super
638 2427 765 2463 sacrificia
775 2436 785 2455 :
797 2433 821 2456 et
834 2429 1016 2457 annuntiabunt

227 2472 283 2500 ειειὶ
288 2472 413 2508 justitiam
426 2470 484 2505 ejus
490 2478 499 2497 :
505 2470 630 2505 quoniam
637 2469 705 2497 Deus
707 2470 792 2505 judea:
798 2476 834 2499 est
842 2472 960 2510 (Ib.v.5.)
967 2475 1020 2504 Ad-

228 2522 308 2545 ventu
323 2525 372 2545 suo
383 2517 573 2545 sacriﬁciorum
592 2519 692 2547 cultum
707 2520 860 2548 sublaturus
878 2525 905 2549 et
919 2529 1015 2556 repro-

227 2564 338 2592 baturus
351 2568 424 2596 erat,
440 2568 469 2591 ut
483 2568 603 2592 nostrum
617 2565 668 2593 hoc
683 2566 842 2594 sacriﬁcium
858 2567 1012 2599 induceret;

228 2610 289 2638 audi
302 2610 436 2646 quomodo
456 2614 483 2638 et
504 2610 562 2638 hmo
580 2612 706 2647 pra-dicta
729 2612 782 2640 sint
796 2621 802 2639 :
818 2612 978 2647 Sacriﬁcium
991 2617 1014 2640 et

226 2656 376 2685 oblationem
390 2656 491 2684 noluisti
507 2664 516 2684 :
528 2665 620 2693 corpus
632 2663 714 2685 autem
735 2659 826 2694 optasti
839 2658 902 2686 mihi
921 2658 1011 2694 (Psat.

225 2704 270 2732 59.
287 2703 321 2739 7)
334 2711 343 2730 ε
355 2703 426 2738 quod
439 2703 519 2730 etiam
533 2703 594 2731 alibi
608 2703 712 2732 dicebat
726 2713 733 2730 :
748 2703 864 2739 Populus
876 2712 949 2740 quem
961 2712 1012 2732 non

225 2751 328 2784 cognoui
350 2749 448 2776 servivit
469 2749 546 2782 mihi,
570 2749 597 2775 in
619 2749 708 2775 auditu
730 2749 799 2776 auris
822 2749 929 2777 obedivit
951 2750 1012 2778 mihi

228 2793 312 2830 (Psal.
329 2795 371 2822 i7.
383 2795 428 2830 45)
437 2815 445 2828 ,
455 2792 482 2822 id
493 2799 544 2827 est,
556 2802 610 2821 non
620 2802 693 2822 mare
705 2794 835 2828 divisum,
849 2803 903 2823 non
923 2800 1012 2830 petras

225 2837 324 2866 scissas
335 2840 445 2874 videns,
466 2840 514 2868 sed
534 2839 646 2869 audiens
664 2840 799 2876 apostolos
819 2847 903 2869 meos.
921 2841 954 2869 Et
967 2841 1009 2869 hic.

609 116 638 144 S.
657 115 794 145 JOANNIS
813 110 1047 143 CllRVSOST().\ll
1068 115 1227 145 ARCEIEP.
1246 116 1510 151 CONSTANTINOP.

1838 127 1889 155 8-34

1096 181 1201 202 rursum
1212 197 1220 209 ,
1237 175 1334 211 Corpus
1346 182 1429 205 autem
1441 179 1541 213 optasti
1559 179 1628 206 mihi.
1644 181 1708 208 Post
1727 181 1784 210 haec
1797 185 1886 211 statim

1093 220 1198 254 adjecit,
1216 221 1286 248 Tunc
1299 222 1352 249 dixi
1363 244 1371 256 ,
1384 232 1442 252 ecce
1456 226 1536 253 uenio.
1550 225 1584 253 In
1597 226 1679 261 capite
1691 227 1750 254 libri
1765 230 1887 264 scriptum

1092 271 1128 292 est
1141 266 1172 293 de
1183 275 1222 293 me
1234 266 1320 302 (Psat.
1333 268 1377 296 59.
1391 269 1445 304 l0).
1463 270 1520 298 Duo
1535 276 1623 299 autem
1635 272 1679 300 hic
1687 273 1849 309 indicantur,
1858 281 1887 304 et

1093 317 1234 340 venturum
1248 321 1318 347 esse,
1331 320 1357 342 et
1373 321 1436 344 tunc
1445 322 1586 345 venturum
1598 326 1671 352 esse,
1683 326 1743 347 cum
1754 322 1885 351 sacriﬁcia

1092 356 1191 391 rejecta
1206 357 1323 393 fuerint,
1339 361 1410 395 quod
1425 366 1487 389 tunc
1500 363 1627 398 contigit,
1645 372 1705 392 cum
1720 365 1884 401 principatus

1090 401 1216 430 .ludaicus
1230 403 1256 430 in
1275 404 1426 433 Romanum
1445 409 1556 435 transiit.
1569 408 1722 438 Invenimus
1733 411 1812 438 etiam
1829 413 1882 439 Ba—

1090 448 1154 475 ruch
1175 449 1208 476 de
1227 449 1341 478 adventu
1364 452 1422 487 ejus
1445 453 1480 480 ita
1501 454 1653 490 loquentem
1667 465 1675 484 :
1688 457 1721 484 In
1736 462 1802 484 terra
1814 459 1882 486 visus

1089 497 1136 526 est,
1146 498 1169 520 et
1179 502 1235 520 cuin
1246 495 1386 523 Itominieus
1394 503 1553 526 conuersatus
1559 505 1596 527 est
1605 500 1716 537 (Baruch
1734 503 1761 530 5.
1771 504 1827 539 38).
1837 506 1881 532 Ait

1089 545 1194 574 quoque
1207 539 1310 575 Moyses
1327 550 1334 570 :
1350 541 1506 578 Prop/letam
1526 545 1595 572 vobis
1616 547 1734 574 excitabit
1754 548 1879 576 Dominus

1088 582 1156 611 Deus
1177 593 1209 611 ea:
1228 586 1349 619 fratribus
1369 589 1456 616 t'estris
1475 590 1540 616 sicut
1555 592 1709 626 me:ipsum
1728 594 1834 621 audietis
1853 595 1880 621 in

1087 629 1212 657 omnibus.
1227 630 1261 658 Et
1276 632 1331 665 erit,
1347 633 1429 660 omnis
1443 635 1544 669 anima,
1559 644 1617 671 qua:
1629 645 1679 664 non
1693 639 1801 666 audierit
1818 649 1879 673 pro-

1087 675 1188 710 phetam
1198 676 1279 710 illum,
1295 679 1500 708 exterminabitur
1512 681 1544 708 de
1560 683 1655 717 populo
1666 693 1711 711 suo
1725 684 1820 719 (Deut.
1831 687 1877 715 18.

1087 721 1143 757 18).
1160 721 1240 750 Vides
1255 723 1306 752 hoc
1320 725 1345 752 in
1359 726 1433 753 nullo
1445 727 1499 754 alio
1513 728 1650 763 impletum
1660 749 1668 761 ,
1684 738 1763 766 quam
1782 732 1808 759 in
1825 733 1877 760 hoc

1087 771 1199 795 tantum.
1210 768 1276 797 Nam
1292 771 1367 798 multi
1379 773 1514 808 propheta:
1525 781 1707 810 surrexerunt,
1718 781 1743 805 et
1754 778 1877 806 omnibus

1085 813 1292 850 inobsequentes
1305 817 1422 853 fuerunt,
1434 819 1552 855 nihilque
1564 827 1703 857 propterea
1717 825 1787 858 passi
1801 830 1874 853 sunt.

1085 859 1152 887 lluie
1166 866 1255 889 autem
1275 863 1336 897 quia
1356 871 1409 892 non
1424 865 1583 894 obcdierunt
1595 868 1679 896 Judaei
1689 889 1697 902 ,
1712 870 1875 905 palabundi,

1083 910 1223 939 errantes,
1252 907 1373 943 fugitivi,
1399 911 1505 939 exsules
1527 912 1625 948 ubique
1648 920 1785 950 vagantur.
1808 917 1875 946 Vide

1083 957 1198 986 namque
1212 953 1346 987 quomodo
1357 955 1458 983 exclusi
1478 957 1531 984 sint
1544 965 1558 984 a
1572 959 1695 994 civitate,
1709 966 1788 997 atque
1800 969 1814 989 a
1826 971 1875 997 pa-

1082 998 1164 1025 ternis
1179 997 1281 1034 legibus
1295 1004 1323 1027 et
1342 1003 1580 1031 consuetudinibus
1592 1025 1600 1038 ,
1625 1013 1686 1033 cum
1709 1007 1851 1041 ignominia
1862 1030 1869 1041 ,

1081 1043 1260 1078 turpitudine,
1277 1050 1304 1073 et
1319 1046 1427 1074 ultionis
1443 1055 1532 1082 paena.
1547 1049 1611 1083 Qua:
1632 1058 1695 1079 vero
1708 1052 1759 1080 sub
1775 1053 1873 1088 Vespa—

1081 1088 1156 1116 siano
1169 1094 1195 1117 et
1207 1090 1267 1118 Tito
1279 1092 1350 1126 passi
1364 1097 1434 1125 sunt,
1452 1101 1486 1121 ne
1498 1096 1615 1123 enarrari
1631 1097 1737 1132 quidem
1749 1105 1871 1134 possunt,

1080 1134 1115 1161 ita
1129 1142 1235 1163 omnem
1251 1137 1427 1166 calamitatem
1443 1140 1549 1167 excedit
1563 1141 1607 1168 illa
1623 1144 1762 1178 tragoedia.
1774 1145 1808 1172 Et
1820 1145 1872 1172 im-

1080 1179 1180 1215 pletum
1195 1186 1236 1209 est
1249 1182 1433 1217 propheticum
1449 1184 1513 1212 illud
1527 1195 1534 1212 :
1547 1185 1636 1214 Omnis
1646 1189 1690 1224 qui
1703 1198 1754 1216 non
1764 1191 1872 1218 audierit

1079 1227 1227 1262 prapltetam
1237 1229 1319 1262 illum,
1331 1232 1546 1260 exterminabitur.
1560 1233 1622 1261 Ideo
1632 1235 1702 1270 apud
1713 1235 1772 1263 illos
1782 1238 1872 1264 omnia

1080 1272 1107 1299 in
1121 1273 1290 1301 solitudinem
1302 1283 1390 1309 versa,
1401 1278 1462 1312 quia
1481 1279 1638 1313 prophetam
1660 1280 1734 1308 illum
1755 1289 1806 1309 non
1819 1290 1853 1310 an
1862 1298 1872 1303 -

1078 1317 1192 1346 dierunt.
1214 1319 1291 1352 Quod
1312 1322 1518 1351 resuscitaturus
1541 1325 1577 1352 sit
1598 1332 1711 1359 omnes,
1725 1326 1872 1356 declaravit

1078 1364 1188 1393 Hesaias
1202 1364 1243 1393 his
1257 1367 1346 1394 verbis
1360 1376 1367 1394 :
1383 1368 1522 1404 Resurgcnt
1534 1371 1626 1398 mortui
1637 1392 1645 1405 ,
1659 1377 1681 1399 et
1695 1373 1872 1400 excitabuntur

1076 1410 1121 1444 qui
1138 1411 1165 1437 in
1183 1411 1307 1446 sepulcris
1325 1418 1393 1441 sunt.
1407 1415 1461 1442 Ras
1473 1416 1540 1443 enim
1551 1417 1594 1452 qui
1607 1426 1623 1444 a
1634 1422 1658 1445 te
1670 1419 1794 1447 medicina
1807 1421 1870 1456 ipsis

1077 1459 1113 1482 est
1128 1455 1228 1491 (Hesai.
1241 1457 1287 1485 26.
1299 1458 1354 1495 l9).
1366 1459 1458 1495 Neque
1473 1461 1524 1489 hoc
1537 1468 1648 1497 tantum,
1663 1466 1710 1492 sed
1724 1466 1794 1501 quod
1809 1473 1871 1502 post

1076 1509 1182 1530 crucem
1195 1523 1204 1537 ,
1217 1508 1277 1538 post
1289 1505 1389 1533 cmdcm
1402 1506 1528 1536 clariores
1544 1516 1587 1537 res
1603 1509 1661 1545 ejus
1682 1510 1778 1539 futurae
1797 1513 1850 1540 sint
1861 1535 1868 1546 ,

1075 1547 1200 1583 quodque
1218 1553 1279 1584 post
1301 1553 1524 1581 resurrectionem
1545 1554 1623 1582 latius
1645 1557 1812 1592 propaganda
1833 1559 1870 1585 sit

1076 1594 1229 1628 prmdicatio
1250 1595 1261 1632 (
1270 1597 1425 1630 prmdictum
1439 1598 1505 1633 est).
1520 1599 1586 1633 Quia
1604 1601 1675 1629 enim
1698 1601 1794 1637 ligatus
1808 1609 1850 1630 est
1860 1625 1868 1636 ,

1075 1640 1195 1675 proditus
1217 1648 1232 1668 a
1251 1641 1381 1677 discipulo
1392 1664 1400 1677 ,
1416 1645 1501 1679 sputis
1515 1649 1541 1672 et
1555 1647 1723 1675 contumeliis
1739 1648 1867 1682 allectus,

1074 1686 1240 1718 verberatus,
1257 1689 1409 1722 cruciﬁxus,
1427 1693 1454 1717 et
1467 1695 1596 1725 quantum
1610 1691 1637 1719 in
1653 1693 1704 1720 illis
1718 1693 1813 1721 fuitne
1828 1702 1869 1722 se-

1075 1733 1188 1767 pultura:
1200 1733 1307 1768 quidem
1321 1735 1433 1763 traditus
1442 1757 1449 1769 ,
1463 1744 1495 1764 ac
1508 1738 1665 1766 vestimenta
1686 1740 1744 1774 ejus
1765 1740 1868 1769 divise-

1073 1782 1135 1804 runt
1147 1778 1256 1812 milites,
1269 1780 1330 1814 quia
1345 1779 1371 1806 in
1386 1782 1564 1816 suspicionem
1581 1785 1729 1819 tyrannidis
1744 1791 1865 1820 vocatus,

1073 1828 1100 1850 et
1115 1823 1190 1858 quasi
1202 1824 1373 1860 blasphemus
1387 1825 1470 1859 obiit;
1485 1827 1575 1862 (quasi
1590 1833 1719 1865 tyrannus
1731 1831 1833 1859 scilicet
1844 1833 1866 1869 ),

1075 1869 1163 1896 Omnis
1183 1870 1248 1897 enim
1260 1891 1268 1903 ,
1286 1871 1329 1906 qui
1346 1880 1374 1899 se
1396 1881 1478 1907 regem
1495 1875 1576 1909 facit,
1601 1876 1750 1903 contradicit
1770 1877 1866 1905 Ctesari

1072 1913 1163 1950 (Joan.
1176 1915 1219 1942 i9.
1231 1916 1293 1951 l9);
1307 1925 1411 1944 rursum
1424 1918 1512 1953 (quasi
1526 1919 1708 1956 blasphemus)
1723 1922 1790 1949 Ecce
1800 1944 1807 1956 ,
1821 1931 1865 1950 vos

1071 1960 1177 1987 audistis
1190 1960 1372 1997 blasphemiam
1384 1963 1440 1998 ejus
1453 1964 1463 2000 (
1475 1964 1567 1992 Matth.
1588 1965 1633 1993 26.
1648 1967 1683 1994 65
1696 1967 1722 2003 );
1734 1969 1806 2003 quia,
1820 1969 1863 1996 iu-

1071 2014 1169 2042 quam,
1191 2007 1249 2035 haec
1270 2009 1358 2036 omnia
1378 2015 1505 2038 eventura
1519 2016 1613 2045 erant,
1628 2013 1777 2041 auditorem
1793 2016 1866 2043 exci-

1072 2056 1141 2085 tans,
1155 2058 1182 2081 et
1194 2053 1226 2080 ad
1241 2053 1363 2082 ﬁduciam
1376 2063 1545 2091 praeparans;
1560 2065 1595 2085 ne
1608 2058 1745 2093 timueris,
1761 2060 1863 2096 inquit,

1072 2099 1166 2127 horqu
1182 2108 1260 2128 causa
1274 2110 1281 2129 :
1297 2101 1368 2129 illius
1383 2102 1463 2135 enim,
1480 2103 1525 2139 qui
1536 2104 1689 2138 cruciﬁxus,
1704 2106 1863 2142 ﬁagellatus,

1070 2152 1084 2172 a
1101 2145 1249 2174 latronibus
1262 2148 1424 2176 contumelia
1443 2149 1554 2177 ail'ectns
1564 2171 1572 2184 ,
1589 2150 1616 2178 in
1631 2151 1803 2187 blasphemia:
1816 2161 1862 2181 su~

1070 2193 1215 2227 spicionem
1227 2199 1337 2222 vocatus
1347 2195 1452 2224 occisus
1465 2201 1523 2231 est;
1539 2197 1620 2232 illius,
1632 2198 1749 2234 inquam,
1762 2207 1806 2228 res
1816 2201 1863 2228 tali

1069 2239 1221 2267 conditione
1234 2246 1294 2275 post
1305 2245 1418 2269 mortem
1430 2247 1456 2270 et
1466 2248 1525 2278 post
1538 2246 1761 2273 resurrectionem
1771 2251 1861 2281 erunt,

1070 2290 1099 2312 ut
1109 2293 1189 2313 nemo
1200 2287 1335 2322 negaverit
1349 2295 1410 2315 enm
1423 2287 1525 2317 honore
1541 2298 1637 2326 magno
1649 2292 1777 2326 repletum
1788 2300 1859 2320 esse.

1069 2330 1126 2359 Hoc
1139 2331 1230 2366 utique
1245 2332 1284 2360 sic
1297 2333 1424 2369 contigit,
1440 2335 1511 2370 quod
1530 2335 1575 2364 diu
1594 2341 1657 2365 ante
1679 2339 1861 2372 praenuntians

1069 2378 1197 2413 propheta
1212 2378 1317 2407 dicebat
1329 2388 1336 2407 :
1349 2379 1407 2407 Erit
1418 2382 1494 2408 rudia:
1504 2381 1600 2416 Jesstz,
1615 2387 1638 2410 et
1647 2384 1690 2419 qui
1700 2390 1814 2420 exsurget
1829 2390 1859 2413 ut

1067 2425 1172 2460 imperet
1188 2424 1329 2454 Gentibus:
1341 2427 1368 2453 in
1385 2427 1441 2462 ipso
1456 2427 1546 2455 Gentes
1559 2429 1709 2463 sperabunt,
1722 2434 1745 2456 et
1758 2431 1805 2457 erit
1816 2439 1860 2458 re-

1067 2469 1137 2505 quies
1150 2470 1205 2507 ejus
1218 2472 1299 2498 honar
1311 2472 1322 2506 (
1333 2471 1420 2499 Hemi.
1437 2473 1480 2500 Η.
1495 2473 1565 2508 10);
1580 2481 1612 2502 ac
1630 2474 1652 2501 si
1672 2474 1773 2503 diceret
1786 2485 1792 2502 :
1808 2476 1860 2504 hoc

1067 2523 1151 2550 genus
1166 2516 1260 2545 mortis
1273 2517 1424 2545 diademate
1446 2518 1628 2547 honorabilius
1642 2525 1693 2548 est.
1709 2521 1858 2556 imperato-

1067 2569 1111 2590 res
1125 2563 1196 2590 enim
1210 2563 1297 2598 posito
1310 2563 1458 2592 diademate
1467 2585 1475 2598 ,
1491 2572 1596 2593 crucem
1611 2567 1770 2602 suscipiunt,
1785 2575 1858 2605 sym-

1066 2608 1156 2637 bolum
1171 2609 1265 2637 mortis
1280 2609 1369 2637 illius:
1383 2611 1410 2638 in
1426 2619 1541 2646 purpura
1556 2620 1620 2640 crux
1633 2633 1640 2646 ,
1663 2614 1689 2641 in
1707 2614 1857 2643 diademate

1066 2663 1141 2689 crux,
1158 2656 1184 2684 in
1199 2656 1323 2692 precibus
1333 2663 1409 2690 crux,
1421 2657 1447 2684 in
1458 2658 1539 2686 armis
1551 2665 1627 2692 crux,
1640 2659 1665 2687 in
1676 2667 1751 2688 saera
1765 2669 1856 2690 mensa

1065 2709 1140 2734 crux,
1153 2705 1180 2729 et
1191 2702 1288 2736 ubique
1302 2706 1432 2730 terrarum
1443 2710 1508 2730 crux
1520 2703 1580 2739 plus
1592 2712 1671 2740 quam
1682 2705 1721 2733 sol
1732 2706 1855 2742 refulget.

1066 2747 1100 2776 Et
1113 2749 1159 2775 erit
1171 2748 1266 2783 requies
1277 2749 1331 2782 ejus
1343 2749 1431 2776 honor.

1102 2794 1129 2822 9.
1145 2795 1178 2821 At
1192 2802 1246 2822 non
1259 2794 1410 2830 hujusmodi
1424 2801 1487 2823 sunt
1499 2804 1543 2824 res
1555 2796 1687 2833 humanae,
1703 2799 1758 2827 imo
1770 2798 1797 2826 in
1810 2800 1855 2828 his

1069 2847 1160 2870 contra
1172 2849 1281 2878 prorsus
1292 2842 1398 2871 accidit.
1409 2842 1475 2870 Nam
1487 2843 1637 2872 viventibus
1647 2845 1679 2873 iis
1690 2865 1699 2880 ,
1712 2845 1756 2881 qui
1769 2845 1855 2880 gloria
