2055 3122
202 147 256 175 8‘25

204 206 337 238 fruuntur,
349 211 393 232 res
402 211 495 232 eorum
505 202 618 236 ﬂorent;
630 202 662 230 iis
672 209 735 230 vero
748 202 869 235 mortuis,
881 207 992 237 pereunt

204 256 232 280 et
245 252 343 279 omnia.
355 251 431 285 Quod
442 258 495 278 non
510 250 536 278 in
549 250 630 278 divite
639 270 647 282 ,
663 257 750 285 neque
763 249 789 277 in
803 249 922 284 principe
936 253 993 276 tan-

207 304 272 332 tum,
285 299 331 326 sed
345 299 372 325 in
387 299 444 333 ipso
458 297 620 332 lmperatore
631 296 835 324 animadvertas.
848 297 951 324 Etenim
967 301 993 324 et

206 345 278 380 leges
299 352 391 372 eorum
413 345 584 378 abrogantur,
605 348 632 370 et
652 343 778 378 imagines
799 344 992 377 obscurantur,

207 389 334 416 memoria
355 396 447 416 eorum
463 388 652 423 exstinguitur,
666 396 762 416 nomen
786 389 811 416 in
833 389 993 416 oblivionem

207 436 287 468 venit,
303 436 412 462 clientes
423 435 604 470 despiciuntur
617 445 623 462 ε
638 436 741 463 illorum
752 436 853 463 scilicet
865 436 908 471 qui
923 437 994 471 prius

206 489 279 508 arma
295 486 442 514 moverant,
457 482 501 516 qui
516 486 580 508 nutu
594 482 652 508 solo
665 482 776 515 populos
786 502 792 513 ,
809 482 887 509 urbes
900 489 994 515 resque

208 527 326 561 publicas
337 531 512 560 mutaverant,
525 527 619 561 quibus
630 527 725 558 licebat
736 532 762 555 et
775 528 906 560 occidere,
923 532 949 554 et
961 528 994 555 ad

207 574 363 608 supplicium
383 573 476 600 ductos
498 581 513 600 a
536 578 621 600 tnorte
646 573 768 601 liberare.
791 574 917 600 Attamen
938 573 996 601 haec

207 621 295 647 omnia
319 624 445 654 perettnt,
467 620 527 647 licet
549 625 627 647 antea
650 620 797 647 ﬂoruerint.
815 621 850 647 At
871 628 948 647 secus
968 621 994 647 in

207 666 314 693 Christo
328 674 335 692 :
351 674 413 693 nam
425 671 486 693 ante
497 673 602 693 crucem
618 667 644 693 in
661 666 731 692 luctu
746 673 788 693 res
807 671 883 693 erant
893 689 900 698 ,
914 667 995 694 Judas

209 711 339 746 prodidit,
357 712 450 738 Petrus
466 712 584 747 negavit,
601 711 696 746 reliqui
710 711 848 746 fugerunt,
864 712 936 739 solus
951 712 995 739 ille

208 757 277 783 inter
291 757 411 784 inimicos
424 757 632 792 comprehensus
653 762 711 790 est,
733 757 807 784 multi
832 766 864 784 ex
886 758 934 791 iis,
951 758 995 792 qui

208 803 392 836 crediderant,
419 809 565 831 retrorsum
589 804 719 831 abierunt.
741 805 883 839 Postquam
907 810 995 832 autetn

209 849 311 877 occisus
326 851 405 876 vitam
420 851 524 883 clausit,
539 854 567 877 ut
582 851 668 878 discas
689 859 766 884 eum,
787 852 831 886 qui
852 852 996 880 cruciﬁxus

209 899 260 927 est,
276 902 329 922 non
345 903 439 929 purum
452 895 586 922 hominem
604 895 703 928 fuisse,
719 903 762 923 res
780 897 836 931 ejus
850 897 977 924 clariores
987 918 994 930 ,

210 942 366 969 illustriores
386 948 417 968 ac
439 942 606 969 sublimtores
627 946 779 969 evaserunt.
800 943 869 969 Ante
890 950 996 970 crucem

210 988 332 1022 princeps
341 988 533 1023 apostolorum,
547 996 579 1015 tte
589 988 704 1016 ostiaria:
714 989 819 1024 quidem
831 990 916 1016 ntinas
927 990 995 1022 tulit,

209 1034 257 1061 sed
268 1039 328 1068 post
344 1038 442 1061 tantam
459 1035 633 1062 initiationetn
644 1056 652 1069 ,
666 1035 753 1063 aiebat
771 1042 800 1063 se
819 1037 922 1063 nescire
937 1037 997 1071 quis

210 1084 300 1106 esset:
316 1083 374 1114 post
384 1087 490 1107 cruccnt
502 1088 565 1107 vero
579 1081 671 1108 orbem
688 1085 816 1108 terrarum
830 1082 995 1116 peragravit:

210 1125 271 1152 hinc
286 1126 417 1152 innumeri
432 1127 520 1161 populi
536 1131 680 1162 martyrum
701 1128 812 1162 jugulati
834 1134 905 1161 sunt,
929 1136 998 1162 pra:-

209 1174 330 1204 optantes
342 1171 444 1203 occidi,
460 1179 537 1206 quam
552 1180 581 1199 ea
597 1172 668 1207 loqui
681 1193 688 1205 ,
703 1181 761 1207 qua:
778 1173 900 1207 loquutus
913 1173 998 1200 fuerat

212 1216 332 1250 princeps
345 1217 536 1251 apostolorum,
553 1217 630 1244 unius
643 1218 758 1245 ostiaria:
770 1222 871 1246 terrore
889 1226 999 1253 supera-

210 1268 261 1289 tus.
277 1262 343 1290 llinc
358 1271 450 1290 omnes
464 1263 595 1297 regiones,
610 1267 636 1290 et
650 1270 743 1290 omnes
758 1264 889 1297 civitates,
902 1264 995 1291 deser-

211 1313 279 1339 tum,
295 1307 410 1335 habitata
426 1313 451 1336 et
465 1309 608 1336 inhabitata
624 1313 711 1341 terra,
727 1309 882 1336 crucifixum
902 1310 998 1345 praedi-

209 1361 311 1381 camus.
333 1354 418 1389 Reges
429 1374 438 1388 ,
462 1354 556 1387 duces,
583 1355 729 1389 principes,
744 1356 866 1382 consules
877 1376 885 1388 ,
901 1355 996 1389 liberi,

209 1407 290 1432 seth,
303 1399 401 1433 idiotte,
413 1400 555 1434 sapientes,
568 1400 734 1434 insipientes,
746 1399 862 1434 barbari,
874 1401 998 1435 variaque

210 1444 346 1471 hominum
357 1452 465 1479 genera,
477 1445 584 1472 demum
597 1446 730 1479 universa,
740 1454 817 1480 quam
828 1446 868 1474 sol
881 1447 996 1481 respicit,

212 1495 281 1517 terra
304 1496 356 1517 tam
372 1492 459 1526 ampla
473 1491 524 1519 hoc
540 1493 647 1520 nomine
660 1498 686 1520 et
701 1493 758 1527 ejus
772 1494 927 1522 adoratione
947 1493 998 1522 fre-

211 1540 362 1569 quentatur,
375 1541 403 1563 ut
418 1536 504 1564 discas
519 1537 581 1572 quid
596 1538 649 1569 sit,
664 1535 720 1564 Erit
733 1540 828 1574 requies
840 1541 894 1574 ejus
907 1540 996 1566 honor.

210 1581 296 1608 Locus
310 1586 410 1614 autem,
426 1583 470 1616 qui
484 1590 580 1617 corpus
593 1582 658 1609 illud
671 1583 789 1610 occisum
802 1585 901 1619 recepit
913 1606 921 1618 ,
938 1585 998 1612 licet

210 1626 354 1654 admodum
368 1635 464 1661 parvus
477 1631 505 1655 et
516 1632 653 1662 angustus,
669 1629 816 1656 innumeris
829 1638 918 1665 regttttt
931 1632 999 1659 aulis

211 1673 396 1705 venerabilior,
412 1672 528 1708 ipsisque
547 1674 652 1708 regibus
665 1675 805 1709 pretiosior
821 1683 827 1701 :
843 1675 877 1702 Et
898 1677 942 1702 erit
957 1685 998 1703 re-

209 1719 279 1753 quies
292 1719 346 1753 cjus
359 1718 449 1745 Itonor.
463 1719 591 1754 Quodque
606 1720 727 1747 mirabile
742 1720 813 1747 dictu
828 1725 869 1748 est
883 1731 889 1748 :
906 1722 931 1749 id
946 1730 998 1749 non

210 1762 259 1798 ipsi
275 1767 387 1796 tantum,
403 1764 450 1791 sed
464 1764 543 1791 etiam
557 1765 695 1799 discipulis
710 1765 767 1800 ejus
787 1766 898 1801 contigit
914 1776 919 1793 ε
938 1775 998 1794 nam

211 1809 255 1843 qni
264 1809 458 1836 viducebantur
466 1815 492 1836 et
504 1810 760 1846 circumagebantur,
773 1813 929 1847 contempti,
942 1813 1000 1839 vin-

210 1856 256 1888 cti,
273 1855 422 1883 innumeris
436 1856 512 1883 malis
526 1857 613 1884 affecti
626 1878 632 1890 ,
649 1863 709 1892 post
723 1863 835 1885 mortetn
851 1859 914 1893 ipsis
928 1860 998 1894 regi-

210 1902 260 1928 bus
275 1901 485 1929 honorabiliores
499 1907 569 1929 sunt.
585 1902 611 1929 ld
626 1904 759 1937 quomodo
779 1904 822 1931 ﬁat
843 1905 976 1939 perpende
990 1914 997 1932 :

210 1947 235 1973 in
252 1948 322 1981 regia
338 1947 403 1974 urbe
416 1948 508 1980 Roma,
525 1947 613 1975 missis
626 1949 686 1976 aliis
701 1949 824 1977 omnibus
835 1971 842 1983 ,
859 1950 891 1977 ad
911 1951 999 1985 sepul-

210 2000 255 2019 cra
272 1993 410 2027 piscatoris
425 1998 451 2020 et
473 1994 646 2021 tentoriorum
665 1995 767 2029 opiﬁcis
782 2002 925 2024 accurrunt
948 1997 998 2024 ltn-

212 2044 355 2073 peratorcs,
371 2040 503 2072 consules,
520 2040 683 2067 exercituum
700 2042 779 2069 duces
792 2051 799 2069 :
810 2043 998 2070 Constantino-

210 2085 263 2119 poli
286 2092 351 2111 vero
366 2085 374 2100 ¹
396 2092 448 2111 non
472 2092 553 2120 prope
576 2087 709 2120 apogolos
722 2108 729 2119 ,
754 2089 800 2116 sed
816 2088 880 2116 foris
895 2089 928 2117 ad
942 2089 997 2125 ipsa

212 2130 300 2157 limina
326 2135 483 2165 optaverunt
505 2132 537 2164 ii,
561 2132 606 2167 qui
629 2133 777 2161 diademate
800 2134 996 2169 redimiuntur,

209 2185 321 2211 corpora
338 2184 383 2204 sua
398 2178 506 2211 sepeliri
519 2187 525 2205 :
538 2182 617 2214 atque
635 2179 670 2206 ita
695 2179 870 2214 Imperatores
883 2181 998 2215 piscato-

210 2230 267 2249 rum
279 2223 379 2249 ostiarii
393 2223 454 2249 facti
470 2228 531 2251 sunt
542 2232 548 2250 :
560 2225 598 2251 sic
613 2225 638 2251 in
650 2225 721 2252 obitu
736 2225 785 2253 ltoc
798 2233 850 2253 non
861 2226 996 2261 dedecori,

210 2268 256 2295 sed
272 2268 365 2295 honori
381 2268 431 2295 sibi
445 2277 504 2296 esse
517 2274 611 2303 putant
626 2278 677 2297 non
689 2271 774 2297 soluat
787 2271 847 2306 ipsi,
860 2272 905 2299 sed
917 2272 997 2299 etiam

211 2322 302 2341 eorum
313 2320 432 2349 nepotes.
444 2315 475 2342 Et
484 2316 540 2348 erit,
551 2316 644 2350 inquit,
657 2317 752 2351 requies
760 2318 814 2353 ejus
822 2317 911 2344 honor.
924 2318 998 2346 Tunc

211 2360 319 2387 honoris
326 2361 531 2395 magnitudinem
541 2362 652 2395 videbis,
661 2370 721 2390 cum
731 2364 823 2390 mortis
831 2364 887 2398 ejus
895 2365 997 2399 symbo-

212 2407 265 2432 lutn
288 2407 411 2434 didiceris
425 2417 431 2434 :
445 2408 537 2434 mortis
548 2429 555 2441 ,
578 2408 683 2443 inquam
696 2430 703 2441 ,
725 2409 872 2437 maledicta:
882 2431 889 2443 ,
905 2411 998 2437 mortis

213 2452 328 2478 otnniutn
344 2453 609 2487 ignominiosissimm.
625 2453 680 2481 lloc
693 2455 790 2489 quippe
803 2456 888 2482 solum
905 2456 997 2483 mortis

212 2505 295 2531 genus
317 2499 456 2526 maledicto
471 2500 615 2527 obnoxium
630 2505 696 2528 erat.
712 2501 832 2536 Exempli
847 2510 925 2529 causa
936 2523 944 2536 ,
959 2504 997 2530 fa-

212 2543 393 2570 cinorosorum
405 2545 466 2571 olim
480 2545 523 2572 alii
537 2546 770 2578 comburebantur,
785 2547 828 2574 alii
842 2547 996 2581 lapidabau-

213 2594 264 2621 tur,
289 2588 332 2615 alii
358 2590 410 2615 alio
433 2591 553 2625 supplicii
580 2599 676 2625 genere
703 2593 782 2618 vitam
810 2591 995 2620 claudebant:

212 2634 355 2661 cruciﬁxus
378 2639 476 2667 autem,
500 2636 524 2662 in
549 2637 619 2671 ligno
643 2638 771 2672 pendetis,
787 2647 839 2666 non
861 2639 886 2667 id
910 2641 995 2668 solum

213 2680 274 2706 mali
290 2679 448 2713 patiebatur,
463 2682 533 2715 quod
547 2690 604 2709 eam
619 2684 718 2711 subiret
730 2685 939 2718 damnationem,
949 2687 996 2714 sed

245 2761 252 2776 ‘
270 2764 303 2785 De
319 2760 422 2785 Ecclesia
439 2763 473 2784 SS.
488 2760 659 2795 Apostolorum,
679 2763 701 2786 in
714 2763 782 2793 cujus
800 2765 891 2793 porticu
910 2765 997 2795 sepultt

214 2796 283 2823 erant
299 2795 465 2822 Imperatores,
474 2798 604 2823 quamque
616 2792 654 2817 alii
663 2799 676 2816 a
687 2792 846 2823 Constantino,
859 2801 873 2819 a
883 2792 996 2819 Constan-

214 2824 248 2846 tto
258 2821 298 2846 alii
315 2826 428 2847 structam
444 2821 533 2853 \‘olunl,
554 2821 608 2847 vide
624 2825 737 2854 (:attgiutn
756 2825 780 2848 iu
799 2821 997 2858 Constantinopoli

216 2859 269 2876 SUiI.

486 145 621 174 CONTRA
639 143 779 173 JUDEOS
796 142 840 172 ΕΤ
859 142 996 172 GENTlLl

1059 142 1152 177 QUOD
1169 144 1337 175 CHRISTUS
1355 146 1408 174 SIT
1427 147 1524 176 DEUS.

1782 147 1844 175 826:

1045 202 1115 237 quod
1128 203 1283 231 maledictus
1293 209 1364 232 esset
1374 214 1381 232 :
1391 204 1541 232 Mutet/ictus
1554 206 1635 239 cnim,
1646 206 1738 241 inquit,
1750 208 1838 235 omnis-

1043 248 1087 283 qui
1099 249 1189 283 pendet
1203 249 1228 276 in
1242 250 1320 285 ligno.
1337 250 1423 285 (Deut.
1440 251 1484 278 2i.
1496 251 1553 287 23).
1573 251 1697 280 Attamen
1722 252 1831 280 maledi-

1044 298 1114 320 cttnn
1131 294 1194 322 illud
1207 296 1383 328 exsecrabile,
1398 298 1510 324 extremi
1526 298 1648 332 supplicii
1664 299 1827 334 symbolum,

1045 347 1114 367 nunc
1127 340 1302 368 desiderabile
1314 342 1481 378 amabileque
1495 343 1591 371 factum
1604 349 1655 371 est.

1080 385 1168 413 Crucis
1187 388 1254 422 signi
1269 396 1328 414 usus
1351 388 1440 423 ubique
1462 380 1685 424 frequentissimus.
1704 406 1740 412 -—-
1761 392 1830 419 Nihil

1046 431 1116 458 enim
1138 432 1333 466 imperatoriam
1356 442 1479 462 coronam
1505 436 1543 463 sic
1565 442 1692 470 exornat,
1721 442 1749 465 ut
1768 446 1831 465 crux

1046 478 1170 505 universo
1193 478 1292 506 mundo
1317 480 1458 514 pretiosior
1478 490 1484 508 :
1507 486 1534 509 et
1555 483 1625 517 quod
1649 490 1743 513 omnes
1768 485 1831 511 olim

1046 522 1267 551 exhorrescebant
1278 544 1284 556 ,
1299 524 1355 559 ejus
1370 532 1441 552 nunc
1460 526 1540 561 ﬁgura
1554 527 1588 554 ita
1604 530 1724 555 certatim
1738 530 1832 565 exqui-

1046 569 1112 595 ritur
1126 569 1160 596 ab
1175 570 1306 603 omnibus,
1328 574 1356 598 tit
1370 571 1466 606 ubique
1480 573 1634 607 reperiatur,
1648 575 1716 609 apud
1735 575 1831 609 princi-

1047 623 1093 650 pes
1106 620 1132 643 et
1149 615 1268 644 subditos
1278 638 1285 651 ,
1302 617 1371 651 apud
1386 618 1509 646 mulieres
1520 623 1546 646 et
1561 619 1648 652 viros,
1671 621 1739 655 apud
1753 622 1833 657 virgi-

1046 671 1092 690 nes
1100 668 1127 690 et
1140 669 1245 698 nuptas,
1257 665 1326 699 apud
1338 673 1429 692 servos
1437 669 1462 693 ct
1472 666 1569 693 liberos
1583 676 1588 693 ε
1601 675 1661 693 nam
1671 667 1732 694 illud
1741 676 1834 695 omnes

1046 710 1148 744 signum
1162 709 1314 744 frequenter
1322 710 1475 745 imprimunt
1486 712 1511 738 in
1521 713 1700 739 membrorum
1712 713 1833 740 nobiliori

1047 759 1120 789 parte
1132 764 1139 787 ;
1153 760 1179 782 et
1194 756 1218 782 in
1235 755 1320 783 fronte
1331 764 1379 784 cett
1389 757 1414 783 in
1428 756 1549 783 columna
1563 758 1701 792 ﬁguratum
1715 758 1835 793 quotidie

1047 801 1246 828 circumferunt.
1273 801 1327 828 lloc
1344 802 1368 828 itt
1385 809 1459 829 sacra
1474 810 1564 829 mensa
1577 823 1584 836 ,
1603 803 1653 831 hoc
1671 804 1696 830 in
1710 803 1835 831 sacerdo—

1048 850 1101 873 tum
1116 847 1335 880 ordinationibus,
1352 847 1402 874 hoc
1418 854 1522 875 rursum
1539 855 1597 875 cum
1612 857 1723 883 corpore
1737 849 1836 877 Christi

1048 892 1074 919 in
1096 893 1206 927 mystica
1227 900 1302 920 coena
1322 892 1443 928 refulget.
1472 894 1526 921 lloc
1553 895 1649 929 ubique
1673 896 1835 923 celebratum

1047 937 1136 965 videre
1157 942 1213 972 est,
1230 938 1255 965 in
1269 938 1390 965 domibus
1400 960 1407 972 ,
1430 940 1455 965 iit
1468 939 1524 966 foro
1534 960 1540 972 ,
1555 940 1580 967 in
1597 940 1718 972 desertis,
1735 941 1760 968 in
1774 942 1834 974 viis,

1048 982 1078 1009 in
1098 983 1249 1017 montibus,
1276 984 1302 1010 in
1324 984 1451 1017 saltibus,
1474 985 1500 1012 in
1521 985 1650 1018 collibus,
1666 986 1691 1012 in
1706 987 1771 1013 mari
1785 1008 1793 1020 ,
1809 987 1836 1014 in

1048 1029 1168 1061 navibus,
1185 1029 1210 1056 in
1226 1030 1328 1060 insulis,
1339 1031 1365 1057 itt
1377 1031 1462 1064 lectis,
1475 1032 1501 1058 in
1514 1032 1687 1065 vestimentis,
1704 1032 1730 1060 in
1742 1033 1835 1066 armis,

1049 1074 1075 1101 in
1089 1074 1220 1107 thalamis,
1237 1075 1263 1102 itt
1277 1076 1413 1109 conviviis,
1428 1077 1453 1103 in
1470 1078 1538 1104 vasis
1548 1078 1680 1112 argenteis
1695 1083 1722 1105 et
1736 1079 1835 1111 aureis,

1049 1120 1245 1157 inmargaritis,
1254 1121 1420 1155 in’parielum
1427 1122 1552 1158 picturis,
1565 1123 1590 1150 in
1602 1124 1758 1158 corporibus
1770 1124 1835 1151 bru-

1049 1169 1135 1192 torum
1145 1166 1212 1193 male
1224 1166 1335 1201 affectis,
1350 1168 1374 1194 in
1386 1169 1540 1202 corporibus
1550 1175 1564 1195 a
1576 1168 1696 1196 daemone
1710 1169 1836 1202 obsessis,

1050 1210 1075 1236 in
1088 1209 1179 1243 bellis,
1196 1211 1222 1237 in
1239 1218 1302 1245 pace
1312 1232 1319 1244 ,
1333 1212 1358 1238 iit
1374 1212 1481 1245 diebus,
1497 1213 1522 1239 in
1536 1213 1667 1246 noctibus,
1692 1213 1717 1240 itt
1732 1214 1837 1241 choreis

1050 1255 1245 1290 tripudiantium
1259 1276 1266 1289 ,
1287 1256 1313 1283 in
1327 1257 1455 1284 sodalitiis
1469 1265 1527 1284 sese
1541 1259 1730 1285 maccrantium
1744 1268 1751 1291 ;
1771 1259 1839 1287 adeo

1049 1302 1170 1329 certatim
1195 1302 1293 1329 donum
1315 1302 1365 1330 ltoc
1386 1303 1525 1336 mirabile,
1548 1303 1658 1339 ejusque
1678 1304 1837 1333 inel‘ﬁtbilctn

1049 1348 1160 1382 gratiam
1182 1355 1275 1375 omnes
1296 1349 1459 1383 perquirunt.
1483 1349 1566 1376 Nemo
1589 1350 1689 1384 pudore
1711 1350 1838 1384 afficitur,

1050 1393 1090 1420 vel
1104 1393 1237 1420 erubescit
1251 1393 1313 1420 dum
1329 1395 1425 1429 cogitat
1438 1393 1489 1422 hoc
1502 1395 1648 1422 maledicta:
1661 1396 1754 1423 mortis
1767 1404 1839 1432 sym-

1051 1438 1139 1465 bolum
1154 1446 1229 1472 esse;
1243 1439 1290 1466 sed
1306 1439 1350 1467 illo
1364 1447 1457 1467 omnes
1471 1441 1555 1475 magis
1569 1448 1745 1474 exornamur,
1760 1450 1838 1476 quam

1050 1485 1155 1512 coronis
1165 1505 1172 1518 ,
1193 1486 1395 1520 diadetnatibus,
1410 1491 1436 1514 et
1449 1487 1521 1514 mille
1535 1488 1736 1522 margaritarum
1751 1489 1836 1515 moni-

1051 1530 1139 1558 libus:
1157 1531 1191 1558 ita
1213 1539 1266 1558 non
1287 1531 1366 1559 modo
1393 1539 1445 1559 non
1466 1540 1620 1560 aversamur
1643 1541 1767 1567 crucem,
1792 1535 1839 1562 sed

1050 1577 1129 1603 etiam
1152 1576 1272 1604 amabilis
1295 1577 1338 1604 illa
1363 1578 1600 1613 desiderabilisque
1625 1580 1748 1607 onmibus
1774 1585 1837 1607 est:

1051 1621 1147 1656 ubique
1162 1621 1205 1648 illa
1218 1621 1319 1657 fulget,
1333 1622 1358 1649 in
1372 1623 1517 1657 parietibus
1529 1623 1666 1650 domorum
1679 1645 1687 1656 ,
1708 1624 1735 1651 in
1751 1625 1838 1657 tectis,

1051 1668 1076 1694 itt
1094 1668 1167 1695 libris
1178 1690 1185 1701 ,
1208 1669 1234 1696 in
1247 1669 1356 1697 urbibus
1367 1690 1374 1702 ,
1396 1670 1422 1696 in
1436 1670 1501 1696 vicis
1511 1690 1519 1703 ,
1541 1671 1566 1697 in
1582 1670 1687 1697 incultis
1699 1692 1706 1704 ,
1723 1671 1749 1698 in
1763 1671 1840 1698 cultis

1051 1714 1126 1741 locis.
1143 1714 1190 1742 Hie
1210 1714 1323 1741 libenter
1335 1714 1465 1742 Gentilem
1480 1716 1669 1750 interrogarem
1682 1737 1690 1750 ,
1706 1717 1840 1744 undenam

1051 1758 1099 1791 ﬁt,
1115 1763 1142 1785 ut
1154 1759 1331 1787 damnationis
1349 1760 1548 1795 maledictthuc
1567 1762 1658 1788 mortis
1678 1762 1839 1797 symbolum,

1051 1803 1173 1830 omnibus
1186 1804 1220 1831 ita
1234 1805 1346 1832 amabile
1361 1806 1528 1840 optabileque
1543 1806 1595 1833 sit?

1087 1848 1131 1875 10.
1153 1849 1228 1881 Quod
1246 1850 1267 1876 si
1292 1850 1356 1877 nihil
1372 1851 1421 1878 hoc
1435 1859 1493 1878 esse
1508 1856 1584 1886 putas
1596 1872 1603 1884 ,
1620 1852 1641 1879 si
1654 1853 1742 1880 adhuc
1757 1854 1842 1888 impu—

1051 1894 1116 1921 dens
1132 1902 1238 1928 manes,
1253 1897 1442 1931 veritatemque
1457 1898 1597 1930 aversaris,
1613 1903 1690 1933 atque
1704 1900 1735 1925 :td
1751 1901 1838 1927 luttten

1051 1940 1157 1967 czecutis
1175 1949 1181 1967 :
1198 1947 1246 1975 age
1269 1940 1316 1967 tibi
1337 1941 1389 1969 alio
1408 1947 1564 1977 argumento
1588 1950 1838 1978 commonstramus,

1051 1989 1177 2019 qttantum
1200 1986 1233 2012 sit
1253 1986 1326 2013 illud.
1354 1987 1436 2020 Quale
1460 1988 1524 2015 illud
1547 1991 1751 2023 argumentum?
1773 1991 1839 2018 Smtt

1048 2030 1182 2064 judicibus
1196 2031 1279 2058 multa
1299 2032 1486 2065 suppliciorum
1506 2041 1619 2067 genera,
1637 2034 1734 2068 lignum
1748 2056 1754 2067 ,
1771 2035 1837 2067 lora,

1052 2083 1162 2110 ungues,
1178 2076 1321 2110 plumbata,
1336 2077 1430 2111 quibus
1444 2085 1556 2112 corpora
1571 2079 1687 2106 lacerant
1698 2100 1704 2111 ,
1721 2080 1842 2108 membra

1051 2120 1205 2155 discerpunt
1225 2125 1303 2155 atque
1317 2123 1481 2156 suspenduttt
1495 2132 1500 2148 :
1516 2124 1636 2158 quisnatn
1650 2126 1729 2152 vellet
1743 2127 1798 2154 lucc
1813 2127 1839 2154 in

1050 2167 1158 2194 domum
1168 2174 1242 2194 suam
1257 2167 1355 2195 inferre
1365 2167 1377 2193 Ἰ
1389 2168 1454 2201 Quis
1463 2169 1541 2195 vellet
1553 2169 1684 2197 carniﬁcis
1693 2170 1749 2198 hmo
1759 2180 1839 2206 agen-

1052 2211 1084 2238 tis
1104 2219 1211 2239 manum
1230 2212 1403 2247 contingam,
1430 2214 1472 2240 vel
1494 2218 1522 2241 ut
1546 2214 1571 2241 id
1591 2214 1706 2248 videret,
1731 2217 1838 2251 propius

1051 2257 1194 2284 accedere?
1215 2257 1311 2284 Annon
1331 2258 1451 2293 plerique
1465 2259 1520 2286 inec
1533 2264 1706 2288 exsecrantur
1717 2282 1725 2294 ,
1741 2262 1838 2296 aliique

1050 2301 1111 2329 ltinc
1124 2303 1194 2330 ntale
1207 2304 1357 2330 omittantur
1367 2324 1373 2336 ,
1390 2311 1420 2330 ac
1435 2312 1518 2339 neque
1531 2310 1644 2338 tactum,
1662 2314 1746 2341 neque
1760 2316 1838 2342 aspc-

1050 2352 1120 2374 etum
1134 2348 1241 2376 ferunt?
1261 2350 1355 2376 Annon
1369 2349 1446 2376 ctiatn
1466 2351 1557 2384 procul
1572 2350 1688 2385 fugiunt,
1705 2357 1730 2379 et
1745 2353 1837 2379 oculos

1050 2394 1191 2421 avertunt?
1202 2394 1273 2422 Talis
1282 2395 1344 2422 olim
1358 2403 1422 2422 crux
1431 2401 1498 2427 erat,
1512 2396 1564 2422 imo
1572 2396 1622 2423 illis
1631 2397 1713 2424 multo
1720 2398 1837 2432 gravior.

1051 2439 1130 2471 Nant,
1147 2444 1175 2466 ut
1193 2445 1254 2467 ante
1275 2441 1346 2473 dixi,
1372 2448 1424 2468 non
1441 2446 1540 2468 tantum
1556 2443 1647 2469 mortis
1660 2464 1667 2475 ,
1689 2443 1735 2470 sed
1757 2445 1837 2471 etiam

1051 2484 1198 2511 maledicta:
1221 2486 1312 2512 mortis
1332 2486 1480 2521 symbolum
1501 2491 1567 2513 erat.
1595 2487 1670 2515 Unde
1691 2496 1773 2523 ergo,
1795 2489 1838 2516 dic

1051 2530 1134 2563 mihi,
1157 2531 1210 2565 jatn
1235 2531 1269 2558 ita
1295 2531 1478 2559 desiderabilis
1498 2533 1670 2567 uptabilisque
1693 2533 1758 2560 facta
1782 2540 1834 2567 est,

1051 2578 1227 2612 omnibusque
1242 2579 1404 2605 antefertur?

1092 2624 1161 2650 Vera:
1172 2625 1251 2650 crucis
1266 2625 1395 2658 particula:
1408 2625 1439 2650 ab
1452 2625 1563 2651 omnibus
1574 2625 1709 2659 exquisita}.
1719 2640 1753 2644 —
1768 2625 1833 2652 lllud

1051 2677 1114 2696 vero
1134 2670 1218 2703 ipsum
1240 2670 1356 2704 lignum,
1378 2670 1402 2696 in
1423 2678 1474 2704 quo
1494 2678 1597 2697 sacrum
1617 2678 1714 2704 corpus
1729 2678 1838 2705 passum

1052 2720 1079 2742 et
1093 2714 1246 2741 cruciﬁxum
1267 2719 1323 2747 est,
1346 2724 1393 2742 cur
1406 2716 1524 2742 certatim
1541 2723 1633 2742 ontnes
1652 2715 1770 2742 adeunt?
1787 2715 1840 2742 Cur

1054 2761 1208 2795 particulam
1226 2760 1282 2793 ejus
1302 2761 1376 2786 multi
1392 2765 1526 2788 sumentes
1539 2768 1604 2787 auro
1618 2761 1744 2787 inclusam
1757 2781 1764 2792 ,
1782 2765 1840 2788 tum

1053 2807 1100 2833 \‘iri
1117 2811 1170 2833 ttnn
1195 2807 1318 2833 ntulieres
1335 2814 1348 2833 a
1367 2806 1435 2833 collo
1453 2807 1617 2841 suspettdttnt
1637 2807 1669 2833 ad
1689 2813 1810 2834 ornatum
1827 2816 1835 2834 :

1054 2853 1102 2880 etsi
1121 2852 1296 2879 damnationis
1317 2856 1343 2879 et
1367 2852 1472 2879 ultionis
1497 2853 1644 2888 symbolum
1667 2853 1716 2880 ltoc
1737 2853 1837 2889 lignum
