2055 3122
177 91 228 118 8ἳῖ
528 98 557 127 S.
576 97 711 127 JOANNlS
730 98 963 128 CllRYSOSTUMI

175 153 273 182 fuerit?
287 154 321 182 At
333 154 376 190 qui
391 154 477 182 omnia
491 155 561 188 facit,
575 160 602 183 et
615 155 734 182 immutat
746 163 794 187 ea,
810 156 854 190 qui
868 155 960 182 orbem

175 207 207 228 ex
222 204 292 228 tanta
308 201 424 235 nequitia
439 200 589 233 transtulit,
604 204 631 227 et
644 205 740 227 terram
754 201 846 228 ctelum
861 201 960 234 elfeeit,

175 247 253 273 etiam
266 254 320 274 rem
332 246 400 273 hanc
410 246 537 280 \itupcrio
550 246 665 280 plenam,
679 251 705 273 et
717 251 830 274 mortem
844 247 961 274 omnium

175 291 453 327 ignuniiniosissimam
468 299 546 326 supra
566 291 645 319 mulos
659 292 776 320 adduxit.
802 293 864 320 lltec
883 293 962 328 igitur

173 339 262 366 onmia
285 338 431 373 pne-videns
453 339 581 373 propheta
601 338 707 366 diccbat
720 347 726 366 :
741 339 775 366 Et
799 340 845 367 erit
864 340 960 374 requies

172 385 226 418 ejus
238 383 327 410 honor.
342 383 397 410 lloc
409 383 505 418 quippe
518 384 610 411 mortis
621 385 780 420 symbolum,
793 393 878 420 neque
890 385 960 412 enim

173 430 252 455 linem
267 428 361 455 laciam
373 428 407 455 ita
419 427 555 463 loquendi,
574 429 665 456 multis
680 429 870 458 benedictionis
881 437 962 465 argu-

172 479 289 500 mentum
301 473 423 500 cll‘eetum
438 477 488 507 est,
504 477 530 501 et
541 474 701 502 omnimoda:
715 474 845 502 ﬁrmitatis
859 483 962 507 murus,

171 518 269 547 diaboli
294 517 416 546 lethifera
442 518 529 553 plaga,
553 518 704 548 daemonum
724 520 845 552 frmnum,
871 527 963 548 camus

171 564 384 592 adversariarum
407 565 543 592 virtutum.
565 565 621 593 lloc
640 570 753 593 mortem
774 566 890 599 sustulit,
910 566 963 594 hoc

173 610 268 637 inferni
294 616 384 645 portas
405 618 488 639 aereas
502 611 650 646 confregit,
673 618 761 640 Vectcs
783 611 884 640 ferreos
898 620 963 639 con-

173 655 262 689 trivit,
277 656 375 683 diaboli
390 663 478 684 arcem
492 657 621 684 destruxit
634 678 641 688 ,
660 657 759 691 peccati
778 665 874 685 nervos
889 658 962 684 exci-

173 701 230 734 dit,
257 706 339 729 totum
368 702 460 729 orbem
487 701 651 729 damnationi
677 702 824 737 subjectum
854 703 960 737 eripuit,

173 747 318 774 immissam
341 747 467 775 divinitus
491 752 592 775 natura:
615 753 712 775 nostra:
727 749 828 783 plagam
851 749 962 776 curavit.

173 793 241 826 Quid
260 793 338 820 dico?
353 792 429 825 Quod
449 800 502 820 non
523 797 634 828 potuere
648 801 721 820 mare
734 793 848 821 divisum
860 814 866 826 ,
882 798 963 828 petra:

174 837 280 870 scissas,
302 845 349 865 aer
369 842 505 871 mutatus,
527 846 623 865 manna
643 839 815 874 quadraginta
834 840 910 866 annis
927 843 965 866 tot

175 884 311 912 hominum
326 884 441 911 millibus
455 889 591 919 erogatum
601 905 608 917 ,
622 884 663 911 lex
677 889 703 912 et
716 884 767 912 alia
779 885 852 920 signa
864 892 924 912 cum
938 885 963 912 in

174 929 280 956 deserto
292 950 299 962 ,
321 933 377 956 tum
395 929 420 956 in
437 929 577 956 Palzestina
600 929 666 956 facta
677 950 684 962 ,
708 929 765 957 lucc
786 931 871 965 potuit
888 937 966 963 crux,

175 983 227 1002 non
242 975 268 1001 in
287 982 337 1001 una
353 979 448 1009 gente,
472 974 519 1002 sed
539 975 565 1001 in
579 979 633 1002 toto
647 975 726 1008 orbe;
742 982 806 1002 crux
817 996 826 1008 ,
847 975 964 1010 inquam,

175 1021 343 1048 maledictum
360 1021 525 1056 symbolum,
547 1021 668 1048 omnibus
683 1021 854 1054 ltorrendum,
880 1021 966 1048 omni-

174 1066 224 1094 bus
236 1066 437 1099 exsecrandum,
452 1070 511 1100 post
525 1065 644 1093 cruciﬁxi
658 1070 770 1093 mortem
781 1067 865 1100 potuit
876 1066 964 1094 omnia

175 1113 247 1139 millo
262 1112 369 1147 negotio
385 1112 522 1147 perlicere.
542 1111 633 1147 Neque
648 1112 704 1139 haec
715 1112 882 1139 solummodo
895 1133 902 1144 ,
918 1112 964 1140 sed

175 1165 217 1190 ea,
230 1165 287 1193 qua:
303 1161 392 1192 postea
405 1162 514 1192 sequuta
525 1162 596 1190 sunt,
608 1158 666 1192 ejus
680 1158 802 1185 virtutem
814 1157 963 1186 declarant.

175 1203 272 1231 Orbem
287 1203 357 1231 enim
382 1207 510 1230 terrarum
524 1224 531 1236 ,
555 1203 600 1238 qui
620 1203 705 1238 quoad
728 1204 851 1231 virtutem
867 1204 965 1231 sterilis

175 1253 250 1281 erat,
273 1256 322 1275 nec
344 1248 437 1275 melius
451 1256 480 1276 se
494 1248 625 1282 habebat,
645 1256 722 1283 quam
738 1248 870 1276 desertum
883 1270 890 1282 ,
905 1257 964 1276 cum

177 1301 229 1320 non
243 1298 332 1327 posset
352 1293 486 1328 quidpiam
503 1293 564 1320 boni
581 1301 674 1328 parere
686 1315 694 1327 ,
710 1295 800 1321 statim
814 1294 964 1329 paradisum

175 1344 202 1366 et
225 1343 336 1366 matrem
358 1339 572 1366 fecundissimam
591 1339 686 1367 clfecit.
712 1340 745 1367 Et
768 1340 818 1367 hoc
839 1340 884 1367 diu
904 1345 965 1367 ante

176 1384 362 1420 praenuntiavit
388 1383 515 1419 propheta
540 1384 581 1411 his
605 1385 693 1412 verbis
714 1393 720 1412 :
739 1384 852 1418 Laetare,
864 1385 964 1417 sterilis,

175 1438 231 1465 qua:
251 1439 301 1457 non
317 1431 406 1465 paris:
421 1439 525 1465 erumpe
537 1435 560 1457 et
575 1431 666 1464 clama,
695 1438 752 1466 qua:
772 1439 823 1458 non
842 1431 964 1466 parturis,

175 1476 235 1509 quia
248 1476 320 1502 multi
341 1476 386 1510 ﬁlii
405 1475 508 1502 deserta:
527 1475 607 1510 magis
620 1496 627 1509 ,
647 1484 723 1510 quant
743 1475 798 1510 ejus
816 1483 873 1510 qua:
893 1475 966 1502 habet

175 1521 256 1548 uirum
265 1520 364 1557 (Hesai.
373 1521 416 1548 54.
426 1521 462 1555 l).
471 1520 546 1554 Quod
556 1528 618 1548 vero
626 1528 685 1548 cum
695 1520 773 1548 talem
783 1528 841 1548 eam
849 1520 964 1552 fecisset,

176 1567 261 1601 legem
281 1565 332 1600 ipsi
353 1564 456 1592 dederit
479 1565 561 1592 multo
581 1566 791 1600 prazstantiorem
816 1565 915 1600 priori,
940 1565 965 1592 id

177 1611 287 1638 minimc
306 1615 443 1639 tacuerunt
457 1610 592 1645 propheta;
607 1619 614 1637 :
628 1618 660 1638 ac
675 1610 734 1638 vide
747 1610 810 1646 quid
825 1610 963 1645 praisigni-

177 1657 313 1684 licaverint
330 1665 336 1683 :
353 1656 493 1691 Disponam
506 1657 541 1683 eis
557 1660 729 1683 testamentum
744 1664 853 1688 novum,
866 1663 916 1682 non
928 1664 968 1682 se-

176 1702 286 1728 cundum
300 1705 473 1728 testamentum
485 1721 492 1733 ,
508 1700 575 1736 quod
591 1701 704 1735 disposui
717 1700 832 1736 patribus
841 1708 927 1727 eorunt
941 1700 966 1727 in

177 1748 218 1774 die
230 1755 278 1782 qua
293 1755 396 1773 manum
411 1754 495 1773 eorum
514 1746 684 1783 apprehendi,
701 1749 728 1772 ut
742 1746 870 1772 educerent
881 1754 922 1772 eos
937 1745 968 1772 de

177 1798 243 1819 terra
257 1791 366 1827 {Egypti
377 1791 455 1826 :quia
476 1791 525 1825 ipsi
546 1799 596 1817 non
614 1795 760 1817 manserunt
776 1791 803 1817 in
822 1795 968 1818 testamento

178 1847 233 1866 meo
244 1859 252 1871 ,
274 1843 297 1865 et
312 1846 357 1874 ego
376 1837 473 1873 neglext
491 1845 533 1864 eos
543 1858 550 1870 ,
571 1837 632 1863 dicit
646 1836 780 1864 Dominus.
799 1837 866 1876 Quia
876 1837 923 1863 hoc
933 1841 968 1864 est

179 1889 351 1913 testamentum
360 1885 425 1922 quod
437 1884 570 1919 disponant
580 1884 626 1916 eis,
635 1883 698 1910 dans
709 1883 774 1919 leges
783 1891 850 1911 meas
858 1883 882 1910 in
889 1887 969 1910 mente

177 1940 280 1965 eorum,
299 1935 322 1958 et
336 1931 362 1957 in
376 1930 451 1957 corde
468 1938 552 1957 eorum
570 1929 704 1959 inscribam
719 1937 760 1955 eas
773 1928 838 1964 (Jer.
852 1928 896 1955 51.
911 1927 967 1963 5'2).

181 1976 279 2004 Deinde
293 1976 406 2003 subitam
419 1975 592 2004 mutationem
606 1979 633 2002 et
646 1974 793 2002 doctrinam
806 1973 909 2001 facilem
920 1973 966 2000 de-

178 2023 282 2050 clarans
295 2022 352 2049 ait:
369 2021 402 2048 Et
423 2030 473 2048 non
493 2021 615 2048 docebunt
634 2021 802 2056 unusquisque
826 2020 968 2054 proximum

178 2075 262 2100 suum,
283 2071 305 2094 et
321 2067 490 2101 unusquisque
511 2066 615 2100 fratrem
627 2072 716 2098 suum,
732 2065 816 2092 dicens
827 2086 834 2098 ,
849 2072 969 2100 cognosce

181 2113 318 2140 Dominum
328 2132 335 2145 ,
349 2112 408 2146 quia
421 2120 505 2138 omnes
515 2112 592 2138 scient
607 2119 646 2136 me
655 2119 670 2136 α
681 2110 879 2145 parvoipsorum
892 2117 969 2144 usque

179 2159 214 2185 ad
228 2166 346 2193 magnam
356 2157 475 2194 ipsorum.
488 2155 564 2189 Quod
577 2155 603 2186 in
614 2155 726 2182 adventu
737 2162 785 2181 suo
799 2159 968 2189 peccatorum

181 2204 283 2231 veniam
296 2203 405 2230 daturus
420 2206 499 2233 essot,
512 2201 562 2227 hoc
576 2200 638 2227 item
652 2200 690 2226 sic
703 2200 891 2234 prmnunciavit
905 2207 968 2234 pro-

182 2251 261 2284 pheta
274 2258 281 2276 :
299 2248 354 2276 Iloc
367 2248 414 2275 erit
431 2248 491 2283 ipsis
502 2256 516 2273 a
529 2255 567 2273 me
580 2250 769 2278 testamentum,
785 2253 842 2272 cum
855 2248 969 2281 auferam

180 2295 324 2330 miquitates
340 2294 470 2329 ipsorum,
490 2297 513 2319 et
531 2296 688 2326 peccatorum
708 2299 793 2317 eorum
815 2299 865 2317 non
884 2299 968 2319 1⁷8εοῖ·

183 2341 261 2367 dabor
273 2339 382 2374 amplius
398 2337 465 2374 (Jer.
480 2337 524 2368 51.
538 2336 593 2370 54).
618 2335 685 2368 Quid
701 2335 749 2362 hac
764 2343 792 2363 re
805 2335 968 2363 manifestius

181 2394 242 2413 esse
255 2384 358 2420 possit?
372 2383 543 2410 Vocationem
558 2381 654 2416 quippe
669 2381 783 2416 gentium
793 2402 801 2414 ,
817 2390 892 2409 nova:
906 2382 969 2417 legis

182 2439 261 2465 supra
270 2434 386 2457 veterem
398 2427 589 2459 excellentiam.
605 2426 754 2453 facilitatem
764 2434 896 2460 accessus,
910 2435 969 2458 cre-

182 2476 301 2503 dentium
324 2474 433 2510 gratiam
444 2494 452 2506 ,
473 2477 500 2500 et
517 2473 614 2505 donum
634 2472 659 2499 in
673 2471 804 2510 baptismo
818 2472 913 2500 factum
930 2473 970 2500 his

184 2521 316 2549 vaticiniis
329 2519 497 2554 signiﬁcavit.

221 2568 263 2594 il.
284 2565 358 2600 Quod
373 2572 437 2592 vero
450 2564 494 2599 qui
509 2564 566 2592 haec
585 2563 663 2598 fecit,
682 2564 703 2590 is
716 2563 772 2598 ipse
786 2568 876 2598 postea
888 2563 969 2598 judex

183 2613 322 2639 adfuturus
335 2611 385 2645 sit,
402 2610 535 2648 perpende
546 2609 678 2647 quomodo
691 2609 777 2636 ethoc
789 2609 970 2644 przcnuncient

185 2657 324 2694 Prophetas
336 2677 343 2691 ,
363 2664 450 2691 neque
470 2656 541 2688 enim
563 2655 588 2687 id
607 2655 712 2683 silentio
734 2655 968 2690 praetermiserunt,

186 2704 229 2731 alii
242 2703 348 2738 quidem
362 2702 481 2729 videntes
493 2709 552 2729 eum
566 2701 591 2727 in
603 2708 635 2728 eo
648 2700 707 2735 ipso
720 2701 825 2734 habitu,
839 2709 891 2734 quo
904 2708 969 2727 vcn-

187 2757 259 2778 tnrus
279 2753 355 2781 erat;
378 2748 422 2775 alii
446 2748 535 2775 verbis
553 2755 613 2774 eum
635 2747 878 2782 praesigniﬁcantes.
905 2747 970 2774 Nam

185 2794 274 2824 ltanicl
290 2794 367 2822 etiam
384 2793 408 2821 in
428 2793 515 2823 medio
530 2792 700 2820 barbarorum
717 2792 917 2827 Babyloniorum
931 2792 969 2820 vi-

985 98 1143 127 ARCIHEP.
1163 99 1429 130 CONSTANTINOP.

1752 103 1802 134 828

1015 154 1059 182 det
1072 155 1156 190 ipsum
1168 156 1193 184 in
1206 158 1318 186 nubibus
1330 159 1477 187 venientem
1491 159 1569 187 :audi
1583 159 1653 187 illius
1664 160 1802 196 Propheta:

1016 201 1095 228 verba
1108 209 1116 229 :
1131 202 1287 236 Aspiciebam
1297 225 1304 237 ,
1317 205 1416 240 inquit,
1432 209 1456 232 et
1466 214 1520 233 ecce
1531 207 1602 241 quasi
1617 207 1685 241 ﬁlius
1695 208 1803 235 homini:

1016 246 1115 273 veniens
1129 247 1156 274 in
1173 248 1279 275 trabibus
1289 270 1296 281 ,
1310 254 1332 276 et
1345 251 1455 284 pervertit
1467 259 1545 287 usque
1556 251 1590 278 ad
1599 253 1729 286 antiquum
1744 253 1799 280 die-

1015 299 1088 323 rum,
1101 297 1125 318 et
1138 298 1197 319 ante
1211 302 1267 320 eum
1281 294 1380 322 oblatu:
1393 301 1437 323 est.
1454 296 1487 323 Et
1500 298 1572 323 datus
1587 302 1622 324 est
1635 298 1657 324 ei
1672 299 1801 333 principa-

1015 340 1054 362 tus
1069 341 1091 362 et
1104 345 1207 372 regnum
1219 343 1242 365 et
1261 347 1345 366 omnes
1367 341 1466 375 populi,
1481 341 1569 375 tribus,
1586 342 1678 377 linguae
1688 344 1738 378 ipsi
1749 352 1803 371 ser-

1015 381 1079 407 vient
1093 381 1171 416 (Dan.
1185 383 1210 410 7.
1228 382 1282 417 15).
1300 382 1334 410 Et
1344 382 1476 417 judicium
1493 386 1550 421 ejus
1571 386 1607 414 ita
1630 388 1778 416 subindicat
1794 397 1801 415 :

1015 426 1171 462 Aspiciebam
1185 428 1263 456 donec
1274 429 1357 457 throni
1368 431 1442 465 positi
1451 436 1519 465 sunt,
1536 437 1559 459 et
1571 433 1627 460 libri
1637 435 1719 468 aperti
1730 440 1804 461 sunt:

1015 477 1038 498 et
1062 473 1153 507 ﬂuvius
1176 474 1264 509 igneus
1289 476 1407 503 manabat
1430 477 1457 504 in
1480 483 1612 513 conspectu
1635 480 1689 514 ejus
1704 487 1714 506 :
1734 480 1804 507 mille

1016 517 1096 544 millia
1118 519 1291 546 ministrabant
1312 522 1334 548 ei
1346 541 1353 553 ,
1379 527 1402 548 et
1425 522 1505 549 decies
1527 523 1618 550 millies
1637 524 1703 551 dena
1723 525 1803 552 millia

1015 563 1160 590 assistebant
1179 565 1211 590 ei.
1236 564 1325 600 Neque
1345 567 1394 593 hoc
1409 572 1510 594 tantum
1528 573 1635 602 narrat,
1658 570 1705 597 scd
1725 578 1805 605 quem

1015 607 1078 640 justi
1093 608 1204 636 habituri
1217 615 1278 636 sunt
1292 610 1418 639 honorem
1430 612 1469 639 sic
1483 613 1609 640 describit
1619 623 1626 640 :
1636 614 1668 640 Et
1677 615 1803 650 judicium

1017 653 1084 679 dedit
1099 654 1189 681 sanctis
1201 654 1322 682 Altissimi
1335 677 1342 689 ,
1364 662 1388 683 et
1410 665 1514 692 regnum
1535 659 1693 686 obtinuerunt
1712 662 1803 688 sancti.

1017 696 1158 725 Malachias
1174 707 1236 726 vero
1252 699 1303 728 hoc
1313 701 1441 735 judicium
1456 709 1501 736 per
1514 703 1600 738 ignem
1615 703 1730 732 futurum
1745 713 1805 733 esse

1017 741 1134 769 declarat
1153 743 1195 770 his
1216 744 1303 771 verbis
1319 754 1326 772 :
1340 745 1405 773 Ecce
1424 748 1477 782 ipse
1497 747 1635 783 ingreditur
1655 750 1720 776 sicut
1740 751 1806 784 ignis

1017 787 1170 821 conﬂatorii,
1187 793 1209 815 et
1220 790 1283 816 sicut
1297 790 1372 817 Iterba
1382 791 1508 825 fullonum
1525 792 1650 828 (Malac/t.
1664 794 1690 821 5.
1707 793 1745 830 2).
1762 795 1806 822 Vi-

1018 832 1106 859 distin‘
1126 833 1313 868 prophctarum
1332 837 1542 870 accurationem,
1557 838 1691 872 quomodo
1704 840 1803 872 omnia,

1018 885 1077 912 qua:
1095 877 1183 906 futura
1205 885 1285 914 sunt,
1308 882 1463 909 annuutiarc
1484 883 1711 917 prreoccuparint'.’
1734 884 1805 918 Quo-

1019 923 1098 950 modo
1108 932 1171 959 crgo
1188 925 1274 952 adhuc
1287 926 1438 954 incredulus
1457 935 1564 956 manere
1586 929 1688 962 audes,
1711 929 1807 957 talibus

1019 969 1134 1004 acceptis
1154 970 1212 1005 ejus
1231 971 1336 999 virtutis
1350 972 1637 1006 demonstratiuuibus,
1651 982 1710 1002 cum
1726 975 1807 1002 verbo

1019 1013 1109 1041 videas
1123 1015 1222 1042 tamdiu
1236 1020 1297 1043 ante
1308 1017 1483 1051 prznnunliuta
1495 1038 1502 1051 ,
1523 1025 1618 1053 resque
1631 1019 1719 1046 videas
1735 1019 1805 1047 acci-

1019 1059 1082 1087 dere
1104 1061 1193 1088 verbis
1214 1067 1345 1089 consonas
1357 1082 1364 1095 ,
1388 1062 1422 1089 ita
1436 1068 1464 1090 ut
1479 1063 1544 1091 nihil
1564 1064 1672 1090 omnino
1685 1065 1806 1092 excidat?

1019 1105 1146 1140 Quodque
1155 1106 1211 1134 haec
1223 1114 1275 1134 non
1286 1107 1408 1142 ﬁgmenta
1420 1114 1509 1135 nostra
1520 1109 1582 1142 sint,
1595 1110 1766 1137 testiﬁcantur
1777 1111 1806 1143 ii,

1019 1152 1062 1186 qui
1078 1152 1154 1186 primi
1166 1152 1248 1179 libros
1259 1157 1428 1188 acceperunt,
1442 1157 1469 1181 et
1483 1156 1626 1181 etiamnum
1637 1161 1805 1187 conservant,

1020 1197 1118 1224 inimici
1142 1198 1245 1231 nostri,
1269 1198 1468 1234 abnepotesque
1490 1207 1582 1227 eorum
1598 1200 1641 1234 qui
1667 1200 1809 1228 Dominum,

1019 1244 1205 1270 crucilixerunt
1223 1252 1230 1270 :
1246 1244 1290 1279 qui
1311 1244 1393 1272 libros
1404 1265 1415 1278 ,
1430 1245 1553 1279 inquam,
1567 1245 1636 1280 apud
1651 1253 1679 1273 se
1693 1246 1808 1273 retinent

1019 1292 1047 1315 et
1068 1293 1236 1315 conservant.
1265 1289 1298 1316 Et
1316 1289 1360 1324 qui
1380 1289 1437 1316 ﬁeri
1460 1291 1558 1324 possit,
1582 1290 1652 1318 dicet
1665 1291 1807 1325 quispiam,

1021 1339 1049 1361 ut
1064 1334 1146 1361 libros
1156 1334 1285 1362 habentes
1294 1343 1346 1362 non
1359 1335 1485 1362 credant?
1500 1336 1565 1371 Quia
1575 1341 1635 1364 tunc
1646 1337 1736 1369 etiam,
1747 1345 1808 1364 cum

1020 1388 1080 1407 eum
1090 1380 1217 1407 mirabilia
1229 1385 1384 1415 operantem
1400 1381 1530 1414 viderent,
1547 1390 1603 1409 non.
1614 1382 1802 1411 crediderunt:

1020 1425 1067 1452 sed
1083 1425 1133 1452 hoc
1152 1433 1204 1452 non
1224 1431 1265 1453 est
1279 1427 1379 1453 crimen
1403 1427 1459 1461 ejus
1472 1427 1515 1454 cui
1530 1435 1583 1454 non
1603 1428 1735 1461 creditur,
1759 1429 1809 1455 sed

1021 1478 1111 1498 eorum
1123 1471 1216 1506 magis,
1229 1471 1272 1506 qui
1286 1472 1312 1498 in
1325 1471 1435 1499 meridie
1448 1473 1600 1500 excutiunt.
1617 1473 1682 1500 Nam
1695 1479 1722 1501 et
1737 1474 1813 1505 hunc,

1021 1516 1147 1543 mundum
1173 1516 1199 1542 in
1221 1515 1310 1544 medio
1333 1517 1486 1551 proposuit,
1511 1518 1714 1545 instrumentum
1736 1519 1811 1549 omni

1021 1561 1199 1589 concinnitate
1212 1561 1388 1594 elaboratum,
1403 1570 1493 1589 vocem
1509 1562 1624 1598 undique
1637 1563 1771 1596 cmittens,
1781 1569 1810 1593 et

1022 1612 1169 1635 creatorem
1193 1607 1339 1642 prwdicans
1361 1617 1367 1635 :
1388 1612 1414 1635 et
1441 1613 1527 1635 tamen
1553 1608 1659 1643 quidam
1687 1609 1811 1636 homines

1021 1658 1092 1686 sunt,
1108 1653 1153 1687 qui
1167 1653 1208 1680 vel
1223 1657 1357 1680 automata
1377 1660 1435 1680 esse
1448 1653 1554 1686 dicunt,
1570 1653 1612 1681 vel
1627 1654 1720 1681 horum
1734 1662 1809 1681 crea-

1023 1699 1120 1725 tionem
1141 1702 1220 1733 alque
1245 1698 1437 1733 providentiam
1463 1698 1614 1726 hominibus
1638 1701 1809 1734 adscribunt;

1022 1744 1064 1771 alii
1080 1751 1142 1771 vero
1157 1744 1266 1771 fortuna:
1277 1765 1285 1777 ,
1302 1745 1364 1778 fato,
1379 1745 1479 1779 genesi,
1493 1745 1534 1772 vel
1547 1746 1681 1773 stellarum
1696 1753 1809 1773 conver-

1021 1790 1149 1818 sionibus.
1173 1790 1269 1817 Verum
1294 1790 1344 1817 hoc
1358 1791 1459 1818 crimen
1481 1799 1533 1818 non
1549 1791 1575 1818 in
1589 1792 1712 1826 opilicem
1727 1792 1810 1825 cadit,

1022 1836 1069 1864 sed
1084 1837 1109 1863 in
1125 1843 1187 1870 eos,
1202 1836 1246 1870 qui
1260 1836 1328 1863 inter
1347 1841 1386 1863 tot
1406 1836 1522 1864 remedia
1536 1837 1622 1865 adhuc
1633 1839 1759 1865 extremis
1774 1838 1812 1865 la-

1023 1881 1117 1908 borant
1137 1882 1245 1909 morbis.
1271 1881 1497 1915 Quemadmodum
1519 1883 1590 1910 enim
1614 1883 1681 1910 bene
1701 1883 1812 1911 allectus

1022 1928 1126 1955 animus
1148 1927 1210 1962 quid
1225 1927 1294 1955 facto
1305 1936 1371 1962 opus
1385 1928 1418 1955 sit
1439 1929 1508 1956 videt
1521 1950 1528 1962 ,
1543 1936 1593 1956 nec
1608 1929 1698 1957 multis
1711 1930 1744 1957 ad
1760 1932 1811 1957 hoc

1020 1977 1082 2008 eget
1095 1973 1254 2008 adjumentis
1267 1982 1274 2005 ;
1290 1973 1328 2000 sic
1350 1973 1503 2008 imprudens
1516 1981 1546 2001 ac
1559 1975 1692 2009 stupidus,
1706 1975 1811 2004 etiamsi

1023 2020 1176 2046 innumeros
1199 2019 1294 2046 habeat
1313 2019 1468 2054 magistros,
1490 2019 1626 2047 alIectibus
1641 2028 1810 2056 prazoccnpa-

1023 2069 1075 2097 tus,
1092 2065 1118 2092 in
1133 2066 1251 2094 ctecitate
1261 2069 1421 2099 perseverat.
1439 2065 1493 2092 lloc
1506 2065 1585 2100 igitur
1593 2073 1699 2100 semper
1707 2066 1811 2100 videas,

1023 2118 1076 2138 non
1091 2111 1117 2137 in
1133 2110 1183 2142 hao
1195 2118 1223 2137 re
1238 2111 1333 2142 solum,
1345 2111 1391 2138 sed
1407 2111 1433 2137 iu
1447 2110 1506 2137 aliis
1521 2118 1636 2145 quoque.
1656 2111 1727 2144 Quot
1738 2111 1809 2139 cuitu

1023 2160 1100 2189 sunt,
1117 2156 1233 2191 quicum
1255 2156 1352 2185 nullam
1372 2156 1506 2183 audissent
1524 2157 1627 2191 legem,
1651 2158 1761 2185 honeste
1779 2165 1811 2185 ac

1024 2201 1138 2236 legitime
1159 2201 1301 2228 vixerunt?
1323 2201 1373 2229 Alii
1389 2209 1451 2228 vero
1464 2209 1478 2228 a
1494 2202 1603 2236 pueritia
1619 2201 1651 2229 ad
1664 2208 1809 2229 extremam

1023 2254 1108 2281 usque
1127 2251 1290 2277 senectutem
1315 2246 1341 2273 in
1366 2246 1466 2281 legibus
1481 2247 1603 2280 educati,
1623 2255 1668 2274 eas
1694 2247 1810 2274 violandi

1023 2300 1164 2327 numquam
1180 2292 1258 2319 finem
1272 2291 1400 2319 fecerunt.
1427 2292 1489 2323 ﬂare
1503 2297 1530 2319 ct
1548 2293 1616 2327 apud
1631 2297 1734 2320 veteres
1746 2300 1812 2320 con-

1024 2338 1160 2372 tigerunt:
1175 2345 1235 2364 nam
1253 2337 1337 2364 Judari
1361 2337 1506 2365 innumeris
1527 2337 1607 2372 signis
1626 2342 1653 2365 ct
1677 2338 1813 2365 miraculis

1024 2391 1076 2411 non
1100 2383 1223 2415 meliores
1237 2383 1323 2411 elfecti
1344 2387 1424 2416 sunt;
1449 2383 1569 2410 Ninivitte
1582 2391 1645 2410 vero
1660 2391 1711 2411 una
1725 2384 1812 2411 solum

1024 2430 1111 2457 audita
1127 2437 1191 2457 voce
1205 2430 1389 2465 resipuerunt,
1412 2435 1438 2457 et
1452 2438 1466 2456 a
1480 2430 1594 2465 peccatis
1616 2431 1718 2458 liberati
1739 2436 1811 2458 sunt.

1026 2475 1082 2502 Hoc
1095 2475 1174 2501 etiam
1188 2475 1278 2502 videre
1300 2479 1337 2502 est
1361 2483 1412 2502 non
1433 2475 1458 2502 in
1474 2475 1605 2508 nobilibus
1619 2480 1720 2503 tantum
1734 2476 1810 2509 viris,

1025 2520 1072 2547 sed
1092 2520 1171 2547 etiam
1195 2519 1222 2547 in
1246 2520 1359 2547 obscuro
1378 2521 1437 2548 loco
1462 2521 1540 2548 natis.
1564 2521 1666 2557 Quanta
1692 2521 1812 2549 doctrina

1025 2572 1077 2591 non
1093 2565 1207 2592 imbutus
1219 2569 1260 2592 est
1271 2565 1374 2593 Judas?
1388 2570 1414 2593 et
1430 2570 1516 2594 tamen
1531 2566 1650 2600 proditor
1665 2565 1750 2593 factus
1759 2571 1812 2594 est.

1024 2611 1106 2644 Quam
1127 2611 1334 2639 admonitionem
1350 2612 1440 2639 habuit
1461 2612 1548 2639 latro?
1567 2617 1681 2642 attamen
1696 2614 1722 2640 in
1735 2621 1814 2641 cruce

1024 2655 1157 2683 Christum
1170 2657 1305 2684 confessus
1317 2662 1375 2690 est,
1399 2662 1426 2685 et
1445 2666 1555 2693 regnum
1575 2658 1633 2693 ejus
1648 2658 1811 2693 praedicavit.

1024 2701 1062 2728 Ne
1076 2702 1154 2737 igitur
1168 2711 1182 2728 a
1196 2707 1379 2738 corruptorum
1396 2703 1531 2730 hominum
1552 2708 1642 2731 mente
1661 2711 1750 2730 rerum
1770 2704 1815 2738 ju-

1025 2746 1123 2774 diciqu
1143 2747 1222 2775 facias
1235 2755 1242 2780 ;
1264 2748 1310 2775 sed
1325 2748 1358 2775 ab
1372 2748 1427 2782 ipsa
1441 2756 1529 2775 rerum
1543 2750 1653 2776 veritate
1665 2755 1816 2784 congruen-

1027 2799 1079 2825 tem
1101 2793 1230 2821 calculum
1255 2801 1336 2829 ponas
1350 2794 1382 2822 de
1403 2795 1452 2827 iis,
1478 2795 1521 2830 qui
1537 2799 1609 2822 recta
1621 2794 1730 2822 consilia
1751 2798 1817 2826 sunt
