2055 3122
235 103 286 132 829

234 166 358 202 amplexi.
374 166 430 194 Non
448 165 618 194 crediderunt
631 164 715 193 ludati
725 185 732 198 ,
748 163 919 192 crediderunt
932 163 1023 191 Genti-

236 214 282 240 les.
296 213 370 246 Quod
387 213 470 247 ipsum
486 220 537 239 non
553 211 659 239 silentio
675 211 882 245 przetermissnm
897 215 936 237 est
954 219 960 236 :
977 209 1023 237 sed

236 258 315 286 David
330 258 433 292 quidem
449 258 512 284 dicit
527 266 533 283 :
547 256 608 283 Filii
621 257 696 283 alieni
711 257 807 282 mentiti
819 261 876 282 sunt
889 256 960 288 mihi,
977 255 1024 289 ﬁlii

234 304 311 330 alieni
325 303 453 329 inveterati
476 307 550 335 sunt,
573 306 596 328 et
608 302 811 329 claudicaverunt
827 310 842 328 α
860 302 952 328 semitis
972 301 1024 327 suis

236 349 320 383 (Psal.
339 349 381 375 f7.
397 349 443 382 Mi)
459 356 466 374 :
483 347 591 374 lli-saias
605 355 668 374 vero
686 356 693 374 :
708 346 827 379 Domine,
843 347 898 381 quis
919 346 1023 373 credidit

235 394 331 419 mtditui
348 398 447 423 nostra,
472 398 494 419 et
514 393 642 419 brachium
657 392 759 419 Domini
781 393 822 419 cui
838 392 973 422 revelatum
987 397 1023 419 est

229 435 333 471 (Ilesai.
346 434 485 469 53.1)?Et
496 442 604 462 rursum
618 444 625 462 :
638 434 762 462 Inventus
771 443 828 462 sum
840 436 872 462 ab
885 437 917 463 iis
926 438 970 472 qui
978 447 1018 465 me

228 490 279 508 mm
294 480 444 516 qurerebant
460 481 634 514 :couspicuus
647 480 798 515 factussum
814 482 846 508 iis
854 483 899 517 qui
912 491 952 511 me
965 493 1017 512 non

227 528 423 563 interrogabant
440 528 543 563 (llesai.
559 528 603 555 65.
618 528 654 561 1).
672 529 761 563 Atque
776 530 802 556 in
816 529 876 564 ipso
889 531 948 565 ejus
967 533 1016 560 ad-

234 578 313 600 ventu
327 573 474 601 Chananma
490 578 518 601 et
530 573 694 602 Samaritana
716 574 811 602 mulier
832 574 1021 602 crediderunt:

234 618 385 645 sacerdotes
409 622 498 645 autem
521 623 548 646 et
572 619 705 654 principes
734 619 833 646 bellum
861 619 1022 654 insidiasque

235 663 360 697 parabant
371 684 379 696 ,
401 663 519 698 aliosque
532 664 670 698 abigebant
683 685 689 697 ,
703 668 730 691 et
748 672 781 691 ex
795 672 927 700 synagoga
943 665 1022 699 pelle-

235 709 296 735 bant
309 717 354 736 eos
367 730 373 742 ,
394 709 437 744 qui
458 710 485 736 in
510 710 595 745 ipsum
617 710 765 738 crederent.
789 711 827 738 Ne
842 711 921 746 igitur
935 715 960 738 te
973 712 1022 738 ista

233 755 413 782 conturbent:
429 755 520 783 multis
544 756 694 790 bujusmodi
717 757 847 791 exemplis
870 758 946 791 plena
970 758 1023 785 vita

234 805 323 827 nostra
335 806 374 828 est
386 821 394 833 ,
409 805 463 828 tum
477 806 569 829 nostro
583 807 636 829 tum
652 803 786 837 praeterito
800 807 927 838 tempore.
949 804 1022 831 Alio-

232 846 295 879 quin
316 854 397 879 vero,
415 846 438 873 si
458 854 510 874 non
531 855 640 880 omnes,
663 848 738 875 multi
753 852 826 876 certe
840 856 872 876 ex
885 848 984 876 Judaeis
996 853 1022 877 et

233 898 294 920 tunc
317 898 343 919 et
364 898 456 920 nostro
479 899 597 928 tempore
616 894 797 922 crediderunt.
823 895 897 929 Quod
920 895 942 922 si
969 903 1021 923 non

232 945 325 965 omnes
347 939 411 965 nihil
429 947 493 966 sane
513 947 611 967 ttovutn
626 945 672 967 aut
685 940 806 968 mirabile
822 950 829 968 :
845 941 905 968 talis
924 941 1022 976 quippe

231 989 271 1011 est
287 985 403 1020 ingratus
416 986 519 1012 animus
529 1006 536 1019 ,
558 986 616 1013 talis
629 994 705 1014 mens
724 987 827 1014 ratione
841 995 922 1014 vacua
933 1008 941 1021 ,
963 988 1022 1015 talis

231 1029 318 1056 anima
333 1029 408 1057 malis
423 1030 559 1058 affectibus
574 1035 712 1065 occupata.

267 1074 446 1103 Pi'wdt’ctiones
458 1085 475 1103 a
486 1076 585 1104 Christo
597 1078 705 1112 prolata:
716 1078 771 1113 ejus
787 1079 923 1113 potentiam
939 1084 1023 1106 osten-

231 1120 302 1147 dunt.
315 1135 350 1141 ——
369 1121 501 1149 Czeterum
515 1123 575 1158 quia
591 1124 743 1158 prophetias
758 1124 792 1152 de
813 1124 919 1152 Christo
942 1126 1022 1152 tantis

230 1170 306 1192 antea
322 1168 484 1201 temporibus
494 1175 508 1195 a
523 1168 658 1203 prophetis
672 1169 822 1197 enuntiatus
837 1171 997 1204 protulimus
1012 1180 1019 1197 τ

230 1220 278 1246 age
290 1213 314 1239 in
327 1214 442 1241 tnediutn
455 1215 597 1243 alferamus
607 1223 663 1249 eas,
675 1224 733 1251 qua:
748 1217 781 1244 de
792 1217 836 1244 illo
849 1225 910 1245 cum
924 1223 1020 1246 terram

230 1258 362 1292 circuirct,
374 1264 468 1287 etcum
478 1260 629 1288 hominibus
641 1268 844 1290 conversaretur
853 1263 930 1290 edite
939 1269 1001 1291 sunt
1013 1274 1020 1292 :

231 1308 259 1330 ut
275 1303 336 1331 hinc
350 1305 429 1332 etiam
442 1306 500 1340 ejus
523 1308 667 1341 potentiam
679 1308 791 1335 ediscas.
817 1308 881 1336 Cum
895 1310 1020 1337 advenis-

229 1354 270 1376 set
283 1349 361 1384 igitur
371 1371 377 1382 ,
393 1356 420 1378 et
435 1352 527 1379 salutis
543 1352 678 1380 hominum
691 1354 824 1388 negotium
838 1361 927 1389 ageret
940 1377 947 1389 ,
964 1360 1019 1383 tum

229 1402 321 1421 eorutn
332 1416 339 1428 ,
355 1396 399 1430 qui
416 1401 477 1425 tunc
492 1397 518 1424 in
529 1398 610 1431 vivis,
625 1403 679 1425 tum
693 1400 771 1426 etiam
785 1408 887 1432 eorum,
904 1402 949 1436 qui
960 1405 1020 1436 post

230 1440 310 1467 futuri
333 1447 421 1475 erant,
449 1443 528 1470 variis
550 1444 620 1471 illaut
641 1445 728 1472 modis
749 1447 915 1480 procurabat.
943 1447 1017 1480 Vide,

230 1494 339 1520 quaeso,
371 1487 434 1522 qttid
463 1488 550 1515 faciat.
589 1490 712 1518 Miracnla
737 1491 812 1525 edit,
842 1497 868 1519 et
894 1493 1016 1526 quaedam

229 1532 348 1565 praedicit
367 1533 451 1568 longis
473 1540 564 1569 postea
586 1537 749 1571 temporibus
763 1543 888 1565 eventura
900 1559 907 1572 ,
923 1547 954 1566 ac
971 1548 1018 1574 per

230 1585 262 1604 ea
277 1586 335 1612 qum
350 1584 411 1607 tunc
425 1581 522 1608 fiebant
534 1601 541 1613 ,
557 1582 588 1609 iis
601 1591 659 1617 qua:
675 1583 719 1610 diu
734 1589 824 1618 postea
843 1585 928 1612 futura
943 1590 1019 1613 erant

227 1623 393 1652 auditoribus
418 1628 592 1660 prtesentibus
612 1628 689 1656 fidem
710 1629 811 1657 faciens
826 1640 833 1658 :
848 1630 941 1658 futuris
954 1640 1020 1666 quo—

227 1677 278 1703 que
296 1678 329 1696 ex
347 1676 442 1698 eventu
457 1673 657 1706 prredictionutn
673 1675 809 1703 credibilia
832 1676 947 1704 reddens
967 1678 1018 1704 ini-

227 1717 313 1743 raeula
341 1717 387 1745 illo
413 1722 533 1753 tempore
556 1720 626 1747 edita
652 1730 658 1748 :
682 1726 762 1756 atque
786 1730 819 1749 ex
843 1722 893 1750 ltac
919 1723 1019 1758 duplici

227 1762 452 1792 demonstratione
473 1766 552 1794 fidem
573 1767 672 1796 faciens
695 1768 745 1801 iis,
769 1776 827 1804 qua:
852 1769 885 1796 ad
907 1777 1018 1806 regnum

227 1810 405 1842 pertinebant.

262 1855 305 1881 12.
321 1855 386 1883 Nam
401 1857 521 1891 duplices
539 1864 615 1886 erant
630 1859 688 1894 ejus
701 1860 901 1894 praedictiones,
927 1867 955 1889 et
977 1862 1018 1890 ha:

226 1900 332 1933 quidem
353 1901 378 1928 in
398 1903 522 1936 prtesenti
542 1904 595 1931 vita
618 1909 753 1933 eventurze
772 1911 865 1940 erant,
889 1907 941 1934 illa:
954 1915 1018 1936 vero

227 1950 286 1978 post
309 1946 392 1981 ipsam
416 1950 672 1977 consummationem
689 1951 801 1986 aliteque
821 1952 934 1980 aliarum
947 1953 1017 1980 veri-

226 1995 306 2018 tatem
331 1991 480 2021 luculenter
501 1995 755 2023 commonstrahant.
783 1997 903 2032 Exempli
925 2005 1014 2031 causa,

226 2043 287 2062 nam
300 2036 441 2064 obscurum
457 2038 555 2066 dictum
576 2040 682 2074 planum
697 2040 784 2068 facere
795 2045 933 2077 satagam;
949 2043 1017 2071 duo-

225 2081 311 2109 decim
327 2082 411 2116 ipsunt
426 2083 546 2119 discipuli
570 2085 770 2120 sequebantur:
784 2087 930 2115 Ecclesium
953 2097 1016 2117 vero

225 2135 304 2155 nemo
319 2129 360 2156 vel
374 2137 403 2156 re
418 2129 458 2157 vel
472 2131 578 2158 nomine
599 2136 699 2159 tantum
714 2138 842 2160 noverat:
858 2141 918 2161 nam
932 2134 1017 2170 Syna-

223 2182 289 2209 goga
305 2175 415 2203 florebat
431 2176 526 2204 adltuc.
555 2177 622 2212 Quid
638 2179 717 2213 igitur
738 2180 819 2213 dixit,
836 2185 862 2208 et
876 2181 941 2209 orbe
962 2182 1017 2210 fere

225 2225 280 2246 toto
291 2221 316 2248 in
331 2222 464 2256 impietate
474 2223 581 2250 detento
595 2226 735 2259 pratdixit?
749 2226 832 2261 Super
843 2227 909 2254 hanc
919 2234 1017 2263 petram

222 2266 353 2301 wdiﬁcubo
366 2267 505 2295 Ecclesium
521 2278 617 2303 meatu,
634 2275 656 2297 et
671 2276 751 2305 porta:
767 2272 842 2308 inferi
856 2281 905 2300 non
918 2282 1016 2309 preva-

223 2312 308 2339 lebunt
327 2313 445 2341 adversus
467 2323 522 2341 eam
546 2315 652 2349 (Matth.
669 2316 712 2344 16.
727 2317 784 2352 18).
812 2318 939 2346 Examina
964 2319 1016 2347 boc

223 2357 323 2385 dictum
336 2359 445 2392 utlibet,
457 2364 483 2387 et
493 2361 630 2389 veritatem
645 2362 702 2396 ejus
712 2362 886 2398 refulgentem
900 2364 1014 2392 videbis.

226 2403 282 2430 Non
296 2405 366 2431 enim
380 2406 442 2433 illud
467 2407 553 2434 solum
577 2407 714 2442 mirabile,
737 2409 807 2443 quod
826 2416 885 2437 eam
907 2410 934 2437 in
957 2410 1016 2437 uni-

225 2456 303 2476 verso
319 2451 382 2478 ‘orbe
402 2452 587 2485 mdificaverit,
612 2453 660 2481 sed
682 2454 752 2488 quod
772 2454 895 2482 invictam
911 2454 1014 2488 fecerit,

225 2500 251 2521 et
266 2500 303 2522 tot
313 2496 436 2530 agitatam
451 2497 527 2525 bellis
540 2499 674 2526 invictam.
689 2499 756 2527 Illud
768 2499 838 2527 enitn
855 2509 861 2527 ε
877 2499 964 2528 Porta:
976 2502 1017 2528 in-

225 2541 272 2574 [m'
286 2549 336 2567 non
349 2543 519 2576 prtevalebunt
530 2544 649 2571 adversus
663 2553 732 2579 eam,
749 2545 867 2580 pericula
881 2550 943 2573 sunt
956 2554 1016 2582 quae

225 2586 250 2611 in
273 2586 405 2613 infernum
420 2587 563 2615 deducunt.
590 2589 712 2617 Vidistin‘
725 2590 905 2626 praadictionis
917 2592 1016 2619 verita-

226 2631 300 2658 tem?
332 2631 452 2659 Vidistin’
465 2638 575 2661 eventus
596 2635 696 2662 robur?
711 2635 830 2663 Vidistin‘
842 2636 923 2664 verba
936 2637 1016 2665 rebus

227 2677 289 2710 ipsis
307 2677 422 2704 lucentia
436 2697 442 2709 .
456 2682 483 2705 et
495 2679 547 2705 vim
560 2679 764 2714 insuperabilem
779 2681 868 2709 omnia
882 2682 954 2709 nullo
967 2690 1015 2710 ne-

227 2724 297 2756 gotio
321 2722 481 2750 facientem?
506 2724 560 2751 Etsi
575 2725 646 2752 enim
668 2726 749 2754 breve
763 2726 861 2754 dictum
883 2728 918 2754 sit
941 2728 1015 2762 illud,

225 2769 373 2803 (Ediﬁcnbo
388 2769 526 2797 Ecclesium
538 2779 632 2804 meam,
648 2780 681 2799 ne
695 2772 849 2808 simpliciter
863 2779 1014 2809 prattereas,

228 2816 272 2842 sed
288 2816 314 2843 iu
335 2821 423 2843 mente
440 2817 545 2845 rcvolve
559 2837 567 2851 ,
592 2823 618 2845 et
636 2819 721 2854 cogita
743 2825 870 2855 quantum
884 2820 918 2848 sit
934 2826 1016 2849 totum

499 103 635 132 CONTRA
655 101 794 130 JUDJEOS
814 102 857 130 ET
877 101 1059 137 GENTILES,
1079 102 1170 137 QUOD
1190 103 1357 133 CHRISTUS
1376 104 1429 132 SIT
1448 104 1549 133 DbUS.

1818 102 1870 129 830

1078 161 1171 191 orbem
1195 167 1248 191 tam
1262 163 1334 192 brevi
1351 167 1470 199 tempore
1486 161 1612 191 Ecclesiis
1626 161 1788 198 replevisse,
1808 166 1867 188 tan-

1079 212 1118 235 tas
1125 209 1288 236 convertisse
1301 214 1403 244 gentes,
1413 209 1517 244 populis
1525 208 1700 243 persuasiSse,
1711 212 1740 235 ut
1751 210 1868 241 paternis

1077 253 1170 280 solutis
1185 254 1286 288 legibus
1309 254 1454 282 radicatam
1472 253 1692 281 consuetudinem
1709 252 1866 286 evelfcmttt,

1077 299 1220 334 voluptatis
1244 300 1428 335 tyrannidem,
1451 299 1576 334 nequitia:
1597 299 1649 327 vim
1664 305 1713 326 ten
1734 298 1868 333 pulverem

1077 344 1220 379 ejicerent,
1238 353 1297 372 aras
1308 366 1316 379 ,
1337 345 1434 380 templa
1447 366 1455 378 ,
1472 345 1542 372 idola
1554 365 1561 376 ,
1577 343 1702 380 mysteria
1715 364 1722 375 ,
1742 343 1867 378 profanas

1077 390 1279 424 solemnitates,
1306 390 1492 425 itnpurutnque
1514 389 1647 422 nidorem,
1668 388 1743 424 quasi
1765 387 1868 415 fumutn

1077 436 1216 471 quemdam
1232 436 1370 469 delerent;
1387 436 1482 471 ubique
1502 435 1594 462 altaria
1609 435 1770 466 excitarent,
1784 434 1811 461 itt
1824 442 1867 461 reo

1076 482 1154 518 gione
1165 481 1355 514 Romanorum,
1367 482 1515 513 Persarum,
1523 480 1691 516 Scytharum,
1703 479 1866 512 Maurorum,

1078 528 1199 555 ludorum
1214 536 1221 554 :
1235 527 1298 562 quid
1312 527 1390 554 dico?
1401 527 1442 554 vel
1455 531 1530 553 extra
1544 526 1636 553 orbem
1655 529 1784 552 nostrum.
1800 523 1866 551 Nam

1077 578 1103 600 et
1118 573 1272 600 Britannicae
1288 572 1396 605 insulte,
1419 579 1478 607 qua:
1495 576 1569 598 extra
1586 571 1636 598 hoc
1650 578 1723 598 mare
1735 570 1793 597 sitm
1805 575 1869 597 sunt

1076 623 1104 646 ct
1125 619 1150 645 iit
1174 619 1232 653 ipso
1246 618 1352 645 Oceano
1362 638 1370 650 ,
1389 617 1441 644 vim
1464 616 1538 644 verbi
1553 620 1693 643 senserunt
1708 624 1714 642 :
1729 615 1782 642 illic
1795 615 1868 642 enim

1076 664 1203 691 Ecclesim
1216 669 1242 691 et
1256 663 1347 691 altaria
1358 667 1448 690 erecta
1462 662 1550 690 fuere.
1566 661 1682 689 Verbum
1701 661 1765 688 illud
1775 681 1782 693 ,
1797 660 1869 695 quod

1077 714 1139 737 tunc
1152 709 1196 737 ille
1209 709 1334 744 protulit,
1350 709 1376 736 in
1397 708 1516 735 omnium
1538 706 1634 734 animis
1655 707 1800 741 plautatum
1814 709 1865 737 est,

1076 763 1123 790 per
1135 756 1254 783 omnium
1269 762 1315 782 ora
1330 754 1413 782 fertur
1429 763 1436 781 :
1455 758 1482 781 et
1496 758 1565 781 terra
1576 774 1583 786 ,
1597 758 1626 780 ut
1640 753 1674 779 ita
1689 751 1776 779 dicam
1788 772 1795 782 ,
1808 751 1867 778 uui-

1075 808 1162 833 versa,
1176 801 1257 835 spinis
1268 800 1369 835 repleta
1378 799 1519 827 emundata
1532 803 1583 831 est,
1595 805 1657 833 ager
1668 804 1748 832 purus
1759 796 1868 824 eﬁ'ectua

1076 851 1126 879 est,
1139 846 1296 880 pietatisque
1309 845 1410 872 semina
1425 844 1550 879 suscepit.
1575 844 1667 878 Magna
1683 850 1746 869 sane
1757 849 1800 869 res
1814 846 1866 874 est,

1077 898 1181 925 magna,
1198 891 1303 926 inquam
1314 911 1321 924 ,
1337 890 1391 918 imo
1404 897 1516 917 summae
1530 888 1719 923 magnitudinis
1730 891 1757 914 et
1770 887 1867 915 divina!

1076 936 1180 963 virtutis
1194 940 1377 971 argumentum
1394 935 1520 963 :nemine
1534 935 1625 962 turbas
1637 938 1778 965 movente,
1801 939 1869 966 pace

1077 989 1196 1014 summa,
1214 982 1276 1009 licet
1294 981 1373 1008 multi
1386 979 1578 1008 conturbarcnt
1589 983 1616 1006 et
1629 986 1709 1006 nemo
1722 977 1868 1005 reluctarc-

1076 1032 1118 1054 tur
1128 1047 1136 1060 ,
1160 1027 1276 1061 potuisse
1298 1030 1401 1055 tantum
1414 1026 1508 1054 orbem
1526 1024 1666 1052 confestim
1679 1031 1695 1050 a
1708 1031 1788 1058 prava
1803 1023 1868 1050 tanti

1077 1072 1203 1107 temporis
1225 1071 1418 1099 consuetudine
1441 1070 1548 1098 liberari
1559 1090 1567 1102 .
1590 1070 1619 1096 in
1631 1069 1711 1096 aliam
1724 1075 1787 1096 vero
1801 1075 1867 1095 con-

1074 1118 1240 1145 saetudinem
1259 1118 1336 1152 longe
1346 1117 1522 1145 difficiliorem
1533 1115 1643 1143 traduci.
1663 1114 1753 1149 Neque
1765 1119 1868 1141 tantum

1074 1165 1239 1195 consuetudo
1252 1164 1456 1197 adversabatur,
1472 1163 1519 1191 sed
1533 1163 1612 1190 etiam
1628 1162 1749 1197 voluptas
1762 1160 1868 1188 detine-

1074 1213 1136 1245 bat,
1159 1212 1213 1239 duo
1238 1211 1368 1247 tyrattttici
1391 1210 1503 1238 obices:
1520 1217 1581 1236 nam
1603 1216 1663 1244 qua:
1685 1216 1701 1235 a
1723 1208 1868 1235 multorum

1073 1266 1204 1286 annorum
1223 1257 1356 1285 curriculo
1367 1264 1382 1285 a
1396 1256 1513 1292 patrihus
1524 1276 1532 1288 ,
1545 1255 1603 1282 avis
1613 1275 1621 1287 ,
1635 1254 1726 1282 abavis
1735 1275 1742 1287 ,
1758 1254 1868 1288 majori-

1074 1305 1124 1332 bus
1135 1325 1143 1338 ,
1159 1304 1325 1342 philosophis
1335 1307 1364 1331 et
1372 1303 1524 1331 rhetoribus
1537 1306 1696 1337 acceperant
1705 1322 1712 1335 ,
1728 1309 1759 1328 ea
1773 1308 1867 1335 respu-

1074 1357 1130 1382 ere.
1145 1357 1204 1384 qua:
1218 1357 1262 1376 res
1276 1348 1418 1376 admodum
1434 1347 1548 1374 difficilis
1560 1350 1637 1379 erat,
1652 1345 1826 1379 docebantur,
1840 1349 1868 1372 et

1073 1402 1168 1422 novam
1180 1395 1301 1429 accipere
1317 1392 1536 1421 consuetudinem
1548 1413 1555 1425 ,
1577 1399 1690 1427 eamque
1701 1411 1708 1424 ,
1723 1390 1794 1426 quod
1806 1398 1867 1426 gra-

1074 1441 1131 1468 vius
1149 1446 1208 1468 erat
1219 1461 1226 1474 ,
1243 1440 1320 1467 valde
1334 1440 1428 1467 durata
1442 1444 1469 1467 et
1481 1439 1633 1466 molestam.
1657 1438 1776 1465 Abduxit
1790 1445 1805 1464 a
1818 1444 1866 1464 vo-

1074 1488 1191 1522 luptate,
1215 1491 1242 1515 et
1257 1486 1359 1514 induxit
1381 1485 1408 1513 in
1431 1486 1562 1521 jejunium
1576 1493 1583 1511 :
1599 1484 1710 1512 abduxit
1729 1484 1763 1511 ab
1775 1491 1868 1511 amore

1073 1534 1261 1569 pecuniarum,
1286 1538 1313 1560 et
1332 1533 1434 1561 induxit
1453 1533 1479 1559 in
1503 1536 1702 1567 paupertatem;
1727 1530 1866 1558 abduxita

1073 1579 1179 1606 lascivia
1190 1599 1198 1612 ,
1217 1583 1245 1606 et
1257 1578 1359 1606 induxit
1372 1578 1398 1605 in
1414 1577 1614 1612 temperantiam
1627 1585 1634 1603 :
1646 1576 1755 1603 abduxit
1765 1576 1798 1603 ab
1813 1575 1862 1608 ira,

1072 1629 1099 1652 et
1112 1624 1214 1651 induxit
1228 1624 1255 1651 in
1268 1623 1500 1651 mansuetudinem
1515 1631 1522 1648 :
1538 1622 1648 1649 abduxit
1665 1621 1699 1648 ab
1710 1621 1817 1653 invidia,
1835 1624 1864 1648 et

1073 1670 1175 1697 induxit
1196 1670 1222 1697 in
1245 1670 1434 1705 benignitatem
1451 1678 1458 1696 :
1472 1668 1582 1696 abduxit
1595 1675 1610 1694 a
1627 1668 1668 1695 via
1684 1668 1736 1694 lata
1754 1671 1783 1694 et
1803 1674 1865 1702 spa.

1072 1716 1149 1748 tiosa,
1166 1721 1190 1744 et
1205 1715 1307 1743 induxit
1320 1716 1346 1743 in
1361 1719 1499 1750 angustam
1510 1735 1518 1747 ,
1539 1718 1638 1741 arctam
1652 1718 1678 1741 et
1693 1717 1863 1748 prteruptavn,

1072 1761 1185 1794 induxit,
1211 1762 1317 1796 inquam
1330 1781 1337 1793 ,
1351 1764 1472 1788 assuetos
1487 1760 1535 1787 via:
1548 1759 1618 1786 latae.
1644 1759 1702 1786 Non
1717 1759 1787 1787 enim
1799 1759 1864 1786 alios

1071 1807 1213 1841 assumpsit
1231 1807 1353 1834 homines
1366 1811 1440 1834 extra
1455 1805 1583 1833 mundum
1598 1809 1625 1833 et
1643 1805 1710 1832 lianc
1722 1809 1864 1832 consuetu-

1071 1853 1159 1881 dinem
1172 1854 1305 1885 viventes;
1322 1852 1369 1880 sed
1383 1859 1430 1880 eos
1445 1852 1515 1887 ipsos
1527 1850 1573 1886 qui
1592 1850 1646 1886 jam
1661 1851 1688 1878 in
1708 1857 1740 1877 ea
1753 1857 1863 1885 compu-

1071 1903 1199 1931 truerant,
1209 1903 1236 1926 et
1248 1899 1303 1926 luto
1314 1898 1448 1926 molliores
1456 1902 1542 1931 erant,
1554 1897 1602 1924 hos
1611 1897 1690 1932 jussit
1704 1897 1730 1924 in
1740 1902 1862 1931 angusta.

1070 1953 1165 1980 aspera
1189 1950 1216 1973 et
1239 1948 1312 1972 arcta
1336 1944 1460 1971 incedere
1482 1943 1542 1977 via,
1570 1948 1598 1970 et
1622 1942 1648 1970 id
1667 1942 1798 1978 persuasit
1812 1942 1861 1969 eis.

1070 1992 1140 2025 Quot
1154 1990 1306 2018 hominibus
1328 1989 1354 2017 id
1375 1989 1528 2025 persuasit?
1554 1988 1613 2016 Non
1631 1988 1696 2020 uni,
1707 1987 1749 2014 vel
1759 1987 1860 2020 decem,

1070 2038 1112 2066 vel
1124 2038 1228 2073 viginti,
1242 2037 1282 2065 vel
1296 2041 1401 2064 centum
1413 2035 1576 2068 hominibus,
1587 2034 1634 2062 sed
1647 2034 1772 2062 omnibus
1779 2033 1863 2061 ferme

1070 2084 1120 2111 sub
1133 2083 1191 2112 sole
1212 2082 1401 2110 habitantibus.
1428 2081 1547 2115 Quorutn
1562 2088 1644 2116 opera
1661 2079 1690 2107 id
1708 2079 1862 2115 persuasit?

1071 2130 1198 2159 Undecim
1222 2137 1302 2164 opera
1317 2129 1453 2156 hominum
1464 2149 1471 2162 ,
1487 2128 1690 2161 illiteratorum,
1707 2127 1861 2158 idiotarum.

1071 2176 1279 2212 incloquentium
1289 2197 1297 2210 ,
1313 2174 1466 2211 ignobilium
1476 2195 1484 2208 ,
1499 2181 1657 2210 pauperum,
1670 2173 1764 2208 patria,
1780 2180 1861 2208 opum

1070 2221 1256 2255 facultatibus,
1282 2222 1379 2249 robore
1398 2220 1517 2255 corporis
1531 2240 1538 2252 ,
1561 2219 1652 2255 gloria:
1670 2219 1858 2254 prmcclleutia,

1069 2270 1174 2304 generis
1186 2268 1339 2303 splendore,
1352 2268 1378 2295 vi
1392 2267 1545 2300 verborum,
1562 2266 1709 2294 rhetorices
1719 2265 1858 2301 gravitate,

1068 2315 1186 2343 scientiae
1199 2314 1429 2342 commendatione
1448 2313 1608 2345 carentium;
1629 2312 1675 2339 sed
1690 2312 1859 2347 piscatorum,

1071 2361 1302 2389 tabernaculorum
1317 2361 1456 2396 opificum,
1478 2360 1525 2395 qui
1538 2359 1648 2386 diversa:
1662 2359 1762 2393 lingua:
1773 2363 1861 2387 erant.

1071 2406 1163 2440 Neque
1176 2407 1269 2433 eadem
1283 2407 1318 2433 illi
1329 2414 1379 2441 qua
1391 2406 1526 2433 auditores
1537 2405 1624 2440 lingua
1639 2403 1759 2431 instructi
1773 2408 1860 2437 erant,

1071 2452 1117 2480 sed
1128 2453 1265 2487 peregrina
1276 2456 1354 2487 atque
1362 2452 1459 2479 abaliis
1466 2451 1588 2478 omnibus
1597 2450 1860 2485 diversalt'nguaute-

1070 2498 1176 2531 bantur,
1185 2498 1308 2525 nimirum
1317 2498 1454 2525 Hebraica.
1462 2497 1512 2525 Per
1519 2496 1567 2523 hos
1574 2496 1641 2523 hanc
1649 2496 1794 2523 Ecclesium
1800 2496 1860 2522 πῶς

1072 2543 1169 2576 licavit,
1183 2551 1242 2578 quae
1257 2551 1272 2570 a
1286 2543 1381 2570 finibus
1392 2550 1474 2578 usque
1488 2542 1521 2569 ad
1531 2541 1598 2569 ﬁnes
1612 2546 1689 2568 terra:
1698 2541 1860 2568 extenditur.

1105 2589 1150 2616 l3.
1183 2589 1251 2616 Mira
1283 2588 1415 2623 Evangelii
1443 2588 1602 2623 propagatio.
1626 2601 1663 2607 -α
1690 2587 1783 2622 Neque
1811 2587 1865 2614 hoc

1071 2634 1157 2662 solum
1181 2633 1302 2661 mirabile
1326 2638 1386 2664 est;
1411 2633 1458 2660 sed
1482 2633 1552 2668 quod
1574 2632 1683 2665 idiotae,
1709 2639 1861 2667 pauperes,

1071 2679 1164 2715 pauci.
1195 2679 1345 2715 ignobiles,
1372 2679 1488 2706 illiterati
1513 2687 1544 2706 ac
1570 2679 1650 2711 viles,
1679 2678 1786 2705 alterius
1808 2678 1860 2706 lin-

1073 2736 1147 2764 gum,
1168 2727 1397 2763 despicabilesque
1418 2727 1553 2760 homines,
1576 2726 1671 2761 quibus
1690 2726 1773 2753 totius
1788 2725 1862 2753 orbi:

1072 2774 1224 2802 emendatio
1235 2774 1377 2801 commissa
1391 2773 1484 2806 fuerat,
1503 2773 1659 2807 jussumque
1667 2773 1753 2800 fuerat
1766 2771 1799 2798 ad
1811 2771 1862 2798 dif-

1075 2822 1186 2851 ﬁciliora
1198 2822 1282 2856 ipsum
1299 2820 1451 2854 traducere,
1471 2827 1522 2847 non
1535 2819 1596 2847 illud
1609 2820 1636 2846 in
1648 2827 1714 2854 pace
1734 2818 1840 2846 fecerint
1853 2838 1862 2851 ,
