2055 3122
169 80 216 107 851
541 81 570 110 S.
590 80 727 110 JOANNIS
745 77 980 108 CllRYSOSTOMl
995 77 1154 106 ARCDIEP.
1175 78 1444 110 CONSTANTINOP.

174 142 222 168 sed
244 140 393 169 innumeris
406 140 522 176 undiqtte
536 140 613 168 bellis
624 139 758 174 exagitati.
775 138 826 166 Per
847 136 966 172 singulas

174 188 272 223 quippe
290 192 382 223 gentes
402 191 430 214 et
448 187 544 218 urbes.
564 190 592 214 et
609 186 672 221 quid
692 185 753 213 dico
779 192 824 220 per
848 184 968 219 singulas

175 238 270 267 gentes
285 237 312 260 et
326 232 423 260 urbes?
437 240 485 267 per
497 231 615 265 singulas
628 231 707 258 etiam
717 230 811 257 domos
822 229 889 257 bella
903 237 968 257 con-

177 284 215 306 tra
229 279 300 314 ipsos
315 278 498 306 movebantur.
523 277 644 311 Ingressa
661 284 775 311 namque
789 276 921 309 doctrina,
936 275 967 302 li-

176 323 293 358 liumque
306 331 320 350 a
335 327 409 357 patre
422 330 493 357 sche
507 322 639 354 dividens,
655 330 749 349 nurum
761 330 776 349 a
790 329 884 354 socru,
912 321 966 348 l‘ra-

176 375 244 397 trem
259 377 274 396 a
288 369 380 401 fratre,
396 368 652 402 servumadomitto,
665 369 797 396 subditum
809 376 824 395 a
836 368 965 403 principe,

175 415 260 441 virum
274 414 308 441 ab
322 422 414 447 uxore,
430 421 538 440 uxorem
554 421 568 440 a
583 414 649 447 viro,
665 419 766 449 patrem
786 422 800 441 a
816 415 896 446 ﬁliis;
912 421 965 441 non

173 460 244 488 enim
259 460 337 487 simul
350 468 443 488 omnes
452 460 612 494 credebant;
628 461 796 496 quotidianas
805 461 966 494 inimicitias,

176 507 243 534 bella
258 506 417 542 frequentia,
439 507 511 534 ntille
525 513 624 535 mortes
638 508 702 542 ipsis
726 507 885 540 inducebat,
909 507 967 534 elﬁ-

175 553 314 588 ciebatque
342 557 372 580 ut
399 560 460 581 sese
481 558 573 580 mutuo
595 553 669 588 quasi
693 561 849 580 communes
877 553 967 580 hostes

175 602 370 626 aversarentur.
383 598 490 626 Etenim
504 606 551 626 eos
570 598 703 634 pellebant
719 598 857 631 universi,
872 605 965 633 reges,

173 645 319 681 principes,
333 645 433 678 idiota),
449 645 535 679 liberi,
550 645 631 678 servi,
651 645 751 680 populi,
765 645 885 672 civitates
898 653 904 672 :
921 652 967 672 ne-

175 699 227 726 que
241 691 300 718 illos
317 695 429 725 tantum,
445 691 491 718 sed
511 691 581 726 quod
593 691 701 726 gravius
721 696 796 724 erat,
818 691 968 726 neopltytos

176 737 202 764 in
228 737 297 770 ﬁde,
322 745 389 772 quos
412 737 449 764 illi
472 737 653 765 instituebant.
677 737 826 765 Commune
852 745 968 772 namque

176 783 274 811 bellum
287 788 314 811 et
326 783 480 811 doctoribus
495 788 522 811 et
535 783 672 818 discipulis
681 783 856 815 excitabatur,
871 784 968 818 quippe

175 837 236 856 ettnt
248 829 368 856 doctrina
385 829 428 857 illa
444 835 471 856 et
485 829 565 864 regiis
577 829 758 856 sanctionibus
777 834 804 857 et
824 833 968 856 consuetu-

176 874 242 907 dini,
264 879 292 902 ct
302 874 419 909 paternis
436 875 555 902 moribus
569 875 706 902 adversari
718 874 861 902 videretur.
877 874 968 909 Siqui-

175 921 237 948 dem
251 921 426 948 ltortabantur
441 925 469 948 ut
479 921 512 949 ab
527 921 603 949 idolis
617 921 787 954 absisterent,
801 928 862 948 aras
878 921 969 956 despi-

175 972 278 1000 cerent,
290 975 355 1003 quas
374 972 401 995 et
420 972 509 1003 patres
523 972 550 995 et
564 968 680 1003 majores
701 976 794 995 eorum
820 968 967 1002 coluerant,

176 1014 211 1040 ab
226 1014 336 1048 intpttris
351 1014 519 1049 dogmatibus
537 1014 682 1045 resilirent,
703 1014 821 1041 riderent
843 1014 970 1042 solemni-

178 1063 256 1091 tates,
273 1059 435 1087 ittltiationes
445 1064 613 1095 respuerent,
629 1068 688 1095 qua:
710 1059 775 1095 ipsis
787 1060 901 1087 maxime
915 1064 970 1088 tre-

177 1104 272 1132 menda
287 1110 314 1132 et
326 1104 503 1133 formidabilia
518 1106 696 1133 videbantur:
724 1113 774 1141 pro
792 1106 888 1141 quibus
912 1107 970 1133 ani-

178 1157 249 1177 ntatn
263 1150 328 1178 dare
342 1151 507 1184 maluissent,
521 1159 600 1186 quam
614 1159 707 1179 eorttm
724 1152 794 1180 dicta
816 1152 968 1186 admittere,

178 1200 205 1223 et
220 1196 247 1223 in
259 1201 350 1223 natum
364 1204 396 1224 cx
408 1197 489 1224 Maria
503 1198 625 1231 credere,
640 1199 685 1233 qui
701 1198 733 1226 ad
747 1199 869 1234 prmsidis
883 1199 969 1227 tribu-

178 1242 219 1268 nal
231 1241 337 1274 ductus,
351 1242 435 1277 sputis
444 1242 647 1276 deltonestatus,
660 1244 853 1280 innumeraqne
864 1253 969 1280 passus,

178 1287 341 1315 exsecranda
353 1293 438 1315 morte
450 1288 570 1322 at‘t'ectus,
584 1290 757 1325 sepultusque
769 1291 969 1324 resurrexisset.

177 1333 307 1368 Quodque
329 1334 489 1368 stupendum
512 1339 589 1368 erat,
612 1335 746 1362 cruciatus
768 1336 893 1363 omnibus
915 1336 971 1364 noti

176 1385 264 1412 erant,
279 1380 382 1415 ﬂagella
395 1389 491 1416 nempe
501 1402 508 1414 ,
523 1381 639 1416 eolaphi,
651 1382 821 1409 contumelia:
829 1383 884 1410 oris
893 1387 971 1418 sputo

179 1425 358 1461 dehonestati,
376 1428 469 1463 plagre,
484 1435 547 1455 crux
559 1449 567 1462 ,
591 1428 713 1456 cachinni
727 1429 820 1462 multi,
839 1429 970 1457 commdia

178 1474 303 1501 omnibus
314 1474 413 1507 oblata,
429 1474 564 1509 sepultura
575 1475 651 1509 quasi
666 1475 758 1510 gratia:
770 1475 877 1503 nomine
892 1476 972 1511 impe-

179 1524 266 1553 trata;
290 1520 336 1547 sed
350 1528 410 1556 qum
434 1521 467 1548 ad
489 1522 713 1549 resurrectionem
739 1522 895 1557 spectabant
917 1530 970 1550 non

179 1565 261 1592 item:
278 1565 328 1592 illis
342 1566 413 1593 enim
435 1566 500 1594 solis
517 1570 575 1601 post
595 1567 818 1594 resurrectionem
838 1568 969 1603 apparuit.

180 1611 306 1638 Attamen
321 1610 378 1638 lucc
389 1611 503 1639 dicettdo
514 1611 719 1646 persuadebant,
733 1616 760 1639 et
773 1612 811 1640 sic
825 1613 971 1640 Ecclesiam

179 1657 357 1685 atdilicabant.
376 1657 434 1691 Quo
449 1662 525 1692 pacto
540 1662 566 1684 et
580 1666 632 1692 qua
654 1659 780 1686 ratione?
805 1657 907 1686 Virtute
927 1659 970 1693 ju-

179 1703 287 1731 bentis:
304 1704 360 1739 ipse
372 1712 485 1738 namque
500 1704 568 1731 viam
584 1705 711 1739 parabat,
728 1705 784 1740 ipse
801 1705 889 1732 omnia
902 1705 973 1732 difﬁ-

179 1748 241 1775 cilia
250 1748 335 1775 facilia
343 1748 482 1776 reddebat.
495 1748 550 1776 Nisi
567 1749 637 1776 cnim
651 1749 739 1776 divina
756 1750 877 1784 qumdam
886 1750 972 1778 virtus

181 1793 238 1820 hate
248 1799 436 1828 pcrpetrasset,
450 1801 484 1821 ne
496 1794 536 1822 vel
550 1795 707 1830 principium
721 1794 828 1830 quidem
841 1800 885 1823 aut
894 1804 973 1823 exor-

181 1839 254 1866 dium
271 1839 327 1866 hare
343 1839 507 1866 habuissent.
518 1840 576 1873 Quo
591 1840 661 1867 enim
673 1840 697 1867 id
714 1841 792 1868 modo
802 1841 859 1868 ﬁeri
871 1842 973 1876 potuis-

181 1885 239 1911 set?
253 1884 352 1912 Verum
364 1885 386 1911 is
401 1885 444 1919 qui
454 1885 569 1919 dixerat,
590 1885 649 1912 Fiat
660 1886 760 1919 certum,
779 1891 880 1921 etopus
894 1887 973 1915 exhi-

181 1930 251 1958 buit:
267 1936 305 1963 et,
314 1930 439 1958 fundetttr
450 1935 532 1965 terra,
545 1931 782 1966 ejussubstantt'am
790 1932 924 1967 produxit;
934 1937 971 1965 et,

181 1977 269 2004 luceat
285 1977 336 2010 sol,
355 1982 382 2004 ct
394 1982 495 2004 astrum
515 1977 651 2010 ostendit;
672 1978 772 2013 quique
784 1978 874 2005 omnia
891 1979 972 2006 verbo

181 2028 306 2058 operatus
321 2027 373 2056 est,
390 2023 434 2052 ille
457 2024 538 2051 etiam
559 2023 757 2058 hasEcclcsias
777 2024 915 2060 plantavit.
939 2024 973 2052 Et

182 2069 292 2096 verbum
304 2069 379 2102 illud,
393 2069 541 2104 Ediﬁcabo
554 2069 693 2097 Ecclesium
709 2078 801 2102 nteant,
816 2070 874 2098 Ita'e
883 2071 973 2098 omnia

181 2118 320 2149 operatum
335 2118 385 2141 est.
410 2114 483 2142 Talia
506 2115 605 2150 quippe
627 2120 689 2142 sunt
707 2115 788 2142 verba
810 2116 875 2149 Dei,
891 2123 973 2151 opera

181 2160 320 2193 exhibent,
330 2167 410 2195 opera
419 2160 550 2188 mirabilia
559 2165 638 2195 atque
649 2161 790 2195 stupettda.
802 2161 868 2188 Nant
881 2170 974 2197 quem-

182 2206 325 2234 admodum
342 2205 409 2233 dixit
421 2214 427 2232 :
443 2205 569 2232 Germth
580 2211 647 2232 terra
664 2206 766 2233 herbam
779 2207 840 2242 [mni
852 2206 932 2242 (Gen.
945 2208 971 2235 i.

183 2253 238 2287 Η),
264 2257 291 2280 ct
315 2252 403 2280 omnia
427 2259 490 2279 mox
515 2252 608 2279 hortus
630 2252 722 2286 l'ucre,
743 2254 831 2280 omnia
850 2258 971 2288 pratttm,

183 2303 308 2334 terraque
337 2298 489 2326 mandatum
524 2298 660 2333 excipiens
689 2299 799 2326 inﬁnitis
829 2300 974 2327 ornabatur

184 2344 297 2379 plantis;
316 2344 354 2371 sic
375 2349 401 2371 et
419 2351 490 2371 nunc
509 2343 553 2371 ubi
573 2344 649 2377 dixit,
669 2344 814 2379 Ediﬁcabo
834 2345 973 2373 Ecclesium

184 2399 266 2418 meam
279 2411 285 2423 ,
303 2389 329 2417 id
352 2390 426 2417 ttullo
448 2390 554 2424 negotio
570 2390 666 2417 factum
681 2395 740 2418 est:
757 2396 836 2426 atque
853 2392 972 2427 tyrannis

184 2437 312 2464 adversus
333 2443 392 2463 eam
416 2435 514 2463 bellum
536 2436 723 2468 excitantibus,
748 2437 972 2465 militibusarma

184 2482 363 2514 moventibus,
372 2482 476 2517 populis
483 2482 565 2510 instar
574 2481 641 2517 ignis
649 2482 805 2516 furentibus,
812 2483 972 2511 adversante

184 2527 389 2561 consuetudine,
404 2528 539 2563 etiamque
554 2528 716 2562 rhetoribus,
728 2529 866 2563 sophistis,
888 2529 972 2556 diviti-

187 2575 248 2607 bus,
271 2574 372 2604 idiotis.
396 2574 577 2610 principibus,
597 2574 658 2609 igne
680 2579 769 2602 tamen
787 2575 972 2602 vehementius

184 2620 294 2647 verbum
305 2621 397 2655 spinas
411 2620 589 2655 consumpsit,
601 2627 680 2655 agros
694 2621 832 2655 purgavit,
848 2621 972 2656 praedica-

186 2666 264 2694 tionis
274 2667 422 2694 doctrinam
438 2666 598 2694 seminavit:
610 2673 642 2693 ac
657 2666 719 2693 dum
733 2675 764 2694 ex
779 2666 811 2694 iis
827 2667 871 2702 qtti
889 2667 973 2695 credi-

185 2713 279 2741 derant
294 2713 338 2740 alii
352 2713 377 2740 in
391 2720 500 2740 carcere
513 2712 674 2744 habitarent,
693 2712 737 2739 alii
754 2712 779 2739 in
791 2712 914 2740 exsilium
928 2713 972 2741 ab-

185 2760 256 2787 ducti
270 2764 369 2792 essent,
381 2759 425 2787 alii
437 2758 558 2794 pecuniis
569 2758 698 2791 ntulctati,
713 2758 759 2785 alii
781 2759 877 2793 occisi,
897 2763 925 2787 et
944 2760 970 2787 in

185 2806 268 2835 frusta
277 2806 386 2841 concisi,
399 2805 443 2834 alii
451 2806 511 2842 igne
518 2805 679 2841 consumpti,
689 2805 733 2833 alii
742 2804 857 2834 demersi
868 2811 976 2841 essent,

1761 82 1814 111 852

1022 135 1067 162 alii
1080 143 1160 164 omne
1170 143 1254 171 genus
1267 138 1388 174 supplicii
1402 139 1534 172 subirent,
1558 139 1703 176 ignominia
1715 142 1814 175 allecti,

1021 181 1105 216 pulsi,
1126 183 1202 217 quasi
1224 191 1381 212 communes
1402 185 1493 213 hostes
1513 186 1630 222 undique
1644 187 1742 223 ejecti;
1766 189 1812 217 alii

1022 235 1133 255 numero
1158 229 1248 263 plures
1270 236 1460 265 accesserunt,
1481 241 1531 261 nec
1550 234 1631 262 modo
1651 242 1683 262 ex
1701 235 1814 264 aliorum

1021 273 1183 302 cruciatibus
1197 275 1280 302 nihilo
1292 277 1429 310 segniores
1444 283 1589 306 evaserunt
1600 279 1634 307 ad
1658 280 1737 308 ﬁdem
1758 289 1812 309 am-

1024 320 1202 354 plectendam,
1218 321 1264 348 sed
1276 323 1361 349 multo
1375 323 1519 352 alacriores
1534 325 1650 358 fuerunt,
1665 331 1692 354 et
1706 327 1732 354 in
1754 328 1815 363 pul-

1021 366 1112 392 cltram
1127 365 1196 394 hanc
1207 371 1345 402 capturant
1367 368 1534 402 insilierunt;
1557 371 1649 406 sicque
1667 379 1682 398 a
1701 373 1817 407 piscato-

1021 411 1094 438 ribus
1118 412 1301 446 capiebantur,
1316 421 1370 441 non
1384 415 1468 442 coacti
1482 415 1529 442 sed
1542 422 1730 451 accurrentes,
1753 426 1810 454 gra-

1022 457 1138 493 tiamque
1148 458 1274 486 habentes
1288 459 1330 493 iis,
1341 461 1386 495 qui
1399 468 1428 488 se
1443 461 1469 488 in
1484 461 1551 490 hanc
1565 470 1622 490 rem
1631 463 1809 502 deducerent,

1021 511 1117 531 aecum
1129 505 1286 540 sanguiuum
1297 511 1429 535 torrentes
1440 516 1472 535 ex
1480 508 1534 543 jam
1544 509 1715 538 credentibus
1723 519 1811 539 erum—

1022 554 1115 585 pe..tes
1137 557 1295 585 cernerent,
1320 553 1495 582 lerventiores
1517 555 1722 592 tidentioresque
1743 558 1812 588 circa

1021 595 1100 623 ﬁdem
1116 601 1201 624 erant.
1214 598 1335 633 Cumque
1344 607 1396 627 non
1409 604 1510 627 tautttm
1523 601 1659 637 discipuli,
1674 603 1721 630 sed
1734 604 1814 632 etiam

1021 643 1150 678 magistri,
1165 643 1210 670 alii
1224 644 1315 677 vincti,
1328 645 1372 672 alii
1390 646 1474 680 pulsi,
1494 647 1538 674 alii
1559 648 1691 676 verberati
1705 655 1812 682 essent,

1020 688 1065 715 alii
1079 688 1186 716 demum
1198 689 1336 718 ittnumera
1352 696 1507 726 paterentur
1523 693 1590 720 mala
1603 715 1610 728 ,
1625 694 1749 730 discipuli
1772 701 1814 723 ta-

1021 742 1082 762 men
1096 740 1123 763 et
1137 735 1227 771 plures
1244 741 1272 764 et
1293 736 1470 765 ferventiores
1490 738 1599 766 ﬁebant.
1621 740 1699 768 Certe
1717 741 1814 770 Paulus

1021 781 1133 809 clamat:
1151 781 1194 809 Ita
1207 788 1233 809 ut
1244 783 1330 818 plures
1345 786 1455 819 fratrum
1466 785 1492 811 in
1506 784 1615 812 Domino
1627 805 1635 818 ,
1661 787 1815 820 conﬁdentes

1022 827 1127 854 vinculis
1140 828 1211 861 meis,
1227 828 1397 858 abundantius
1407 830 1529 858 auderent
1543 832 1598 859 sine
1611 833 1699 860 timore
1713 833 1814 860 uerbum

1022 874 1090 908 loqui
1105 873 1232 910 (Philipp.
1245 875 1272 902 ‘l.
1288 876 1356 910 H):
1381 880 1409 904 et
1433 876 1496 904 alibi
1523 884 1649 904 rursum:
1669 877 1719 906 Vos
1747 879 1815 906 enim

1022 919 1160 946 imitatores
1169 921 1229 955 facti
1241 921 1301 948 estis
1315 920 1489 949 Ecclesiarum
1503 921 1561 955 Dei,
1575 931 1632 957 qua
1651 928 1709 950 sunt
1723 924 1750 950 in
1762 924 1814 951 Ju-

1023 965 1089 998 da'a,
1103 966 1163 1001 quia
1187 966 1274 993 eadem
1294 968 1364 1002 passi
1378 968 1437 995 estis
1452 973 1476 995 et
1488 977 1531 996 vos
1548 978 1564 995 a
1577 970 1760 998 contribulibus
1773 978 1814 998 tte-

1022 1011 1090 1043 stris,
1102 1012 1313 1047 quemadmodum
1325 1019 1348 1040 et
1358 1013 1406 1048 ipsi
1415 1023 1430 1040 a
1437 1014 1545 1048 Judwis,
1559 1015 1601 1050 qui
1610 1015 1747 1043 Dominum
1757 1025 1815 1044 cru-

1023 1057 1167 1091 ciﬁxerunt,
1182 1063 1205 1085 et
1217 1066 1263 1085 nos
1275 1059 1415 1094 impediunt
1430 1061 1498 1093 loqui
1510 1061 1624 1095 gentibus
1638 1082 1645 1094 ,
1669 1066 1696 1088 ut
1710 1062 1810 1090 salven-

1023 1107 1065 1128 tur
1081 1103 1117 1138 (l.
1130 1102 1258 1130 Tltess.2.
1275 1104 1318 1131 Η.
1343 1104 1399 1140 15).
1418 1104 1485 1132 Aliis
1499 1112 1607 1133 rursum
1628 1106 1748 1135 scribens
1776 1108 1815 1135 sic

1024 1147 1160 1183 loquitur:
1176 1148 1388 1177 Rementoramini
1401 1151 1519 1185 pristinos
1536 1151 1604 1184 dies,
1620 1152 1742 1187 inquibus
1754 1153 1815 1180 illu-

1024 1194 1112 1220 minati
1122 1194 1229 1221 multum
1242 1199 1367 1221 certamen
1377 1196 1533 1223 sustinuistis
1546 1197 1701 1231 passionum,
1710 1198 1816 1226 scientes

1024 1239 1091 1266 vobis
1100 1239 1227 1266 meliorem
1236 1239 1402 1267 substantiam
1411 1241 1436 1267 in
1447 1241 1525 1274 cwlis,
1533 1246 1556 1268 et
1567 1247 1707 1269 manentem
1722 1242 1815 1278 (Hebr.

1024 1284 1067 1312 10.
1082 1284 1126 1313 52.
1137 1285 1193 1320 54).
1211 1285 1304 1313 Viden’
1321 1287 1500 1321 pnestantiam
1515 1288 1619 1314 virtutis
1639 1288 1696 1323 ejus
1718 1288 1763 1323 qui
1777 1293 1817 1315 ta-

1024 1331 1058 1357 lia
1073 1336 1199 1366 operatus
1211 1332 1270 1360 est?
1286 1333 1352 1360 Nam
1365 1334 1409 1368 qui
1423 1338 1494 1361 tanta
1512 1334 1690 1368 patiebantur,
1705 1343 1757 1362 non
1771 1342 1817 1362 so-

1025 1377 1079 1404 lum
1095 1386 1148 1405 non
1160 1386 1232 1414 aegre
1244 1378 1364 1406 ferebant
1377 1380 1418 1407 vel
1432 1379 1601 1413 deﬁciebant,
1615 1381 1661 1408 sed
1674 1385 1701 1408 et
1714 1380 1816 1416 gaude-

1024 1422 1098 1457 bant,
1113 1424 1271 1458 gestiebant,
1286 1425 1463 1452 exsultabant.
1473 1426 1508 1453 Et
1517 1426 1550 1453 de
1562 1426 1700 1461 discipulis
1708 1427 1816 1462 quidem

1024 1469 1088 1496 dicit
1106 1469 1161 1503 ille,
1176 1470 1247 1505 quod
1260 1471 1413 1499 facultatum
1431 1472 1637 1508 publicationem
1661 1481 1722 1501 cum
1738 1473 1817 1501 volu-

1025 1519 1098 1550 ptate
1114 1516 1330 1551 acceperintzde
1346 1517 1478 1552 magistris
1500 1526 1565 1546 vero
1589 1519 1674 1547 Lucas
1699 1520 1725 1546 in
1749 1519 1819 1548 libro

1024 1561 1139 1588 Actuunt
1154 1561 1333 1596 apostolorum
1342 1563 1379 1590 ait
1392 1563 1458 1598 (Act.
1468 1564 1495 1592 5.
1505 1564 1534 1591 M
1541 1563 1561 1600 ),
1571 1572 1618 1592 eos
1627 1573 1748 1592 reversos
1757 1572 1818 1593 esse

1023 1607 1171 1642 gaudentes
1182 1615 1198 1635 a
1211 1613 1356 1644 conspectu
1370 1610 1475 1637 concilii
1487 1631 1494 1642 ,
1509 1611 1635 1645 quoniam
1647 1611 1717 1646 digni
1733 1611 1816 1638 habiti

1026 1653 1128 1681 fuerant
1144 1662 1191 1688 pro
1204 1655 1311 1682 nomine
1323 1655 1422 1682 Christi
1437 1656 1625 1684 contumeliam
1643 1657 1706 1691 pati.
1722 1657 1757 1684 De
1770 1664 1817 1684 se-

1026 1699 1083 1734 ipso
1096 1707 1202 1727 rursum
1214 1700 1310 1728 Paulus
1323 1710 1330 1728 ι
1346 1700 1461 1734 Gaudeo,
1475 1702 1521 1734 ait,
1536 1702 1562 1729 in
1576 1702 1734 1738 passionibus
1743 1703 1817 1736 meis,

1025 1750 1047 1771 ct
1058 1745 1186 1780 adimpleo
1201 1754 1257 1780 qua:
1270 1745 1359 1773 desunt
1371 1747 1575 1774 tribulationibus
1588 1747 1682 1774 Christi
1701 1748 1728 1775 in
1740 1756 1818 1775 carne

1025 1798 1080 1817 mea
1095 1790 1190 1825 (Catos.
1206 1791 1232 1818 l.
1249 1790 1281 1819 24
1299 1792 1318 1826 ).
1334 1792 1434 1827 Ecquid
1451 1792 1566 1826 miraris,
1581 1793 1651 1828 qttod
1670 1793 1696 1820 in
1715 1794 1818 1828 passio-

1026 1836 1104 1863 ttihus
1117 1836 1256 1872 gauderet.
1272 1838 1380 1872 quando
1392 1843 1506 1866 mortem
1521 1839 1658 1867 subiturus
1673 1847 1726 1867 non
1737 1840 1817 1867 modo

1025 1883 1173 1917 gaudebat,
1198 1883 1245 1911 sed
1258 1884 1337 1911 etiam
1351 1884 1496 1919 discipulos
1509 1885 1534 1912 itt
1549 1885 1637 1921 gaudii
1653 1887 1818 1913 consortium

1025 1929 1146 1962 vocabat,
1171 1930 1241 1964 quod
1265 1935 1323 1958 erat
1347 1931 1427 1958 animi
1453 1939 1533 1967 supra
1557 1932 1665 1960 modum
1682 1933 1815 1960 lattantis:

1027 1975 1140 2010 Gaudeo,
1158 1976 1252 2011 inquit,
1270 1981 1293 2003 et
1314 1977 1477 2012 congratulor
1492 1978 1606 2005 erunibus
1626 1978 1694 2006 vobis
1706 1987 1716 2006 :
1731 1978 1818 2006 itidem

1026 2027 1048 2049 ct
1058 2031 1100 2050 vos
1108 2023 1224 2058 gaudete,
1233 2028 1258 2050 et
1265 2024 1477 2059 congratulantini
1495 2025 1556 2051 mihi
1566 2024 1650 2059 (Phil.
1661 2025 1689 2052 2.
1702 2026 1744 2052 Π.
1760 2026 1817 2058 18).

1028 2067 1060 2095 Ει
1075 2068 1138 2103 quid
1154 2068 1250 2096 factum
1265 2072 1316 2102 est,
1332 2069 1374 2096 die
1389 2070 1465 2103 mihi,
1479 2070 1549 2104 quod
1566 2075 1640 2097 tanto
1654 2071 1751 2106 gaudio
1771 2079 1816 2099 re-

1028 2114 1115 2148 pletus
1130 2122 1159 2141 es
1173 2115 1184 2141 ?
1198 2114 1262 2149 Ego,
1278 2115 1372 2150 inquit,
1382 2117 1439 2151 jam
1452 2115 1558 2149 delibor,
1570 2121 1595 2143 et
1609 2121 1707 2151 tempus
1717 2117 1816 2144 resolu-

1026 2160 1101 2186 tionis
1116 2168 1178 2187 mea:
1191 2161 1267 2187 instat
1285 2161 1324 2196 (Ξ.
1342 2161 1407 2188 Tim.
1421 2162 1447 2188 tl.
1463 2161 1503 2197 6).

1063 2205 1105 2233 14.
1122 2205 1167 2233 Sic
1177 2206 1257 2241 igitur
1270 2214 1317 2241 per
1328 2207 1478 2234 universum
1490 2207 1582 2235 orbem
1595 2208 1740 2235 Ecclesiam
1753 2209 1819 2236 tedi-

1027 2251 1150 2279 ﬁcabant.
1164 2250 1243 2287 Atqui
1259 2259 1292 2279 tte
1309 2253 1436 2286 parietem
1451 2253 1558 2287 quidem
1579 2261 1660 2280 unum
1678 2254 1818 2289 qnisqttant

1026 2298 1111 2333 possit
1124 2302 1263 2326 exstruere
1277 2298 1408 2332 lapidibus
1417 2303 1444 2325 ct
1455 2299 1527 2326 calce
1538 2303 1625 2332 utens,
1639 2300 1660 2327 si
1671 2300 1819 2334 expellatur

1026 2349 1052 2371 et
1065 2344 1224 2378 impediatur
1239 2352 1245 2370 :
1261 2343 1287 2370 hi
1302 2351 1365 2371 vero
1379 2348 1416 2371 tot
1429 2344 1563 2372 Ecclesias
1578 2344 1673 2379 ubique
1687 2349 1818 2372 terrarum

1025 2391 1202 2423 :edilicarunt,
1218 2390 1345 2425 percussi,
1362 2390 1453 2423 vincti,
1469 2391 1554 2425 pulsi,
1569 2390 1668 2426 fugati,
1684 2390 1818 2418 facultati-

1026 2436 1077 2464 bus
1090 2436 1217 2469 mttlctati,
1231 2436 1354 2470 ﬂagellati
1366 2457 1373 2469 ,
1387 2436 1498 2471 jugulati
1510 2457 1518 2470 ,
1534 2436 1666 2464 combusti
1679 2458 1686 2470 ,
1703 2437 1817 2465 demersi

1026 2488 1077 2507 una
1090 2487 1148 2507 cum
1160 2479 1306 2514 discipulis.
1319 2479 1351 2506 Et
1364 2479 1540 2512 aediﬁcabant,
1553 2487 1604 2506 non
1618 2479 1759 2514 lapidibus,
1770 2480 1817 2507 sed

1025 2525 1163 2553 untntabus
1173 2529 1201 2552 et
1213 2525 1350 2558 institutis,
1362 2526 1431 2560 quod
1443 2526 1520 2561 plane
1533 2525 1666 2553 dillicilius
1676 2530 1728 2559 est,
1738 2534 1817 2561 quam

1026 2572 1156 2606 lapidibus
1169 2577 1335 2599 construere.
1350 2571 1406 2599 Non
1420 2572 1490 2599 enim
1506 2580 1553 2606 par
1571 2576 1612 2599 est
1626 2580 1730 2600 mttrum
1750 2579 1816 2600 con-

1026 2623 1145 2649 struere,
1160 2622 1187 2644 et
1201 2617 1316 2644 animam
1333 2621 1406 2644 tanto
1421 2621 1540 2651 tempore
1553 2625 1568 2643 a
1580 2617 1746 2645 dtcmonibus
1758 2617 1817 2651 agi-

1026 2668 1107 2691 tatam
1120 2663 1153 2690 ad
1166 2662 1374 2697 resipiscendum
1390 2662 1561 2697 persuadere,
1572 2667 1602 2689 ut
1612 2662 1646 2689 ab
1658 2663 1759 2690 insania
1773 2662 1817 2690 illa

1026 2710 1150 2742 desistat,
1165 2713 1193 2737 et
1204 2709 1237 2736 ad
1251 2713 1350 2736 tantam
1363 2709 1499 2743 perveniat
1512 2709 1723 2744 temperantiam.
1739 2709 1816 2736 Atta-

1025 2765 1086 2785 men
1101 2757 1151 2785 hoc
1161 2760 1304 2792 potueruttt
1313 2755 1375 2783 nudi
1386 2759 1414 2783 et
1423 2754 1518 2782 calceis
1528 2760 1659 2788 carentes,
1669 2762 1719 2782 una
1731 2754 1816 2782 induti

1026 2805 1113 2832 tunica
1127 2812 1173 2840 per
1186 2803 1339 2832 universum
1352 2802 1442 2830 orbem
1454 2801 1652 2830 circumeuntes
1664 2810 1670 2828 :
1683 2801 1821 2836 habebant
