2055 3122
207 110 256 138 851
493 114 633 143 CONTRA
651 114 798 144 JUDA‘ZOS
815 115 857 143 ET
877 114 1060 148 GENTILES.
1080 114 1176 149 QUOD
1196 113 1370 144 CHRISTUS
1387 115 1441 144 SIT
1463 114 1564 143 DEUS.
1794 116 1847 144 832

210 173 298 201 ταῦτα
308 173 452 211 ἔπραττον,
480 174 672 211 ἀλλά“μυρίων
687 175 857 211 πανταχόθεν
874 176 1001 212 πολέμων

210 217 302 248 αὐτοῖς
324 216 518 252 ἐγειρομένων.
546 216 625 243 Κατὰ
648 217 702 252 γὰρ
718 217 794 249 ἕθνος
817 217 1002 250 ἓκαστον,καὶ

209 257 281 284 κατὰ
304 257 400 284 πόλιν*
417 258 443 284 τί
465 258 537 291 λέγω
559 257 631 284 κατὰ
655 258 730 290 ἔθνος
747 259 793 285 καὶ
820 258 891 285 κατὰ
906 259 1001 291 πόλιν;

209 300 282 326 κατὰ
307 300 396 327 οἰκίαν
412 299 531 334 εκάστην
555 300 673 335 πόλεμος
692 301 783 331 αὐτοῖς
798 301 1002 337 ἀνερριπίζετο.

212 341 340 368 Εἰσιοῦσα
355 342 409 377 γάρ
428 343 445 377 ὴ
458 341 627 374 διδασκαλία,
647 342 695 369 καὶ
717 342 905 378 άποσχίζουσα
921 343 1005 369 παῖδα

212 383 344 414 πολλάκις
358 383 471 418 πατρὸς,
493 383 540 409 καὶ⁴
565 383 675 418 νύμφην
701 384 846 420 πενθερᾶς,
865 384 911 411 καὶ
928 383 1006 410 ἁδελ-

214 424 262 459 φὺν
279 424 407 459 ἀδελφοῦ,
422 425 469 451 καὶ
493 425 588 451 δοῦλον
613 425 757 457 δεσπότου,
784 426 832 452 καὶ
853 425 1006 461 ἀρχόμενον

213 467 354 501 ἄρχοντος,
371 466 418 493 καὶ
442 466 528 502 ἄνδρα
547 466 687 500 γυναικὸς.
706 466 753 494 καὶ
767 468 884 501 γυναῖκα
898 466 1005 502 ἀνδρὸς,

214 508 261 534 καὶ
277 508 384 543 πατέρα
397 507 511 539 παίδων,
520 508 550 534 οὐ
564 507 619 543 γὰρ
630 507 728 544 ἀθρόον
740 508 840 540 πάντες
855 508 1006 540 ἐπείθοντο,

214 549 403 586 καθημερινὰς
422 549 580 585 ἀπεχθείας,
594 552 717 585 συνεχεῖς
733 550 878 586 πολέμους,
895 550 1008 586 μυρίους

214 592 306 623 αὐτοῖς
320 592 407 627 ἐπῆγε
433 592 577 625 θανάτους,
592 593 640 619 καὶ
656 593 693 624 ὡς
710 593 817 624 κοινοὺς
832 593 947 628 ἐχθροὺς
961 593 1008 619 καὶ

215 634 363 669 πολεμίους
390 634 613 670 ἀποστρέφεσθαι
638 634 841 670 παρεσκεύασε.
867 635 923 662 Καὶ
952 635 1008 671 γὰρ

215 675 316 706 πάντες
330 676 429 706 αὐτοὺς
444 675 571 711 ἤλαυνον,
586 676 715 711 βασιλεῖς,
734 676 875 712 ἄρχοντες,
893 676 1007 711 ἰδιῶται,

216 718 366 753 ἐλεύθεροι,
395 717 494 751 δοῦλοι,
519 719 610 753 δῆμοι,
635 718 742 750 πόλεις·
760 719 807 745 καὶ
834 719 884 745 οὐκ
911 718 1011 750 αὖτοὺς

218 759 308 795 μόνον,
327 759 394 786 ἀλλὰ
411 760 441 786 τὸ
455 759 487 795 δὴ
503 759 706 796 χαλεπώτερον,
728 761 792 792 τοὺς
809 760 849 787 ἔτι
865 761 1011 794 νεοπαγεῖς

217 802 245 827 ἐν
257 803 289 837 τῇ
309 801 410 833 πίστει,
430 803 494 833 τοὺς
509 802 555 828 ὑπ’
567 802 656 830 αὐτῶν
671 803 901 838 κατηχουμένους.
914 802 1011 834 Κοινδς

217 842 270 878 γὰρ
290 843 409 878 πόλεμος
424 844 470 870 καὶ
483 844 539 875 τοῖς
557 843 692 879 μαθηταῖς
705 845 752 870 καὶ
769 846 827 876 τοῖς
840 844 1009 876 διδασκάλοις

218 885 336 919 ἐγένετο,
352 885 400 911 ἆτε
420 885 471 920 τῆς
489 885 662 917 διδασκαλίας
678 886 845 918 άπεναντίας
860 887 907 913 καὶ
919 886 1012 913 διατά-

219 934 305 961 γμασι
332 925 483 961 βασιλικοῖς
505 927 553 953 καὶ
573 927 704 963 συνηθείᾳ
720 928 767 954 καὶ
785 928 859 955 ἔθεσι
874 927 1013 964 πατρῴοις

220 968 396 1003 φαινομένης.
417 969 560 1004 Παρῂνουν
574 969 628 1005 γὰρ
645 970 763 997 εἰδώλων
787 971 949 1006 ἀπέχεσθαι,
967 979 1014 997 κα-

220 1012 364 1045 ταφρονεῖν
382 1010 491 1045 βωμῶν,
508 1011 554 1042 οὓς
569 1012 593 1037 οἱ
611 1012 729 1047 πατέρες
740 1013 830 1039 αὐτῶν
842 1013 890 1039 καὶ
904 1013 928 1039 οι
943 1011 1013 1047 ’πρό⁴

221 1060 294 1085 γονοι
314 1052 414 1084 πάντες
437 1052 637 1088 ἐθεράπευσαν,
659 1054 827 1089 ἀφίστασθαι
846 1055 902 1081 τῶν
928 1063 1015 1090 μυσα-

224 1094 277 1128 ρῶν
291 1094 443 1129 δογμάτων,
460 1095 615 1131 καταγελᾷν
629 1096 739 1132 ἑορτῶν,
751 1096 892 1123 διαπτύειν
907 1096 956 1128 τὰς
970 1105 1016 1122 τε-

222 1134 316 1166 λετάς·
333 1136 350 1162 ἃ
366 1136 574 1172 φρικωδέστατα
590 1137 677 1164 ἐδόκει
693 1136 762 1164 εἶναι
777 1138 892 1170 ἐκείνοις
906 1138 954 1164 καὶ
969 1146 1016 1172 φο-

223 1176 378 1212 6ερώτατα,
392 1178 439 1204 καὶ
457 1178 527 1213 ὑπὲρ
538 1175 575 1204 ὧν
585 1178 618 1205 ἂν
631 1179 678 1205 καὶ
691 1179 741 1215 τὴν
748 1179 837 1215 ψυχὴν
848 1179 1014 1215 προήκαντο,

223 1217 386 1254 ῆαίρεῖσθαι
400 1219 433 1246 τὰ
448 1220 513 1255 παρ’
525 1220 616 1246 αὐτῶν
632 1220 777 1256 λεγόμενα,
805 1220 853 1247 καὶ
878 1220 1016 1248 πιστεύειν

224 1262 264 1292 εἰς
276 1261 321 1287 τὸν
336 1261 390 1288 άπὸ
402 1262 512 1297 Μαρίας
524 1262 666 1297 τεχθέντα,
683 1263 728 1289 τὸν
754 1264 783 1290 ἐν
799 1263 959 1299 ἡγεμονικῷ
977 1262 1018 1289 δι-

225 1304 368 1340 καστηρίῳ
381 1304 569 1339 παραστάντα,
585 1305 632 1332 τὸν
647 1305 846 1341 ἐμπτυσθέντα,
859 1305 905 1332 τὸν
933 1305 1018 1341 μυρία

226 1346 347 1373 παθόντα
363 1346 447 1380 δεινά,
461 1347 506 1373 τὸν
523 1347 638 1374 θάνατον
662 1347 799 1383 ἐπάρατον
822 1347 1017 1383 ὑπομείναντα,

226 1389 272 1414 τὸν
289 1388 419 1422 ταφέντα,
437 1388 481 1415 τὸν
498 1388 664 1417 ἀναστάντα,
687 1390 742 1416 Καὶ
756 1389 787 1416 τὺ
803 1389 965 1425 παράδοξον,
979 1390 1020 1416 ὃτι

227 1429 261 1456 τά
279 1430 328 1465 μὲν
347 1430 401 1457 τῶν
421 1429 516 1456 παθῶν
540 1430 607 1465 δῆλα
622 1432 704 1458 πᾶσιν
719 1429 763 1467 ἦν,
784 1433 812 1458 αἱ
833 1432 976 1467 μάστιγες,
992 1432 1021 1458 αἱ

229 1472 275 1498 ἐπὶ
291 1472 392 1508 κόρρης
414 1472 527 1508 πληγαὶ,
547 1473 575 1499 αἱ
591 1474 630 1505 εἰς
641 1474 786 1509 πρόσωπον
803 1474 896 1510 ὕϐρεις
910 1474 954 1501 διὰ
967 1473 1021 1500 τῶν

229 1513 436 1549 ἐμπτυσμάτων
458 1514 611 1549 γινόμεναι,
629 1514 663 1541 τὰ
679 1515 848 1550 ῥαπίσματα,
866 1517 880 1542 ὁ
894 1515 1020 1550 σταυρὸς,

230 1557 246 1592 ή
261 1556 345 1591 πολλὴ
365 1556 508 1591 χλευασία,
526 1557 543 1591 ή
558 1556 634 1592 παρὰ
658 1556 768 1583 πάντων
791 1558 931 1592 κωμῳδία,
949 1559 962 1584 ὁ
979 1557 1022 1584 τά·

232 1606 281 1632 φος
291 1598 305 1624 ὁ
319 1598 347 1624 ὲν
363 1597 441 1633 μέρει
455 1597 566 1633 χάριτος
578 1598 738 1633 γενόμενος·
751 1598 784 1624 τὰ
798 1598 825 1625 δὲ
839 1599 890 1633 τῆς
903 1599 1023 1626 άνοιστά⁴

232 1647 302 1671 σεως
323 1639 433 1665 οὐκέτι·
463 1640 556 1671 αὺτοῖς
577 1639 632 1675 γὰρ
661 1640 753 1675 μόνοις
780 1640 900 1671 ἀναστὰς
917 1640 1023 1675 ἐφάνη·

233 1680 291 1707 ἀλλ’
307 1681 381 1716 ὅμως
392 1681 438 1707 καὶ
453 1681 540 1708 ταῦτα
554 1680 680 1715 λέγοντες
694 1680 813 1714 ἔπειθον,
829 1681 875 1708 καὶ
891 1681 963 1708 οὕτω
976 1682 1025 1716 τὴν

240 1722 402 1760 Ἐκκλησίαν
418 1723 582 1759 ᾠκοδόμουν.
600 1723 662 1755 Πῶς
673 1723 721 1750 καὶ
735 1724 788 1750 τίνι
801 1724 911 1759 τρόπῳ;
929 1723 969 1759 Τῇ
985 1723 1027 1750 δυ-

234 1765 315 1800 νάμει
326 1765 372 1791 τοῦ
384 1765 470 1792 ταῦτα
484 1765 673 1797 κελεύσαντος·
686 1765 767 1797 αὐτὸς
779 1766 833 1801 γὰρ
845 1765 1028 1802 προοδοποιῶν

235 1805 280 1842 ἧν,
297 1808 378 1838 αὐτὸς
403 1807 492 1834 πάντα
519 1808 567 1834 καὶ
588 1807 622 1833 τὰ
640 1807 759 1834 δύσκολα
783 1808 863 1843 ῥᾴδια
886 1807 981 1834 ποιῶν.
996 1808 1028 1834 El

237 1850 290 1885 γὰρ
310 1849 347 1885 μὴ
363 1849 424 1875 θεία
445 1858 488 1881 τις
512 1848 628 1885 δύναμις
650 1847 684 1885 ἦν
699 1851 715 1885 ἡ
729 1850 816 1877 ταῦτα
842 1850 1027 1886 κατορθοῦσα,

237 1891 291 1918 οὐδ’
310 1891 343 1917 ἂν
360 1891 512 1927 προοίμιον,
531 1891 584 1918 οὐδ’
603 1891 636 1917 ἂν
653 1892 741 1927 ἀρχὴν
756 1892 843 1919 ταῦτα
857 1892 953 1919 ἐλαϐε-
971 1891 1030 1922 πῶς

237 1933 308 1968 γάρ;
333 1933 402 1959 Ἀλλ’
421 1934 523 1965 ἐκεῖνος
539 1934 553 1960 ὁ
567 1933 663 1965 εἰπὼν,
679 1933 824 1970 Γενηθήτω
842 1934 965 1970 οὐρανὸς,
984 1934 1031 1961 καὶ

238 1975 328 2008 δείξας
343 1975 373 2002 τὸ
389 1975 485 2011 ἔργον⁸
501 1975 559 2007 καὶ,
576 1976 776 2012 Θεμελιωθήτω
789 1977 805 2011 ή
818 1976 864 2011 γῆ,
881 1976 928 2002 καὶ
941 1985 1032 2013 παρα-

239 2018 332 2052 γαγὼν
343 2018 392 2053 τὴν
402 2017 504 2045 οὐσίαν·
517 2018 573 2051 καὶ,
587 2017 726 2052 Λαμπὲτω
740 2017 824 2053 ἥλιος,
837 2018 884 2044 καὶ
898 2017 988 2050 δείξας
1002 2017 1032 2044 τὸ

240 2060 350 2096 ἄστρον,
369 2061 417 2086 καὶ
442 2059 532 2086 πάντα
562 2060 749 2095 ἐργασάμενος
763 2060 839 2096 [577]
858 2060 941 2096 λόγῳ,
955 2057 1033 2092 οὗτος

240 2101 348 2133 καὶτὰς
372 2101 533 2137 Ἐκκλησίας
549 2101 651 2133 ταύτας
672 2101 819 2136 ἐφύτευσε·
841 2102 889 2130 καὶ
911 2102 942 2129 τὸ
956 2102 1033 2138 ῥῆμα

242 2144 341 2177 ἐκεῖνο,
355 2143 395 2177 τὸ,
410 2143 602 2178 οἰκοδομήσω
616 2152 677 2179 μου
690 2144 748 2178 τὴν
769 2144 963 2179 Ἐκκλησίαν,
976 2144 1034 2171 τοῦ·

215 2201 217 2204 »
242 2196 272 2213 το
284 2186 371 2214 πάντα
383 2187 540 2222 εἰργάσατο.
554 2185 676 2213 Τοιοῦτοι
692 2186 747 2221 γὰρ
759 2186 784 2213 οἱ
803 2186 850 2213 τοῦ
865 2186 932 2224 Θεοῦ
947 2186 1032 2222 λόγοι,

244 2229 331 2265 ἔργων
348 2228 520 2264 δημιουργοὶ,
545 2228 634 2263 ἔργων
657 2227 822 2263 θαυμαστῶν
849 2228 897 2255 καὶ
914 2228 1035 2264 παραδό-

244 2272 306 2304 ξων.
320 2271 423 2306 Ὥσπερ
437 2270 491 2306 γὰρ
508 2268 579 2302 εἷπε,
592 2270 799 2304 Βλαστησάτω
810 2270 829 2304 ὴ
848 2269 886 2306 γῆ
900 2270 1036 2304 βοτάνην

245 2313 364 2347 χόρτου,
374 2313 420 2339 καὶ
430 2312 519 2339 πάντα
534 2312 631 2348 ἀθρόον
647 2312 809 2348 παράδεισος
821 2310 866 2349 ἦν,
885 2313 933 2340 καὶ
947 2312 1036 2340 πάντα

245 2354 387 2389 λειμῶνες,
412 2355 459 2381 καὶ
480 2355 586 2390 μυρίοις
602 2354 690 2390 ἐκόμα
706 2356 800 2389 φυτοῖς
815 2355 832 2391 ἡ
845 2354 981 2391 δεξαμένη
1005 2355 1036 2382 τὸ

247 2397 386 2432 ἐπίταγμα
399 2397 451 2432 γῆ·
477 2397 549 2424 οὕτω
574 2397 621 2424 καὶ
643 2396 690 2423 νῦν
715 2395 810 2424 εἷπεν·
842 2397 1036 2432 Οἰκοδομήσω

247 2446 304 2472 μου
325 2438 382 2471 τὴν
415 2439 607 2473 Ἐκκλησίαν,
625 2439 673 2465 καὶ
702 2439 771 2474 μετὰ
794 2438 894 2475 πολλῆς
909 2439 1036 2471 εὐκολίας

248 2479 327 2506 τοῦτο
341 2479 460 2513 ἐγίνετο·
478 2481 524 2507 καὶ
550 2481 690 2516 τυράννων
708 2480 768 2507 κατ’
791 2481 877 2516 αὐτῆς
895 2480 1038 2517 ὁπλιζομέ-

249 2530 312 2554 νων,
340 2521 387 2548 καὶ
415 2522 588 2558 στρατιωτῶν
617 2523 686 2549 ὅπλα
700 2522 858 2555 κινούντων,
879 2523 927 2550 καὶ
942 2523 1037 2559 δήμων

250 2565 335 2600 πυρὸς
350 2563 527 2600 σφοδρότερον
542 2565 722 2600 μαινομένων,
741 2564 788 2591 καὶ
805 2565 950 2601 συνηθείας
964 2565 1039 2592 ἀντι-

250 2606 504 2642 παραταττομένης,
531 2607 579 2633 καὶ
596 2607 728 2643 ρητόρων,
750 2607 798 2633 καὶ
822 2606 968 2641 σοφιστῶν,
991 2608 1039 2634 καὶ

251 2647 448 2679 πλουτούντων,
460 2648 507 2674 καὶ
526 2648 651 2681 ἰδιωτῶν,
676 2649 723 2675 καὶ
738 2648 876 2684 ἀρχόντων
891 2649 1040 2685 ἀνισταμέ-

251 2698 313 2722 νων,
330 2689 415 2723 πυρὸς
438 2689 615 2725 σφοδρότερον
640 2689 724 2717 ἐπιὼν
734 2691 748 2716 ὁ
760 2690 838 2724 λόγος
853 2691 903 2722 τὰς
919 2690 1040 2722 ἀκάνθας

254 2731 387 2767 ἀνήλωσε,
417 2730 466 2761 τὰς
488 2731 608 2766 ἀρούρας
643 2731 826 2767 ἐξεκάθηρεν,
853 2731 964 2768 ἔσπειρε
991 2731 1039 2759 τοῦ

253 2773 431 2809 κηρύγματος
465 2772 512 2800 τὸν
547 2772 640 2808 λόγον·
669 2774 718 2800 καὶ¹
751 2774 806 2801 τῶν
836 2774 1041 2802 πιστευσάντων

254 2816 307 2842 τῶν
334 2816 382 2851 μὲν
403 2814 589 2851 δεσμωτήριον
611 2815 766 2847 οἰκούντων,
797 2815 851 2842 τῶν
879 2816 908 2842 δέ
936 2817 976 2849 εἰς
992 2816 1042 2853 τὴν

254 2858 400 2894 ὑπερορίαν
425 2858 640 2894 μεθισταμένων,
653 2858 707 2885 τῶν
722 2858 749 2884 δέ
770 2858 804 2884 τὰ
820 2858 948 2894 χρήματα
960 2859 1043 2893 ἀφαι-

257 2900 409 2936 ρουμένων,
436 2900 491 2928 τῶν
517 2900 545 2927 δὲ
574 2901 777 2936 ἀναιρουμένων
799 2901 846 2928 καὶ
873 2908 1045 2928 κατακοπτο-

1055 176 1154 210 μένων,
1169 176 1224 203 τῶν
1238 176 1267 203 δέ
1282 176 1349 211 πυρὶ¹
1373 175 1609 211 παραδιδομένων,
1634 173 1688 201 τῶν
1709 174 1736 201 δὲ
1762 184 1848 202 κατα-

1053 218 1255 253 ποντιξομένων
1272 218 1320 244 καὶ
1338 218 1392 244 πᾶν
1409 216 1478 248 εἶδος
1495 216 1631 252 τιμωρίας
1646 216 1848 251 ὑπομενόντων,

1054 259 1256 295 άτιμουμένων,
1277 259 1475 295 ἐλαυνομένων,
1496 259 1533 290 ὡς
1550 258 1648 285 κοινῶν
1663 257 1769 294 ἐχθρῶν
1789 259 1851 285 διω-

1054 300 1177 335 κομένων
1204 301 1346 333 πάντοθεν,
1373 301 1462 336 ἕτεροι
1488 301 1596 333 πλείους
1620 299 1791 336 προσῄεσαν,
1819 301 1850 326 οὑ

1056 342 1135 377 μόνον
1147 343 1233 376 οὐδὲν,
1246 343 1292 378 ἀφ’
1301 339 1339 370 ὧν
1352 343 1470 378 ἔπασχον
1487 343 1586 379 ἕτεροι,
1602 343 1644 374 είς
1655 342 1686 369 τὸ
1705 341 1851 377 πεισθῆναι

1055 385 1231 420 όκνηρότεροι
1245 385 1394 421 γινόμενοι,
1414 385 1482 412 ἀλλὰ
1507 385 1555 412 καὶ
1571 385 1786 421 προθυμότεροι,
1803 383 1852 410 καὶ

1059 426 1158 462 μᾶλλον
1175 427 1361 463 ἐπιπηδῶντες
1376 429 1409 463 τῇ
1425 427 1495 463 καλῇ
1510 427 1597 463 ταύτῃ
1606 426 1688 462 θήρᾳ·
1701 426 1748 453 καὶ
1763 425 1853 457 οὓτως

1057 468 1206 504 ὴλιεύοντο,
1228 469 1278 495 οὐκ
1296 468 1524 505 ἀναγκαζόμενοι.
1548 470 1579 496 οὐ
1598 468 1765 504 βιαζόμενοι,
1784 467 1853 494 ἀλλὰ

1059 511 1283 547 προστρέχοντες,
1297 511 1377 547 χάριν
1392 512 1492 544 εἰδότες
1505 513 1560 543 τοῖς
1579 511 1625 537 ἐπὶ
1642 510 1721 537 τοῦτο
1738 510 1851 544 ἄγουσι·

1059 552 1106 579 καὶ
1120 553 1287 589 χειμάρρους
1301 552 1425 589 αἱμάτων
1438 553 1556 588 ὁρῶντες
1571 553 1625 579 ἀπὸ
1638 552 1693 578 τῶν
1704 552 1754 588 ήδη
1771 560 1854 579 πεπι-

1060 594 1211 621 στευκότων
1224 595 1419 631 ἀπορρέοντας,
1437 594 1597 630 θερμότεροι
1615 594 1679 629 περὶ
1697 593 1746 628 τὴν
1762 594 1855 620 πίστιν

1059 636 1180 670 ἐγίνοντο
1195 636 1242 663 καὶ
1262 635 1482 672 θαρσαλεώτεροι
1493 644 1499 650 ·
1515 636 1564 662 καὶ
1578 635 1637 670 οὐχὶ
1655 634 1710 661 τῶν
1726 634 1855 670 μαθητῶν

1062 678 1152 714 μόνον,
1171 679 1239 705 ἀλλὰ
1260 680 1307 706 καὶ
1323 679 1377 706 τῶν
1398 678 1578 710 διδασκάλων,
1603 677 1658 704 τῶν
1677 677 1726 713 μὲν
1745 676 1856 712 δεδεμέ-

1060 729 1124 752 νων,
1142 721 1196 747 τῶν
1212 720 1240 747 δὲ
1254 720 1452 756 ἐλαυνομένων,
1469 720 1523 746 τῶν
1534 719 1562 746 δὲ
1574 718 1790 755 μαστιζομένων,
1801 718 1856 745 τῶν

1061 761 1089 788 δὲ
1109 762 1192 797 ἕτερα
1209 762 1294 797 μυρία
1312 762 1472 797 πασχόντων
1491 761 1574 792 κακὰ,
1596 761 1705 792 πλείους
1721 761 1746 786 οἱ
1769 759 1857 795 μαθη-

1061 804 1202 839 τευόμενοι
1221 805 1268 832 καὶ
1291 804 1495 839 σπουδαιότεροι
1522 803 1623 839 μᾶλλον
1645 803 1776 837 ἐγίνοντο,
1802 802 1858 828 Καὶ

1064 846 1113 881 βοᾷ
1146 845 1252 877 Παῦλος
1277 845 1381 880 λέγων·
1409 846 1499 872 Ὥστε
1526 845 1598 878 τοὺς
1627 845 1771 877 πλείονας
1797 841 1857 870 τῶν

1063 887 1203 922 ἀδελφῶν
1214 888 1250 914 ἐν
1262 888 1370 922 Κψίῳ,
1384 887 1564 920 πεποιθότας
1579 887 1641 919 τοῖς
1653 886 1776 921 δεσμοῖς
1786 894 1857 919 μου,

1063 929 1283 963 περισσοτέρως
1300 929 1416 964 τολμᾷν
1432 929 1551 963 ἀφόϐως
1563 927 1617 955 τὸν
1631 927 1725 962 λόγον
1739 926 1856 953 λαλεῖν.

1063 972 1119 998 Καὶ
1133 971 1251 1006 ἀλλαχοῦ
1271 971 1362 1003 πάλιν,
1379 970 1472 1006 Ὑμεῖς
1488 971 1543 1008 γὰρ
1553 970 1677 1006 μιμηταὶ
1698 968 1860 1004 ἐγενήθητε

1063 1012 1124 1039 τῶν
1154 1012 1340 1047 Ἐκκλησιῶν
1366 1013 1420 1040 τοῦ
1449 1012 1524 1040 Θεοῦ
1552 1011 1612 1039 τῶν
1637 1010 1740 1039 οὐσῶν
1764 1011 1800 1038 ὲν
1820 1009 1858 1044 τῇ

1071 1053 1205 1087 Ἰουδαίᾳ,
1220 1054 1264 1080 ὅτι
1275 1055 1312 1081 τὰ
1323 1055 1399 1082 αὐτὰ
1413 1054 1538 1081 ἐπάθετε
1552 1053 1602 1080 καὶ
1619 1053 1703 1088 ὑμεῖς
1718 1052 1778 1080 ὑπὸ
1797 1051 1859 1079 τῶν

1066 1095 1148 1122 ἰδίων
1172 1096 1385 1131 συμφυλετῶν,
1412 1095 1511 1128 καθὼς
1533 1096 1582 1122 καὶ
1603 1095 1689 1122 αὐτοὶ
1713 1094 1773 1122 ὑπὸ
1798 1092 1858 1120 τῶν

1071 1137 1220 1165 Ἰουδαίων
1241 1137 1299 1164 τῶν
1324 1138 1374 1165 καὶ
1399 1138 1452 1164 τὸν
1472 1138 1583 1171 Κύριον
1604 1135 1857 1166 ἀποκτεινάντων,

1066 1179 1115 1206 καὶ
1130 1178 1209 1214 ἡμᾶς
1223 1180 1402 1206 κωλυόντων
1428 1179 1491 1212 τοῖς
1516 1179 1618 1206 ἔθνεσι
1639 1177 1786 1213 λαλῆσαι,
1809 1177 1860 1204 ἵνα

1067 1220 1216 1248 σωθῶσιν.
1237 1221 1356 1257 Ἐτέροις
1372 1221 1401 1248 δὲ
1424 1221 1504 1248 πάλιν
1517 1221 1631 1257 γράφων
1649 1220 1735 1252 οὕτως
1748 1219 1841 1254 ἔλεγεν
1851 1228 1858 1234 ·

1074 1263 1348 1298 Ἀναμιμνήσκεσθε
1373 1263 1426 1296 τὰς
1450 1262 1596 1297 προτέρας
1615 1262 1738 1297 ἡμέρας,
1758 1261 1792 1288 ἐν
1812 1258 1861 1294 αἷς

1068 1304 1268 1339 φωτισθέντες
1282 1304 1403 1338 πολλὴν
1423 1305 1554 1338 ἄθλησιν
1567 1304 1744 1338 ὑπεμείνατε
1765 1304 1861 1336 παθη,
1891 1298 1924 1341 η(

1067 1346 1180 1381 μάτων,
1204 1346 1406 1381 γινώσκοντες
1425 1346 1544 1379 ἑαυτοῖς
1560 1346 1716 1379 κρείττονα
1730 1344 1862 1378 ὕπαρξιν

1070 1389 1106 1415 ὲν
1136 1388 1285 1422 οὐρανοῖς,
1323 1388 1371 1415 καὶ
1404 1388 1574 1424 μένουσαν.
1614 1386 1692 1420 Εἶδες
1722 1387 1863 1422 δυνάμεως

1072 1430 1224 1465 ὑπερϐολὴν
1243 1429 1291 1456 τοῦ
1304 1430 1391 1457 ταῦτα
1407 1430 1612 1465 ἐργασαμένου;
1641 1430 1679 1456 Οὐ
1703 1429 1758 1465 γὰρ
1785 1429 1864 1464 μόνον

1072 1472 1121 1498 οὐκ
1139 1472 1271 1507 ἠθύμουν,
1297 1472 1358 1498 οὐδὲ
1376 1471 1456 1507 μόνον
1476 1472 1526 1498 οὐκ
1549 1471 1687 1498 ἐθλίϐοντο
1707 1471 1794 1498 ταῦτα
1810 1470 1864 1497 πά-

1074 1522 1193 1549 σχοντες,
1216 1514 1284 1541 ἀλλὰ
1303 1514 1350 1541 καὶ
1367 1513 1489 1550 ἔχαιρον,
1511 1513 1656 1550 ἐσκίρτων,
1674 1513 1792 1548 ἐπήδων.
1810 1513 1866 1539 Καὶ

1074 1557 1139 1592 περὶ
1151 1556 1199 1592 μὲν
1211 1556 1314 1583 τούτων
1330 1552 1406 1588 οὗτος
1420 1555 1508 1583 ταῦτα
1523 1555 1607 1590 λέγει,
1621 1555 1662 1582 ὅτι
1673 1555 1722 1590 τὴν
1735 1555 1867 1591 δήμευσιν

1074 1599 1124 1634 τῆς
1136 1598 1230 1630 οὐσίας
1248 1598 1307 1633 μεθ’
1322 1598 1420 1634 ἡδονῆς
1435 1597 1577 1630 ἐδέξαντοο
1602 1597 1666 1633 περὶ
1682 1597 1711 1623 δέ
1726 1597 1780 1623 τῶν
1794 1597 1868 1624 διδα-

1077 1640 1182 1667 σκάλων
1201 1641 1215 1666 ὁ
1232 1640 1340 1671 Λουκᾶς
1365 1640 1393 1666 ἐν
1417 1641 1450 1674 τῇ
1470 1639 1524 1666 τῶν
1550 1639 1679 1674 Πράξεων
1709 1638 1802 1674 βίϐλῳ,
1828 1640 1869 1665 ὅτι

1077 1682 1246 1718 ὑπέστρεφον
1267 1682 1300 1708 ἐκ
1320 1681 1468 1718 προσώπου
1486 1680 1533 1707 τοῦ
1560 1680 1700 1716 συνεδρίου
1716 1681 1868 1718 χαίροντες,

1077 1724 1118 1751 ὅτι
1132 1716 1348 1759 κατηξιώθησαν
1371 1722 1442 1758 ὑπὲρ
1458 1721 1505 1749 τοῦ
1527 1722 1659 1758 ὀνόματος
1680 1722 1727 1748 τοῦ
1750 1716 1870 1758 Χριστὸῦ

1077 1766 1270 1801 ἀτιμασθῆναι.
1283 1765 1351 1801 Περὶ
1366 1765 1394 1792 δὲ
1409 1763 1506 1791 ἐαυτοῦ
1519 1765 1599 1792 πάλιν
1611 1765 1625 1790 ὁ
1637 1763 1758 1796 Παῦλος·
1775 1764 1872 1798 Χαίρω

1078 1808 1113 1835 ἐν
1137 1807 1200 1840 τοῖς
1229 1807 1385 1842 παθήμασί
1413 1815 1483 1841 μου,
1515 1806 1565 1833 καὶ
1586 1805 1807 1839 ἀνταναπληρῶ
1836 1806 1872 1832 τὰ

1078 1849 1269 1884 ὑστερήματα
1283 1849 1341 1876 τῶν
1352 1849 1485 1883 θλίψεων
1494 1848 1547 1875 τοῦ
1557 1847 1686 1881 Χριστοῦ
1693 1847 1727 1874 ἐν
1739 1847 1775 1881 τῇ
1783 1846 1873 1881 σαρκί

1077 1901 1147 1927 μου.
1164 1892 1219 1918 Καὶ
1232 1892 1258 1918 τί
1272 1891 1434 1927 θαυμάζεις,
1448 1891 1473 1918 εί
1488 1891 1535 1917 καὶ
1551 1891 1597 1916 ἐπὶ
1620 1889 1782 1925 παθήμασιν
1797 1889 1873 1924 ἔχαι-

1082 1943 1139 1971 ρεν,
1157 1934 1224 1960 ὅπου
1238 1942 1270 1968 γε
1287 1933 1335 1960 καὶ
1352 1933 1467 1960 θάνατον
1488 1932 1594 1968 μέλλων
1614 1931 1761 1966 ὑπομένειν
1778 1931 1807 1957 οὺ
1827 1930 1873 1966 μό-

1082 1984 1126 2002 νον
1153 1975 1274 2011 ἒχαιρεν,
1298 1974 1366 2001 ἀλλὰ
1383 1974 1431 2001 καὶ
1446 1974 1510 2006 τοὺς
1536 1972 1662 2008 μαθητὰς
1675 1973 1717 2003 εις
1731 1971 1874 1999 κοινωνίαν

1081 2018 1131 2052 τῆς
1140 2017 1311 2053 εὐφροσύνης
1329 2016 1432 2048 ἐκάλει,
1457 2016 1525 2050 ὅπερ
1539 2013 1573 2051 ἦν
1593 2013 1669 2053 [578]
1696 2013 1871 2048 ὑπερϐαλλόν-

1082 2051 1136 2091 τως
1151 2051 1369 2094 εὐφραινομένης
1387 2057 1488 2093 ψυχῆς,
1509 2056 1581 2083 οὓτω
1594 2051 1696 2090 λέγων·
1716 2056 1812 2089 Χαίρω
1827 2055 1875 2082 καὶ

1083 2101 1237 2136 συγχαίρω
1245 2099 1341 2127 πᾶσιν
1349 2099 1430 2134 ὑμῖν,
1439 2098 1473 2126 τὸ
1483 2097 1516 2125 δὲ
1526 2098 1599 2125 αὺτό
1608 2097 1658 2124 καὶ
1669 2097 1754 2132 ὑμεῖς
1760 2098 1876 2132 χαίρετε

1084 2143 1134 2170 καί
1151 2141 1329 2178 συγχαίρετέ
1344 2150 1405 2176 μοι.
1419 2141 1452 2167 Τί
1466 2140 1589 2175 γέγονεν,
1605 2139 1676 2171 εἰπὲ,
1690 2139 1730 2166 ὄτι
1740 2139 1876 2175 τοσαύτης

1084 2185 1252 2221 ἐνεπλήσθης
1268 2185 1373 2220 χαρᾶς;
1398 2182 1479 2217 Ἐγὼ,
1500 2182 1582 2217 φησὶν
1593 2203 1600 2213 ,
1625 2180 1684 2215 ἤδη
1699 2180 1877 2216 σπένδομαι,

1084 2226 1134 2255 καὶ
1158 2228 1174 2254 ὁ
1193 2226 1295 2261 καιρὸς
1317 2225 1373 2259 τῆς
1395 2223 1470 2259 ἐμῆς
1497 2223 1673 2256 ἀναλύσεως
1697 2222 1876 2258 ἐφέστηκεν.

1109 2312 1150 2339 ιδ’.
1156 2310 1235 2338 Οὕτω
1241 2309 1330 2337 τοίνυν
1337 2307 1491 2344 ᾠκοδόμουν
1497 2306 1546 2343 τὴν
1553 2306 1689 2342 πανταχοῦ
1698 2306 1862 2342 Ἐκκλησίαν
1867 2327 1875 2334 .

1085 2354 1182 2381 Καίτοι
1196 2361 1228 2387 γε
1243 2353 1331 2387 τοῖχον
1340 2351 1389 2377 ἕνα
1397 2350 1484 2382 οὐδεὶς
1497 2348 1530 2376 ἂν
1539 2349 1666 2384 δυνηθείη
1681 2348 1870 2384 οἰκοδομῆσαι,

1085 2396 1130 2423 διὰ
1142 2395 1216 2422 λίθου
1224 2393 1409 2421 καὶὰσὸέστου
1421 2391 1554 2422 συντιθεὶς
1566 2391 1615 2426 τὴν
1627 2390 1782 2425 οἰκοδομὴν,
1797 2390 1877 2417 ἐλαυ-

1086 2438 1207 2473 νόμενος,
1222 2435 1406 2470 κωλυόμενος·
1427 2429 1500 2459 οὗτοι
1517 2432 1546 2459 δὲ
1562 2432 1726 2467 Ἐκκλησίας
1743 2431 1877 2464 τοσαύτας
1924 2422 1929 2429 ἱ

1087 2478 1225 2514 πανταχοῦ
1236 2478 1285 2513 τῆς
1296 2476 1457 2511 οἰκουμένης
1469 2475 1657 2510 ᾠκοδόμησαν,
1671 2474 1878 2510 κατακοπτόμε-

1087 2531 1137 2555 νοι,
1147 2519 1336 2556 δεσμούμενοι,
1345 2517 1517 2552 διωκόμενοι,
1528 2516 1751 2551 φυγαδευόμενοι,
1761 2516 1877 2551 δημευό-

1089 2572 1175 2599 μενοι,
1186 2560 1408 2598 μαστιγούμενοι,
1424 2558 1615 2594 σφαττόμενοι,
1628 2557 1779 2592 καιόμενοι,
1791 2566 1877 2584 κατα-

1088 2605 1273 2639 ποντιζόμενοι
1290 2602 1358 2639 μετὰ
1371 2601 1425 2628 τῶν
1444 2600 1583 2637 μαθητῶν·
1601 2600 1647 2627 καὶ
1657 2600 1833 2635 ᾠκοδόμησαν
1844 2601 1875 2627 οὗ

1088 2648 1131 2675 διὰ
1143 2648 1234 2679 λίθων,
1251 2645 1318 2674 ἀλλὰ
1330 2644 1374 2671 διὰ
1394 2643 1487 2678 ψυχῶν
1513 2643 1562 2670 καὶ
1585 2642 1781 2678 προαιρέσεων,
1807 2642 1876 2677 ὅπερ

1088 2689 1289 2724 δυσκολώτερον
1304 2685 1396 2721 πολλῷ
1414 2686 1461 2712 τοῦ
1478 2684 1522 2711 διὰ
1542 2684 1623 2711 λίθων
1636 2683 1821 2718 οἰκοδομῆσαι.
1837 2684 1876 2710 Οὐ

1089 2733 1143 2768 γάρ
1173 2733 1247 2758 ἐστιν
1274 2730 1330 2756 ἴσον
1361 2728 1496 2755 συνθεῖναι
1520 2727 1619 2761 τοῖχον,
1644 2726 1692 2761 ,καὶ
1717 2725 1805 2761 ψυχὴν
1831 2725 1879 2752 ἐπὶ

1090 2773 1227 2804 τοσούτοις
1242 2771 1349 2808 χρόνοις
1365 2770 1418 2797 ὑπὸ
1431 2769 1565 2804 δαιμόνων
1579 2768 1810 2803 ἐκὸακχευθείσαν
1821 2769 1879 2795 πεῖ-

1093 2825 1138 2843 σαι
1156 2814 1332 2850 μεταστῆναι,
1344 2812 1393 2839 καὶ
1408 2813 1457 2847 τῆς
1479 2811 1575 2846 μανίας
1590 2810 1742 2845 άποστξναι
1759 2810 1876 2844 ἐκείνης,

1093 2857 1220 2893 καὶπρὸς
1237 2855 1369 2891 τοσαύτην
1391 2854 1477 2881 ἐλθεῖν
1504 2852 1690 2888 σωφροσύνην.
1715 2852 1784 2879 Ἀλλ’
1804 2853 1879 2887 ὅμως

1096 2901 1209 2934 ἴσχυσαν
1222 2899 1321 2933 γυμνοὶ
1336 2897 1383 2925 καὶ
1399 2895 1564 2927 ἀνυπόδετοι,
1583 2894 1758 2931 μονοχίτωνες
1773 2894 1821 2927 τὴν
1836 2895 1875 2921 οἰ-
