2055 3122
204 124 256 153 835

206 194 280 222 enim
291 191 509 220 commilitantem
522 189 582 224 ejus
594 189 717 216 virtutem
728 209 735 220 ,
746 187 792 223 qui
805 187 872 214 dixit
886 196 892 214 :
908 187 992 222 Super

205 239 270 265 hanc
282 243 379 273 petram
389 235 518 270 aedificabo
532 234 670 262 Ecclesium
682 241 761 260 meam
772 253 779 266 ,
793 238 816 259 et
829 237 908 267 porta!
918 232 992 268 inferi

206 292 256 310 non
269 282 436 316 prevalebum
445 281 562 307 adversus
576 288 630 306 eam
642 278 746 314 (Matth.
758 278 801 304 16.
813 278 867 312 18).
879 277 991 304 Numera

206 332 271 363 quot
284 328 387 362 tyranni
400 327 433 353 ab
446 326 491 352 illo
504 330 623 359 tempore
636 324 763 351 adversus
776 323 846 350 illam
858 323 991 349 instruxe-

209 379 269 402 runt
286 375 368 401 aciem
380 393 388 405 ,
403 376 467 407 quot
479 371 647 406 gravissimas
662 370 877 405 perseqttutioncs
892 370 992 397 excita-

209 424 286 447 runt:
297 427 349 454 quo
359 420 384 445 in
395 424 465 445 statu
476 418 540 445 ﬁdes
550 418 630 445 fuerit
640 421 694 444 toto
708 417 761 448 illo,
773 416 843 451 quod
855 416 990 451 prmteriit,

210 469 329 499 tempore
342 473 347 490 :
360 464 464 499 quando
477 471 568 490 recens
584 463 698 497 platttata
712 466 769 489 crat
781 483 787 494 ,
801 461 906 497 quando
918 466 991 488 tene-

210 510 295 538 riores
308 513 383 536 erant
396 509 530 536 hominum
548 512 657 535 tttcntcs.

247 557 290 582 15.
303 555 470 590 Imperatores
481 563 564 582 omnes
575 560 661 580 contra
672 553 826 581 Christianos
837 553 926 580 bellant
937 555 993 589 fm-

213 606 264 627 ntra
272 604 442 635 susceperunt.
453 615 488 620 —
496 600 614 627 Gentiles
627 605 700 626 erant
714 599 898 633 Imperatores,
908 598 995 633 Augu-

212 651 277 679 stus,
287 646 418 679 Tiberius,
426 645 514 677 Caius,
524 645 603 677 Nero,
613 644 799 679 Vespasianus,
810 644 892 676 Titus,
902 648 929 671 et
939 648 997 678 post

212 692 283 719 illum
299 700 390 718 omnes
406 699 487 726 usque
501 691 533 717 ad
553 695 656 724 tempus
674 690 745 717 beati
764 688 927 717 Constantini
942 690 993 716 lm-

213 737 361 772 peratoris;
375 744 518 771 omnesque
531 736 579 767 illi,
593 735 636 762 alii
649 736 745 766 minus,
760 735 803 761 alii
814 734 996 762 vehementius

214 783 358 809 Ecclesiam
377 782 579 817 oppugnabant;
593 781 778 815 oppugnabant
793 785 880 807 tamen
893 787 995 807 otnnes.

213 828 287 861 Quod
338 828 380 862 qtti
395 834 486 854 eorum
500 827 549 853 visi
565 831 626 853 sunt
640 826 729 852 ntitius
743 833 830 860 agerc,
848 825 898 852 ltoc
913 826 997 860 ipsum

213 880 301 902 tamen
315 874 385 909 quod
398 874 572 908 Imperatores
590 873 675 908 palam
686 873 712 899 itt
726 873 858 907 impietate
869 872 996 904 viverent,

215 920 322 946 materia
334 919 460 946 bellorum
472 923 538 951 erat,
548 926 607 945 cum
619 918 673 950 alii,
682 918 726 952 qtti
738 918 801 952 ipsis
811 917 996 949 adulabantur,

214 966 323 999 gratiam
339 965 443 991 illorum
458 968 594 998 captantes
608 964 731 990 Ecclesia:
747 963 843 989 bellum
860 962 998 988 inferrent.

215 1012 338 1038 Attamen
355 1018 447 1038 omnes
463 1010 611 1044 hujusmodi
626 1010 727 1036 insidia:
742 1013 820 1044 atque
832 1009 953 1035 incursus
964 1008 1001 1033 fa—

215 1057 291 1083 cilius
309 1064 387 1091 quam
407 1064 511 1083 araneze
531 1056 582 1083 tela
600 1055 719 1090 dissipati
736 1060 813 1088 sunt,
827 1055 904 1082 citius
922 1061 1001 1089 qttam

216 1103 302 1129 fumus
316 1102 395 1129 soluti
410 1106 482 1135 sunt,
500 1102 618 1129 velocius
634 1109 712 1136 quant
727 1101 811 1136 pulvis
829 1101 1001 1128 transierunt.

216 1147 280 1174 Nam
301 1155 360 1174 cum
380 1148 481 1174 insidiis
503 1148 556 1174 suis
576 1147 703 1182 majorem
723 1152 868 1182 martyrum
891 1147 1002 1174 chorum

214 1193 361 1226 effecerint,
373 1193 590 1227 immortalcsque
604 1193 662 1219 illos
673 1193 798 1220 Ecclesim
812 1193 948 1219 thesauros
961 1200 1003 1219 re-

218 1240 358 1274 liquerittt,
373 1240 510 1267 columnas
532 1244 610 1273 atque
631 1243 717 1265 turres
730 1259 737 1271 ,
755 1238 791 1265 illi
814 1246 864 1265 non
886 1238 1003 1265 viventes

218 1285 312 1318 tttodo,
329 1285 374 1312 sed
394 1285 473 1312 etiam
495 1285 590 1311 mortui
603 1306 610 1317 ,
627 1284 739 1319 posteris
760 1291 861 1318 magna}
881 1283 1000 1310 utilitatis

218 1332 325 1357 materia
342 1330 401 1357 facti
413 1335 484 1357 sunt.
503 1330 614 1357 Videsne
628 1330 679 1356 vim
696 1329 891 1364 praedictionis?
903 1328 1004 1363 Etpor-

218 1381 250 1402 ta:
263 1377 336 1411 inferi
351 1385 399 1402 non
413 1376 578 1410 praeualebunt
592 1376 709 1402 adversus
724 1383 788 1401 eam.
803 1375 843 1401 Ab
858 1374 899 1401 his
914 1374 946 1401 de
962 1374 1002 1400 fu-

219 1423 283 1449 turis
296 1423 385 1454 crede,
402 1423 499 1449 nulluttt
516 1422 571 1449 fore
584 1422 626 1456 qui
640 1421 760 1448 obsistat.
772 1420 799 1447 Si
814 1420 883 1448 enim
897 1427 956 1447 cum
971 1427 1004 1446 ex

219 1469 309 1503 paucis
323 1473 458 1495 constaret
470 1489 478 1501 ,
493 1476 553 1495 cum
569 1475 636 1494 nova
650 1474 692 1494 res
706 1474 765 1493 esse
779 1465 911 1493 videretur
923 1486 929 1498 ,
944 1473 1004 1492 cum

219 1521 302 1548 ttttper
315 1514 428 1548 plantata
438 1514 556 1540 doctrina
568 1517 648 1544 esset,
660 1519 720 1538 cum
735 1515 772 1538 tot
785 1511 853 1538 bella
865 1511 1001 1542 instarent,

220 1564 258 1586 tot
272 1559 386 1594 undique
404 1559 544 1586 commissa
558 1558 647 1593 praelia
666 1557 729 1584 nihil
745 1560 904 1592 potueruttt,
920 1562 1005 1590 neque

220 1606 430 1640 prmvalucmnt;
451 1609 550 1639 quanto
575 1604 659 1638 magis
680 1610 750 1629 nuttc
773 1609 833 1628 cum
855 1601 1004 1628 universam

220 1655 315 1677 terratn
331 1654 458 1685 occupat,
474 1657 633 1684 omnemqtte
653 1648 749 1680 locum,
763 1651 868 1674 montes
878 1667 886 1680 ,
901 1647 984 1674 saltus
997 1666 1004 1679 ,

218 1697 318 1729 colles;
337 1697 434 1724 etenim
453 1701 481 1723 et
500 1696 584 1723 maria
602 1699 628 1722 et
649 1699 741 1730 gentes
759 1694 808 1721 sub
828 1694 885 1721 sole
905 1693 1004 1728 positas

219 1749 312 1768 omnes
328 1741 516 1776 apprehendit;
532 1748 592 1768 cum
612 1741 733 1775 impietas
753 1739 822 1774 apud
840 1746 938 1774 paucos
951 1738 1004 1773 jam

220 1788 356 1820 obtineat,
377 1791 455 1822 atque
477 1794 547 1819 arze,
569 1787 684 1821 templa,
704 1785 772 1812 idola
794 1785 881 1812 omnia
903 1784 1005 1812 sublata

220 1832 326 1864 fuerint,
343 1832 408 1860 festa
421 1834 493 1865 item,
510 1833 685 1865 initiationes,
702 1831 798 1864 fumus,
814 1831 891 1858 nidor
903 1835 929 1858 et
942 1838 1005 1865 pro-

221 1879 288 1906 fana:
302 1880 451 1906 conciones.
473 1879 610 1912 Quomodo
626 1879 705 1913 igitur
720 1878 779 1905 talis
798 1882 923 1912 tantaque
943 1884 986 1904 res
997 1896 1005 1909 ,

221 1929 260 1951 tot
272 1925 367 1952 oblatis
382 1924 577 1958 impedimentis
589 1944 597 1956 ,
613 1927 666 1950 tam
679 1923 850 1957 conspicuttm
864 1922 942 1949 linem
958 1921 1006 1949 ba-

222 1969 317 2001 bucrit,
329 1974 355 1996 et
368 1969 465 1996 exitum
479 1969 581 1996 veritati
597 1968 676 1996 ﬁdem
690 1967 839 2000 facientem,
851 1967 901 1994 nisi
913 1967 1003 1993 divina

221 2016 340 2050 qutedam
355 2020 381 2043 et
394 2016 490 2042 invicta
505 2015 587 2041 virtus
600 2018 670 2041 esset
681 2014 749 2048 ejus,
761 2013 805 2048 qui
819 2014 876 2040 hazc
887 2012 1007 2047 praedixit

222 2065 248 2088 et
262 2061 388 2095 perfecit?
403 2060 486 2087 Nemo
499 2067 564 2087 sane
579 2060 618 2086 his
632 2059 831 2091 contradixerit,
847 2058 898 2086 nisi
913 2058 1002 2085 admo-

222 2106 284 2133 dum
300 2106 427 2138 insaniat,
444 2113 475 2133 ac
488 2110 575 2133 mente
599 2109 690 2139 captus
709 2105 753 2132 sit.
771 2104 861 2140 Neque
878 2104 935 2132 haec
948 2108 1006 2131 tan-

224 2156 278 2179 tum
291 2173 297 2185 ,
313 2152 359 2179 sed
374 2152 452 2179 etiam
468 2152 518 2179 alia
532 2151 654 2179 vaticinia
669 2151 726 2185 ejus
744 2150 866 2177 invictam
882 2150 1007 2177 virtutem

224 2199 409 2233 prtenuntiant.
424 2198 488 2224 Nam
501 2205 560 2225 cttnt
574 2197 647 2225 omni
657 2197 768 2224 veritate
781 2196 866 2223 futura
877 2196 1007 2230 prmdixit,

224 2250 251 2272 et
269 2245 302 2271 ad
323 2245 401 2271 linem
417 2244 546 2276 deduxit,
562 2251 648 2278 neque
664 2243 719 2270 ﬁeri
734 2247 820 2278 potest
834 2246 862 2269 ut
875 2242 1008 2277 quidpiam

224 2299 254 2318 ex
277 2291 353 2318 dictis
378 2290 434 2324 ejus
455 2290 567 2317 excidat.
591 2290 647 2316 lmo
666 2289 743 2316 citius
763 2289 857 2323 peribit
875 2288 968 2316 caelum
983 2292 1010 2315 et

226 2341 304 2369 terra,
315 2344 392 2371 qttam
405 2335 509 2370 aliquod
524 2336 662 2362 verborum
678 2338 724 2362 aut
737 2334 934 2369 prtedictionum
948 2334 1006 2368 ejus

227 2382 283 2411 falsi
298 2386 431 2416 arguatur.
446 2381 521 2415 Quod
537 2382 621 2416 ipsum
643 2380 687 2408 ille
701 2385 761 2407 ante
780 2387 868 2406 rerum
886 2383 1010 2407 eventum

227 2433 366 2459 cnuntians
377 2453 383 2465 ,
400 2432 438 2459 sic
459 2432 531 2459 clare
545 2431 578 2458 de
593 2430 679 2457 verbis
693 2431 748 2457 suis
766 2430 881 2464 loquitur
894 2438 901 2456 :
915 2429 1011 2457 Cwlum

227 2483 250 2505 rt
268 2483 334 2504 terra
355 2478 509 2510 transibunt,
528 2477 601 2504 verba
622 2481 704 2503 autem
725 2484 780 2502 mea
800 2483 850 2502 non
871 2475 1011 2502 transibunt

228 2526 236 2559 (
250 2524 339 2550 ΜαιιΙι.
354 2523 397 2550 24.
413 2523 473 2559 55).
488 2522 567 2557 quue
578 2523 638 2557 jure
650 2521 744 2549 merito
758 2530 765 2549 :
779 2528 831 2548 non
845 2521 915 2548 enim
930 2520 1011 2548 verba

228 2575 328 2597 tantum
344 2574 414 2602 sunt,
431 2570 476 2596 scd
492 2570 536 2596 Dei
552 2569 630 2596 verba
641 2589 647 2601 ,
664 2576 711 2603 per
725 2575 783 2603 quae
796 2574 839 2595 res
853 2566 1010 2594 conduntur.

228 2617 271 2644 Sic
285 2616 378 2643 caelum
393 2615 463 2647 fecit,
479 2615 517 2642 sic
528 2620 635 2648 terram,
651 2621 734 2646 mare,
747 2613 840 2646 soletn,
855 2613 894 2639 sic
906 2612 1012 2647 angelo-

229 2671 285 2690 rum
301 2663 405 2694 choros,
423 2662 460 2688 sic
473 2661 538 2688 alias
553 2660 696 2688 invisibiles
709 2660 829 2690 virtutes,
842 2658 912 2694 quod
924 2658 1013 2686 decla-

229 2717 289 2737 rans
304 2710 432 2744 propheta
447 2707 550 2734 dicebat
564 2715 570 2733 :
586 2706 646 2741 Ipse
659 2706 732 2739 dixit,
749 2710 772 2732 et
786 2707 854 2740 facta
868 2709 945 2736 sunt;
959 2704 1012 2739 ipse

229 2755 366 2787 inundauit,
378 2759 400 2780 el
413 2758 495 2780 creata
507 2758 563 2779 sunt
575 2751 658 2786 (Psal.
673 2751 733 2778 MS.
746 2751 773 2785 5)
788 2759 794 2777 :
807 2750 839 2776 de
851 2749 923 2776 omni
934 2749 1011 2776 simul

228 2806 358 2833 creatura,
368 2805 422 2827 tum
434 2793 558 2834 superna,
570 2803 623 2825 tum
635 2797 701 2824 infra
710 2797 802 2831 posita,
816 2801 869 2823 tum
882 2794 1010 2826 sensibili,

234 2845 465 2874 tutuintelleetuali
476 2865 484 2878 ,
497 2849 551 2872 tum
566 2850 692 2878 corporea
702 2864 710 2877 ,
725 2848 778 2869 tum
794 2842 946 2878 incorporea
957 2862 965 2875 ,
980 2848 1010 2868 ca

488 129 625 160 CONTRA
644 127 783 157 JUDJEOS
801 128 844 158 ET
863 129 1039 163 GENTILES,
1058 129 1150 163 QUOD
1168 129 1337 158 CHRISTUS
1355 130 1406 159 SIT
1426 131 1523 158 DEUS.
1776 129 1828 156 854

1045 187 1229 222 pronuntians.
1241 187 1305 215 illud
1316 188 1394 223 igitur
1404 188 1437 216 de
1447 188 1563 215 Ecclesia
1574 188 1726 216 vaticinium
1739 193 1828 216 osten-

1044 233 1092 265 dit,
1100 237 1130 259 ut
1141 240 1219 266 supra
1234 232 1298 266 dixi,
1311 233 1439 266 veritatis,
1452 233 1637 269 providentiae,
1649 233 1775 260 bonitatis
1784 240 1832 260 cu-

1044 285 1134 312 ratqtte
1144 278 1202 312 ejus
1215 278 1419 312 magnitudinem
1433 283 1462 306 et
1475 279 1672 305 excellentiam.

1081 323 1124 350 16.
1146 324 1200 356 Age
1219 331 1282 358 ergo
1301 327 1328 350 et
1348 324 1425 350 aliam
1445 324 1643 359 praedictionem
1665 327 1809 351 tractemus
1821 343 1829 356 .

1045 376 1105 403 qua:
1118 369 1173 395 sole
1189 369 1223 395 sit
1235 369 1341 402 clarior,
1356 369 1488 404 radii~que
1500 370 1558 404 ejus
1570 369 1743 405 splendidior,
1759 377 1831 404 quato

1044 421 1098 449 que
1112 418 1172 441 ante
1186 415 1304 442 omnium
1319 415 1410 442 oculos
1426 416 1475 442 sita
1486 436 1493 447 ,
1508 415 1540 442 ad
1559 423 1653 443 omnes
1667 415 1769 442 futuras
1782 422 1830 450 ge-

1046 460 1197 486 nerationes
1209 460 1374 491 extendatur,
1388 460 1456 487 sicut
1469 466 1495 487 et
1508 461 1588 494 prior.
1602 461 1675 487 Talia
1686 460 1756 488 enim
1769 466 1831 487 sunt

1047 504 1172 539 pleraque
1184 505 1241 539 ejus
1252 505 1373 532 vaticinia
1389 514 1394 531 :
1407 514 1459 532 non
1471 506 1546 533 brevi
1560 511 1678 540 tempore
1689 507 1833 532 terminanc

1046 553 1106 581 tur,
1121 558 1206 584 tthtte
1225 550 1250 576 in
1267 558 1315 577 ttna
1331 551 1501 585 generatione
1513 551 1698 584 complentur;
1712 550 1759 577 sed
1774 557 1832 577 om-

1049 594 1126 622 nibus
1141 595 1290 622 hominibus
1301 616 1308 628 ,
1323 600 1377 623 tum
1393 596 1541 623 viventibus
1551 616 1558 629 ,
1574 601 1628 623 tum
1646 604 1706 622 mox
1722 596 1814 623 futuris
1824 615 1833 629 ,

1048 644 1104 666 tum
1125 640 1294 675 sequentibus
1307 662 1315 674 ,
1331 645 1357 668 et
1371 641 1415 675 qui
1435 649 1517 675 usqtte
1532 642 1563 668 ad
1580 641 1834 667 consummationem

1049 691 1137 717 erunt,
1150 687 1268 713 veritatis
1278 695 1332 713 sua:
1342 687 1461 714 notitiam
1473 687 1600 721 pra-bent,
1612 686 1833 722 quemadmodunt

1050 735 1076 758 et
1091 733 1163 766 pritts
1177 733 1338 759 vaticinium.
1352 732 1418 760 Nam
1432 741 1446 759 a
1461 741 1512 767 qua
1528 733 1571 760 die
1584 733 1682 759 dictum
1696 737 1737 759 est
1752 740 1836 766 usque

1051 776 1083 803 ad
1097 777 1351 804 consummationem
1365 778 1455 805 saeculi
1469 778 1543 806 ﬁrma
1556 778 1715 812 immotaque
1727 777 1835 810 mansit,

1051 822 1157 855 ﬂorens,
1168 823 1279 857 fulgens,
1290 824 1315 850 in
1326 824 1383 851 dies
1392 831 1524 855 crescens.
1532 824 1591 859 plus
1601 824 1703 851 roboris
1714 830 1835 855 sumens,

1051 871 1077 894 et
1090 868 1211 894 omnibus
1224 869 1267 902 qui
1282 869 1315 895 ab
1329 869 1373 895 illo
1385 869 1427 896 die
1438 876 1519 903 usque
1532 869 1564 895 ad
1580 869 1682 895 Domini
1694 868 1834 895 adventum

1052 912 1130 940 futuri
1154 919 1216 940 suttt
1239 918 1367 948 prmstans
1380 935 1387 947 ,
1403 919 1431 941 ut
1450 914 1579 941 maximos
1594 914 1654 941 inde
1673 915 1791 945 fructus,
1811 919 1838 940 ct

1052 957 1212 985 ineffabilem
1232 959 1369 986 utilitatem
1385 959 1499 993 capiant.
1513 959 1578 986 Nam
1591 959 1635 994 qui
1650 963 1711 985 ante
1731 966 1797 991 nos,
1812 964 1839 985 et

1052 1004 1096 1038 qtti
1112 1009 1173 1031 ante
1187 1005 1245 1031 illos
1256 1025 1264 1038 ,
1281 1010 1307 1032 et
1321 1005 1365 1040 qui
1381 1005 1458 1040 longe
1472 1006 1593 1040 superius
1606 1005 1678 1032 fuere
1689 1025 1696 1037 ,
1711 1005 1769 1039 ejus
1783 1005 1837 1031 vir-

1054 1053 1136 1076 tutem
1150 1055 1340 1084 cognoverunt,
1352 1050 1420 1077 bella
1435 1050 1555 1077 videntes
1569 1051 1595 1077 in
1607 1058 1665 1078 eam
1680 1050 1837 1084 ingruentia,

1054 1094 1169 1128 pericula
1180 1115 1187 1127 ,
1202 1094 1327 1122 tumultus
1337 1115 1345 1128 ,
1361 1095 1486 1129 strepitus
1497 1115 1504 1127 ,
1517 1095 1612 1122 fluctus
1624 1114 1632 1127 ,
1646 1099 1817 1129 tempestates
1832 1103 1838 1120 :

1055 1141 1138 1174 ipsam
1156 1148 1220 1167 vero
1234 1148 1319 1175 neque
1334 1141 1372 1168 sic
1386 1140 1530 1175 submergi,
1547 1140 1625 1171 vinci,
1642 1139 1778 1174 superari,
1793 1144 1839 1166 attt

1054 1186 1202 1220 exstingui;
1217 1186 1264 1212 sed
1283 1185 1378 1213 ﬂorere
1389 1206 1396 1218 ,
1411 1193 1532 1212 crescere
1543 1205 1550 1218 ,
1566 1185 1598 1211 ad
1614 1185 1741 1219 majorem
1755 1184 1840 1212 subli-

1055 1232 1172 1259 mitatem
1185 1232 1260 1267 erigi.
1274 1232 1306 1259 Et
1319 1232 1370 1259 hoc
1380 1232 1541 1262 vaticinium,
1554 1230 1624 1266 quod
1639 1238 1708 1258 nttnc
1721 1231 1841 1258 dicturus

1055 1285 1124 1310 sum,
1136 1277 1258 1304 idoneum
1273 1281 1314 1304 est
1326 1277 1358 1304 ad
1371 1277 1500 1304 dictorum
1511 1277 1563 1304 vim
1577 1280 1604 1304 et
1617 1277 1754 1304 veritatem
1768 1284 1841 1303 com~
1857 1278 1862 1284 '

1056 1323 1265 1350 monstrandam.
1283 1323 1420 1357 Quodnam
1442 1328 1482 1350 cst
1502 1323 1566 1349 illud
1587 1322 1759 1349 vaticinium?
1776 1322 1841 1349 Cum

1056 1370 1190 1405 ingressus
1204 1371 1345 1402 aliquando
1357 1375 1427 1398 esset
1442 1371 1466 1397 in
1481 1370 1605 1405 templum
1619 1370 1766 1403 Judaicuat,
1780 1374 1842 1396 tunc

1056 1416 1163 1449 ﬂorens,
1177 1424 1244 1444 auro
1254 1417 1370 1452 fulgens,
1380 1423 1488 1444 necnon
1500 1415 1696 1451 pulchritudine
1712 1416 1843 1451 magnitu-

1056 1462 1169 1497 dineque
1189 1462 1359 1489 aedificiorum
1372 1482 1379 1495 ,
1398 1462 1447 1488 alia
1468 1468 1572 1496 quoque
1592 1462 1747 1488 instructum
1769 1462 1842 1488 omtti

1056 1506 1159 1533 artiﬁcii
1175 1507 1346 1541 materiarque
1359 1507 1485 1533 varietate
1495 1527 1502 1538 ,
1516 1505 1672 1533 mirantibus
1687 1506 1822 1540 discipulis
1833 1527 1841 1537 .

1056 1551 1118 1586 quid
1131 1551 1214 1578 dixit?
1226 1551 1317 1578 Nonne
1329 1551 1476 1578 videtisltwc
1488 1551 1572 1577 Omnia
1581 1551 1594 1577 Ρ
1606 1551 1683 1577 Amen
1696 1550 1751 1576 dico
1763 1551 1843 1583 vobis,

1056 1604 1107 1623 non
1120 1597 1228 1623 manebit
1241 1597 1305 1630 lapis
1318 1604 1394 1631 super
1406 1595 1516 1630 lapidem
1529 1596 1538 1630 (
1550 1596 1643 1622 Matth.
1657 1590 1701 1622 94.
1716 1595 1733 1621 2
1743 1594 1752 1629 )
1761 1615 1769 1627 ,
1785 1596 1845 1631 ejus

1057 1642 1263 1670 destructionem
1278 1641 1391 1668 futuram
1404 1642 1540 1669 declarans
1551 1662 1557 1673 ,
1572 1641 1762 1669 desolationem
1773 1661 1781 1674 ,
1795 1648 1843 1666 va-

1057 1688 1172 1714 stitatem
1182 1708 1189 1720 ,
1204 1688 1323 1720 ruinam,
1340 1695 1398 1722 quae
1411 1694 1481 1714 nunc
1492 1686 1664 1722 Jerosolymis
1679 1690 1720 1713 est.
1733 1694 1739 1712 :
1755 1685 1842 1712 omnia

1057 1734 1127 1761 enim
1142 1733 1251 1760 :ediiicia
1266 1734 1308 1760 illa
1325 1733 1452 1768 praeclara
1466 1733 1660 1767 conspicuaquc
1673 1732 1758 1759 diruta
1770 1736 1842 1759 sunt.

1059 1778 1138 1805 Vides
1153 1778 1179 1805 in
1197 1783 1309 1813 utroque
1323 1786 1444 1814 magnam
1462 1783 1489 1806 et
1503 1778 1661 1806 ineffabilem
1676 1777 1734 1813 ejus
1747 1782 1841 1812 poten-

1059 1824 1131 1856 tiam,
1148 1823 1173 1850 in
1186 1831 1218 1851 eo
1231 1824 1302 1858 quod
1318 1831 1347 1851 se
1366 1824 1484 1851 colentes
1500 1824 1670 1851 aedificaverit
1688 1828 1714 1850 et
1731 1823 1844 1855 auxerit,

1057 1874 1084 1896 et
1097 1869 1122 1895 in
1136 1876 1168 1895 eo
1180 1869 1249 1903 quod
1261 1869 1381 1897 inimicos
1393 1876 1456 1897 suos
1468 1869 1659 1901 httmiliaverit,
1673 1869 1843 1900 destruxerit.

1058 1914 1236 1949 radicitusque
1255 1915 1409 1942 sustulerit?
1428 1914 1563 1950 Nusquam
1582 1915 1653 1942 enim
1677 1914 1737 1941 huic
1758 1915 1844 1941 simile

1059 1959 1184 1993 templum
1200 1963 1257 1986 erat
1271 1963 1324 1986 tam
1337 1959 1443 1987 celebre
1454 1979 1462 1992 ,
1479 1963 1551 1986 tanto
1565 1959 1636 1986 cultu
1652 1959 1763 1994 insigne.
1779 1959 1843 1986 Nam

1058 2009 1186 2039 quotquot
1200 2004 1297 2040 ubique
1309 2012 1357 2039 per
1371 2005 1462 2032 orbem
1475 2009 1550 2031 erant
1563 2004 1662 2036 Judmi,
1676 2004 1755 2031 etiam
1771 2005 1796 2031 in
1812 2004 1843 2030 fil

1059 2051 1136 2078 nibus
1156 2055 1233 2078 terrae
1248 2051 1336 2085 positi,
1350 2051 1417 2078 istuc
1429 2051 1491 2077 olim
1507 2050 1750 2085 proﬁciscebantur,
1762 2049 1842 2082 dona,

1060 2097 1169 2131 hostias,
1185 2097 1349 2130 oblationes,
1364 2097 1492 2131 primitias
1507 2100 1533 2123 et
1548 2096 1629 2123 multa
1643 2096 1692 2122 alia
1709 2095 1823 2122 ferentes
1835 2116 1842 2127 ,

1060 2143 1185 2177 orbisque
1204 2142 1302 2169 divitiis
1322 2142 1447 2176 templum
1465 2141 1638 2172 decorantes,
1654 2147 1799 2175 omnesque
1812 2147 1844 2167 eo

1061 2188 1176 2222 undique
1188 2187 1357 2214 confluebant
1370 2186 1454 2214 Judmi
1469 2186 1586 2213 advenae.
1601 2185 1709 2212 Multum
1724 2189 1781 2212 erat
1795 2185 1845 2211 loci

1060 2241 1167 2266 nomen,
1184 2237 1210 2260 et
1228 2240 1311 2268 usque
1329 2232 1362 2260 ad
1380 2237 1501 2259 eXIrema
1518 2231 1590 2258 orbis
1609 2234 1774 2265 pervenerat.
1794 2229 1845 2256 Sed

1062 2288 1142 2307 unum
1157 2279 1255 2307 Christi
1273 2279 1380 2306 verbum
1400 2278 1442 2305 illa
1461 2277 1547 2305 omnia
1564 2277 1660 2304 delevit
1672 2281 1699 2303 et
1712 2275 1823 2311 perdidit
1836 2295 1844 2308 ,

1061 2334 1093 2354 ac
1109 2331 1241 2361 tamquam
1257 2326 1392 2361 pulverem
1412 2324 1445 2352 de
1463 2323 1549 2351 medio
1567 2323 1680 2350 sustulit.
1696 2323 1733 2349 Ac
1748 2329 1799 2356 qtto
1813 2329 1847 2348 ne

1061 2371 1158 2400 ludatis
1169 2371 1273 2407 quidem
1282 2371 1413 2403 omnibus,
1424 2370 1475 2397 imo
1484 2377 1532 2396 nec
1542 2368 1732 2399 sacerdotibus,
1742 2367 1788 2394 sed
1798 2367 1845 2393 soli

1062 2425 1165 2445 summo
1177 2417 1306 2445 sacerdoti
1320 2416 1418 2451 ingredi
1434 2415 1538 2448 licebat,
1552 2414 1629 2449 idque
1644 2413 1724 2440 semel
1738 2413 1763 2439 in
1777 2419 1846 2439 anno

1063 2468 1163 2490 tantum
1175 2485 1182 2496 ,
1198 2471 1257 2490 cum
1274 2463 1340 2490 stola
1353 2483 1360 2495 ,
1376 2462 1481 2489 coronis
1500 2465 1527 2488 et
1544 2460 1621 2486 mitra
1631 2480 1638 2492 ,
1654 2459 1757 2493 alioque
1771 2466 1847 2485 sacro

1062 2510 1236 2541 vestimento;
1254 2515 1323 2535 nunc
1337 2512 1362 2534 et
1375 2507 1479 2539 scortis,
1493 2510 1519 2532 et
1533 2505 1657 2534 mollibus
1671 2509 1697 2531 et
1709 2503 1847 2531 effemina-

1064 2556 1098 2583 tis
1111 2561 1138 2583 et
1149 2555 1258 2583 mtecltis
1270 2558 1342 2590 patet
1352 2554 1438 2581 aditus
1450 2553 1553 2579 nemine
1566 2551 1730 2586 prohibente.
1742 2550 1807 2577 Nam
1820 2554 1848 2576 ttt

1065 2602 1174 2630 verbum
1190 2601 1251 2628 illttd
1267 2600 1382 2632 advenit,
1398 2599 1485 2626 omnia
1500 2598 1596 2625 delevit
1610 2601 1636 2625 et
1650 2596 1753 2624 sustulit
1769 2604 1775 2621 :
1789 2600 1847 2622 tan-

1064 2651 1173 2681 tuntque
1194 2646 1227 2673 de
1250 2646 1348 2680 templo
1369 2648 1507 2679 superest,
1530 2646 1655 2678 quantum
1674 2641 1738 2668 satis
1758 2645 1799 2668 est
1819 2645 1849 2667 ut

1065 2693 1229 2724 ostendatur,
1243 2691 1349 2718 ubinam
1364 2691 1488 2725 templum
1503 2690 1565 2717 olim
1581 2693 1661 2716 esset.

1099 2739 1182 2767 Judaei
1189 2739 1306 2774 templum
1312 2742 1450 2765 restaurare
1457 2744 1505 2763 non
1512 2732 1778 2770 potuerunt.—Cogita
1786 2739 1850 2766 ergo

1065 2793 1170 2824 quanta:
1189 2792 1214 2815 et
1229 2787 1278 2813 hoc
1296 2785 1331 2813 sit
1350 2785 1462 2812 virtutis.
1480 2782 1581 2810 Etenim
1595 2781 1638 2816 qui
1654 2779 1716 2807 olim
1731 2783 1784 2805 tam
1800 2785 1848 2824 po—

1067 2822 1152 2862 tentes
1166 2837 1250 2866 erant,
1264 2832 1308 2867 qui
1322 2835 1413 2866 gentes
1426 2834 1451 2857 et
1466 2835 1541 2863 reges
1549 2824 1722 2861 superabant,
1731 2823 1775 2858 qui
1783 2822 1844 2850 abs-
