2055 3122
224 164 277 194 837

220 226 298 254 riml_
324 228 356 249 ac
376 225 480 249 temere
499 220 650 257 frustraque
668 221 842 255 iactitarunt,
859 227 891 249 ea
913 221 1013 249 tacuis-

220 271 294 299 sent,
317 273 377 302 (ne
391 267 473 294 tristia
489 267 717 303 ignominiosaque
739 266 811 301 apud
834 266 931 293 multos
959 266 1010 293 ha-

221 311 362 339 bebantur.
373 311 431 339 Jam
447 320 511 340 vero
520 312 558 340 illi
572 306 666 340 borum
678 312 817 340 veritatem
831 311 1010 345 declarantes.

221 357 248 384 iu
275 357 327 384 illis
345 357 459 384 maxime
479 357 610 384 immorati
624 363 695 391 sunt,
711 357 854 391 omniaque
873 356 1012 391 diligenter

221 403 380 436 copioseque
396 407 562 436 tractarunt,
587 411 636 431 nec
651 411 731 438 parvo
749 410 801 432 nec
822 410 918 437 magno
942 410 1010 437 quo-

223 447 292 480 piam
322 449 500 481 praetermisso
513 469 521 481 ,
548 449 595 476 sed
617 449 737 484 insignis
758 454 785 477 et
808 448 941 475 miraculis
954 448 1012 483 plu-

222 492 287 518 rima
311 497 470 525 tacuerunt;
493 494 519 520 in
545 494 704 521 cruciatibus
719 501 807 522 autem
825 499 853 521 et
879 494 925 527 iis,
951 502 1011 529 qua:

223 537 396 572 ignominiosa
426 539 603 573 videbantur,
638 540 781 575 plurimum
812 541 1010 574 immorantes,

221 583 309 609 omnia
333 590 425 611 omnes
445 589 567 612 accurate
586 591 737 612 narrarunt.
752 586 849 613 Verum
867 593 931 620 ergo
947 585 1011 613 nihil

222 628 317 655 horum
332 629 400 663 apud
424 634 449 656 te
468 637 702 665 commemorans,
723 632 807 667 signa,
831 633 957 667 inquam,
985 636 1012 658 et

223 674 348 701 miracula
363 695 370 707 ,
385 680 413 702 ut
435 683 466 702 ex
495 676 638 703 abundanti
654 684 760 704 omnem
788 677 949 712 impudentis
963 677 1012 703 lin-

223 727 281 754 guze
296 720 411 748 furorem
438 729 604 756 compescam
619 743 628 756 ,
652 730 683 750 ea
708 731 766 757 qua:
791 731 861 750 nunc
875 723 1009 755 videntur,

210 765 283 801 qua:
305 775 359 801 prae
379 768 497 794 omnium
522 769 605 796 oculis
628 770 711 803 posita
749 774 832 801 sunt,
861 777 920 804 qua:
953 769 1012 796 sole

224 811 351 845 clariora,
368 820 427 847 qua:
451 813 547 848 ubique
569 814 595 841 in
620 818 675 841 toto
703 815 767 842 orbe
790 814 928 849 dispersa,
951 822 1010 850 qua:

224 859 375 884 universum
407 863 537 892 occupant
559 859 704 892 mundum,
731 865 866 895 totamque
889 866 1010 887 naturam

224 902 374 935 excedunt,
397 908 469 937 gesta
483 924 490 935 ,
511 912 569 938 qua)
584 905 662 931 unius
684 905 729 932 Dei
743 910 820 938 sunt,
835 913 876 938 ea,
891 906 1008 940 inquam,

225 947 250 973 in
274 947 388 973 medium
404 948 510 975 adduxi.
533 948 599 982 Quid
613 949 678 976 dicis
690 969 698 983 ,
719 958 771 977 non
793 951 927 977 suscitavit
941 959 1011 978 mor-

225 992 305 1018 tuos?
319 992 386 1019 Num
406 993 470 1019 illud
492 994 571 1020 etiam
593 994 682 1021 dicere
708 999 800 1030 potes,
824 996 958 1023 Ecclesias
984 997 1009 1023 in

225 1036 290 1064 orbe
320 1044 372 1064 non
398 1039 483 1065 esse?
508 1040 548 1065 An
572 1039 646 1067 dicas
661 1040 763 1067 insidiis
790 1049 842 1068 non
881 1042 1010 1076 appetitas

225 1088 303 1115 esse,
329 1091 381 1110 non
401 1091 540 1119 superasse
563 1093 612 1112 nec
635 1086 771 1113 victoriam
798 1088 955 1121 reportare?
977 1089 1012 1116 At

226 1128 447 1161 quemadmodum
467 1129 520 1157 dici
540 1138 591 1158 non
606 1135 692 1166 potest
709 1132 793 1159 solem
817 1140 868 1160 non
882 1141 958 1167 esse,
973 1134 1012 1162 sic

227 1180 312 1208 neque
333 1175 391 1202 huic
412 1175 465 1203 dici
487 1181 608 1211 possunt.
626 1177 694 1211 Quid
722 1179 807 1213 ergo?
829 1179 923 1207 Annon
938 1179 1012 1207 vides

503 164 643 193 CONTRA
660 164 803 194 τιυῦΕῶ
821 166 866 196 ΕΤ
886 167 1069 210 ϐΕΒξΤΙΕΕΞ.
1087 165 1183 201 QUOD
1202 163 1376 195 CHRISTUS
1394 163 1448 192 SIT
1465 163 1565 192 DEUS.

1793 163 1847 193 838

1063 219 1168 248 Judaicl
1191 220 1285 256 templi
1312 220 1417 249 ruinam
1440 221 1467 248 in
1491 221 1573 249 totius
1600 220 1673 250 orbis
1706 228 1850 258 conspecta

1063 266 1199 301 positam?
1217 265 1271 294 Cur
1292 273 1345 294 non
1373 270 1461 294 tecum
1486 266 1539 294 hoc
1560 272 1688 302 reputas:
1703 268 1754 295 nisi
1781 268 1852 296 Deus

1063 315 1154 345 esset,
1168 311 1289 346 Deusque
1303 311 1380 339 fortis
1391 331 1400 345 ,
1413 311 1547 347 quomodo
1560 313 1677 341 cultores
1691 312 1748 348 ejus
1761 314 1849 342 vexati

1063 362 1091 384 et
1102 357 1225 391 exagitati
1239 358 1274 384 ita
1296 362 1460 390 creverunt,
1477 358 1521 392 qui
1541 363 1630 386 autem
1643 358 1718 386 illum
1745 360 1850 387 cruciﬁ-

1063 406 1180 434 xerunt,
1206 407 1233 429 et
1263 402 1409 435 lmserunt',
1445 403 1481 430 ita
1502 402 1598 437 dejecti
1631 408 1715 437 sunt,
1742 408 1772 431 ut
1796 409 1850 432 tota

1063 447 1199 482 republica
1223 455 1270 474 sua
1288 447 1461 481 exciderent,
1484 452 1511 475 et
1536 448 1612 483 vagi,
1639 456 1765 481 errones,
1787 457 1851 484 pro-

1062 493 1118 529 fugi
1129 494 1308 527 circumeant,
1324 501 1372 521 nec
1395 495 1562 529 quantumvis
1575 494 1700 522 diuturno
1730 499 1851 530 tempore

1062 541 1218 568 alterutrum
1239 548 1331 568 eorum
1351 540 1466 567 solutum
1481 544 1663 575 mutatumque
1690 541 1750 568 est?
1770 541 1850 575 Atqui

1062 587 1190 615 adversus
1199 587 1495 622 Romanumimperium
1506 586 1544 619 lii,
1557 586 1650 618 Jud:ci,
1664 587 1782 621 inquam,
1796 587 1853 614 bel-

1063 633 1117 660 lum
1132 637 1323 668 susceperunt,
1346 640 1420 659 arma
1446 636 1602 665 moverunt,
1625 632 1760 666 multoque
1782 637 1851 659 tem-

1062 685 1128 713 pore
1149 678 1213 706 illud
1240 682 1442 713 oppugnarunt,
1464 677 1517 705 imo
1555 676 1695 712 aliquando
1718 677 1851 710 vicerunt,

1062 732 1112 751 nec
1134 732 1214 758 parva
1229 725 1333 759 negotia
1350 724 1468 751 fecerunt
1482 723 1605 758 Augustis
1620 723 1688 749 illius
1702 722 1829 757 temporis
1839 729 1852 752 ς

1064 773 1133 796 tanta
1158 775 1234 796 erant
1267 770 1385 804 potentia
1415 770 1548 797 instructi.
1577 770 1699 796 Attamen
1723 768 1768 803 qui
1792 775 1853 795 cum

1062 818 1103 841 tot
1116 814 1320 850 lmperatoribus
1333 815 1402 842 bella
1427 819 1588 850 gesserunt,
1612 814 1656 849 qui
1679 818 1750 841 tanta
1772 821 1854 848 pecu-

1061 860 1192 892 niarum,
1220 867 1378 894 armorum,
1412 860 1525 887 militum
1562 860 1587 886 vi
1620 859 1772 894 pollebant,
1807 859 1854 893 qui

1061 907 1144 934 duces
1169 905 1323 933 innumeros
1344 906 1517 940 repulerunt,
1539 913 1619 932 unum
1641 906 1758 933 excitare
1784 910 1853 932 tem—

1060 952 1136 987 plum
1162 958 1214 978 non
1236 955 1399 986 potuerunt;
1424 951 1470 978 sed
1494 958 1641 987 synagogas
1667 950 1774 984 quidem
1804 957 1854 984 per

1061 998 1141 1025 urbes
1154 1000 1312 1025 exstruxere
1332 997 1445 1029 multas;
1462 997 1548 1024 locum
1570 1003 1633 1023 vero
1648 995 1722 1022 illum
1743 995 1787 1029 qui
1802 994 1854 1021 rei-

1063 1043 1175 1078 publicae
1201 1049 1256 1069 suce
1279 1042 1379 1076 praebet
1393 1042 1576 1069 auctoritatem
1590 1062 1598 1075 ,
1613 1041 1657 1068 ubi
1675 1048 1781 1068 omnem
1795 1040 1855 1068 cul-

1063 1093 1118 1116 tum
1143 1090 1298 1123 persolvere
1325 1092 1536 1120 consueverant,
1572 1092 1650 1122 atque
1671 1086 1741 1114 unde
1763 1085 1854 1113 Judai-

1063 1140 1136 1161 smus
1147 1134 1333 1167 constituitur,
1349 1133 1419 1160 hunc
1429 1153 1437 1167 ,
1451 1133 1559 1168 inquam
1574 1152 1581 1166 ,
1595 1132 1682 1160 solum
1705 1132 1855 1160 instaurare

1064 1187 1117 1208 non
1137 1184 1289 1215 potuerunt.
