2055 3122
217 177 267 206 μὴν

558 183 586 209 S.
607 181 750 209 .lOANNiS
769 181 1014 209 (ZIIRYSOSTOMI
1035 181 1194 210 ARCIIIEP.
1216 181 1490 211 CONSTANTINOP.

1782 181 1843 218 840,

219 272 1824 297 mm

483 398 543 441 IN
596 397 808 443 LIBROS
848 397 1005 444 OCTO

1052 395 1293 442 CONTRA
1334 395 1580 443 JUDIEOS

846 541 1204 600 MONITUM.

259 773 313 801 llas
338 778 433 801 contra
458 773 567 801 Iudaeos
596 774 814 802 concertationes
843 777 1005 801 memoratas

222 825 340 852 vidimus
358 825 427 852 libro
443 825 618 859 praecedenti,
632 832 685 852 non
702 825 779 860 quasi
793 825 849 860 jam
866 824 1006 852 institutas

222 881 249 903 et
267 877 292 903 in
308 876 423 910 publicis
435 876 612 903 conciouibus
631 876 748 909 habitas,
773 876 820 903 sed
841 876 920 910 quasi
938 883 1007 910 prat—

223 931 334 961 paratas
351 936 357 953 :
376 926 471 953 Daniel
486 930 585 957 autem,
605 925 694 961 inquit
713 925 935 961 Chrysostomus,
952 927 1008 953 lucc

223 977 313 1002 munia
331 981 417 1010 aperte
431 980 537 1008 narrat,
554 976 673 1002 universa
693 984 782 1010 nempe
798 975 913 1002 tollenda
940 983 1005 1007 esse,

224 1026 348 1057 Itasliam,
365 1026 487 1058 libamen,
503 1026 660 1057 unctionem.
673 1025 815 1059 judicium.
831 1024 926 1052 Verum
941 1025 1007 1059 lucc,

224 1077 330 1112 quando
359 1076 485 1102 adversus
510 1074 618 1102 Juda'os
651 1083 795 1102 sermonem
826 1076 1005 1108 instituemus,

225 1127 325 1165 clarius
343 1126 479 1161 fusiusque
507 1126 696 1160 explicabimus
708 1134 718 1152 :
737 1125 815 1152 ’Λλλὰ
831 1125 916 1152 ταῦτα
947 1125 1008 1161 μὲν,

224 1178 305 1213 ἡνίκα
327 1177 360 1204 ἂν
378 1178 446 1213 πρὸς
455 1178 518 1208 τοὺς
530 1171 672 1209 Ἰουδαίους
688 1177 827 1212 λέγωμεν.
842 1178 1008 1213 σαφέστερον

225 1229 272 1254 καὶ
287 1228 432 1264 εὐρύτερον
451 1228 651 1264 ἀναπτύξομεν.
673 1227 748 1256 lianc
763 1236 827 1256 vero
843 1233 1009 1264 postremam

225 1279 402 1306 Judaicorum
420 1279 521 1306 rituum
544 1279 764 1314 reprobationem
791 1279 1010 1314 solutionemque

227 1331 380 1363 mlvunisse,
396 1329 465 1363 fuse,
482 1334 512 1357 ut
532 1330 670 1366 pollicitus
683 1335 752 1362 erat,
769 1329 940 1358 demonstrat
964 1330 1010 1358 ille

228 1382 254 1407 in
274 1381 315 1408 his
332 1385 426 1408 contra
442 1380 550 1408 Iudaeos
577 1381 709 1412 homiliis,
738 1380 856 1407 maxime
883 1387 948 1407 vero
983 1379 1010 1407 in

227 1432 350 1467 quinque
379 1433 498 1464 ultimis,
522 1433 579 1465 ubi,
606 1432 717 1460 bomilia
735 1439 833 1467 nempe
849 1431 956 1466 quinta,
977 1439 1011 1458 ex

230 1483 341 1510 lianicle
368 1484 518 1518 prmscrtim
545 1484 597 1511 hoc
612 1488 803 1519 argumentum
821 1483 1009 1518 prosequitur.

230 1533 277 1561 llzc
293 1539 383 1561 autem
404 1535 524 1570 quinque
537 1534 639 1561 ultimae
653 1541 736 1566 anno,
757 1537 788 1561 ut
806 1538 945 1569 putamus,
961 1533 1014 1560 587

230 1585 330 1612 11³11ὶίΞὲ
347 1590 420 1612 sunt.
438 1585 504 1612 Vide
521 1586 547 1613 in
563 1585 665 1612 ltlonito
681 1585 856 1620 praecedenti.

212 1631 216 1635 ’
266 1636 446 1664 llomiliarum
463 1636 531 1663 ordo
556 1644 609 1663 non
633 1643 704 1664 unus
738 1636 864 1671 idemque
893 1635 1013 1665 occurrit

230 1691 285 1714 tam
302 1687 327 1713 in
344 1687 435 1719 editis,
462 1694 544 1721 quam
567 1686 594 1712 in
617 1685 820 1720 manuscriptis.
847 1684 932 1712 David
949 1683 1015 1712 Πω·

231 1736 362 1769 schelius,
387 1743 467 1771 quem
489 1741 598 1764 secutus
619 1740 661 1763 est
684 1735 786 1762 Fronto
817 1734 941 1768 Ducaeus,
967 1742 1016 1763 sex

232 1793 432 1824 consequenter
447 1793 541 1816 contra
561 1787 672 1816 Judmos
697 1787 775 1822 ponit
800 1786 948 1820 bomilias;
973 1787 1016 1814 ni-

232 1840 332 1867 mirum
348 1840 463 1875 primam
473 1847 544 1871 eam,
561 1846 620 1872 quae
635 1838 740 1873 incipit,
765 1837 930 1873 Ἐὁουλόμην
946 1837 1011 1873 ὑμῖν

232 1889 377 1917 ἀποδοῦναι
391 1899 397 1917 :
419 1890 579 1923 secundam,
595 1888 678 1916 Πάλιν
697 1889 721 1914 ot
743 1887 853 1915 δείλαιοι
868 1896 875 1916 ;
888 1887 994 1915 tertiam
1009 1906 1017 1919 ,

234 1940 319 1967 Πόθεν
331 1941 396 1975 ἡμῖν
407 1940 460 1976 ἄρα
473 1949 480 1967 :
495 1944 633 1976 quartam,
644 1939 684 1966 Τὰ
697 1938 780 1974 θηρία
795 1938 866 1970 huc:
881 1938 1018 1973 quintam,

233 1987 307 2024 *Αροι
319 1991 399 2026 κόρον
415 1990 524 2017 ἐλάϐετε
537 1999 544 2017 :
557 1994 673 2023 sextam,
690 1989 832 2025 Παρῆλοεν
853 1989 869 2025 ἡ
895 1989 1018 2024 νηστεία.

235 2041 336 2069 Eodem
353 2047 443 2069 autem
460 2041 513 2069 ritu
527 2049 567 2070 ea:
582 2041 718 2069 habentur
742 2040 769 2067 in
787 2039 926 2072 clunibus,
948 2046 1018 2074 quos

235 2092 439 2126 quatuordecim
455 2100 570 2120 numero
586 2092 716 2123 vidimus,
739 2090 943 2125 manuscriptis,
965 2097 1020 2116 uno

235 2147 350 2174 excepto
363 2141 457 2176 Regio,
471 2141 552 2174 2900,
568 2142 615 2176 qui
632 2141 725 2176 priore
737 2140 929 2175 prtctermissa,
941 2142 1021 2174 cujus

236 2187 356 2225 initium,
380 2191 544 2227 Ἐϐουλόμην
572 2191 635 2226 ὑμῖν
663 2190 818 2225 ἀποδοῦναι,
844 2199 860 2219 a
892 2190 1020 2223 secunda,

238 2244 318 2279 cujus
340 2242 522 2279 primordium
543 2246 594 2276 est,
613 2241 698 2269 Πάλιν
713 2242 738 2268 οἱ
763 2241 886 2274 δείλαιοι,
912 2241 1021 2268 initium

237 2298 323 2330 ducit,
357 2302 473 2330 eamque
498 2294 615 2329 primam
643 2292 780 2325 inscribit,
815 2297 898 2327 atque
925 2291 1020 2319 eodem

239 2351 334 2383 postea
350 2345 513 2374 numerandi
528 2344 623 2372 ordine
635 2343 778 2380 procedit;
794 2343 830 2370 ita
842 2347 871 2370 ut
881 2349 938 2377 qum
948 2346 1022 2369 sexta

239 2405 281 2428 est
294 2399 321 2426 in
343 2398 504 2425 recensione
521 2404 603 2432 supra
627 2400 654 2424 et
671 2396 698 2423 in
721 2394 851 2423 tredecim
870 2394 1023 2421 manuscri-

242 2451 305 2486 ptis,
325 2449 422 2484 quinta
449 2448 485 2475 ibi
513 2451 681 2475 numeretur.
711 2445 790 2474 Hunc
812 2453 878 2473 vero
899 2445 1023 2472 ordinem

242 2501 329 2528 secuti
354 2499 436 2527 etiam
455 2502 520 2527 sunt
543 2497 673 2525 Erasmus
693 2501 720 2524 et
736 2497 870 2524 lleuricus
895 2495 1023 2528 Savilius,

242 2551 289 2586 qui
305 2555 460 2585 postremus
471 2549 525 2576 illis
539 2549 661 2584 quinque
676 2549 796 2576 homiliis
820 2556 881 2576 eam
908 2547 1025 2582 subjun-

243 2602 293 2636 git,
316 2607 377 2635 qua:
395 2599 423 2626 in
443 2599 638 2634 manuscriptis
664 2599 804 2631 omnibus,
830 2606 885 2626 uno
911 2603 1025 2633 excepto

244 2651 342 2686 Regio,
372 2651 458 2685 prima
476 2651 592 2684 locatur,
621 2657 704 2685 quam
730 2654 820 2677 tamen
843 2654 947 2677 sextam
970 2657 1025 2676 non

246 2703 371 2731 inscribit
387 2703 516 2735 Savilius,
530 2702 609 2738 quasi
634 2708 711 2730 extra
737 2709 880 2729 numerum
898 2701 1026 2736 positam.

244 2756 323 2784 llunc
336 2763 420 2792 porro
431 2747 554 2783 ordinem
571 2763 605 2783 ex
635 2755 722 2783 tribus
751 2753 941 2788 Manuscriptis
965 2761 1025 2781 mu-

245 2813 351 2835 tuatum
374 2815 404 2836 se
423 2815 484 2835 esse
507 2806 677 2835 testiﬁcatur.
706 2805 762 2833 Sex
787 2805 907 2833 bomiliis
933 2810 1029 2833 contra

246 2860 354 2890 Judacos
373 2861 528 2896 septimam,
554 2859 630 2888 nullo
655 2863 745 2887 tamen
763 2865 878 2886 numero
895 2861 1026 2891 notatam,

1016 687 1054 702 ..η

1058 776 1151 811 adjicit
1164 776 1284 806 Savilius
1296 786 1356 806 eam
1376 787 1438 815 qua!
1453 779 1624 815 inscribitur,
1643 786 1735 810 contra
1745 790 1788 811 ea:
1796 782 1848 820 φιτ

1057 827 1086 854 in
1113 827 1394 864 Pascbatejejunant:
1417 838 1477 866 qua:
1502 831 1529 858 in
1542 831 1627 867 Regio
1647 833 1728 861 etiam
1750 834 1844 862 codice

1060 877 1129 905 l965
1155 883 1216 913 p05t
1246 887 1295 907 sex
1319 885 1414 908 contra
1437 880 1546 910 Judmos
1571 883 1700 912 homilias
1725 884 1843 914 locatur.

1059 929 1191 957 Octavam
1221 931 1328 965 deinde,
1358 932 1432 959 nullo
1449 936 1540 960 tamen
1569 933 1694 968 apposito
1717 942 1845 967 numero.

1060 980 1131 1008 locat
1148 980 1266 1009 Savilius
1280 989 1351 1014 eam,
1364 981 1408 1010 cui
1421 982 1528 1016 titulus,
1541 983 1640 1011 Contra
1658 991 1701 1011 eos
1723 985 1769 1020 qui
1793 984 1846 1012 Ju-

1060 1031 1178 1059 dworum
1187 1033 1322 1068 jejunium
1331 1034 1467 1068 jejunum.
1485 1033 1540 1063 Has
1554 1042 1618 1062 vero
1644 1035 1714 1063 duas
1739 1040 1848 1071 postre-

1060 1089 1119 1108 mas
1131 1082 1231 1110 Fronto
1244 1083 1358 1111 Ducaaus
1379 1083 1475 1119 procul
1495 1084 1530 1112 ab
1544 1084 1608 1112 aliis
1627 1089 1722 1112 contra
1738 1084 1854 1114 Judteoo

1059 1133 1179 1160 homiliis
1196 1133 1222 1160 in
1239 1134 1364 1168 quintum
1378 1139 1482 1162 tomum
1495 1135 1643 1170 ablegavit.

1096 1183 1147 1210 llic
1167 1192 1291 1219 magnam
1320 1185 1411 1213 cernis
1439 1185 1598 1213 varietatem
1631 1189 1712 1222 atque
1742 1186 1849 1216 ordinis

1062 1234 1308 1269 perturbationem,
1323 1242 1389 1262 casu
1412 1236 1503 1270 potius
1519 1243 1603 1271 quam
1623 1237 1739 1265 consilio
1766 1237 1851 1265 indu-

1061 1288 1144 1310 ctam.
1181 1281 1216 1310 Ut
1250 1291 1315 1310 vero
1341 1288 1444 1312 tantam
1479 1285 1624 1321 caliginem
1646 1286 1849 1314 diseuteremus

1063 1343 1116 1362 non
1130 1343 1225 1371 parum
1252 1336 1441 1364 desudandum
1474 1337 1554 1365 nobis
1576 1337 1649 1372 fuit;
1677 1337 1733 1366 Deo
1758 1342 1851 1367 tamen

1066 1386 1159 1419 dante,
1172 1390 1200 1414 et
1216 1386 1305 1414 locum
1317 1390 1344 1414 et
1357 1387 1480 1415 ordinem
1493 1387 1626 1423 cujusque
1638 1396 1689 1416 nos
1699 1389 1853 1424 deprehen-

1069 1435 1143 1464 disse
1155 1441 1293 1471 putamus.
1310 1436 1431 1465 Primam
1447 1437 1539 1474 itaque
1558 1438 1754 1467 eonstituimus
1777 1446 1853 1473 eam,

1066 1495 1149 1522 quam
1163 1492 1190 1515 et
1209 1487 1295 1516 David
1313 1487 1486 1516 llmschelius
1503 1493 1530 1516 et
1543 1488 1645 1516 Fronto
1657 1488 1772 1517 Ducaeus
1794 1489 1854 1525 pri-

1066 1545 1139 1565 mam
1154 1545 1280 1573 posuere,
1292 1538 1371 1574 cujus
1384 1538 1505 1571 initium,
1524 1539 1692 1575 Ἐϐουλόμην
1705 1539 1771 1575 ὑμῖν
1784 1539 1855 1567 ἁπο-

1067 1589 1179 1618 δοῦναιε
1198 1591 1346 1618 secundam
1365 1590 1489 1618 locamus
1506 1597 1578 1624 eam,
1601 1598 1663 1626 quae
1684 1590 1724 1618 sic
1747 1590 1856 1626 incipit.

1073 1638 1105 1665 Ἡ
1131 1640 1180 1675 μὲν
1209 1639 1366 1675 παράνομος
1376 1639 1423 1666 καὶ
1437 1640 1593 1676 ἀκάθαρτος
1605 1661 1612 1674 ,
1625 1647 1708 1676 quam
1735 1639 1857 1667 Savilius

1068 1693 1164 1716 octavo
1183 1688 1243 1715 loco
1260 1689 1363 1724 posuit,
1381 1689 1484 1717 Fronto
1499 1688 1614 1717 Ducaaus
1629 1692 1720 1715 autem
1732 1687 1760 1715 in
1773 1686 1856 1722 quin-

1069 1744 1125 1766 tum
1147 1743 1251 1766 tomum
1265 1739 1399 1774 ablegavit
1412 1749 1419 1767 :
1433 1739 1540 1767 tertiam
1552 1746 1623 1770 eam,
1647 1745 1709 1774 qua!
1725 1738 1766 1766 sic
1785 1737 1837 1765 init
1847 1756 1857 1771 ,

1070 1789 1154 1815 Πάλιν
1179 1789 1258 1824 χρεία
1276 1797 1328 1822 τις,
1349 1796 1431 1824 quam
1453 1788 1572 1817 Savilius
1591 1788 1736 1824 septimam
1752 1787 1857 1823 posuit,

1070 1838 1146 1876 [584]
1166 1838 1281 1867 Ducazus
1301 1845 1391 1867 autem
1412 1840 1441 1867 in
1460 1840 1586 1875 quintum
1612 1844 1716 1867 tomum
1736 1837 1856 1874 reiecit:

1069 1894 1194 1926 quartam
1223 1891 1296 1918 illam
1315 1890 1395 1925 cujus
1422 1890 1549 1923 initium,
1580 1890 1664 1917 Πάλιν
1684 1890 1709 1916 oi
1733 1889 1856 1922 δείλαιοι,

1070 1949 1153 1976 quam
1168 1941 1271 1969 Fronto
1291 1941 1404 1969 Ducaaus
1418 1941 1578 1973 secundam,
1596 1939 1714 1968 Savilius
1738 1940 1857 1975 primam

1072 1992 1224 2020 constituit.
1239 1992 1369 2028 Reliquas
1387 1999 1453 2020 vero
1468 1995 1669 2026 consequenter
1691 1990 1804 2023 damus,
1829 1995 1860 2018 ut

1073 2042 1100 2070 in
1115 2042 1196 2070 editis
1208 2043 1337 2070 omnibus
1346 2042 1482 2070 habentur
1496 2051 1504 2075 ;
1518 2042 1556 2070 ita
1578 2047 1608 2070 ut
1632 2049 1693 2077 qua:
1717 2041 1796 2069 tertia
1816 2045 1861 2069 est

1072 2093 1144 2124 apud
1170 2093 1314 2126 Ducaaum,
1331 2093 1495 2121 etsecunda
1529 2093 1599 2128 apud
1630 2092 1774 2123 Savilium,
1800 2091 1860 2127 jam

1072 2147 1169 2180 quinta
1186 2150 1314 2180 ponatur,
1330 2149 1358 2173 et
1372 2149 1517 2181 sequentes
1541 2144 1638 2172 eadem
1656 2143 1796 2171 varietatis
1812 2151 1862 2171 ra-

1073 2196 1147 2223 tione
1162 2201 1352 2224 numerentur.

1109 2244 1187 2273 llune
1205 2253 1287 2280 porro
1299 2253 1400 2273 novum
1417 2245 1542 2274 ordinem
1557 2252 1613 2273 non
1632 2249 1733 2273 temere
1755 2244 1862 2272 consti-

1076 2300 1164 2323 tutum
1185 2303 1245 2323 esse
1258 2295 1430 2330 probandum
1453 2295 1535 2323 nobis
1551 2295 1695 2323 incumbit.
1712 2294 1750 2322 De
1768 2294 1861 2329 prima

1074 2346 1154 2381 cujus
1177 2345 1295 2379 initium,
1326 2345 1493 2382 Ἐϐουλόμην
1520 2345 1584 2381 ὑμῖν
1608 2345 1763 2377 ἀποδοῦναι,
1786 2345 1864 2372 nulla

1074 2398 1127 2424 erit
1146 2397 1271 2432 quiestio,
1295 2397 1319 2424 si
1335 2401 1450 2425 crateras
1480 2404 1541 2424 eam
1560 2396 1639 2432 sequi
1666 2396 1770 2424 debere
1783 2403 1864 2427 eom—

1076 2453 1270 2476 monstremus.
1285 2448 1402 2475 Primam
1423 2447 1505 2483 igitur
1517 2446 1658 2474 bomiliam
1674 2445 1769 2473 habuit
1785 2450 1864 2480 post-

1075 2507 1156 2534 quam
1175 2499 1325 2527 certamina
1345 2503 1439 2527 contra
1463 2499 1612 2526 Anomteos
1635 2504 1727 2529 OI'SIIS,
1752 2504 1864 2531 unaque

1076 2551 1131 2586 jam
1144 2550 1235 2578 habita
1252 2550 1394 2582 c0ncione,
1411 2548 1577 2577 instantibus
1590 2547 1749 2574 Judaaorum
1773 2546 1863 2579 feriis,

1078 2599 1266 2635 Scenopegia,
1290 2599 1421 2634 jejuniis.
1449 2599 1550 2633 quibus
1573 2596 1723 2625 Christiani
1750 2597 1863 2631 quidam

1077 2651 1252 2683 Autiocbeni,
1268 2650 1368 2685 partim
1390 2649 1541 2684 spectandi,
1567 2649 1664 2683 partim
1696 2649 1778 2676 etiam
1809 2657 1864 2676 una

1077 2701 1235 2732 celebrandi
1256 2706 1338 2736 atque
1349 2700 1492 2736 jejuuaudi
1514 2706 1608 2732 causa,
1636 2699 1768 2727 interesse
1792 2698 1866 2725 sole-

1077 2755 1154 2786 bant,
1171 2753 1235 2781 huic
1250 2752 1295 2779 ille
1310 2751 1406 2779 morbo
1419 2754 1449 2777 ut
1470 2750 1633 2782 mederetur,
1649 2748 1866 2777 concertationis

1076 2809 1172 2833 contra
1192 2804 1342 2831 Anomoeos
1375 2809 1486 2830 cursum
1518 2801 1672 2836 intercepit,
1694 2806 1727 2827 ac
1752 2798 1865 2826 Judaaos

1077 2854 1293 2890 Judmorumque
1318 2860 1450 2889 sequaces
1480 2852 1592 2880 adortus
1615 2855 1665 2879 est.
1693 2849 1720 2878 ld
1748 2848 1867 2885 contigit
