  <div class='ocr_page' id='page_1' title='image "/cluster/home/n/w/nwhite01/storage/ocr_20150623/47-48/njp.32101077772612/808.png"; bbox 0 0 2055 3122; ppageno 0'>
   <div class='ocr_carea' id='block_1_1' title="bbox 248 123 311 151">
    <p class='ocr_par' dir='ltr' id='par_1_1' title="bbox 248 123 311 151">
     <span class='ocr_line' id='line_1_1' title="bbox 248 123 311 151; baseline -0.016 0"><span class='ocrx_word' id='word_1_1' title='bbox 248 123 311 151; x_wconf 74' lang='lat'><strong>859‘</strong></span> 
     </span>
    </p>
   </div>
   <div class='ocr_carea' id='block_1_2' title="bbox 248 167 1032 214">
    <p class='ocr_par' dir='ltr' id='par_1_2' title="bbox 248 167 1032 214">
     <span class='ocr_line' id='line_1_2' title="bbox 248 167 1032 214; baseline -0.027 -1"><span class='ocrx_word' id='word_1_2' title='bbox 248 192 322 214; x_wconf 87' lang='lat' dir='ltr'><strong>anno</strong></span> <span class='ocrx_word' id='word_1_3' title='bbox 338 180 409 212; x_wconf 76' lang='lat'><strong>386,‘</strong></span> <span class='ocrx_word' id='word_1_4' title='bbox 433 181 464 206; x_wconf 85' lang='lat' dir='ltr'><strong>ut</strong></span> <span class='ocrx_word' id='word_1_5' title='bbox 479 176 599 204; x_wconf 77' lang='lat' dir='ltr'><strong>diximus</strong></span> <span class='ocrx_word' id='word_1_6' title='bbox 616 174 643 201; x_wconf 87' lang='lat' dir='ltr'><strong>in</strong></span> <span class='ocrx_word' id='word_1_7' title='bbox 661 172 764 199; x_wconf 82' lang='lat' dir='ltr'><strong>Monito</strong></span> <span class='ocrx_word' id='word_1_8' title='bbox 784 170 818 198; x_wconf 78' lang='lat' dir='ltr'><strong>ad</strong></span> <span class='ocrx_word' id='word_1_9' title='bbox 847 168 975 197; x_wconf 88' lang='lat' dir='ltr'><strong>homilias</strong></span> <span class='ocrx_word' id='word_1_10' title='bbox 997 167 1032 193; x_wconf 72' lang='lat' dir='ltr'><strong>De</strong></span> 
     </span>
    </p>
   </div>
   <div class='ocr_carea' id='block_1_3' title="bbox 248 217 1032 268">
    <p class='ocr_par' dir='ltr' id='par_1_3' title="bbox 248 217 1032 268">
     <span class='ocr_line' id='line_1_3' title="bbox 248 217 1032 268; baseline -0.023 -6"><span class='ocrx_word' id='word_1_11' title='bbox 248 227 518 268; x_wconf 75' lang='lat' dir='ltr'><strong>incomprehensibili,</strong></span> <span class='ocrx_word' id='word_1_12' title='bbox 533 230 560 254; x_wconf 93' lang='lat' dir='ltr'><strong>et</strong></span> <span class='ocrx_word' id='word_1_13' title='bbox 575 232 608 252; x_wconf 73' lang='lat' dir='ltr'><strong>ex</strong></span> <span class='ocrx_word' id='word_1_14' title='bbox 624 231 686 251; x_wconf 82' lang='lat' dir='ltr'><strong>mox</strong></span> <span class='ocrx_word' id='word_1_15' title='bbox 700 221 823 250; x_wconf 83' lang='lat' dir='ltr'><strong>dicendis</strong></span> <span class='ocrx_word' id='word_1_16' title='bbox 845 220 954 255; x_wconf 85' lang='lat' dir='ltr'><strong>planius</strong></span> <span class='ocrx_word' id='word_1_17' title='bbox 970 217 1032 245; x_wconf 87' lang='lat' dir='ltr'><strong>erit.</strong></span> 
     </span>
    </p>
   </div>
   <div class='ocr_carea' id='block_1_4' title="bbox 757 100 1358 139">
    <p class='ocr_par' dir='ltr' id='par_1_4' title="bbox 757 100 1358 139">
     <span class='ocr_line' id='line_1_4' title="bbox 757 100 1358 139; baseline -0.018 -1"><span class='ocrx_word' id='word_1_18' title='bbox 757 107 942 139; x_wconf 78' lang='lat' dir='ltr'><strong>ADVERSUS</strong></span> <span class='ocrx_word' id='word_1_19' title='bbox 959 105 1115 134; x_wconf 66' lang='lat' dir='ltr'><strong>JUDIEOS.</strong></span> <span class='ocrx_word' id='word_1_20' title='bbox 1134 119 1167 125; x_wconf 93' lang='lat'><strong>—</strong></span> <span class='ocrx_word' id='word_1_21' title='bbox 1187 100 1358 130; x_wconf 68' lang='lat' dir='ltr'><strong>MONITUM.</strong></span> 
     </span>
    </p>
   </div>
   <div class='ocr_carea' id='block_1_5' title="bbox 1807 100 1870 126">
    <p class='ocr_par' dir='ltr' id='par_1_5' title="bbox 1807 100 1870 126">
     <span class='ocr_line' id='line_1_5' title="bbox 1807 100 1870 126; baseline -0.032 -1"><span class='ocrx_word' id='word_1_22' title='bbox 1807 100 1870 126; x_wconf 70' lang='grc' dir='ltr'><strong>ειυ·</strong></span> 
     </span>
    </p>
   </div>
   <div class='ocr_carea' id='block_1_6' title="bbox 1086 161 1869 205">
    <p class='ocr_par' dir='ltr' id='par_1_6' title="bbox 1086 161 1869 205">
     <span class='ocr_line' id='line_1_6' title="bbox 1086 161 1869 205; baseline -0.006 -12"><span class='ocrx_word' id='word_1_23' title='bbox 1086 165 1164 199; x_wconf 76' lang='lat' dir='ltr'><strong>quasi</strong></span> <span class='ocrx_word' id='word_1_24' title='bbox 1181 165 1302 193; x_wconf 88' lang='lat' dir='ltr'><strong>incertus</strong></span> <span class='ocrx_word' id='word_1_25' title='bbox 1315 164 1375 200; x_wconf 84' lang='lat' dir='ltr'><strong>ejus</strong></span> <span class='ocrx_word' id='word_1_26' title='bbox 1396 164 1466 191; x_wconf 88' lang='lat' dir='ltr'><strong>situs</strong></span> <span class='ocrx_word' id='word_1_27' title='bbox 1484 167 1565 195; x_wconf 87' lang='lat' dir='ltr'><strong>esset,</strong></span> <span class='ocrx_word' id='word_1_28' title='bbox 1581 162 1607 188; x_wconf 91' lang='lat' dir='ltr'><strong>in</strong></span> <span class='ocrx_word' id='word_1_29' title='bbox 1622 161 1748 196; x_wconf 84' lang='lat' dir='ltr'><strong>quintum</strong></span> <span class='ocrx_word' id='word_1_30' title='bbox 1767 166 1869 205; x_wconf 83' lang='lat' dir='ltr'><strong>tomum</strong></span> 
     </span>
    </p>
   </div>
   <div class='ocr_carea' id='block_1_7' title="bbox 1085 205 1866 252">
    <p class='ocr_par' dir='ltr' id='par_1_7' title="bbox 1085 205 1866 252">
     <span class='ocr_line' id='line_1_7' title="bbox 1085 205 1866 252; baseline -0.006 -8"><span class='ocrx_word' id='word_1_31' title='bbox 1085 217 1267 252; x_wconf 74' lang='lat' dir='ltr'><strong>ablegaverat.</strong></span> <span class='ocrx_word' id='word_1_32' title='bbox 1450 205 1453 206; x_wconf 19' lang='grc' dir='ltr'><em>ν</em></span> <span class='ocrx_word' id='word_1_33' title='bbox 1864 205 1866 208; x_wconf 65' lang='grc'><em>’</em></span> 
     </span>
    </p>
   </div>
   <div class='ocr_carea' id='block_1_8' title="bbox 251 268 1870 317">
    <p class='ocr_par' dir='ltr' id='par_1_8' title="bbox 251 268 1870 317">
     <span class='ocr_line' id='line_1_8' title="bbox 251 268 1870 317; baseline -0.009 -7"><span class='ocrx_word' id='word_1_34' title='bbox 251 284 310 317; x_wconf 84' lang='lat' dir='ltr'><strong>Qua</strong></span> <span class='ocrx_word' id='word_1_35' title='bbox 324 289 389 309; x_wconf 88' lang='lat' dir='ltr'><strong>vero</strong></span> <span class='ocrx_word' id='word_1_36' title='bbox 409 278 472 307; x_wconf 82' lang='lat' dir='ltr'><strong>anni</strong></span> <span class='ocrx_word' id='word_1_37' title='bbox 488 279 648 311; x_wconf 66' lang='lat' dir='ltr'><strong>temPCSlal-e</strong></span> <span class='ocrx_word' id='word_1_38' title='bbox 664 273 721 300; x_wconf 53' lang='lat' dir='ltr'><strong>hinc</strong></span> <span class='ocrx_word' id='word_1_39' title='bbox 738 269 895 304; x_wconf 66' lang='lat' dir='ltr'><strong>COHCiO&#39;lari</strong></span> <span class='ocrx_word' id='word_1_40' title='bbox 910 268 1033 303; x_wconf 69' lang='grc' dir='ltr'><strong>εαψθιῑι,</strong></span> <span class='ocrx_word' id='word_1_41' title='bbox 1055 281 1075 298; x_wconf 67' lang='grc' dir='ltr'>α-</span> <span class='ocrx_word' id='word_1_42' title='bbox 1121 272 1240 299; x_wconf 78' lang='lat' dir='ltr'><strong>Tertiam</strong></span> <span class='ocrx_word' id='word_1_43' title='bbox 1260 272 1449 299; x_wconf 73' lang='lat' dir='ltr'><strong>incunctanter</strong></span> <span class='ocrx_word' id='word_1_44' title='bbox 1462 269 1590 306; x_wconf 89' lang='lat' dir='ltr'><strong>ponimus</strong></span> <span class='ocrx_word' id='word_1_45' title='bbox 1612 269 1753 296; x_wconf 81' lang='lat' dir='ltr'><strong>homiliam</strong></span> <span class='ocrx_word' id='word_1_46' title='bbox 1782 268 1806 296; x_wconf 94' lang='lat' dir='ltr'><strong>in</strong></span> <span class='ocrx_word' id='word_1_47' title='bbox 1823 276 1870 296; x_wconf 80' lang='lat' dir='ltr'><strong>eos</strong></span> 
     </span>
    </p>
   </div>
   <div class='ocr_carea' id='block_1_9' title="bbox 252 321 1035 369">
    <p class='ocr_par' dir='ltr' id='par_1_9' title="bbox 252 321 1035 369">
     <span class='ocr_line' id='line_1_9' title="bbox 252 321 1035 369; baseline -0.02 -7"><span class='ocrx_word' id='word_1_48' title='bbox 252 336 312 369; x_wconf 87' lang='lat' dir='ltr'><strong>ipse</strong></span> <span class='ocrx_word' id='word_1_49' title='bbox 325 331 405 367; x_wconf 88' lang='lat' dir='ltr'><strong>paulo</strong></span> <span class='ocrx_word' id='word_1_50' title='bbox 421 332 483 365; x_wconf 87' lang='lat' dir='ltr'><strong>post</strong></span> <span class='ocrx_word' id='word_1_51' title='bbox 499 327 607 355; x_wconf 89' lang='lat' dir='ltr'><strong>initium</strong></span> <span class='ocrx_word' id='word_1_52' title='bbox 625 325 744 353; x_wconf 70' lang='lat' dir='ltr'><strong>homilire</strong></span> <span class='ocrx_word' id='word_1_53' title='bbox 763 323 856 358; x_wconf 70' lang='lat' dir='ltr'><strong>prima:</strong></span> <span class='ocrx_word' id='word_1_54' title='bbox 873 321 1035 349; x_wconf 77' lang='lat' dir='ltr'><strong>testificatur</strong></span> 
     </span>
    </p>
   </div>
   <div class='ocr_carea' id='block_1_10' title="bbox 251 370 1034 414">
    <p class='ocr_par' dir='ltr' id='par_1_10' title="bbox 251 370 1034 414">
     <span class='ocr_line' id='line_1_10' title="bbox 251 370 1034 414; baseline -0.02 -2"><span class='ocrx_word' id='word_1_55' title='bbox 251 385 296 412; x_wconf 88' lang='lat' dir='ltr'><strong>his</strong></span> <span class='ocrx_word' id='word_1_56' title='bbox 311 381 425 410; x_wconf 83' lang='lat' dir='ltr'><strong>verbis:</strong></span> <span class='ocrx_word' id='word_1_57' title='bbox 454 378 564 414; x_wconf 78' lang='grc' dir='ltr'>Ἐορταὶ</span> <span class='ocrx_word' id='word_1_58' title='bbox 587 376 641 403; x_wconf 81' lang='grc' dir='ltr'>τῶν</span> <span class='ocrx_word' id='word_1_59' title='bbox 673 374 773 402; x_wconf 84' lang='grc' dir='ltr'><strong>ἀθλίων</strong></span> <span class='ocrx_word' id='word_1_60' title='bbox 797 373 844 400; x_wconf 77' lang='grc' dir='ltr'><strong>καὶ</strong></span> <span class='ocrx_word' id='word_1_61' title='bbox 853 370 1034 406; x_wconf 82' lang='grc' dir='ltr'>ταλαιπώρων</span> 
     </span>
    </p>
   </div>
   <div class='ocr_carea' id='block_1_11' title="bbox 254 422 1034 467">
    <p class='ocr_par' dir='ltr' id='par_1_11' title="bbox 254 422 1034 467">
     <span class='ocr_line' id='line_1_11' title="bbox 254 422 1034 467; baseline -0.017 -6"><span class='ocrx_word' id='word_1_62' title='bbox 254 433 390 462; x_wconf 78' lang='grc' dir='ltr'><strong>Ἰουδαίων</strong></span> <span class='ocrx_word' id='word_1_63' title='bbox 401 431 529 467; x_wconf 76' lang='grc' dir='ltr'>μέλλουσι</span> <span class='ocrx_word' id='word_1_64' title='bbox 540 427 734 465; x_wconf 76' lang='grc' dir='ltr'><strong>προσελαύνειν</strong></span> <span class='ocrx_word' id='word_1_65' title='bbox 756 425 876 460; x_wconf 83' lang='grc' dir='ltr'><strong>συνεχεῖς</strong></span> <span class='ocrx_word' id='word_1_66' title='bbox 891 423 937 450; x_wconf 68' lang='grc' dir='ltr'><strong>καὶ</strong></span> <span class='ocrx_word' id='word_1_67' title='bbox 949 422 1034 449; x_wconf 82' lang='grc' dir='ltr'><strong>ὲπάλ-</strong></span> 
     </span>
    </p>
   </div>
   <div class='ocr_carea' id='block_1_12' title="bbox 246 475 1033 522">
    <p class='ocr_par' dir='ltr' id='par_1_12' title="bbox 246 475 1033 522">
     <span class='ocr_line' id='line_1_12' title="bbox 246 475 1033 522; baseline -0.017 -10"><span class='ocrx_word' id='word_1_68' title='bbox 246 486 334 522; x_wconf 77' lang='grc' dir='ltr'>ληλοι,</span> <span class='ocrx_word' id='word_1_69' title='bbox 362 484 390 510; x_wconf 81' lang='grc' dir='ltr'>αἱ</span> <span class='ocrx_word' id='word_1_70' title='bbox 411 483 571 516; x_wconf 79' lang='grc' dir='ltr'>σάλπιγγες.</span> <span class='ocrx_word' id='word_1_71' title='bbox 593 480 622 506; x_wconf 81' lang='grc' dir='ltr'>αἱ</span> <span class='ocrx_word' id='word_1_72' title='bbox 640 476 833 514; x_wconf 76' lang='grc' dir='ltr'><strong>σκηνοπηγίαι,</strong></span> <span class='ocrx_word' id='word_1_73' title='bbox 855 475 884 502; x_wconf 80' lang='lat' dir='ltr'><strong>at</strong></span> <span class='ocrx_word' id='word_1_74' title='bbox 899 475 1033 516; x_wconf 55' lang='lat' dir='ltr'><strong>messim,</strong></span> 
     </span>
    </p>
   </div>
   <div class='ocr_carea' id='block_1_13' title="bbox 247 524 1034 565">
    <p class='ocr_par' dir='ltr' id='par_1_13' title="bbox 247 524 1034 565">
     <span class='ocr_line' id='line_1_13' title="bbox 247 524 1034 565; baseline -0.017 -3"><span class='ocrx_word' id='word_1_75' title='bbox 247 535 337 562; x_wconf 78' lang='lat' dir='ltr'><strong>Ferire</strong></span> <span class='ocrx_word' id='word_1_76' title='bbox 364 533 519 560; x_wconf 85' lang='lat' dir='ltr'><strong>miserorum</strong></span> <span class='ocrx_word' id='word_1_77' title='bbox 535 535 616 565; x_wconf 83' lang='lat' dir='ltr'><strong>atque</strong></span> <span class='ocrx_word' id='word_1_78' title='bbox 638 535 852 556; x_wconf 71' lang='lat' dir='ltr'><strong>wramnosorum</strong></span> <span class='ocrx_word' id='word_1_79' title='bbox 878 524 1034 554; x_wconf 77' lang='lat' dir='ltr'><strong>Judteorum</strong></span> 
     </span>
    </p>
   </div>
   <div class='ocr_carea' id='block_1_14' title="bbox 247 577 1033 618">
    <p class='ocr_par' dir='ltr' id='par_1_14' title="bbox 247 577 1033 618">
     <span class='ocr_line' id='line_1_14' title="bbox 247 577 1033 618; baseline -0.014 -4"><span class='ocrx_word' id='word_1_80' title='bbox 247 587 381 614; x_wconf 72' lang='lat' dir='ltr'><strong>continuit:</strong></span> <span class='ocrx_word' id='word_1_81' title='bbox 399 589 424 611; x_wconf 80' lang='lat' dir='ltr'><strong>et</strong></span> <span class='ocrx_word' id='word_1_82' title='bbox 448 583 596 618; x_wconf 73' lang='lat' dir='ltr'><strong>frequentes</strong></span> <span class='ocrx_word' id='word_1_83' title='bbox 621 583 733 613; x_wconf 73' lang='lat' dir='ltr'><strong>instant,</strong></span> <span class='ocrx_word' id='word_1_84' title='bbox 751 579 830 611; x_wconf 60' lang='lat' dir='ltr'><strong>tubae,</strong></span> <span class='ocrx_word' id='word_1_85' title='bbox 861 577 1033 612; x_wconf 63' lang='lat' dir='ltr'><strong>scenopcgiee,</strong></span> 
     </span>
    </p>
   </div>
   <div class='ocr_carea' id='block_1_15' title="bbox 244 628 1033 671">
    <p class='ocr_par' dir='ltr' id='par_1_15' title="bbox 244 628 1033 671">
     <span class='ocr_line' id='line_1_15' title="bbox 244 628 1033 671; baseline -0.011 -8"><span class='ocrx_word' id='word_1_86' title='bbox 244 635 361 671; x_wconf 55' lang='lat' dir='ltr'><strong>jejunio.</strong></span> <span class='ocrx_word' id='word_1_87' title='bbox 383 633 431 661; x_wconf 90' lang='lat' dir='ltr'><strong>llis</strong></span> <span class='ocrx_word' id='word_1_88' title='bbox 449 637 557 660; x_wconf 87' lang='lat' dir='ltr'><strong>notatur</strong></span> <span class='ocrx_word' id='word_1_89' title='bbox 573 631 644 659; x_wconf 82' lang='lat' dir='ltr'><strong>haud</strong></span> <span class='ocrx_word' id='word_1_90' title='bbox 661 631 743 658; x_wconf 84' lang='lat' dir='ltr'><strong>dubie</strong></span> <span class='ocrx_word' id='word_1_91' title='bbox 758 629 860 658; x_wconf 85' lang='lat' dir='ltr'><strong>mensis</strong></span> <span class='ocrx_word' id='word_1_92' title='bbox 881 628 951 656; x_wconf 87' lang='lat' dir='ltr'><strong>Tisri</strong></span> <span class='ocrx_word' id='word_1_93' title='bbox 976 628 1033 656; x_wconf 83' lang='lat' dir='ltr'><strong>sive</strong></span> 
     </span>
    </p>
   </div>
   <div class='ocr_carea' id='block_1_16' title="bbox 246 678 1033 722">
    <p class='ocr_par' dir='ltr' id='par_1_16' title="bbox 246 678 1033 722">
     <span class='ocr_line' id='line_1_16' title="bbox 246 678 1033 722; baseline -0.013 -8"><span class='ocrx_word' id='word_1_94' title='bbox 246 685 417 722; x_wconf 76' lang='lat' dir='ltr'><strong>September,</strong></span> <span class='ocrx_word' id='word_1_95' title='bbox 431 685 514 719; x_wconf 82' lang='lat' dir='ltr'><strong>cujus</strong></span> <span class='ocrx_word' id='word_1_96' title='bbox 528 683 633 710; x_wconf 84' lang='lat' dir='ltr'><strong>decimo</strong></span> <span class='ocrx_word' id='word_1_97' title='bbox 646 682 742 716; x_wconf 82' lang='lat' dir='ltr'><strong>quinto</strong></span> <span class='ocrx_word' id='word_1_98' title='bbox 752 681 797 708; x_wconf 90' lang='lat' dir='ltr'><strong>die</strong></span> <span class='ocrx_word' id='word_1_99' title='bbox 807 679 953 714; x_wconf 77' lang='lat' dir='ltr'><strong>incipiebat</strong></span> <span class='ocrx_word' id='word_1_100' title='bbox 968 678 1033 706; x_wconf 86' lang='lat' dir='ltr'><strong>Sce—</strong></span> 
     </span>
    </p>
   </div>
   <div class='ocr_carea' id='block_1_17' title="bbox 245 729 1032 770">
    <p class='ocr_par' dir='ltr' id='par_1_17' title="bbox 245 729 1032 770">
     <span class='ocr_line' id='line_1_17' title="bbox 245 729 1032 770; baseline -0.01 -7"><span class='ocrx_word' id='word_1_101' title='bbox 245 736 372 770; x_wconf 79' lang='lat' dir='ltr'><strong>uopegia,</strong></span> <span class='ocrx_word' id='word_1_102' title='bbox 391 742 439 762; x_wconf 83' lang='lat' dir='ltr'><strong>seu</strong></span> <span class='ocrx_word' id='word_1_103' title='bbox 464 733 565 761; x_wconf 80' lang='lat' dir='ltr'><strong>festum</strong></span> <span class='ocrx_word' id='word_1_104' title='bbox 588 731 853 759; x_wconf 86' lang='lat' dir='ltr'><strong>Tabernaculorum.</strong></span> <span class='ocrx_word' id='word_1_105' title='bbox 875 729 924 757; x_wconf 89' lang='lat' dir='ltr'><strong>Illo</strong></span> <span class='ocrx_word' id='word_1_106' title='bbox 942 733 1032 756; x_wconf 80' lang='lat' dir='ltr'><strong>autem</strong></span> 
     </span>
    </p>
   </div>
   <div class='ocr_carea' id='block_1_18' title="bbox 245 779 1033 818">
    <p class='ocr_par' dir='ltr' id='par_1_18' title="bbox 245 779 1033 818">
     <span class='ocr_line' id='line_1_18' title="bbox 245 779 1033 818; baseline -0.006 -7"><span class='ocrx_word' id='word_1_107' title='bbox 245 791 341 812; x_wconf 85' lang='lat' dir='ltr'><strong>mense</strong></span> <span class='ocrx_word' id='word_1_108' title='bbox 353 784 432 818; x_wconf 82' lang='lat' dir='ltr'><strong>plura</strong></span> <span class='ocrx_word' id='word_1_109' title='bbox 452 782 523 817; x_wconf 88' lang='lat' dir='ltr'><strong>apud</strong></span> <span class='ocrx_word' id='word_1_110' title='bbox 543 781 652 809; x_wconf 66' lang='lat' dir='ltr'><strong>Iudaeos</strong></span> <span class='ocrx_word' id='word_1_111' title='bbox 669 779 1033 815; x_wconf 81' lang='lat' dir='ltr'><strong>occurrebantl‘esta.qnam</strong></span> 
     </span>
    </p>
   </div>
   <div class='ocr_carea' id='block_1_19' title="bbox 247 830 1033 869">
    <p class='ocr_par' dir='ltr' id='par_1_19' title="bbox 247 830 1033 869">
     <span class='ocr_line' id='line_1_19' title="bbox 247 830 1033 869; baseline -0.008 -6"><span class='ocrx_word' id='word_1_112' title='bbox 247 835 275 863; x_wconf 81' lang='lat' dir='ltr'><strong>in</strong></span> <span class='ocrx_word' id='word_1_113' title='bbox 289 834 413 869; x_wconf 85' lang='lat' dir='ltr'><strong>quolibet</strong></span> <span class='ocrx_word' id='word_1_114' title='bbox 426 834 481 862; x_wconf 79' lang='lat' dir='ltr'><strong>alio</strong></span> <span class='ocrx_word' id='word_1_115' title='bbox 497 833 581 860; x_wconf 89' lang='lat' dir='ltr'><strong>totius</strong></span> <span class='ocrx_word' id='word_1_116' title='bbox 599 834 674 865; x_wconf 89' lang='lat' dir='ltr'><strong>anni,</strong></span> <span class='ocrx_word' id='word_1_117' title='bbox 697 837 726 860; x_wconf 91' lang='lat' dir='ltr'><strong>ut</strong></span> <span class='ocrx_word' id='word_1_118' title='bbox 750 831 842 860; x_wconf 83' lang='lat' dir='ltr'><strong>videas</strong></span> <span class='ocrx_word' id='word_1_119' title='bbox 862 830 933 866; x_wconf 85' lang='lat' dir='ltr'><strong>apud</strong></span> <span class='ocrx_word' id='word_1_120' title='bbox 959 830 1033 857; x_wconf 83' lang='lat' dir='ltr'><strong>Bux-</strong></span> 
     </span>
    </p>
   </div>
   <div class='ocr_carea' id='block_1_20' title="bbox 244 880 1034 916">
    <p class='ocr_par' dir='ltr' id='par_1_20' title="bbox 244 880 1034 916">
     <span class='ocr_line' id='line_1_20' title="bbox 244 880 1034 916; baseline -0.004 -6"><span class='ocrx_word' id='word_1_121' title='bbox 244 882 361 915; x_wconf 74' lang='lat' dir='ltr'><strong>tarfum,</strong></span> <span class='ocrx_word' id='word_1_122' title='bbox 391 881 568 909; x_wconf 87' lang='lat' dir='ltr'><strong>Leusdenum</strong></span> <span class='ocrx_word' id='word_1_123' title='bbox 584 885 612 908; x_wconf 88' lang='lat' dir='ltr'><strong>et</strong></span> <span class='ocrx_word' id='word_1_124' title='bbox 637 880 716 914; x_wconf 88' lang='lat' dir='ltr'><strong>alios,</strong></span> <span class='ocrx_word' id='word_1_125' title='bbox 732 881 806 916; x_wconf 88' lang='lat' dir='ltr'><strong>quod</strong></span> <span class='ocrx_word' id='word_1_126' title='bbox 823 880 904 908; x_wconf 87' lang='lat' dir='ltr'><strong>etiam</strong></span> <span class='ocrx_word' id='word_1_127' title='bbox 932 880 1034 908; x_wconf 81' lang='lat' dir='ltr'><strong>indicat</strong></span> 
     </span>
    </p>
   </div>
   <div class='ocr_carea' id='block_1_21' title="bbox 244 930 1033 967">
    <p class='ocr_par' dir='ltr' id='par_1_21' title="bbox 244 930 1033 967">
     <span class='ocr_line' id='line_1_21' title="bbox 244 930 1033 967; baseline -0.003 -8"><span class='ocrx_word' id='word_1_128' title='bbox 244 933 459 967; x_wconf 73' lang='lat' dir='ltr'><strong>Chrysostomus</strong></span> <span class='ocrx_word' id='word_1_129' title='bbox 481 939 544 959; x_wconf 89' lang='lat' dir='ltr'><strong>cum</strong></span> <span class='ocrx_word' id='word_1_130' title='bbox 565 931 631 959; x_wconf 83' lang='lat' dir='ltr'><strong>dicit</strong></span> <span class='ocrx_word' id='word_1_131' title='bbox 657 932 780 967; x_wconf 84' lang='grc' dir='ltr'><strong>συνεχεῖς</strong></span> <span class='ocrx_word' id='word_1_132' title='bbox 806 931 852 958; x_wconf 70' lang='grc' dir='ltr'><strong>καὶ</strong></span> <span class='ocrx_word' id='word_1_133' title='bbox 875 930 1033 966; x_wconf 73' lang='grc' dir='ltr'>ἐπάλληλοι.</span> 
     </span>
    </p>
   </div>
   <div class='ocr_carea' id='block_1_22' title="bbox 248 982 1033 1018">
    <p class='ocr_par' dir='ltr' id='par_1_22' title="bbox 248 982 1033 1018">
     <span class='ocr_line' id='line_1_22' title="bbox 248 982 1033 1018; baseline -0.001 -7"><span class='ocrx_word' id='word_1_134' title='bbox 248 984 326 1012; x_wconf 85' lang='lat' dir='ltr'><strong>lianc</strong></span> <span class='ocrx_word' id='word_1_135' title='bbox 354 983 557 1011; x_wconf 90' lang='lat' dir='ltr'><strong>solemnitatum</strong></span> <span class='ocrx_word' id='word_1_136' title='bbox 587 983 769 1018; x_wconf 80' lang='lat' dir='ltr'><strong>frequentiam</strong></span> <span class='ocrx_word' id='word_1_137' title='bbox 799 983 904 1018; x_wconf 87' lang='lat' dir='ltr'><strong>aliquot</strong></span> <span class='ocrx_word' id='word_1_138' title='bbox 934 982 1033 1010; x_wconf 83' lang='lat' dir='ltr'><strong>diebus</strong></span> 
     </span>
    </p>
   </div>
   <div class='ocr_carea' id='block_1_23' title="bbox 244 1032 1030 1069">
    <p class='ocr_par' dir='ltr' id='par_1_23' title="bbox 244 1032 1030 1069">
     <span class='ocr_line' id='line_1_23' title="bbox 244 1032 1030 1069; baseline -0.001 -8"><span class='ocrx_word' id='word_1_139' title='bbox 244 1034 425 1062; x_wconf 85' lang='lat' dir='ltr'><strong>antevertisse</strong></span> <span class='ocrx_word' id='word_1_140' title='bbox 444 1033 670 1069; x_wconf 74' lang='lat' dir='ltr'><strong>(lhrysostomum</strong></span> <span class='ocrx_word' id='word_1_141' title='bbox 698 1041 760 1060; x_wconf 90' lang='lat' dir='ltr'><strong>cum</strong></span> <span class='ocrx_word' id='word_1_142' title='bbox 793 1032 934 1068; x_wconf 71' lang='lat' dir='ltr'><strong>praemissa</strong></span> <span class='ocrx_word' id='word_1_143' title='bbox 949 1033 1030 1060; x_wconf 87' lang='lat' dir='ltr'><strong>verba</strong></span> 
     </span>
    </p>
   </div>
   <div class='ocr_carea' id='block_1_24' title="bbox 243 1081 1032 1116">
    <p class='ocr_par' dir='ltr' id='par_1_24' title="bbox 243 1081 1032 1116">
     <span class='ocr_line' id='line_1_24' title="bbox 243 1081 1032 1116; baseline -0.005 -4"><span class='ocrx_word' id='word_1_144' title='bbox 243 1084 400 1116; x_wconf 87' lang='lat' dir='ltr'><strong>declarant,</strong></span> <span class='ocrx_word' id='word_1_145' title='bbox 419 1087 476 1111; x_wconf 90' lang='lat' dir='ltr'><strong>tum</strong></span> <span class='ocrx_word' id='word_1_146' title='bbox 493 1091 556 1110; x_wconf 75' lang='lat' dir='ltr'><strong>mox</strong></span> <span class='ocrx_word' id='word_1_147' title='bbox 573 1083 709 1110; x_wconf 82' lang='lat' dir='ltr'><strong>all&#39;erenda</strong></span> <span class='ocrx_word' id='word_1_148' title='bbox 735 1082 926 1110; x_wconf 80' lang='lat' dir='ltr'><strong>testiﬁcantur.</strong></span> <span class='ocrx_word' id='word_1_149' title='bbox 941 1081 1032 1115; x_wconf 83' lang='lat' dir='ltr'><strong>Quare</strong></span> 
     </span>
    </p>
   </div>
   <div class='ocr_carea' id='block_1_25' title="bbox 247 1132 1031 1170">
    <p class='ocr_par' dir='ltr' id='par_1_25' title="bbox 247 1132 1031 1170">
     <span class='ocr_line' id='line_1_25' title="bbox 247 1132 1031 1170; baseline -0.005 -8"><span class='ocrx_word' id='word_1_150' title='bbox 247 1143 342 1162; x_wconf 85' lang='lat' dir='ltr'><strong>mense</strong></span> <span class='ocrx_word' id='word_1_151' title='bbox 371 1134 496 1170; x_wconf 77' lang='lat' dir='ltr'><strong>Augusto</strong></span> <span class='ocrx_word' id='word_1_152' title='bbox 522 1135 637 1169; x_wconf 86' lang='lat' dir='ltr'><strong>primam</strong></span> <span class='ocrx_word' id='word_1_153' title='bbox 662 1133 804 1161; x_wconf 86' lang='lat' dir='ltr'><strong>homib&#39;am</strong></span> <span class='ocrx_word' id='word_1_154' title='bbox 834 1132 964 1160; x_wconf 81' lang='lat' dir='ltr'><strong>habuisse</strong></span> <span class='ocrx_word' id='word_1_155' title='bbox 987 1132 1031 1159; x_wconf 89' lang='lat' dir='ltr'><strong>vi-</strong></span> 
     </span>
    </p>
   </div>
   <div class='ocr_carea' id='block_1_26' title="bbox 242 1185 335 1212">
    <p class='ocr_par' dir='ltr' id='par_1_26' title="bbox 242 1185 335 1212">
     <span class='ocr_line' id='line_1_26' title="bbox 242 1185 335 1212; baseline 0 -1"><span class='ocrx_word' id='word_1_156' title='bbox 242 1185 335 1212; x_wconf 88' lang='lat' dir='ltr'><strong>detur.</strong></span> 
     </span>
    </p>
   </div>
   <div class='ocr_carea' id='block_1_27' title="bbox 281 1239 1035 1274">
    <p class='ocr_par' dir='ltr' id='par_1_27' title="bbox 281 1239 1035 1274">
     <span class='ocr_line' id='line_1_27' title="bbox 281 1239 1035 1274; baseline -0.003 -6"><span class='ocrx_word' id='word_1_157' title='bbox 281 1240 436 1268; x_wconf 85' lang='lat' dir='ltr'><strong>Secundam</strong></span> <span class='ocrx_word' id='word_1_158' title='bbox 452 1240 607 1272; x_wconf 82' lang='lat' dir='ltr'><strong>homiliam,</strong></span> <span class='ocrx_word' id='word_1_159' title='bbox 625 1247 685 1267; x_wconf 81' lang='lat' dir='ltr'><strong>eam</strong></span> <span class='ocrx_word' id='word_1_160' title='bbox 707 1247 814 1274; x_wconf 81' lang='lat' dir='ltr'><strong>nempe,</strong></span> <span class='ocrx_word' id='word_1_161' title='bbox 835 1247 894 1274; x_wconf 70' lang='lat' dir='ltr'><strong>quae</strong></span> <span class='ocrx_word' id='word_1_162' title='bbox 909 1239 948 1268; x_wconf 84' lang='lat' dir='ltr'><strong>sic</strong></span> <span class='ocrx_word' id='word_1_163' title='bbox 962 1239 1035 1267; x_wconf 56' lang='lat' dir='ltr'><strong>inci.</strong></span> 
     </span>
    </p>
   </div>
   <div class='ocr_carea' id='block_1_28' title="bbox 243 1290 1033 1328">
    <p class='ocr_par' dir='ltr' id='par_1_28' title="bbox 243 1290 1033 1328">
     <span class='ocr_line' id='line_1_28' title="bbox 243 1290 1033 1328; baseline -0.004 -9"><span class='ocrx_word' id='word_1_164' title='bbox 243 1292 297 1328; x_wconf 74' lang='lat' dir='ltr'><strong>pit,</strong></span> <span class='ocrx_word' id='word_1_165' title='bbox 319 1292 351 1318; x_wconf 85' lang='grc' dir='ltr'><strong>Ἦ</strong></span> <span class='ocrx_word' id='word_1_166' title='bbox 375 1291 424 1327; x_wconf 77' lang='grc' dir='ltr'><strong>μὲν</strong></span> <span class='ocrx_word' id='word_1_167' title='bbox 446 1291 605 1327; x_wconf 74' lang='grc' dir='ltr'>παράνομος</span> <span class='ocrx_word' id='word_1_168' title='bbox 628 1291 675 1317; x_wconf 78' lang='grc' dir='ltr'><strong>καὶ</strong></span> <span class='ocrx_word' id='word_1_169' title='bbox 697 1290 861 1325; x_wconf 72' lang='grc' dir='ltr'><strong>ἀκάθαρτος,</strong></span> <span class='ocrx_word' id='word_1_170' title='bbox 878 1290 971 1318; x_wconf 83' lang='lat' dir='ltr'><strong>decem</strong></span> <span class='ocrx_word' id='word_1_171' title='bbox 985 1293 1033 1317; x_wconf 84' lang='lat' dir='ltr'><strong>aut</strong></span> 
     </span>
    </p>
   </div>
   <div class='ocr_carea' id='block_1_29' title="bbox 248 1340 1033 1378">
    <p class='ocr_par' dir='ltr' id='par_1_29' title="bbox 248 1340 1033 1378">
     <span class='ocr_line' id='line_1_29' title="bbox 248 1340 1033 1378; baseline -0.004 -8"><span class='ocrx_word' id='word_1_172' title='bbox 248 1343 374 1378; x_wconf 84' lang='lat' dir='ltr'><strong>pluribus</strong></span> <span class='ocrx_word' id='word_1_173' title='bbox 390 1342 492 1377; x_wconf 79' lang='lat' dir='ltr'><strong>elapsis</strong></span> <span class='ocrx_word' id='word_1_174' title='bbox 510 1349 525 1369; x_wconf 81' lang='lat' dir='ltr'><strong>a</strong></span> <span class='ocrx_word' id='word_1_175' title='bbox 542 1342 630 1376; x_wconf 86' lang='lat' dir='ltr'><strong>prima</strong></span> <span class='ocrx_word' id='word_1_176' title='bbox 650 1340 749 1368; x_wconf 87' lang='lat' dir='ltr'><strong>diebus</strong></span> <span class='ocrx_word' id='word_1_177' title='bbox 776 1341 882 1373; x_wconf 81' lang='lat' dir='ltr'><strong>habuit,</strong></span> <span class='ocrx_word' id='word_1_178' title='bbox 910 1341 1033 1376; x_wconf 90' lang='lat' dir='ltr'><strong>quinque</strong></span> 
     </span>
    </p>
   </div>
   <div class='ocr_carea' id='block_1_30' title="bbox 245 1389 1034 1426">
    <p class='ocr_par' dir='ltr' id='par_1_30' title="bbox 245 1389 1034 1426">
     <span class='ocr_line' id='line_1_30' title="bbox 245 1389 1034 1426; baseline -0.005 -7"><span class='ocrx_word' id='word_1_179' title='bbox 245 1393 343 1420; x_wconf 82' lang='lat' dir='ltr'><strong>diebus</strong></span> <span class='ocrx_word' id='word_1_180' title='bbox 358 1395 421 1418; x_wconf 80' lang='lat' dir='ltr'><strong>ante</strong></span> <span class='ocrx_word' id='word_1_181' title='bbox 433 1398 516 1426; x_wconf 82' lang='lat' dir='ltr'><strong>quam</strong></span> <span class='ocrx_word' id='word_1_182' title='bbox 529 1390 686 1419; x_wconf 63' lang='lat' dir='ltr'><strong>Judaeorum</strong></span> <span class='ocrx_word' id='word_1_183' title='bbox 700 1389 835 1424; x_wconf 77' lang='lat' dir='ltr'><strong>jejunium</strong></span> <span class='ocrx_word' id='word_1_184' title='bbox 859 1389 977 1422; x_wconf 75' lang='lat' dir='ltr'><strong>adeSset,</strong></span> <span class='ocrx_word' id='word_1_185' title='bbox 1003 1391 1034 1415; x_wconf 89' lang='lat' dir='ltr'><strong>ut</strong></span> 
     </span>
    </p>
   </div>
   <div class='ocr_carea' id='block_1_31' title="bbox 244 1437 1032 1476">
    <p class='ocr_par' dir='ltr' id='par_1_31' title="bbox 244 1437 1032 1476">
     <span class='ocr_line' id='line_1_31' title="bbox 244 1437 1032 1476; baseline -0.005 -7"><span class='ocrx_word' id='word_1_186' title='bbox 244 1443 285 1469; x_wconf 76' lang='lat' dir='ltr'><strong>sic</strong></span> <span class='ocrx_word' id='word_1_187' title='bbox 306 1441 365 1476; x_wconf 87' lang='lat' dir='ltr'><strong>ipse</strong></span> <span class='ocrx_word' id='word_1_188' title='bbox 389 1441 509 1468; x_wconf 81' lang='lat' dir='ltr'><strong>declarat</strong></span> <span class='ocrx_word' id='word_1_189' title='bbox 533 1440 632 1472; x_wconf 87' lang='lat' dir='ltr'><strong>initio,</strong></span> <span class='ocrx_word' id='word_1_190' title='bbox 652 1439 683 1467; x_wconf 85' lang='grc' dir='ltr'>ἸΙ</span> <span class='ocrx_word' id='word_1_191' title='bbox 713 1440 761 1476; x_wconf 79' lang='grc' dir='ltr'><strong>μὲν</strong></span> <span class='ocrx_word' id='word_1_192' title='bbox 792 1437 839 1467; x_wconf 81' lang='grc' dir='ltr'>οὖν</span> <span class='ocrx_word' id='word_1_193' title='bbox 873 1439 1032 1475; x_wconf 79' lang='grc' dir='ltr'>παράνομος</span> 
     </span>
    </p>
   </div>
   <div class='ocr_carea' id='block_1_32' title="bbox 245 1490 1031 1526">
    <p class='ocr_par' dir='ltr' id='par_1_32' title="bbox 245 1490 1031 1526">
     <span class='ocr_line' id='line_1_32' title="bbox 245 1490 1031 1526; baseline -0.004 -8"><span class='ocrx_word' id='word_1_194' title='bbox 245 1491 335 1518; x_wconf 78' lang='grc' dir='ltr'>αὐτῶν</span> <span class='ocrx_word' id='word_1_195' title='bbox 347 1491 459 1526; x_wconf 77' lang='grc' dir='ltr'><strong>νηστεία</strong></span> <span class='ocrx_word' id='word_1_196' title='bbox 475 1491 543 1526; x_wconf 78' lang='grc' dir='ltr'>μετὰ</span> <span class='ocrx_word' id='word_1_197' title='bbox 563 1491 643 1517; x_wconf 79' lang='grc' dir='ltr'>πέντε</span> <span class='ocrx_word' id='word_1_198' title='bbox 657 1490 749 1518; x_wconf 73' lang='grc' dir='ltr'>λοιπὸν</span> <span class='ocrx_word' id='word_1_199' title='bbox 761 1490 867 1526; x_wconf 82' lang='grc' dir='ltr'>ἡμέρας</span> <span class='ocrx_word' id='word_1_200' title='bbox 877 1490 1031 1524; x_wconf 65' lang='grc' dir='ltr'><strong>ὲφίσταταιι</strong></span> 
     </span>
    </p>
   </div>
   <div class='ocr_carea' id='block_1_33' title="bbox 245 1539 1032 1577">
    <p class='ocr_par' dir='ltr' id='par_1_33' title="bbox 245 1539 1032 1577">
     <span class='ocr_line' id='line_1_33' title="bbox 245 1539 1032 1577; baseline -0.003 -9"><span class='ocrx_word' id='word_1_201' title='bbox 245 1541 302 1576; x_wconf 73' lang='grc' dir='ltr'><strong>ἐγὼ</strong></span> <span class='ocrx_word' id='word_1_202' title='bbox 321 1541 350 1568; x_wconf 81' lang='grc' dir='ltr'>δὲ</span> <span class='ocrx_word' id='word_1_203' title='bbox 373 1541 426 1577; x_wconf 75' lang='grc' dir='ltr'><strong>πρὸ</strong></span> <span class='ocrx_word' id='word_1_204' title='bbox 436 1541 504 1568; x_wconf 82' lang='grc' dir='ltr'><strong>δέκα</strong></span> <span class='ocrx_word' id='word_1_205' title='bbox 523 1541 633 1577; x_wconf 84' lang='grc' dir='ltr'>ἡμερῶν</span> <span class='ocrx_word' id='word_1_206' title='bbox 648 1541 665 1577; x_wconf 79' lang='grc' dir='ltr'><strong>ἡ</strong></span> <span class='ocrx_word' id='word_1_207' title='bbox 679 1541 727 1568; x_wconf 76' lang='grc' dir='ltr'><strong>καὶ</strong></span> <span class='ocrx_word' id='word_1_208' title='bbox 747 1540 877 1568; x_wconf 84' lang='grc' dir='ltr'>πλειόνων</span> <span class='ocrx_word' id='word_1_209' title='bbox 889 1539 1032 1576; x_wconf 77' lang='grc' dir='ltr'>προλαϐὼν</span> 
     </span>
    </p>
   </div>
   <div class='ocr_carea' id='block_1_34' title="bbox 245 1588 1034 1627">
    <p class='ocr_par' dir='ltr' id='par_1_34' title="bbox 245 1588 1034 1627">
     <span class='ocr_line' id='line_1_34' title="bbox 245 1588 1034 1627; baseline -0.003 -9"><span class='ocrx_word' id='word_1_210' title='bbox 245 1592 420 1627; x_wconf 70' lang='grc' dir='ltr'><strong>ἐποιησάμην</strong></span> <span class='ocrx_word' id='word_1_211' title='bbox 443 1591 493 1626; x_wconf 74' lang='grc' dir='ltr'><strong>τὴν</strong></span> <span class='ocrx_word' id='word_1_212' title='bbox 516 1591 697 1627; x_wconf 83' lang='grc' dir='ltr'>παραίνεσιν,</span> <span class='ocrx_word' id='word_1_213' title='bbox 726 1590 795 1617; x_wconf 80' lang='grc' dir='ltr'><strong>ὥστέ</strong></span> <span class='ocrx_word' id='word_1_214' title='bbox 832 1588 1034 1624; x_wconf 75' lang='grc' dir='ltr'><strong>ἀσφαλίσασθαι</strong></span> 
     </span>
    </p>
   </div>
   <div class='ocr_carea' id='block_1_35' title="bbox 245 1640 1034 1677">
    <p class='ocr_par' dir='ltr' id='par_1_35' title="bbox 245 1640 1034 1677">
     <span class='ocr_line' id='line_1_35' title="bbox 245 1640 1034 1677; baseline -0.003 -9"><span class='ocrx_word' id='word_1_215' title='bbox 245 1642 309 1673; x_wconf 75' lang='grc' dir='ltr'>τοὺς</span> <span class='ocrx_word' id='word_1_216' title='bbox 323 1641 455 1676; x_wconf 76' lang='grc' dir='ltr'>ἀδελφοὺς</span> <span class='ocrx_word' id='word_1_217' title='bbox 479 1641 543 1673; x_wconf 73' lang='grc' dir='ltr'>τοὺς</span> <span class='ocrx_word' id='word_1_218' title='bbox 568 1641 732 1677; x_wconf 79' lang='grc' dir='ltr'><strong>ὑμετέρους·</strong></span> <span class='ocrx_word' id='word_1_219' title='bbox 759 1640 932 1676; x_wconf 79' lang='lat' dir='ltr'><strong>Illegitimttm</strong></span> <span class='ocrx_word' id='word_1_220' title='bbox 951 1641 1034 1674; x_wconf 80' lang='lat' dir='ltr'><strong>igitur</strong></span> 
     </span>
    </p>
   </div>
   <div class='ocr_carea' id='block_1_36' title="bbox 245 1692 1036 1727">
    <p class='ocr_par' dir='ltr' id='par_1_36' title="bbox 245 1692 1036 1727">
     <span class='ocr_line' id='line_1_36' title="bbox 245 1692 1036 1727; baseline -0.001 -8"><span class='ocrx_word' id='word_1_221' title='bbox 245 1693 363 1727; x_wconf 80' lang='lat' dir='ltr'><strong>ipsorum</strong></span> <span class='ocrx_word' id='word_1_222' title='bbox 375 1692 510 1727; x_wconf 77' lang='lat' dir='ltr'><strong>jejunium</strong></span> <span class='ocrx_word' id='word_1_223' title='bbox 519 1697 577 1726; x_wconf 80' lang='lat' dir='ltr'><strong>post</strong></span> <span class='ocrx_word' id='word_1_224' title='bbox 592 1693 705 1727; x_wconf 79' lang='lat' dir='ltr'><strong>quinque</strong></span> <span class='ocrx_word' id='word_1_225' title='bbox 717 1692 774 1719; x_wconf 77' lang='lat' dir='ltr'><strong>dies</strong></span> <span class='ocrx_word' id='word_1_226' title='bbox 794 1692 915 1726; x_wconf 74' lang='lat' dir='ltr'><strong>deinceps</strong></span> <span class='ocrx_word' id='word_1_227' title='bbox 929 1692 1010 1718; x_wconf 81' lang='lat' dir='ltr'><strong>instat</strong></span> <span class='ocrx_word' id='word_1_228' title='bbox 1022 1699 1036 1723; x_wconf 59' lang='grc' dir='ltr'><strong>ί</strong></span> 
     </span>
    </p>
   </div>
   <div class='ocr_carea' id='block_1_37' title="bbox 245 1743 1034 1779">
    <p class='ocr_par' dir='ltr' id='par_1_37' title="bbox 245 1743 1034 1779">
     <span class='ocr_line' id='line_1_37' title="bbox 245 1743 1034 1779; baseline -0.001 -8"><span class='ocrx_word' id='word_1_229' title='bbox 245 1748 272 1770; x_wconf 76' lang='grc' dir='ltr'>ιι</span> <span class='ocrx_word' id='word_1_230' title='bbox 286 1752 333 1779; x_wconf 81' lang='lat' dir='ltr'><strong>ego</strong></span> <span class='ocrx_word' id='word_1_231' title='bbox 348 1749 409 1771; x_wconf 82' lang='lat' dir='ltr'><strong>ante</strong></span> <span class='ocrx_word' id='word_1_232' title='bbox 425 1745 513 1771; x_wconf 79' lang='lat' dir='ltr'><strong>decem</strong></span> <span class='ocrx_word' id='word_1_233' title='bbox 528 1744 584 1771; x_wconf 79' lang='lat' dir='ltr'><strong>dies</strong></span> <span class='ocrx_word' id='word_1_234' title='bbox 602 1743 641 1771; x_wconf 83' lang='lat' dir='ltr'><strong>vel</strong></span> <span class='ocrx_word' id='word_1_235' title='bbox 663 1743 751 1778; x_wconf 73' lang='lat' dir='ltr'><strong>plures</strong></span> <span class='ocrx_word' id='word_1_236' title='bbox 772 1744 978 1770; x_wconf 71' lang='lat' dir='ltr'><strong>cohortationem</strong></span> <span class='ocrx_word' id='word_1_237' title='bbox 998 1743 1034 1770; x_wconf 81' lang='lat' dir='ltr'><strong>ad</strong></span> 
     </span>
    </p>
   </div>
   <div class='ocr_carea' id='block_1_38' title="bbox 245 1793 1037 1829">
    <p class='ocr_par' dir='ltr' id='par_1_38' title="bbox 245 1793 1037 1829">
     <span class='ocr_line' id='line_1_38' title="bbox 245 1793 1037 1829; baseline -0.001 -8"><span class='ocrx_word' id='word_1_238' title='bbox 245 1802 290 1821; x_wconf 77' lang='lat' dir='ltr'><strong>uos</strong></span> <span class='ocrx_word' id='word_1_239' title='bbox 303 1794 397 1827; x_wconf 73' lang='lat' dir='ltr'><strong>habui,</strong></span> <span class='ocrx_word' id='word_1_240' title='bbox 411 1799 439 1822; x_wconf 77' lang='lat' dir='ltr'><strong>at</strong></span> <span class='ocrx_word' id='word_1_241' title='bbox 456 1795 552 1829; x_wconf 77' lang='lat' dir='ltr'><strong>fratres</strong></span> <span class='ocrx_word' id='word_1_242' title='bbox 571 1799 670 1821; x_wconf 74' lang='lat' dir='ltr'><strong>uestros</strong></span> <span class='ocrx_word' id='word_1_243' title='bbox 685 1795 881 1828; x_wconf 76' lang='lat' dir='ltr'><strong>prwmunirem.</strong></span> <span class='ocrx_word' id='word_1_244' title='bbox 907 1793 946 1821; x_wconf 86' lang='lat' dir='ltr'><strong>Ne</strong></span> <span class='ocrx_word' id='word_1_245' title='bbox 970 1800 1037 1820; x_wconf 90' lang='lat' dir='ltr'><strong>vero</strong></span> 
     </span>
    </p>
   </div>
   <div class='ocr_carea' id='block_1_39' title="bbox 246 1842 1036 1879">
    <p class='ocr_par' dir='ltr' id='par_1_39' title="bbox 246 1842 1036 1879">
     <span class='ocr_line' id='line_1_39' title="bbox 246 1842 1036 1879; baseline -0.001 -8"><span class='ocrx_word' id='word_1_246' title='bbox 246 1844 355 1872; x_wconf 87' lang='lat' dir='ltr'><strong>dubites</strong></span> <span class='ocrx_word' id='word_1_247' title='bbox 368 1843 441 1872; x_wconf 84' lang='lat' dir='ltr'><strong>hanc</strong></span> <span class='ocrx_word' id='word_1_248' title='bbox 452 1844 539 1879; x_wconf 81' lang='lat' dir='ltr'><strong>ipsam</strong></span> <span class='ocrx_word' id='word_1_249' title='bbox 552 1851 612 1872; x_wconf 87' lang='lat' dir='ltr'><strong>esse</strong></span> <span class='ocrx_word' id='word_1_250' title='bbox 624 1851 706 1879; x_wconf 90' lang='lat' dir='ltr'><strong>quam</strong></span> <span class='ocrx_word' id='word_1_251' title='bbox 718 1844 864 1871; x_wconf 88' lang='lat' dir='ltr'><strong>secundam</strong></span> <span class='ocrx_word' id='word_1_252' title='bbox 878 1847 972 1871; x_wconf 86' lang='lat' dir='ltr'><strong>contra</strong></span> <span class='ocrx_word' id='word_1_253' title='bbox 986 1842 1036 1870; x_wconf 22' lang='lat' dir='ltr'><strong>Jn-t</strong></span> 
     </span>
    </p>
   </div>
   <div class='ocr_carea' id='block_1_40' title="bbox 246 1893 1035 1930">
    <p class='ocr_par' dir='ltr' id='par_1_40' title="bbox 246 1893 1035 1930">
     <span class='ocr_line' id='line_1_40' title="bbox 246 1893 1035 1930; baseline 0 -9"><span class='ocrx_word' id='word_1_254' title='bbox 246 1894 320 1922; x_wconf 69' lang='lat' dir='ltr'><strong>clauos</strong></span> <span class='ocrx_word' id='word_1_255' title='bbox 338 1893 442 1928; x_wconf 80' lang='lat' dir='ltr'><strong>habuit,</strong></span> <span class='ocrx_word' id='word_1_256' title='bbox 454 1895 516 1922; x_wconf 89' lang='lat' dir='ltr'><strong>vide</strong></span> <span class='ocrx_word' id='word_1_257' title='bbox 532 1894 672 1930; x_wconf 88' lang='lat' dir='ltr'><strong>quomodo</strong></span> <span class='ocrx_word' id='word_1_258' title='bbox 692 1894 729 1922; x_wconf 91' lang='lat' dir='ltr'><strong>ibi</strong></span> <span class='ocrx_word' id='word_1_259' title='bbox 741 1894 774 1922; x_wconf 91' lang='lat' dir='ltr'><strong>de</strong></span> <span class='ocrx_word' id='word_1_260' title='bbox 793 1895 882 1929; x_wconf 85' lang='lat' dir='ltr'><strong>prima</strong></span> <span class='ocrx_word' id='word_1_261' title='bbox 907 1894 1035 1929; x_wconf 81' lang='lat' dir='ltr'><strong>loquatur</strong></span> 
     </span>
    </p>
   </div>
   <div class='ocr_carea' id='block_1_41' title="bbox 247 1944 1035 1981">
    <p class='ocr_par' dir='ltr' id='par_1_41' title="bbox 247 1944 1035 1981">
     <span class='ocr_line' id='line_1_41' title="bbox 247 1944 1035 1981; baseline 0.003 -11"><span class='ocrx_word' id='word_1_262' title='bbox 247 1951 322 1971; x_wconf 82' lang='lat' dir='ltr'><strong>unm.</strong></span> <span class='ocrx_word' id='word_1_263' title='bbox 336 1944 353 1971; x_wconf 76' lang='grc'><strong>5</strong></span> <span class='ocrx_word' id='word_1_264' title='bbox 365 1953 372 1971; x_wconf 84' lang='lat'><strong>:</strong></span> <span class='ocrx_word' id='word_1_265' title='bbox 387 1945 446 1971; x_wconf 84' lang='grc' dir='ltr'><strong>Οὐκ</strong></span> <span class='ocrx_word' id='word_1_266' title='bbox 457 1945 576 1981; x_wconf 69' lang='grc' dir='ltr'>ηκουσας</span> <span class='ocrx_word' id='word_1_267' title='bbox 600 1946 631 1972; x_wconf 79' lang='grc' dir='ltr'>ἐν</span> <span class='ocrx_word' id='word_1_268' title='bbox 640 1946 672 1981; x_wconf 82' lang='grc' dir='ltr'><strong>τῇ</strong></span> <span class='ocrx_word' id='word_1_269' title='bbox 681 1945 803 1981; x_wconf 75' lang='grc' dir='ltr'>προτέρᾳ</span> <span class='ocrx_word' id='word_1_270' title='bbox 812 1945 930 1979; x_wconf 76' lang='grc' dir='ltr'><strong>διαλέξει</strong></span> <span class='ocrx_word' id='word_1_271' title='bbox 941 1946 1035 1981; x_wconf 83' lang='grc' dir='ltr'>σαφῶς</span> 
     </span>
    </p>
   </div>
   <div class='ocr_carea' id='block_1_42' title="bbox 246 1994 1035 2031">
    <p class='ocr_par' dir='ltr' id='par_1_42' title="bbox 246 1994 1035 2031">
     <span class='ocr_line' id='line_1_42' title="bbox 246 1994 1035 2031; baseline 0.003 -11"><span class='ocrx_word' id='word_1_272' title='bbox 246 1994 437 2028; x_wconf 79' lang='grc' dir='ltr'><strong>ἀποδείξαντος</strong></span> <span class='ocrx_word' id='word_1_273' title='bbox 451 1996 519 2031; x_wconf 77' lang='grc' dir='ltr'>ἡμῖν</span> <span class='ocrx_word' id='word_1_274' title='bbox 532 1995 580 2022; x_wconf 79' lang='grc' dir='ltr'><strong>τοῦ</strong></span> <span class='ocrx_word' id='word_1_275' title='bbox 591 1995 682 2030; x_wconf 85' lang='grc' dir='ltr'>λόγου,</span> <span class='ocrx_word' id='word_1_276' title='bbox 700 1997 741 2023; x_wconf 86' lang='grc' dir='ltr'><strong>δτι</strong></span> <span class='ocrx_word' id='word_1_277' title='bbox 757 1996 805 2022; x_wconf 76' lang='grc' dir='ltr'>καὶ</span> <span class='ocrx_word' id='word_1_278' title='bbox 817 1996 867 2028; x_wconf 81' lang='grc' dir='ltr'><strong>τὰς</strong></span> <span class='ocrx_word' id='word_1_279' title='bbox 885 1996 973 2031; x_wconf 77' lang='grc' dir='ltr'>ψυχὰς</span> <span class='ocrx_word' id='word_1_280' title='bbox 982 1996 1035 2023; x_wconf 84' lang='grc' dir='ltr'><strong>αὺ-</strong></span> 
     </span>
    </p>
   </div>
   <div class='ocr_carea' id='block_1_43' title="bbox 247 2043 1036 2080">
    <p class='ocr_par' dir='ltr' id='par_1_43' title="bbox 247 2043 1036 2080">
     <span class='ocr_line' id='line_1_43' title="bbox 247 2043 1036 2080; baseline 0.003 -10"><span class='ocrx_word' id='word_1_281' title='bbox 247 2044 295 2076; x_wconf 74' lang='grc' dir='ltr'><strong>τὰς</strong></span> <span class='ocrx_word' id='word_1_282' title='bbox 313 2045 366 2071; x_wconf 82' lang='grc' dir='ltr'>τῶν</span> <span class='ocrx_word' id='word_1_283' title='bbox 395 2046 528 2073; x_wconf 80' lang='grc' dir='ltr'>Ἰουδαίων</span> <span class='ocrx_word' id='word_1_284' title='bbox 542 2046 589 2073; x_wconf 82' lang='grc' dir='ltr'><strong>καὶ</strong></span> <span class='ocrx_word' id='word_1_285' title='bbox 599 2047 662 2078; x_wconf 84' lang='grc' dir='ltr'><strong>τοὺς</strong></span> <span class='ocrx_word' id='word_1_286' title='bbox 677 2047 776 2078; x_wconf 81' lang='grc' dir='ltr'><strong>τόπους</strong></span> <span class='ocrx_word' id='word_1_287' title='bbox 788 2047 818 2073; x_wconf 86' lang='grc' dir='ltr'>ὲν</span> <span class='ocrx_word' id='word_1_288' title='bbox 833 2043 875 2078; x_wconf 72' lang='grc' dir='ltr'><strong>οἷς</strong></span> <span class='ocrx_word' id='word_1_289' title='bbox 894 2045 1036 2080; x_wconf 66' lang='grc' dir='ltr'>συλλέγονα</span> 
     </span>
    </p>
   </div>
   <div class='ocr_carea' id='block_1_44' title="bbox 245 2094 1036 2130">
    <p class='ocr_par' dir='ltr' id='par_1_44' title="bbox 245 2094 1036 2130">
     <span class='ocr_line' id='line_1_44' title="bbox 245 2094 1036 2130; baseline 0.003 -10"><span class='ocrx_word' id='word_1_290' title='bbox 245 2103 292 2121; x_wconf 82' lang='grc' dir='ltr'>ται</span> <span class='ocrx_word' id='word_1_291' title='bbox 321 2094 447 2130; x_wconf 78' lang='grc' dir='ltr'>δαίμονες</span> <span class='ocrx_word' id='word_1_292' title='bbox 473 2095 654 2130; x_wconf 63' lang='lat' dir='ltr'><strong>ita-comebat;</strong></span> <span class='ocrx_word' id='word_1_293' title='bbox 686 2094 747 2123; x_wconf 80' lang='lat' dir='ltr'><strong>Non</strong></span> <span class='ocrx_word' id='word_1_294' title='bbox 778 2095 878 2122; x_wconf 81' lang='lat' dir='ltr'><strong>audisti</strong></span> <span class='ocrx_word' id='word_1_295' title='bbox 902 2095 928 2122; x_wconf 85' lang='lat' dir='ltr'><strong>in</strong></span> <span class='ocrx_word' id='word_1_296' title='bbox 951 2095 1036 2130; x_wconf 84' lang='lat' dir='ltr'><strong>priori</strong></span> 
     </span>
    </p>
   </div>
   <div class='ocr_carea' id='block_1_45' title="bbox 247 2145 1034 2181">
    <p class='ocr_par' dir='ltr' id='par_1_45' title="bbox 247 2145 1034 2181">
     <span class='ocr_line' id='line_1_45' title="bbox 247 2145 1034 2181; baseline 0 -9"><span class='ocrx_word' id='word_1_297' title='bbox 247 2145 371 2172; x_wconf 62' lang='lat' dir='ltr'><strong>concione</strong></span> <span class='ocrx_word' id='word_1_298' title='bbox 384 2153 464 2181; x_wconf 82' lang='lat' dir='ltr'><strong>quam</strong></span> <span class='ocrx_word' id='word_1_299' title='bbox 489 2146 561 2173; x_wconf 84' lang='lat' dir='ltr'><strong>clare</strong></span> <span class='ocrx_word' id='word_1_300' title='bbox 577 2146 660 2181; x_wconf 74' lang='lat' dir='ltr'><strong>fuerit</strong></span> <span class='ocrx_word' id='word_1_301' title='bbox 675 2146 794 2174; x_wconf 84' lang='lat' dir='ltr'><strong>oratione</strong></span> <span class='ocrx_word' id='word_1_302' title='bbox 812 2146 1034 2178; x_wconf 80' lang='lat' dir='ltr'><strong>demonstratum,</strong></span> 
     </span>
    </p>
   </div>
   <div class='ocr_carea' id='block_1_46' title="bbox 247 2195 1034 2232">
    <p class='ocr_par' dir='ltr' id='par_1_46' title="bbox 247 2195 1034 2232">
     <span class='ocr_line' id='line_1_46' title="bbox 247 2195 1034 2232; baseline 0.003 -11"><span class='ocrx_word' id='word_1_303' title='bbox 247 2196 321 2230; x_wconf 72' lang='lat' dir='ltr'><strong>ipsas</strong></span> <span class='ocrx_word' id='word_1_304' title='bbox 337 2196 441 2223; x_wconf 67' lang='lat' dir='ltr'><strong>animas</strong></span> <span class='ocrx_word' id='word_1_305' title='bbox 458 2195 625 2229; x_wconf 72' lang='lat' dir='ltr'><strong>Judworum,</strong></span> <span class='ocrx_word' id='word_1_306' title='bbox 641 2201 665 2224; x_wconf 87' lang='lat' dir='ltr'><strong>et</strong></span> <span class='ocrx_word' id='word_1_307' title='bbox 681 2195 740 2224; x_wconf 84' lang='lat' dir='ltr'><strong>loca</strong></span> <span class='ocrx_word' id='word_1_308' title='bbox 753 2196 798 2223; x_wconf 87' lang='lat' dir='ltr'><strong>ubi</strong></span> <span class='ocrx_word' id='word_1_309' title='bbox 811 2201 1002 2232; x_wconf 82' lang='lat' dir='ltr'><strong>congregantur</strong></span> <span class='ocrx_word' id='word_1_310' title='bbox 1018 2205 1034 2224; x_wconf 77' lang='grc' dir='ltr'><strong>ιι</strong></span> 
     </span>
    </p>
   </div>
   <div class='ocr_carea' id='block_1_47' title="bbox 248 2247 1036 2284">
    <p class='ocr_par' dir='ltr' id='par_1_47' title="bbox 248 2247 1036 2284">
     <span class='ocr_line' id='line_1_47' title="bbox 248 2247 1036 2284; baseline 0.006 -11"><span class='ocrx_word' id='word_1_311' title='bbox 248 2247 411 2275; x_wconf 74' lang='lat' dir='ltr'><strong>dwmnnibus</strong></span> <span class='ocrx_word' id='word_1_312' title='bbox 439 2248 577 2275; x_wconf 77' lang='lat' dir='ltr'><strong>habitari?</strong></span> <span class='ocrx_word' id='word_1_313' title='bbox 605 2247 631 2275; x_wconf 87' lang='lat' dir='ltr'><strong>ld</strong></span> <span class='ocrx_word' id='word_1_314' title='bbox 648 2255 725 2282; x_wconf 85' lang='lat' dir='ltr'><strong>vero,</strong></span> <span class='ocrx_word' id='word_1_315' title='bbox 756 2257 853 2284; x_wconf 86' lang='lat' dir='ltr'><strong>nempe</strong></span> <span class='ocrx_word' id='word_1_316' title='bbox 878 2253 906 2277; x_wconf 88' lang='lat' dir='ltr'><strong>et</strong></span> <span class='ocrx_word' id='word_1_317' title='bbox 929 2250 1036 2278; x_wconf 85' lang='lat' dir='ltr'><strong>animas</strong></span> 
     </span>
    </p>
   </div>
   <div class='ocr_carea' id='block_1_48' title="bbox 247 2299 1036 2332">
    <p class='ocr_par' dir='ltr' id='par_1_48' title="bbox 247 2299 1036 2332">
     <span class='ocr_line' id='line_1_48' title="bbox 247 2299 1036 2332; baseline 0.003 -5"><span class='ocrx_word' id='word_1_318' title='bbox 247 2299 418 2332; x_wconf 81' lang='lat' dir='ltr'><strong>Judacorum,</strong></span> <span class='ocrx_word' id='word_1_319' title='bbox 436 2303 462 2327; x_wconf 92' lang='lat' dir='ltr'><strong>et</strong></span> <span class='ocrx_word' id='word_1_320' title='bbox 482 2299 541 2328; x_wconf 86' lang='lat' dir='ltr'><strong>loca</strong></span> <span class='ocrx_word' id='word_1_321' title='bbox 564 2300 724 2328; x_wconf 89' lang='lat' dir='ltr'><strong>eorumdem</strong></span> <span class='ocrx_word' id='word_1_322' title='bbox 739 2308 755 2328; x_wconf 85' lang='lat' dir='ltr'><strong>a</strong></span> <span class='ocrx_word' id='word_1_323' title='bbox 770 2301 941 2330; x_wconf 79' lang='lat' dir='ltr'><strong>daemonibus</strong></span> <span class='ocrx_word' id='word_1_324' title='bbox 958 2302 1036 2329; x_wconf 84' lang='lat' dir='ltr'><strong>babi-</strong></span> 
     </span>
    </p>
   </div>
   <div class='ocr_carea' id='block_1_49' title="bbox 248 2350 1034 2389">
    <p class='ocr_par' dir='ltr' id='par_1_49' title="bbox 248 2350 1034 2389">
     <span class='ocr_line' id='line_1_49' title="bbox 248 2350 1034 2389; baseline 0.004 -12"><span class='ocrx_word' id='word_1_325' title='bbox 248 2350 312 2382; x_wconf 87' lang='lat' dir='ltr'><strong>tari,</strong></span> <span class='ocrx_word' id='word_1_326' title='bbox 329 2350 478 2385; x_wconf 86' lang='lat' dir='ltr'><strong>conspicue</strong></span> <span class='ocrx_word' id='word_1_327' title='bbox 492 2353 519 2378; x_wconf 84' lang='lat' dir='ltr'><strong>et</strong></span> <span class='ocrx_word' id='word_1_328' title='bbox 536 2350 596 2378; x_wconf 79' lang='lat' dir='ltr'><strong>fuse</strong></span> <span class='ocrx_word' id='word_1_329' title='bbox 615 2351 713 2386; x_wconf 85' lang='lat' dir='ltr'><strong>probat</strong></span> <span class='ocrx_word' id='word_1_330' title='bbox 739 2352 785 2380; x_wconf 89' lang='lat' dir='ltr'><strong>ille</strong></span> <span class='ocrx_word' id='word_1_331' title='bbox 807 2352 920 2381; x_wconf 89' lang='lat' dir='ltr'><strong>homilia</strong></span> <span class='ocrx_word' id='word_1_332' title='bbox 945 2353 1034 2389; x_wconf 88' lang='lat' dir='ltr'><strong>prima</strong></span> 
     </span>
    </p>
   </div>
   <div class='ocr_carea' id='block_1_50' title="bbox 247 2401 1034 2438">
    <p class='ocr_par' dir='ltr' id='par_1_50' title="bbox 247 2401 1034 2438">
     <span class='ocr_line' id='line_1_50' title="bbox 247 2401 1034 2438; baseline 0.006 -11"><span class='ocrx_word' id='word_1_333' title='bbox 247 2405 339 2428; x_wconf 82' lang='lat' dir='ltr'><strong>contra</strong></span> <span class='ocrx_word' id='word_1_334' title='bbox 354 2401 463 2429; x_wconf 72' lang='lat' dir='ltr'><strong>Judwos</strong></span> <span class='ocrx_word' id='word_1_335' title='bbox 479 2409 544 2429; x_wconf 92' lang='lat' dir='ltr'><strong>num</strong></span> <span class='ocrx_word' id='word_1_336' title='bbox 560 2401 587 2435; x_wconf 77' lang='lat'><strong>6,</strong></span> <span class='ocrx_word' id='word_1_337' title='bbox 603 2402 639 2429; x_wconf 89' lang='lat' dir='ltr'><strong>ita</strong></span> <span class='ocrx_word' id='word_1_338' title='bbox 655 2407 685 2430; x_wconf 90' lang='lat' dir='ltr'><strong>ut</strong></span> <span class='ocrx_word' id='word_1_339' title='bbox 698 2407 773 2431; x_wconf 84' lang='lat' dir='ltr'><strong>certo</strong></span> <span class='ocrx_word' id='word_1_340' title='bbox 787 2404 888 2432; x_wconf 91' lang='lat' dir='ltr'><strong>certius</strong></span> <span class='ocrx_word' id='word_1_341' title='bbox 900 2405 1034 2438; x_wconf 64' lang='lat' dir='ltr'><strong>sit,,illam</strong></span> 
     </span>
    </p>
   </div>
   <div class='ocr_carea' id='block_1_51' title="bbox 248 2450 1035 2486">
    <p class='ocr_par' dir='ltr' id='par_1_51' title="bbox 248 2450 1035 2486">
     <span class='ocr_line' id='line_1_51' title="bbox 248 2450 1035 2486; baseline 0.003 -10"><span class='ocrx_word' id='word_1_342' title='bbox 248 2457 309 2477; x_wconf 81' lang='lat' dir='ltr'><strong>esse</strong></span> <span class='ocrx_word' id='word_1_343' title='bbox 328 2454 420 2477; x_wconf 85' lang='lat' dir='ltr'><strong>contra</strong></span> <span class='ocrx_word' id='word_1_344' title='bbox 438 2450 550 2478; x_wconf 69' lang='lat' dir='ltr'><strong>Judwos</strong></span> <span class='ocrx_word' id='word_1_345' title='bbox 564 2450 692 2486; x_wconf 84' lang='lat' dir='ltr'><strong>primam,</strong></span> <span class='ocrx_word' id='word_1_346' title='bbox 709 2451 778 2479; x_wconf 87' lang='lat' dir='ltr'><strong>hanc</strong></span> <span class='ocrx_word' id='word_1_347' title='bbox 791 2459 854 2479; x_wconf 80' lang='lat' dir='ltr'><strong>vero</strong></span> <span class='ocrx_word' id='word_1_348' title='bbox 870 2452 1035 2480; x_wconf 87' lang='lat' dir='ltr'><strong>secundam.</strong></span> 
     </span>
    </p>
   </div>
   <div class='ocr_carea' id='block_1_52' title="bbox 248 2499 1036 2534">
    <p class='ocr_par' dir='ltr' id='par_1_52' title="bbox 248 2499 1036 2534">
     <span class='ocr_line' id='line_1_52' title="bbox 248 2499 1036 2534; baseline 0.003 -8"><span class='ocrx_word' id='word_1_349' title='bbox 248 2507 331 2534; x_wconf 87' lang='lat' dir='ltr'><strong>quam</strong></span> <span class='ocrx_word' id='word_1_350' title='bbox 349 2499 472 2528; x_wconf 88' lang='lat' dir='ltr'><strong>dolemus</strong></span> <span class='ocrx_word' id='word_1_351' title='bbox 494 2500 528 2527; x_wconf 90' lang='lat' dir='ltr'><strong>ad</strong></span> <span class='ocrx_word' id='word_1_352' title='bbox 548 2507 599 2528; x_wconf 86' lang='lat' dir='ltr'><strong>nos</strong></span> <span class='ocrx_word' id='word_1_353' title='bbox 627 2501 751 2528; x_wconf 84' lang='lat' dir='ltr'><strong>mutilam</strong></span> <span class='ocrx_word' id='word_1_354' title='bbox 776 2501 939 2534; x_wconf 84' lang='lat' dir='ltr'><strong>devenisse;</strong></span> <span class='ocrx_word' id='word_1_355' title='bbox 966 2501 1036 2528; x_wconf 90' lang='lat' dir='ltr'><strong>nihil</strong></span> 
     </span>
    </p>
   </div>
   <div class='ocr_carea' id='block_1_53' title="bbox 249 2551 1035 2586">
    <p class='ocr_par' dir='ltr' id='par_1_53' title="bbox 249 2551 1035 2586">
     <span class='ocr_line' id='line_1_53' title="bbox 249 2551 1035 2586; baseline 0.001 -7"><span class='ocrx_word' id='word_1_356' title='bbox 249 2555 324 2579; x_wconf 82' lang='lat' dir='ltr'><strong>certe</strong></span> <span class='ocrx_word' id='word_1_357' title='bbox 342 2558 397 2578; x_wconf 90' lang='lat' dir='ltr'><strong>non</strong></span> <span class='ocrx_word' id='word_1_358' title='bbox 411 2551 528 2586; x_wconf 83' lang='lat' dir='ltr'><strong>egimus,</strong></span> <span class='ocrx_word' id='word_1_359' title='bbox 545 2556 575 2579; x_wconf 91' lang='lat' dir='ltr'><strong>ut</strong></span> <span class='ocrx_word' id='word_1_360' title='bbox 597 2559 656 2579; x_wconf 88' lang='lat' dir='ltr'><strong>eam</strong></span> <span class='ocrx_word' id='word_1_361' title='bbox 673 2557 774 2579; x_wconf 88' lang='lat' dir='ltr'><strong>sartam</strong></span> <span class='ocrx_word' id='word_1_362' title='bbox 788 2556 816 2579; x_wconf 85' lang='lat' dir='ltr'><strong>et</strong></span> <span class='ocrx_word' id='word_1_363' title='bbox 827 2556 926 2580; x_wconf 90' lang='lat' dir='ltr'><strong>tectam</strong></span> <span class='ocrx_word' id='word_1_364' title='bbox 939 2554 1035 2580; x_wconf 75' lang='lat' dir='ltr'><strong>edere-</strong></span> 
     </span>
    </p>
   </div>
   <div class='ocr_carea' id='block_1_54' title="bbox 251 2603 1037 2639">
    <p class='ocr_par' dir='ltr' id='par_1_54' title="bbox 251 2603 1037 2639">
     <span class='ocr_line' id='line_1_54' title="bbox 251 2603 1037 2639; baseline 0 -9"><span class='ocrx_word' id='word_1_365' title='bbox 251 2609 333 2630; x_wconf 87' lang='lat' dir='ltr'><strong>mus:</strong></span> <span class='ocrx_word' id='word_1_366' title='bbox 351 2610 399 2638; x_wconf 86' lang='lat' dir='ltr'><strong>per</strong></span> <span class='ocrx_word' id='word_1_367' title='bbox 413 2610 509 2631; x_wconf 88' lang='lat' dir='ltr'><strong>omnes</strong></span> <span class='ocrx_word' id='word_1_368' title='bbox 523 2603 610 2631; x_wconf 82' lang='lat' dir='ltr'><strong>ferme</strong></span> <span class='ocrx_word' id='word_1_369' title='bbox 624 2604 741 2639; x_wconf 65' lang='lat' dir='ltr'><strong>Europae</strong></span> <span class='ocrx_word' id='word_1_370' title='bbox 763 2603 942 2632; x_wconf 76' lang='lat' dir='ltr'><strong>bibliothecas</strong></span> <span class='ocrx_word' id='word_1_371' title='bbox 965 2604 1037 2631; x_wconf 87' lang='lat' dir='ltr'><strong>ami-</strong></span> 
     </span>
    </p>
   </div>
   <div class='ocr_carea' id='block_1_55' title="bbox 250 2655 1031 2691">
    <p class='ocr_par' dir='ltr' id='par_1_55' title="bbox 250 2655 1031 2691">
     <span class='ocr_line' id='line_1_55' title="bbox 250 2655 1031 2691; baseline 0 -9"><span class='ocrx_word' id='word_1_372' title='bbox 250 2662 346 2682; x_wconf 86' lang='lat' dir='ltr'><strong>corum</strong></span> <span class='ocrx_word' id='word_1_373' title='bbox 364 2661 447 2689; x_wconf 85' lang='lat' dir='ltr'><strong>opera</strong></span> <span class='ocrx_word' id='word_1_374' title='bbox 458 2661 518 2682; x_wconf 86' lang='lat' dir='ltr'><strong>eam</strong></span> <span class='ocrx_word' id='word_1_375' title='bbox 534 2655 562 2682; x_wconf 89' lang='lat' dir='ltr'><strong>in</strong></span> <span class='ocrx_word' id='word_1_376' title='bbox 581 2655 775 2690; x_wconf 86' lang='lat' dir='ltr'><strong>manuscriptis</strong></span> <span class='ocrx_word' id='word_1_377' title='bbox 800 2655 923 2691; x_wconf 85' lang='lat' dir='ltr'><strong>perquiri</strong></span> <span class='ocrx_word' id='word_1_378' title='bbox 940 2655 1031 2682; x_wconf 81' lang='lat' dir='ltr'><strong>homi—</strong></span> 
     </span>
    </p>
   </div>
   <div class='ocr_carea' id='block_1_56' title="bbox 250 2704 1034 2735">
    <p class='ocr_par' dir='ltr' id='par_1_56' title="bbox 250 2704 1034 2735">
     <span class='ocr_line' id='line_1_56' title="bbox 250 2704 1034 2735; baseline 0.004 -3"><span class='ocrx_word' id='word_1_379' title='bbox 250 2704 315 2732; x_wconf 87' lang='lat' dir='ltr'><strong>liam</strong></span> <span class='ocrx_word' id='word_1_380' title='bbox 326 2705 497 2734; x_wconf 82' lang='lat' dir='ltr'><strong>curavimus:</strong></span> <span class='ocrx_word' id='word_1_381' title='bbox 508 2705 554 2733; x_wconf 87' lang='lat' dir='ltr'><strong>sed</strong></span> <span class='ocrx_word' id='word_1_382' title='bbox 569 2705 670 2733; x_wconf 78' lang='lat' dir='ltr'><strong>frustra</strong></span> <span class='ocrx_word' id='word_1_383' title='bbox 683 2713 791 2734; x_wconf 88' lang='lat' dir='ltr'><strong>cessere</strong></span> <span class='ocrx_word' id='word_1_384' title='bbox 801 2711 917 2734; x_wconf 88' lang='lat' dir='ltr'><strong>conatus</strong></span> <span class='ocrx_word' id='word_1_385' title='bbox 926 2714 1034 2735; x_wconf 80' lang='lat' dir='ltr'><strong>omnes.</strong></span> 
     </span>
    </p>
   </div>
   <div class='ocr_carea' id='block_1_57' title="bbox 252 2754 1036 2789">
    <p class='ocr_par' dir='ltr' id='par_1_57' title="bbox 252 2754 1036 2789">
     <span class='ocr_line' id='line_1_57' title="bbox 252 2754 1036 2789; baseline 0.003 -7"><span class='ocrx_word' id='word_1_386' title='bbox 252 2754 328 2782; x_wconf 81' lang='lat' dir='ltr'><strong>lianc</strong></span> <span class='ocrx_word' id='word_1_387' title='bbox 339 2754 491 2786; x_wconf 87' lang='lat' dir='ltr'><strong>homiliam,</strong></span> <span class='ocrx_word' id='word_1_388' title='bbox 505 2758 535 2782; x_wconf 92' lang='lat' dir='ltr'><strong>nt</strong></span> <span class='ocrx_word' id='word_1_389' title='bbox 546 2762 628 2789; x_wconf 86' lang='lat' dir='ltr'><strong>supra</strong></span> <span class='ocrx_word' id='word_1_390' title='bbox 639 2755 768 2788; x_wconf 82' lang='lat' dir='ltr'><strong>diximus,</strong></span> <span class='ocrx_word' id='word_1_391' title='bbox 780 2754 900 2783; x_wconf 84' lang='lat' dir='ltr'><strong>Savilius</strong></span> <span class='ocrx_word' id='word_1_392' title='bbox 911 2760 1036 2784; x_wconf 79' lang='lat' dir='ltr'><strong>octavam</strong></span> 
     </span>
    </p>
   </div>
   <div class='ocr_carea' id='block_1_58' title="bbox 251 2803 1035 2840">
    <p class='ocr_par' dir='ltr' id='par_1_58' title="bbox 251 2803 1035 2840">
     <span class='ocr_line' id='line_1_58' title="bbox 251 2803 1035 2840; baseline 0.004 -10"><span class='ocrx_word' id='word_1_393' title='bbox 251 2808 395 2838; x_wconf 73' lang='lat' dir='ltr'><strong>posuerat,</strong></span> <span class='ocrx_word' id='word_1_394' title='bbox 414 2803 516 2832; x_wconf 69' lang='lat' dir='ltr'><strong>Fronto</strong></span> <span class='ocrx_word' id='word_1_395' title='bbox 530 2808 623 2832; x_wconf 87' lang='lat' dir='ltr'><strong>autem</strong></span> <span class='ocrx_word' id='word_1_396' title='bbox 651 2805 766 2833; x_wconf 76' lang='lat' dir='ltr'><strong>Ducaeus</strong></span> <span class='ocrx_word' id='word_1_397' title='bbox 786 2805 883 2840; x_wconf 81' lang='lat' dir='ltr'><strong>procul</strong></span> <span class='ocrx_word' id='word_1_398' title='bbox 900 2804 936 2833; x_wconf 87' lang='lat' dir='ltr'><strong>ab</strong></span> <span class='ocrx_word' id='word_1_399' title='bbox 963 2805 1035 2840; x_wconf 84' lang='lat' dir='ltr'><strong>aliis,</strong></span> 
     </span>
    </p>
   </div>
   <div class='ocr_carea' id='block_1_59' title="bbox 1085 321 1871 359">
    <p class='ocr_par' dir='ltr' id='par_1_59' title="bbox 1085 321 1871 359">
     <span class='ocr_line' id='line_1_59' title="bbox 1085 321 1871 359; baseline -0.005 -9"><span class='ocrx_word' id='word_1_400' title='bbox 1085 324 1135 359; x_wconf 79' lang='lat' dir='ltr'><strong>qui</strong></span> <span class='ocrx_word' id='word_1_401' title='bbox 1146 324 1234 358; x_wconf 78' lang='lat' dir='ltr'><strong>primo</strong></span> <span class='ocrx_word' id='word_1_402' title='bbox 1257 322 1362 350; x_wconf 83' lang='lat' dir='ltr'><strong>Pascha</strong></span> <span class='ocrx_word' id='word_1_403' title='bbox 1383 323 1518 358; x_wconf 79' lang='lat' dir='ltr'><strong>jejunant,</strong></span> <span class='ocrx_word' id='word_1_404' title='bbox 1536 322 1616 358; x_wconf 80' lang='lat' dir='ltr'><strong>cujus</strong></span> <span class='ocrx_word' id='word_1_405' title='bbox 1638 322 1744 349; x_wconf 88' lang='lat' dir='ltr'><strong>initium</strong></span> <span class='ocrx_word' id='word_1_406' title='bbox 1761 331 1767 349; x_wconf 74' lang='grc' dir='ltr'>ε</span> <span class='ocrx_word' id='word_1_407' title='bbox 1786 321 1871 347; x_wconf 57' lang='grc' dir='ltr'>Πάλιν</span> 
     </span>
    </p>
   </div>
   <div class='ocr_carea' id='block_1_60' title="bbox 1084 373 1870 411">
    <p class='ocr_par' dir='ltr' id='par_1_60' title="bbox 1084 373 1870 411">
     <span class='ocr_line' id='line_1_60' title="bbox 1084 373 1870 411; baseline -0.003 -10"><span class='ocrx_word' id='word_1_408' title='bbox 1084 375 1164 411; x_wconf 82' lang='grc' dir='ltr'>χρεία</span> <span class='ocrx_word' id='word_1_409' title='bbox 1177 384 1218 407; x_wconf 86' lang='grc' dir='ltr'><strong>τις</strong></span> <span class='ocrx_word' id='word_1_410' title='bbox 1231 375 1367 409; x_wconf 73' lang='grc' dir='ltr'>ἀναγκαία</span> <span class='ocrx_word' id='word_1_411' title='bbox 1393 375 1439 402; x_wconf 79' lang='grc' dir='ltr'><strong>καὶ</strong></span> <span class='ocrx_word' id='word_1_412' title='bbox 1459 373 1675 408; x_wconf 77' lang='grc' dir='ltr'>κατεπείγουσα,</span> <span class='ocrx_word' id='word_1_413' title='bbox 1696 374 1749 400; x_wconf 82' lang='grc' dir='ltr'><strong>τῶν</strong></span> <span class='ocrx_word' id='word_1_414' title='bbox 1774 373 1870 409; x_wconf 58' lang='grc' dir='ltr'><strong>πρώην(</strong></span> 
     </span>
    </p>
   </div>
   <div class='ocr_carea' id='block_1_61' title="bbox 1085 425 1870 462">
    <p class='ocr_par' dir='ltr' id='par_1_61' title="bbox 1085 425 1870 462">
     <span class='ocr_line' id='line_1_61' title="bbox 1085 425 1870 462; baseline -0.001 -10"><span class='ocrx_word' id='word_1_415' title='bbox 1085 426 1237 462; x_wconf 75' lang='grc' dir='ltr'>εἰρημένων</span> <span class='ocrx_word' id='word_1_416' title='bbox 1253 426 1302 461; x_wconf 82' lang='grc' dir='ltr'><strong>τὴν</strong></span> <span class='ocrx_word' id='word_1_417' title='bbox 1313 425 1472 452; x_wconf 79' lang='grc' dir='ltr'>ἀκολουθίαν</span> <span class='ocrx_word' id='word_1_418' title='bbox 1493 425 1645 460; x_wconf 71' lang='grc' dir='ltr'>διακόψασα</span> <span class='ocrx_word' id='word_1_419' title='bbox 1658 445 1665 456; x_wconf 83' lang='grc'><em>,</em></span> <span class='ocrx_word' id='word_1_420' title='bbox 1684 425 1752 460; x_wconf 79' lang='grc' dir='ltr'>πρὸς</span> <span class='ocrx_word' id='word_1_421' title='bbox 1771 426 1870 460; x_wconf 74' lang='grc' dir='ltr'>ἑαυτὴν</span> 
     </span>
    </p>
   </div>
   <div class='ocr_carea' id='block_1_62' title="bbox 1084 476 1870 512">
    <p class='ocr_par' dir='ltr' id='par_1_62' title="bbox 1084 476 1870 512">
     <span class='ocr_line' id='line_1_62' title="bbox 1084 476 1870 512; baseline 0.001 -9"><span class='ocrx_word' id='word_1_422' title='bbox 1084 477 1235 504; x_wconf 64' lang='grc' dir='ltr'>ἐπισπᾶται</span> <span class='ocrx_word' id='word_1_423' title='bbox 1249 477 1293 504; x_wconf 71' lang='grc' dir='ltr'>τὸν</span> <span class='ocrx_word' id='word_1_424' title='bbox 1308 476 1397 511; x_wconf 69' lang='grc' dir='ltr'>λόγον,</span> <span class='ocrx_word' id='word_1_425' title='bbox 1409 476 1456 502; x_wconf 73' lang='grc' dir='ltr'><strong>καὶ</strong></span> <span class='ocrx_word' id='word_1_426' title='bbox 1472 476 1525 502; x_wconf 81' lang='grc' dir='ltr'>τῶν</span> <span class='ocrx_word' id='word_1_427' title='bbox 1545 476 1613 511; x_wconf 80' lang='grc' dir='ltr'><strong>πρὸς</strong></span> <span class='ocrx_word' id='word_1_428' title='bbox 1633 477 1696 508; x_wconf 79' lang='grc' dir='ltr'>τοὺς</span> <span class='ocrx_word' id='word_1_429' title='bbox 1717 476 1870 512; x_wconf 64' lang='grc' dir='ltr'><strong>αἱρετικ-ῡὶς</strong></span> 
     </span>
    </p>
   </div>
   <div class='ocr_carea' id='block_1_63' title="bbox 1085 527 1870 563">
    <p class='ocr_par' dir='ltr' id='par_1_63' title="bbox 1085 527 1870 563">
     <span class='ocr_line' id='line_1_63' title="bbox 1085 527 1870 563; baseline 0 -9"><span class='ocrx_word' id='word_1_430' title='bbox 1085 527 1159 563; x_wconf 72' lang='grc' dir='ltr'><strong>ἡμᾶς</strong></span> <span class='ocrx_word' id='word_1_431' title='bbox 1173 527 1273 561; x_wconf 80' lang='grc' dir='ltr'><strong>ἀπάγει</strong></span> <span class='ocrx_word' id='word_1_432' title='bbox 1288 527 1494 562; x_wconf 77' lang='grc' dir='ltr'><strong>παλαισμάτων.</strong></span> <span class='ocrx_word' id='word_1_433' title='bbox 1527 527 1621 562; x_wconf 81' lang='grc' dir='ltr'><strong>Ἡμεῖς</strong></span> <span class='ocrx_word' id='word_1_434' title='bbox 1642 527 1692 563; x_wconf 75' lang='grc' dir='ltr'><strong>μὲν</strong></span> <span class='ocrx_word' id='word_1_435' title='bbox 1714 528 1768 563; x_wconf 78' lang='grc' dir='ltr'>γὰρ</span> <span class='ocrx_word' id='word_1_436' title='bbox 1790 528 1870 555; x_wconf 81' lang='grc' dir='ltr'>πάλιν</span> 
     </span>
    </p>
   </div>
   <div class='ocr_carea' id='block_1_64' title="bbox 1084 577 1871 615">
    <p class='ocr_par' dir='ltr' id='par_1_64' title="bbox 1084 577 1871 615">
     <span class='ocr_line' id='line_1_64' title="bbox 1084 577 1871 615; baseline 0.003 -11"><span class='ocrx_word' id='word_1_437' title='bbox 1084 578 1149 614; x_wconf 77' lang='grc' dir='ltr'>περὶ</span> <span class='ocrx_word' id='word_1_438' title='bbox 1164 578 1213 613; x_wconf 83' lang='grc' dir='ltr'><strong>τῆς</strong></span> <span class='ocrx_word' id='word_1_439' title='bbox 1225 577 1271 605; x_wconf 85' lang='grc' dir='ltr'>τοῦ</span> <span class='ocrx_word' id='word_1_440' title='bbox 1286 578 1452 612; x_wconf 79' lang='grc' dir='ltr'>Μονογενοῦς</span> <span class='ocrx_word' id='word_1_441' title='bbox 1463 578 1541 614; x_wconf 78' lang='grc' dir='ltr'>δόξης</span> <span class='ocrx_word' id='word_1_442' title='bbox 1552 579 1723 614; x_wconf 78' lang='grc' dir='ltr'>διαλεχθῆναι</span> <span class='ocrx_word' id='word_1_443' title='bbox 1738 580 1806 615; x_wconf 75' lang='grc' dir='ltr'>πρὸς</span> <span class='ocrx_word' id='word_1_444' title='bbox 1822 579 1871 615; x_wconf 81' lang='grc' dir='ltr'><strong>τὴν</strong></span> 
     </span>
    </p>
   </div>
   <div class='ocr_carea' id='block_1_65' title="bbox 1084 629 1870 665">
    <p class='ocr_par' dir='ltr' id='par_1_65' title="bbox 1084 629 1870 665">
     <span class='ocr_line' id='line_1_65' title="bbox 1084 629 1870 665; baseline 0.003 -9"><span class='ocrx_word' id='word_1_445' title='bbox 1084 629 1219 665; x_wconf 78' lang='grc' dir='ltr'>ὑμετέραν</span> <span class='ocrx_word' id='word_1_446' title='bbox 1234 629 1344 665; x_wconf 75' lang='grc' dir='ltr'><strong>ἀγάπην</strong></span> <span class='ocrx_word' id='word_1_447' title='bbox 1366 630 1627 665; x_wconf 76' lang='grc' dir='ltr'>παρεσκευαζόμεθα</span> <span class='ocrx_word' id='word_1_448' title='bbox 1654 631 1681 658; x_wconf 87' lang='lat' dir='ltr'><strong>ld</strong></span> <span class='ocrx_word' id='word_1_449' title='bbox 1701 637 1753 663; x_wconf 87' lang='lat' dir='ltr'><strong>cst,</strong></span> <span class='ocrx_word' id='word_1_450' title='bbox 1771 631 1870 658; x_wconf 76' lang='lat' dir='ltr'><strong>Rursus</strong></span> 
     </span>
    </p>
   </div>
   <div class='ocr_carea' id='block_1_66' title="bbox 1084 678 1870 714">
    <p class='ocr_par' dir='ltr' id='par_1_66' title="bbox 1084 678 1870 714">
     <span class='ocr_line' id='line_1_66' title="bbox 1084 678 1870 714; baseline 0 -8"><span class='ocrx_word' id='word_1_451' title='bbox 1084 679 1261 706; x_wconf 75' lang='lat' dir='ltr'><strong>necessarium</strong></span> <span class='ocrx_word' id='word_1_452' title='bbox 1275 678 1409 714; x_wconf 77' lang='lat' dir='ltr'><strong>quoddam</strong></span> <span class='ocrx_word' id='word_1_453' title='bbox 1422 684 1447 706; x_wconf 82' lang='lat' dir='ltr'><strong>et</strong></span> <span class='ocrx_word' id='word_1_454' title='bbox 1480 687 1575 714; x_wconf 83' lang='lat' dir='ltr'><strong>urgens</strong></span> <span class='ocrx_word' id='word_1_455' title='bbox 1612 680 1755 714; x_wconf 78' lang='lat' dir='ltr'><strong>negotium,</strong></span> <span class='ocrx_word' id='word_1_456' title='bbox 1779 688 1870 707; x_wconf 76' lang='lat' dir='ltr'><strong>eorum</strong></span> 
     </span>
    </p>
   </div>
   <div class='ocr_carea' id='block_1_67' title="bbox 1083 731 1870 767">
    <p class='ocr_par' dir='ltr' id='par_1_67' title="bbox 1083 731 1870 767">
     <span class='ocr_line' id='line_1_67' title="bbox 1083 731 1870 767; baseline 0 -9"><span class='ocrx_word' id='word_1_457' title='bbox 1083 740 1142 767; x_wconf 65' lang='lat' dir='ltr'><strong>qua</strong></span> <span class='ocrx_word' id='word_1_458' title='bbox 1169 739 1251 766; x_wconf 85' lang='lat' dir='ltr'><strong>nuper</strong></span> <span class='ocrx_word' id='word_1_459' title='bbox 1262 731 1333 758; x_wconf 82' lang='lat' dir='ltr'><strong>dicta</strong></span> <span class='ocrx_word' id='word_1_460' title='bbox 1353 736 1414 758; x_wconf 80' lang='lat' dir='ltr'><strong>sunt</strong></span> <span class='ocrx_word' id='word_1_461' title='bbox 1444 732 1536 758; x_wconf 85' lang='lat' dir='ltr'><strong>seriem</strong></span> <span class='ocrx_word' id='word_1_462' title='bbox 1550 731 1754 765; x_wconf 72' lang='lat' dir='ltr'><strong>‘interrumpens</strong></span> <span class='ocrx_word' id='word_1_463' title='bbox 1777 732 1810 758; x_wconf 79' lang='lat' dir='ltr'><strong>ad</strong></span> <span class='ocrx_word' id='word_1_464' title='bbox 1830 741 1870 759; x_wconf 72' lang='lat' dir='ltr'><strong>se-</strong></span> 
     </span>
    </p>
   </div>
   <div class='ocr_carea' id='block_1_68' title="bbox 1083 782 1871 818">
    <p class='ocr_par' dir='ltr' id='par_1_68' title="bbox 1083 782 1871 818">
     <span class='ocr_line' id='line_1_68' title="bbox 1083 782 1871 818; baseline 0.003 -10"><span class='ocrx_word' id='word_1_465' title='bbox 1083 783 1169 818; x_wconf 81' lang='lat' dir='ltr'><strong>ipsum</strong></span> <span class='ocrx_word' id='word_1_466' title='bbox 1185 782 1332 809; x_wconf 86' lang='lat' dir='ltr'><strong>orationem</strong></span> <span class='ocrx_word' id='word_1_467' title='bbox 1344 782 1469 815; x_wconf 78' lang='lat' dir='ltr'><strong>traducit,</strong></span> <span class='ocrx_word' id='word_1_468' title='bbox 1483 787 1507 808; x_wconf 87' lang='lat' dir='ltr'><strong>et</strong></span> <span class='ocrx_word' id='word_1_469' title='bbox 1521 790 1537 808; x_wconf 78' lang='grc' dir='ltr'><strong>α</strong></span> <span class='ocrx_word' id='word_1_470' title='bbox 1550 783 1675 816; x_wconf 81' lang='lat' dir='ltr'><strong>susceptis</strong></span> <span class='ocrx_word' id='word_1_471' title='bbox 1690 791 1749 809; x_wconf 84' lang='lat' dir='ltr'><strong>cum</strong></span> <span class='ocrx_word' id='word_1_472' title='bbox 1768 783 1871 810; x_wconf 72' lang='lat' dir='ltr'><strong>lucreti-</strong></span> 
     </span>
    </p>
   </div>
   <div class='ocr_carea' id='block_1_69' title="bbox 1086 831 1870 869">
    <p class='ocr_par' dir='ltr' id='par_1_69' title="bbox 1086 831 1870 869">
     <span class='ocr_line' id='line_1_69' title="bbox 1086 831 1870 869; baseline 0.004 -11"><span class='ocrx_word' id='word_1_473' title='bbox 1086 833 1123 859; x_wconf 77' lang='lat' dir='ltr'><strong>cis</strong></span> <span class='ocrx_word' id='word_1_474' title='bbox 1140 831 1326 859; x_wconf 71' lang='lat' dir='ltr'><strong>certaminibus</strong></span> <span class='ocrx_word' id='word_1_475' title='bbox 1345 832 1420 858; x_wconf 81' lang='lat' dir='ltr'><strong>hodie</strong></span> <span class='ocrx_word' id='word_1_476' title='bbox 1433 840 1478 859; x_wconf 74' lang='lat' dir='ltr'><strong>nos</strong></span> <span class='ocrx_word' id='word_1_477' title='bbox 1491 832 1611 861; x_wconf 74' lang='lat' dir='ltr'><strong>abducit.</strong></span> <span class='ocrx_word' id='word_1_478' title='bbox 1622 833 1693 861; x_wconf 83' lang='lat' dir='ltr'><strong>Nam</strong></span> <span class='ocrx_word' id='word_1_479' title='bbox 1708 842 1754 861; x_wconf 84' lang='lat' dir='ltr'><strong>nos</strong></span> <span class='ocrx_word' id='word_1_480' title='bbox 1765 835 1870 869; x_wconf 80' lang='lat' dir='ltr'><strong>quidem</strong></span> 
     </span>
    </p>
   </div>
   <div class='ocr_carea' id='block_1_70' title="bbox 1087 881 1870 918">
    <p class='ocr_par' dir='ltr' id='par_1_70' title="bbox 1087 881 1870 918">
     <span class='ocr_line' id='line_1_70' title="bbox 1087 881 1870 918; baseline 0.003 -9"><span class='ocrx_word' id='word_1_481' title='bbox 1087 891 1180 918; x_wconf 73' lang='lat' dir='ltr'><strong>rursus</strong></span> <span class='ocrx_word' id='word_1_482' title='bbox 1190 883 1221 909; x_wconf 87' lang='lat' dir='ltr'><strong>de</strong></span> <span class='ocrx_word' id='word_1_483' title='bbox 1236 881 1370 917; x_wconf 78' lang='lat' dir='ltr'><strong>Unigeniti</strong></span> <span class='ocrx_word' id='word_1_484' title='bbox 1382 882 1465 918; x_wconf 84' lang='lat' dir='ltr'><strong>gloria</strong></span> <span class='ocrx_word' id='word_1_485' title='bbox 1477 884 1554 910; x_wconf 72' lang='lat' dir='ltr'><strong>verba</strong></span> <span class='ocrx_word' id='word_1_486' title='bbox 1569 884 1655 918; x_wconf 77' lang='lat' dir='ltr'><strong>facere</strong></span> <span class='ocrx_word' id='word_1_487' title='bbox 1664 885 1699 911; x_wconf 88' lang='lat' dir='ltr'><strong>ad</strong></span> <span class='ocrx_word' id='word_1_488' title='bbox 1714 885 1870 912; x_wconf 83' lang='lat' dir='ltr'><strong>c/mritatem</strong></span> 
     </span>
    </p>
   </div>
   <div class='ocr_carea' id='block_1_71' title="bbox 1085 933 1871 970">
    <p class='ocr_par' dir='ltr' id='par_1_71' title="bbox 1085 933 1871 970">
     <span class='ocr_line' id='line_1_71' title="bbox 1085 933 1871 970; baseline 0.001 -9"><span class='ocrx_word' id='word_1_489' title='bbox 1085 938 1194 961; x_wconf 72' lang='lat' dir='ltr'><strong>vestram</strong></span> <span class='ocrx_word' id='word_1_490' title='bbox 1214 934 1302 968; x_wconf 82' lang='lat' dir='ltr'><strong>parati</strong></span> <span class='ocrx_word' id='word_1_491' title='bbox 1321 941 1437 960; x_wconf 80' lang='lat' dir='ltr'><strong>eramus.</strong></span> <span class='ocrx_word' id='word_1_492' title='bbox 1454 933 1502 961; x_wconf 84' lang='lat' dir='ltr'><strong>llis</strong></span> <span class='ocrx_word' id='word_1_493' title='bbox 1528 941 1610 968; x_wconf 85' lang='lat' dir='ltr'><strong>porro</strong></span> <span class='ocrx_word' id='word_1_494' title='bbox 1622 935 1742 962; x_wconf 80' lang='lat' dir='ltr'><strong>declarat</strong></span> <span class='ocrx_word' id='word_1_495' title='bbox 1756 943 1786 962; x_wconf 84' lang='lat' dir='ltr'><strong>se</strong></span> <span class='ocrx_word' id='word_1_496' title='bbox 1812 936 1871 970; x_wconf 81' lang='lat' dir='ltr'><strong>jam</strong></span> 
     </span>
    </p>
   </div>
   <div class='ocr_carea' id='block_1_72' title="bbox 1084 984 1866 1015">
    <p class='ocr_par' dir='ltr' id='par_1_72' title="bbox 1084 984 1866 1015">
     <span class='ocr_line' id='line_1_72' title="bbox 1084 984 1866 1015; baseline 0.006 -5"><span class='ocrx_word' id='word_1_497' title='bbox 1084 985 1205 1012; x_wconf 69' lang='lat' dir='ltr'><strong>secundo</strong></span> <span class='ocrx_word' id='word_1_498' title='bbox 1239 984 1420 1012; x_wconf 84' lang='lat' dir='ltr'><strong>liomiliarum</strong></span> <span class='ocrx_word' id='word_1_499' title='bbox 1449 991 1547 1013; x_wconf 83' lang='lat' dir='ltr'><strong>contra</strong></span> <span class='ocrx_word' id='word_1_500' title='bbox 1573 986 1721 1015; x_wconf 82' lang='lat' dir='ltr'><strong>Anomocos</strong></span> <span class='ocrx_word' id='word_1_501' title='bbox 1754 994 1866 1015; x_wconf 86' lang='lat' dir='ltr'><strong>cursum</strong></span> 
     </span>
    </p>
   </div>
   <div class='ocr_carea' id='block_1_73' title="bbox 1085 1034 1873 1070">
    <p class='ocr_par' dir='ltr' id='par_1_73' title="bbox 1085 1034 1873 1070">
     <span class='ocr_line' id='line_1_73' title="bbox 1085 1034 1873 1070; baseline 0.004 -9"><span class='ocrx_word' id='word_1_502' title='bbox 1085 1034 1276 1069; x_wconf 83' lang='lat' dir='ltr'><strong>interpellare,</strong></span> <span class='ocrx_word' id='word_1_503' title='bbox 1303 1036 1376 1070; x_wconf 81' lang='lat' dir='ltr'><strong>quod</strong></span> <span class='ocrx_word' id='word_1_504' title='bbox 1411 1043 1440 1062; x_wconf 88' lang='lat' dir='ltr'><strong>se</strong></span> <span class='ocrx_word' id='word_1_505' title='bbox 1466 1035 1556 1070; x_wconf 88' lang='lat' dir='ltr'><strong>primo</strong></span> <span class='ocrx_word' id='word_1_506' title='bbox 1581 1035 1679 1063; x_wconf 84' lang='lat' dir='ltr'><strong>fecisse</strong></span> <span class='ocrx_word' id='word_1_507' title='bbox 1698 1035 1768 1064; x_wconf 73' lang='lat' dir='ltr'><strong>dixit</strong></span> <span class='ocrx_word' id='word_1_508' title='bbox 1792 1036 1873 1064; x_wconf 79' lang='lat' dir='ltr'><strong>initio</strong></span> 
     </span>
    </p>
   </div>
   <div class='ocr_carea' id='block_1_74' title="bbox 1084 1085 1868 1121">
    <p class='ocr_par' dir='ltr' id='par_1_74' title="bbox 1084 1085 1868 1121">
     <span class='ocr_line' id='line_1_74' title="bbox 1084 1085 1868 1121; baseline 0 -8"><span class='ocrx_word' id='word_1_509' title='bbox 1084 1085 1226 1113; x_wconf 63' lang='lat' dir='ltr'><strong>homiliaal</strong></span> <span class='ocrx_word' id='word_1_510' title='bbox 1255 1090 1347 1112; x_wconf 81' lang='lat' dir='ltr'><strong>contra</strong></span> <span class='ocrx_word' id='word_1_511' title='bbox 1373 1085 1491 1113; x_wconf 75' lang='lat' dir='ltr'><strong>Judwos.</strong></span> <span class='ocrx_word' id='word_1_512' title='bbox 1524 1086 1630 1113; x_wconf 78' lang='lat' dir='ltr'><strong>Etenim</strong></span> <span class='ocrx_word' id='word_1_513' title='bbox 1660 1094 1722 1113; x_wconf 90' lang='lat' dir='ltr'><strong>cum</strong></span> <span class='ocrx_word' id='word_1_514' title='bbox 1751 1087 1868 1121; x_wconf 79' lang='lat' dir='ltr'><strong>primam</strong></span> 
     </span>
    </p>
   </div>
   <div class='ocr_carea' id='block_1_75' title="bbox 1084 1136 1871 1172">
    <p class='ocr_par' dir='ltr' id='par_1_75' title="bbox 1084 1136 1871 1172">
     <span class='ocr_line' id='line_1_75' title="bbox 1084 1136 1871 1172; baseline 0 -9"><span class='ocrx_word' id='word_1_515' title='bbox 1084 1140 1180 1163; x_wconf 82' lang='lat' dir='ltr'><strong>contra</strong></span> <span class='ocrx_word' id='word_1_516' title='bbox 1194 1136 1341 1164; x_wconf 78' lang='lat' dir='ltr'><strong>Anomaeos</strong></span> <span class='ocrx_word' id='word_1_517' title='bbox 1363 1137 1420 1164; x_wconf 86' lang='lat' dir='ltr'><strong>sive</strong></span> <span class='ocrx_word' id='word_1_518' title='bbox 1434 1137 1467 1164; x_wconf 89' lang='lat' dir='ltr'><strong>de</strong></span> <span class='ocrx_word' id='word_1_519' title='bbox 1481 1137 1752 1172; x_wconf 80' lang='lat' dir='ltr'><strong>inromprehensibili</strong></span> <span class='ocrx_word' id='word_1_520' title='bbox 1767 1138 1871 1165; x_wconf 55' lang='lat' dir='ltr'><strong>cratim</strong></span> 
     </span>
    </p>
   </div>
   <div class='ocr_carea' id='block_1_76' title="bbox 1083 1187 1869 1220">
    <p class='ocr_par' dir='ltr' id='par_1_76' title="bbox 1083 1187 1869 1220">
     <span class='ocr_line' id='line_1_76' title="bbox 1083 1187 1869 1220; baseline -0.001 -6"><span class='ocrx_word' id='word_1_521' title='bbox 1083 1194 1144 1215; x_wconf 82' lang='lat' dir='ltr'><strong>nem</strong></span> <span class='ocrx_word' id='word_1_522' title='bbox 1162 1187 1314 1220; x_wconf 84' lang='lat' dir='ltr'><strong>habuisset,</strong></span> <span class='ocrx_word' id='word_1_523' title='bbox 1338 1195 1448 1216; x_wconf 88' lang='lat' dir='ltr'><strong>cursum</strong></span> <span class='ocrx_word' id='word_1_524' title='bbox 1469 1189 1566 1216; x_wconf 85' lang='lat' dir='ltr'><strong>sistere</strong></span> <span class='ocrx_word' id='word_1_525' title='bbox 1594 1193 1708 1216; x_wconf 85' lang='lat' dir='ltr'><strong>coactus</strong></span> <span class='ocrx_word' id='word_1_526' title='bbox 1733 1193 1785 1220; x_wconf 85' lang='lat' dir='ltr'><strong>est,</strong></span> <span class='ocrx_word' id='word_1_527' title='bbox 1813 1196 1869 1214; x_wconf 86' lang='lat' dir='ltr'><strong>non</strong></span> 
     </span>
    </p>
   </div>
   <div class='ocr_carea' id='block_1_77' title="bbox 1083 1238 1872 1274">
    <p class='ocr_par' dir='ltr' id='par_1_77' title="bbox 1083 1238 1872 1274">
     <span class='ocr_line' id='line_1_77' title="bbox 1083 1238 1872 1274; baseline -0.001 -8"><span class='ocrx_word' id='word_1_528' title='bbox 1083 1239 1166 1266; x_wconf 88' lang='lat' dir='ltr'><strong>modo</strong></span> <span class='ocrx_word' id='word_1_529' title='bbox 1185 1243 1324 1266; x_wconf 83' lang='lat' dir='ltr'><strong>utcontra</strong></span> <span class='ocrx_word' id='word_1_530' title='bbox 1341 1238 1450 1267; x_wconf 59' lang='lat' dir='ltr'><strong>Iudaeos</strong></span> <span class='ocrx_word' id='word_1_531' title='bbox 1466 1243 1648 1272; x_wconf 85' lang='lat' dir='ltr'><strong>concertaret,</strong></span> <span class='ocrx_word' id='word_1_532' title='bbox 1672 1240 1745 1274; x_wconf 89' lang='lat' dir='ltr'><strong>quod</strong></span> <span class='ocrx_word' id='word_1_533' title='bbox 1762 1239 1872 1265; x_wconf 76' lang='lat' dir='ltr'><strong>duabus</strong></span> 
     </span>
    </p>
   </div>
   <div class='ocr_carea' id='block_1_78' title="bbox 1083 1288 1871 1325">
    <p class='ocr_par' dir='ltr' id='par_1_78' title="bbox 1083 1288 1871 1325">
     <span class='ocr_line' id='line_1_78' title="bbox 1083 1288 1871 1325; baseline 0.001 -10"><span class='ocrx_word' id='word_1_534' title='bbox 1083 1288 1204 1316; x_wconf 79' lang='lat' dir='ltr'><strong>homiliis</strong></span> <span class='ocrx_word' id='word_1_535' title='bbox 1219 1289 1356 1323; x_wconf 52' lang='lat' dir='ltr'><strong>praestitit,</strong></span> <span class='ocrx_word' id='word_1_536' title='bbox 1373 1289 1419 1317; x_wconf 87' lang='lat' dir='ltr'><strong>sed</strong></span> <span class='ocrx_word' id='word_1_537' title='bbox 1434 1294 1463 1317; x_wconf 79' lang='lat' dir='ltr'><strong>ut</strong></span> <span class='ocrx_word' id='word_1_538' title='bbox 1479 1295 1569 1325; x_wconf 83' lang='lat' dir='ltr'><strong>palm</strong></span> <span class='ocrx_word' id='word_1_539' title='bbox 1587 1289 1720 1324; x_wconf 78' lang='lat' dir='ltr'><strong>quosdam</strong></span> <span class='ocrx_word' id='word_1_540' title='bbox 1739 1290 1871 1324; x_wconf 75' lang='lat' dir='ltr'><strong>spiritua-</strong></span> 
     </span>
    </p>
   </div>
   <div class='ocr_carea' id='block_1_79' title="bbox 1084 1337 1866 1376">
    <p class='ocr_par' dir='ltr' id='par_1_79' title="bbox 1084 1337 1866 1376">
     <span class='ocr_line' id='line_1_79' title="bbox 1084 1337 1866 1376; baseline 0.005 -12"><span class='ocrx_word' id='word_1_541' title='bbox 1084 1337 1132 1370; x_wconf 73' lang='lat' dir='ltr'><strong>les,</strong></span> <span class='ocrx_word' id='word_1_542' title='bbox 1152 1337 1194 1365; x_wconf 89' lang='lat' dir='ltr'><strong>sic</strong></span> <span class='ocrx_word' id='word_1_543' title='bbox 1210 1337 1266 1370; x_wconf 89' lang='lat' dir='ltr'><strong>ille,</strong></span> <span class='ocrx_word' id='word_1_544' title='bbox 1295 1339 1341 1372; x_wconf 90' lang='lat' dir='ltr'><strong>qui</strong></span> <span class='ocrx_word' id='word_1_545' title='bbox 1357 1339 1531 1367; x_wconf 82' lang='lat' dir='ltr'><strong>Antiochiam</strong></span> <span class='ocrx_word' id='word_1_546' title='bbox 1559 1345 1692 1368; x_wconf 74' lang='lat' dir='ltr'><strong>verterant</strong></span> <span class='ocrx_word' id='word_1_547' title='bbox 1719 1342 1866 1376; x_wconf 83' lang='lat' dir='ltr'><strong>exciperet,</strong></span> 
     </span>
    </p>
   </div>
   <div class='ocr_carea' id='block_1_80' title="bbox 1083 1391 1866 1427">
    <p class='ocr_par' dir='ltr' id='par_1_80' title="bbox 1083 1391 1866 1427">
     <span class='ocr_line' id='line_1_80' title="bbox 1083 1391 1866 1427; baseline 0.005 -12"><span class='ocrx_word' id='word_1_548' title='bbox 1083 1395 1117 1416; x_wconf 86' lang='lat' dir='ltr'><strong>ac</strong></span> <span class='ocrx_word' id='word_1_549' title='bbox 1134 1394 1227 1424; x_wconf 86' lang='lat' dir='ltr'><strong>postea</strong></span> <span class='ocrx_word' id='word_1_550' title='bbox 1242 1395 1417 1418; x_wconf 84' lang='lat' dir='ltr'><strong>occurrentes</strong></span> <span class='ocrx_word' id='word_1_551' title='bbox 1441 1391 1541 1418; x_wconf 82' lang='lat' dir='ltr'><strong>multas</strong></span> <span class='ocrx_word' id='word_1_552' title='bbox 1563 1395 1713 1427; x_wconf 84' lang='lat' dir='ltr'><strong>martyrum</strong></span> <span class='ocrx_word' id='word_1_553' title='bbox 1737 1391 1866 1419; x_wconf 89' lang='lat' dir='ltr'><strong>solemni-</strong></span> 
     </span>
    </p>
   </div>
   <div class='ocr_carea' id='block_1_81' title="bbox 1083 1439 1873 1477">
    <p class='ocr_par' dir='ltr' id='par_1_81' title="bbox 1083 1439 1873 1477">
     <span class='ocr_line' id='line_1_81' title="bbox 1083 1439 1873 1477; baseline 0.005 -11"><span class='ocrx_word' id='word_1_554' title='bbox 1083 1443 1152 1467; x_wconf 70' lang='lat' dir='ltr'><strong>tates</strong></span> <span class='ocrx_word' id='word_1_555' title='bbox 1172 1439 1334 1467; x_wconf 88' lang='lat' dir='ltr'><strong>celebraret.</strong></span> <span class='ocrx_word' id='word_1_556' title='bbox 1349 1439 1410 1473; x_wconf 82' lang='lat' dir='ltr'><strong>His,</strong></span> <span class='ocrx_word' id='word_1_557' title='bbox 1426 1441 1550 1477; x_wconf 87' lang='lat' dir='ltr'><strong>inquam,</strong></span> <span class='ocrx_word' id='word_1_558' title='bbox 1563 1442 1691 1470; x_wconf 88' lang='lat' dir='ltr'><strong>omnibus</strong></span> <span class='ocrx_word' id='word_1_559' title='bbox 1714 1443 1873 1477; x_wconf 74' lang='lat' dir='ltr'><strong>tnterpella~</strong></span> 
     </span>
    </p>
   </div>
   <div class='ocr_carea' id='block_1_82' title="bbox 1083 1492 1869 1528">
    <p class='ocr_par' dir='ltr' id='par_1_82' title="bbox 1083 1492 1869 1528">
     <span class='ocr_line' id='line_1_82' title="bbox 1083 1492 1869 1528; baseline 0.005 -11"><span class='ocrx_word' id='word_1_560' title='bbox 1083 1496 1127 1518; x_wconf 84' lang='lat' dir='ltr'><strong>tus</strong></span> <span class='ocrx_word' id='word_1_561' title='bbox 1140 1494 1183 1518; x_wconf 89' lang='lat' dir='ltr'><strong>est</strong></span> <span class='ocrx_word' id='word_1_562' title='bbox 1208 1499 1223 1518; x_wconf 88' lang='lat' dir='ltr'><strong>a</strong></span> <span class='ocrx_word' id='word_1_563' title='bbox 1239 1496 1328 1526; x_wconf 77' lang='lat' dir='ltr'><strong>empta</strong></span> <span class='ocrx_word' id='word_1_564' title='bbox 1357 1496 1451 1519; x_wconf 82' lang='lat' dir='ltr'><strong>contra</strong></span> <span class='ocrx_word' id='word_1_565' title='bbox 1468 1492 1617 1520; x_wconf 77' lang='lat' dir='ltr'><strong>AnomceOS</strong></span> <span class='ocrx_word' id='word_1_566' title='bbox 1644 1500 1746 1528; x_wconf 78' lang='lat' dir='ltr'><strong>pugna,</strong></span> <span class='ocrx_word' id='word_1_567' title='bbox 1773 1494 1810 1521; x_wconf 88' lang='lat' dir='ltr'><strong>ita</strong></span> <span class='ocrx_word' id='word_1_568' title='bbox 1839 1499 1869 1521; x_wconf 91' lang='lat' dir='ltr'><strong>ut</strong></span> 
     </span>
    </p>
   </div>
   <div class='ocr_carea' id='block_1_83' title="bbox 1084 1541 1870 1580">
    <p class='ocr_par' dir='ltr' id='par_1_83' title="bbox 1084 1541 1870 1580">
     <span class='ocr_line' id='line_1_83' title="bbox 1084 1541 1870 1580; baseline 0.005 -12"><span class='ocrx_word' id='word_1_569' title='bbox 1084 1549 1138 1568; x_wconf 93' lang='lat' dir='ltr'><strong>non</strong></span> <span class='ocrx_word' id='word_1_570' title='bbox 1153 1541 1291 1570; x_wconf 91' lang='lat' dir='ltr'><strong>modicum</strong></span> <span class='ocrx_word' id='word_1_571' title='bbox 1310 1542 1439 1577; x_wconf 87' lang='lat' dir='ltr'><strong>temporis</strong></span> <span class='ocrx_word' id='word_1_572' title='bbox 1453 1543 1627 1570; x_wconf 83' lang='lat' dir='ltr'><strong>intervallum</strong></span> <span class='ocrx_word' id='word_1_573' title='bbox 1649 1544 1732 1571; x_wconf 80' lang='lat' dir='ltr'><strong>inerit</strong></span> <span class='ocrx_word' id='word_1_574' title='bbox 1754 1545 1870 1580; x_wconf 83' lang='lat' dir='ltr'><strong>primam</strong></span> 
     </span>
    </p>
   </div>
   <div class='ocr_carea' id='block_1_84' title="bbox 1083 1593 1872 1623">
    <p class='ocr_par' dir='ltr' id='par_1_84' title="bbox 1083 1593 1872 1623">
     <span class='ocr_line' id='line_1_84' title="bbox 1083 1593 1872 1623; baseline 0.004 -3"><span class='ocrx_word' id='word_1_575' title='bbox 1083 1593 1154 1621; x_wconf 83' lang='lat' dir='ltr'><strong>inter</strong></span> <span class='ocrx_word' id='word_1_576' title='bbox 1166 1593 1308 1621; x_wconf 86' lang='lat' dir='ltr'><strong>homiliam</strong></span> <span class='ocrx_word' id='word_1_577' title='bbox 1325 1599 1419 1621; x_wconf 87' lang='lat' dir='ltr'><strong>contra</strong></span> <span class='ocrx_word' id='word_1_578' title='bbox 1438 1593 1588 1623; x_wconf 78' lang='lat' dir='ltr'><strong>Anomceos</strong></span> <span class='ocrx_word' id='word_1_579' title='bbox 1608 1600 1635 1623; x_wconf 90' lang='lat' dir='ltr'><strong>et</strong></span> <span class='ocrx_word' id='word_1_580' title='bbox 1652 1596 1771 1623; x_wconf 84' lang='lat' dir='ltr'><strong>tertiam.</strong></span> <span class='ocrx_word' id='word_1_581' title='bbox 1799 1595 1872 1623; x_wconf 79' lang='lat' dir='ltr'><strong>Cum</strong></span> 
     </span>
    </p>
   </div>
   <div class='ocr_carea' id='block_1_85' title="bbox 1083 1643 1873 1677">
    <p class='ocr_par' dir='ltr' id='par_1_85' title="bbox 1083 1643 1873 1677">
     <span class='ocr_line' id='line_1_85' title="bbox 1083 1643 1873 1677; baseline 0.003 -7"><span class='ocrx_word' id='word_1_582' title='bbox 1083 1648 1176 1670; x_wconf 76' lang='lat' dir='ltr'><strong>autem</strong></span> <span class='ocrx_word' id='word_1_583' title='bbox 1191 1643 1309 1677; x_wconf 85' lang='lat' dir='ltr'><strong>primam</strong></span> <span class='ocrx_word' id='word_1_584' title='bbox 1324 1647 1421 1670; x_wconf 89' lang='lat' dir='ltr'><strong>contra</strong></span> <span class='ocrx_word' id='word_1_585' title='bbox 1449 1643 1561 1672; x_wconf 79' lang='lat' dir='ltr'><strong>Judzeos</strong></span> <span class='ocrx_word' id='word_1_586' title='bbox 1578 1644 1718 1671; x_wconf 81' lang='lat' dir='ltr'><strong>homitiam</strong></span> <span class='ocrx_word' id='word_1_587' title='bbox 1746 1645 1873 1672; x_wconf 79' lang='lat' dir='ltr'><strong>habuerit</strong></span> 
     </span>
    </p>
   </div>
   <div class='ocr_carea' id='block_1_86' title="bbox 1084 1694 1873 1730">
    <p class='ocr_par' dir='ltr' id='par_1_86' title="bbox 1084 1694 1873 1730">
     <span class='ocr_line' id='line_1_86' title="bbox 1084 1694 1873 1730; baseline 0.003 -8"><span class='ocrx_word' id='word_1_588' title='bbox 1084 1694 1311 1729; x_wconf 69' lang='lat' dir='ltr'><strong>menseAugusto</strong></span> <span class='ocrx_word' id='word_1_589' title='bbox 1326 1694 1390 1721; x_wconf 88' lang='lat' dir='ltr'><strong>anni</strong></span> <span class='ocrx_word' id='word_1_590' title='bbox 1409 1694 1473 1727; x_wconf 76' lang='lat'><strong>586,</strong></span> <span class='ocrx_word' id='word_1_591' title='bbox 1502 1699 1531 1722; x_wconf 90' lang='lat' dir='ltr'><strong>ut</strong></span> <span class='ocrx_word' id='word_1_592' title='bbox 1558 1703 1640 1730; x_wconf 85' lang='lat' dir='ltr'><strong>supra</strong></span> <span class='ocrx_word' id='word_1_593' title='bbox 1669 1696 1800 1728; x_wconf 76' lang='lat' dir='ltr'><strong>diximus,</strong></span> <span class='ocrx_word' id='word_1_594' title='bbox 1827 1704 1873 1724; x_wconf 75' lang='lat' dir='ltr'><strong>se~</strong></span> 
     </span>
    </p>
   </div>
   <div class='ocr_carea' id='block_1_87' title="bbox 1085 1746 1869 1782">
    <p class='ocr_par' dir='ltr' id='par_1_87' title="bbox 1085 1746 1869 1782">
     <span class='ocr_line' id='line_1_87' title="bbox 1085 1746 1869 1782; baseline 0 -8"><span class='ocrx_word' id='word_1_595' title='bbox 1085 1746 1202 1774; x_wconf 69' lang='lat' dir='ltr'><strong>cunilam</strong></span> <span class='ocrx_word' id='word_1_596' title='bbox 1230 1753 1296 1774; x_wconf 87' lang='lat' dir='ltr'><strong>vero</strong></span> <span class='ocrx_word' id='word_1_597' title='bbox 1324 1746 1435 1774; x_wconf 89' lang='lat' dir='ltr'><strong>ineunte</strong></span> <span class='ocrx_word' id='word_1_598' title='bbox 1460 1746 1570 1774; x_wconf 84' lang='lat' dir='ltr'><strong>circiter</strong></span> <span class='ocrx_word' id='word_1_599' title='bbox 1588 1746 1754 1782; x_wconf 85' lang='lat' dir='ltr'><strong>Septembri,</strong></span> <span class='ocrx_word' id='word_1_600' title='bbox 1771 1748 1869 1781; x_wconf 69' lang='lat' dir='ltr'><strong>decem,</strong></span> 
     </span>
    </p>
   </div>
   <div class='ocr_carea' id='block_1_88' title="bbox 1084 1797 1877 1834">
    <p class='ocr_par' dir='ltr' id='par_1_88' title="bbox 1084 1797 1877 1834">
     <span class='ocr_line' id='line_1_88' title="bbox 1084 1797 1877 1834; baseline 0.003 -10"><span class='ocrx_word' id='word_1_601' title='bbox 1084 1798 1123 1827; x_wconf 86' lang='lat' dir='ltr'><strong>ait</strong></span> <span class='ocrx_word' id='word_1_602' title='bbox 1140 1797 1194 1829; x_wconf 80' lang='lat' dir='ltr'><strong>ille,</strong></span> <span class='ocrx_word' id='word_1_603' title='bbox 1203 1805 1233 1824; x_wconf 83' lang='lat' dir='ltr'><strong>ac</strong></span> <span class='ocrx_word' id='word_1_604' title='bbox 1239 1797 1357 1831; x_wconf 84' lang='lat' dir='ltr'><strong>pluribus</strong></span> <span class='ocrx_word' id='word_1_605' title='bbox 1365 1797 1454 1825; x_wconf 80' lang='lat' dir='ltr'><strong>diebus</strong></span> <span class='ocrx_word' id='word_1_606' title='bbox 1465 1802 1527 1833; x_wconf 91' lang='lat' dir='ltr'><strong>post</strong></span> <span class='ocrx_word' id='word_1_607' title='bbox 1539 1798 1666 1833; x_wconf 85' lang='lat' dir='ltr'><strong>primam,</strong></span> <span class='ocrx_word' id='word_1_608' title='bbox 1675 1807 1798 1834; x_wconf 79' lang='lat' dir='ltr'><strong>magnam</strong></span> <span class='ocrx_word' id='word_1_609' title='bbox 1808 1799 1877 1834; x_wconf 61' lang='grc' dir='ltr'><strong>δίψά</strong></span> 
     </span>
    </p>
   </div>
   <div class='ocr_carea' id='block_1_89' title="bbox 1085 1847 1873 1884">
    <p class='ocr_par' dir='ltr' id='par_1_89' title="bbox 1085 1847 1873 1884">
     <span class='ocr_line' id='line_1_89' title="bbox 1085 1847 1873 1884; baseline 0.005 -10"><span class='ocrx_word' id='word_1_610' title='bbox 1085 1847 1202 1874; x_wconf 83' lang='lat' dir='ltr'><strong>tembris</strong></span> <span class='ocrx_word' id='word_1_611' title='bbox 1218 1851 1322 1882; x_wconf 88' lang='lat' dir='ltr'><strong>partem</strong></span> <span class='ocrx_word' id='word_1_612' title='bbox 1343 1847 1521 1882; x_wconf 83' lang='lat' dir='ltr'><strong>insumpserit</strong></span> <span class='ocrx_word' id='word_1_613' title='bbox 1546 1847 1621 1884; x_wconf 68' lang='lat'><strong>[585]</strong></span> <span class='ocrx_word' id='word_1_614' title='bbox 1638 1849 1807 1884; x_wconf 81' lang='lat' dir='ltr'><strong>excipiendis</strong></span> <span class='ocrx_word' id='word_1_615' title='bbox 1819 1850 1873 1878; x_wconf 81' lang='lat' dir='ltr'><strong>illis</strong></span> 
     </span>
    </p>
   </div>
   <div class='ocr_carea' id='block_1_90' title="bbox 1084 1896 1872 1933">
    <p class='ocr_par' dir='ltr' id='par_1_90' title="bbox 1084 1896 1872 1933">
     <span class='ocr_line' id='line_1_90' title="bbox 1084 1896 1872 1933; baseline 0.001 -9"><span class='ocrx_word' id='word_1_616' title='bbox 1084 1896 1204 1932; x_wconf 81' lang='lat' dir='ltr'><strong>patribus</strong></span> <span class='ocrx_word' id='word_1_617' title='bbox 1231 1896 1433 1931; x_wconf 76' lang='lat' dir='ltr'><strong>spiritualibus,</strong></span> <span class='ocrx_word' id='word_1_618' title='bbox 1460 1904 1493 1924; x_wconf 82' lang='lat' dir='ltr'><strong>ac</strong></span> <span class='ocrx_word' id='word_1_619' title='bbox 1521 1897 1693 1925; x_wconf 86' lang='lat' dir='ltr'><strong>celebrandis</strong></span> <span class='ocrx_word' id='word_1_620' title='bbox 1721 1902 1872 1933; x_wconf 83' lang='lat' dir='ltr'><strong>martyrum</strong></span> 
     </span>
    </p>
   </div>
   <div class='ocr_carea' id='block_1_91' title="bbox 1086 1948 1874 1983">
    <p class='ocr_par' dir='ltr' id='par_1_91' title="bbox 1086 1948 1874 1983">
     <span class='ocr_line' id='line_1_91' title="bbox 1086 1948 1874 1983; baseline 0 -7"><span class='ocrx_word' id='word_1_621' title='bbox 1086 1948 1326 1980; x_wconf 86' lang='lat' dir='ltr'><strong>solemnitatibus,</strong></span> <span class='ocrx_word' id='word_1_622' title='bbox 1362 1955 1527 1983; x_wconf 88' lang='lat' dir='ltr'><strong>rursumque</strong></span> <span class='ocrx_word' id='word_1_623' title='bbox 1564 1949 1717 1983; x_wconf 72' lang='lat' dir='ltr'><strong>Septembri</strong></span> <span class='ocrx_word' id='word_1_624' title='bbox 1758 1956 1874 1977; x_wconf 75' lang='lat' dir='ltr'><strong>exeunte</strong></span> 
     </span>
    </p>
   </div>
   <div class='ocr_carea' id='block_1_92' title="bbox 1086 2000 1871 2036">
    <p class='ocr_par' dir='ltr' id='par_1_92' title="bbox 1086 2000 1871 2036">
     <span class='ocr_line' id='line_1_92' title="bbox 1086 2000 1871 2036; baseline 0 -8"><span class='ocrx_word' id='word_1_625' title='bbox 1086 2008 1181 2028; x_wconf 88' lang='lat' dir='ltr'><strong>mense</strong></span> <span class='ocrx_word' id='word_1_626' title='bbox 1201 2007 1319 2036; x_wconf 72' lang='lat' dir='ltr'><strong>pugnant</strong></span> <span class='ocrx_word' id='word_1_627' title='bbox 1338 2007 1401 2028; x_wconf 91' lang='lat' dir='ltr'><strong>cum</strong></span> <span class='ocrx_word' id='word_1_628' title='bbox 1419 2000 1562 2028; x_wconf 67' lang='lat' dir='ltr'><strong>Anomtnis</strong></span> <span class='ocrx_word' id='word_1_629' title='bbox 1580 2001 1771 2035; x_wconf 87' lang='lat' dir='ltr'><strong>resumpserit,</strong></span> <span class='ocrx_word' id='word_1_630' title='bbox 1788 2009 1871 2036; x_wconf 89' lang='lat' dir='ltr'><strong>qnam</strong></span> 
     </span>
    </p>
   </div>
   <div class='ocr_carea' id='block_1_93' title="bbox 1085 2050 1874 2086">
    <p class='ocr_par' dir='ltr' id='par_1_93' title="bbox 1085 2050 1874 2086">
     <span class='ocr_line' id='line_1_93' title="bbox 1085 2050 1874 2086; baseline 0 -6"><span class='ocrx_word' id='word_1_631' title='bbox 1085 2052 1184 2080; x_wconf 87' lang='lat' dir='ltr'><strong>iterum</strong></span> <span class='ocrx_word' id='word_1_632' title='bbox 1200 2051 1242 2078; x_wconf 86' lang='lat' dir='ltr'><strong>vel</strong></span> <span class='ocrx_word' id='word_1_633' title='bbox 1265 2051 1386 2079; x_wconf 92' lang='lat' dir='ltr'><strong>nondum</strong></span> <span class='ocrx_word' id='word_1_634' title='bbox 1417 2056 1515 2078; x_wconf 76' lang='lat' dir='ltr'><strong>exacto</strong></span> <span class='ocrx_word' id='word_1_635' title='bbox 1536 2050 1700 2086; x_wconf 85' lang='lat' dir='ltr'><strong>Septembri,</strong></span> <span class='ocrx_word' id='word_1_636' title='bbox 1727 2053 1770 2080; x_wconf 84' lang='lat' dir='ltr'><strong>vel</strong></span> <span class='ocrx_word' id='word_1_637' title='bbox 1796 2053 1874 2080; x_wconf 88' lang='lat' dir='ltr'><strong>initio</strong></span> 
     </span>
    </p>
   </div>
   <div class='ocr_carea' id='block_1_94' title="bbox 1080 2101 1873 2143">
    <p class='ocr_par' dir='ltr' id='par_1_94' title="bbox 1080 2101 1873 2143">
     <span class='ocr_line' id='line_1_94' title="bbox 1080 2101 1873 2143; baseline 0 -13"><span class='ocrx_word' id='word_1_638' title='bbox 1080 2102 1212 2143; x_wconf 32' lang='lat' dir='ltr'><strong>‘Octobris</strong></span> <span class='ocrx_word' id='word_1_639' title='bbox 1231 2102 1419 2134; x_wconf 87' lang='lat' dir='ltr'><strong>intermiserit,</strong></span> <span class='ocrx_word' id='word_1_640' title='bbox 1437 2105 1562 2137; x_wconf 85' lang='lat' dir='ltr'><strong>urgente,</strong></span> <span class='ocrx_word' id='word_1_641' title='bbox 1579 2107 1609 2129; x_wconf 92' lang='lat' dir='ltr'><strong>ut</strong></span> <span class='ocrx_word' id='word_1_642' title='bbox 1625 2102 1669 2130; x_wconf 91' lang='lat' dir='ltr'><strong>ille</strong></span> <span class='ocrx_word' id='word_1_643' title='bbox 1683 2101 1732 2135; x_wconf 83' lang='lat' dir='ltr'><strong>ait,</strong></span> <span class='ocrx_word' id='word_1_644' title='bbox 1751 2104 1873 2130; x_wconf 80' lang='lat' dir='ltr'><strong>necessi-</strong></span> 
     </span>
    </p>
   </div>
   <div class='ocr_carea' id='block_1_95' title="bbox 1085 2152 1873 2183">
    <p class='ocr_par' dir='ltr' id='par_1_95' title="bbox 1085 2152 1873 2183">
     <span class='ocr_line' id='line_1_95' title="bbox 1085 2152 1873 2183; baseline -0.003 -1"><span class='ocrx_word' id='word_1_645' title='bbox 1085 2159 1140 2183; x_wconf 83' lang='lat' dir='ltr'><strong>tate</strong></span> <span class='ocrx_word' id='word_1_646' title='bbox 1157 2159 1187 2181; x_wconf 92' lang='lat' dir='ltr'><strong>ut</strong></span> <span class='ocrx_word' id='word_1_647' title='bbox 1217 2158 1313 2181; x_wconf 85' lang='lat' dir='ltr'><strong>contra</strong></span> <span class='ocrx_word' id='word_1_648' title='bbox 1330 2152 1439 2180; x_wconf 71' lang='lat' dir='ltr'><strong>Judmos</strong></span> <span class='ocrx_word' id='word_1_649' title='bbox 1470 2152 1568 2180; x_wconf 89' lang='lat' dir='ltr'><strong>iterum</strong></span> <span class='ocrx_word' id='word_1_650' title='bbox 1585 2157 1724 2180; x_wconf 83' lang='lat' dir='ltr'><strong>certamen</strong></span> <span class='ocrx_word' id='word_1_651' title='bbox 1751 2153 1873 2181; x_wconf 84' lang='lat' dir='ltr'><strong>haberet.</strong></span> 
     </span>
    </p>
   </div>
   <div class='ocr_carea' id='block_1_96' title="bbox 1084 2203 1875 2240">
    <p class='ocr_par' dir='ltr' id='par_1_96' title="bbox 1084 2203 1875 2240">
     <span class='ocr_line' id='line_1_96' title="bbox 1084 2203 1875 2240; baseline -0.003 -7"><span class='ocrx_word' id='word_1_652' title='bbox 1084 2206 1126 2233; x_wconf 83' lang='lat' dir='ltr'><strong>An</strong></span> <span class='ocrx_word' id='word_1_653' title='bbox 1140 2213 1204 2239; x_wconf 79' lang='lat' dir='ltr'><strong>vero</strong></span> <span class='ocrx_word' id='word_1_654' title='bbox 1221 2209 1283 2240; x_wconf 89' lang='lat' dir='ltr'><strong>post</strong></span> <span class='ocrx_word' id='word_1_655' title='bbox 1302 2203 1450 2231; x_wconf 86' lang='lat' dir='ltr'><strong>secundam</strong></span> <span class='ocrx_word' id='word_1_656' title='bbox 1468 2207 1562 2231; x_wconf 71' lang='lat' dir='ltr'><strong>contra</strong></span> <span class='ocrx_word' id='word_1_657' title='bbox 1590 2203 1739 2232; x_wconf 72' lang='lat' dir='ltr'><strong>Anommos</strong></span> <span class='ocrx_word' id='word_1_658' title='bbox 1765 2204 1875 2231; x_wconf 81' lang='lat' dir='ltr'><strong>concio-</strong></span> 
     </span>
    </p>
   </div>
   <div class='ocr_carea' id='block_1_97' title="bbox 1085 2248 1874 2285">
    <p class='ocr_par' dir='ltr' id='par_1_97' title="bbox 1085 2248 1874 2285">
     <span class='ocr_line' id='line_1_97' title="bbox 1085 2248 1874 2285; baseline -0.001 -6"><span class='ocrx_word' id='word_1_659' title='bbox 1085 2259 1147 2279; x_wconf 85' lang='lat' dir='ltr'><strong>nem</strong></span> <span class='ocrx_word' id='word_1_660' title='bbox 1166 2252 1238 2278; x_wconf 82' lang='lat' dir='ltr'><strong>hanc</strong></span> <span class='ocrx_word' id='word_1_661' title='bbox 1253 2250 1361 2277; x_wconf 88' lang='lat' dir='ltr'><strong>tertiam</strong></span> <span class='ocrx_word' id='word_1_662' title='bbox 1379 2254 1473 2277; x_wconf 90' lang='lat' dir='ltr'><strong>contra</strong></span> <span class='ocrx_word' id='word_1_663' title='bbox 1489 2248 1599 2277; x_wconf 70' lang='lat' dir='ltr'><strong>Judteos</strong></span> <span class='ocrx_word' id='word_1_664' title='bbox 1612 2249 1748 2282; x_wconf 85' lang='lat' dir='ltr'><strong>habuerit,</strong></span> <span class='ocrx_word' id='word_1_665' title='bbox 1763 2257 1796 2277; x_wconf 89' lang='lat' dir='ltr'><strong>an</strong></span> <span class='ocrx_word' id='word_1_666' title='bbox 1813 2254 1874 2285; x_wconf 87' lang='lat' dir='ltr'><strong>post</strong></span> 
     </span>
    </p>
   </div>
   <div class='ocr_carea' id='block_1_98' title="bbox 1085 2297 1869 2333">
    <p class='ocr_par' dir='ltr' id='par_1_98' title="bbox 1085 2297 1869 2333">
     <span class='ocr_line' id='line_1_98' title="bbox 1085 2297 1869 2333; baseline -0.001 -6"><span class='ocrx_word' id='word_1_667' title='bbox 1085 2299 1192 2327; x_wconf 87' lang='lat' dir='ltr'><strong>tertiam</strong></span> <span class='ocrx_word' id='word_1_668' title='bbox 1209 2298 1251 2326; x_wconf 90' lang='lat' dir='ltr'><strong>vel</strong></span> <span class='ocrx_word' id='word_1_669' title='bbox 1267 2302 1330 2333; x_wconf 90' lang='lat' dir='ltr'><strong>post</strong></span> <span class='ocrx_word' id='word_1_670' title='bbox 1344 2301 1481 2332; x_wconf 89' lang='lat' dir='ltr'><strong>quartam,</strong></span> <span class='ocrx_word' id='word_1_671' title='bbox 1500 2297 1526 2325; x_wconf 88' lang='lat' dir='ltr'><strong>id</strong></span> <span class='ocrx_word' id='word_1_672' title='bbox 1545 2297 1626 2332; x_wconf 82' lang='lat' dir='ltr'><strong>plane</strong></span> <span class='ocrx_word' id='word_1_673' title='bbox 1643 2298 1779 2326; x_wconf 88' lang='lat' dir='ltr'><strong>incertum</strong></span> <span class='ocrx_word' id='word_1_674' title='bbox 1806 2303 1849 2326; x_wconf 85' lang='lat' dir='ltr'><strong>est</strong></span> <span class='ocrx_word' id='word_1_675' title='bbox 1863 2308 1869 2325; x_wconf 89' lang='lat'>:</span> 
     </span>
    </p>
   </div>
   <div class='ocr_carea' id='block_1_99' title="bbox 1085 2347 1872 2385">
    <p class='ocr_par' dir='ltr' id='par_1_99' title="bbox 1085 2347 1872 2385">
     <span class='ocr_line' id='line_1_99' title="bbox 1085 2347 1872 2385; baseline -0.001 -8"><span class='ocrx_word' id='word_1_676' title='bbox 1085 2349 1173 2385; x_wconf 83' lang='lat' dir='ltr'><strong>neque</strong></span> <span class='ocrx_word' id='word_1_677' title='bbox 1190 2349 1241 2376; x_wconf 87' lang='lat' dir='ltr'><strong>hac</strong></span> <span class='ocrx_word' id='word_1_678' title='bbox 1258 2348 1291 2376; x_wconf 87' lang='lat' dir='ltr'><strong>de</strong></span> <span class='ocrx_word' id='word_1_679' title='bbox 1310 2355 1340 2375; x_wconf 91' lang='lat' dir='ltr'><strong>re</strong></span> <span class='ocrx_word' id='word_1_680' title='bbox 1355 2347 1495 2383; x_wconf 88' lang='lat' dir='ltr'><strong>quidpiam</strong></span> <span class='ocrx_word' id='word_1_681' title='bbox 1523 2348 1590 2375; x_wconf 88' lang='lat' dir='ltr'><strong>certi</strong></span> <span class='ocrx_word' id='word_1_682' title='bbox 1607 2348 1690 2375; x_wconf 87' lang='lat' dir='ltr'><strong>statui</strong></span> <span class='ocrx_word' id='word_1_683' title='bbox 1719 2355 1799 2383; x_wconf 86' lang='lat' dir='ltr'><strong>posse</strong></span> <span class='ocrx_word' id='word_1_684' title='bbox 1829 2349 1872 2375; x_wconf 88' lang='lat' dir='ltr'><strong>vi-</strong></span> 
     </span>
    </p>
   </div>
   <div class='ocr_carea' id='block_1_100' title="bbox 1085 2399 1177 2427">
    <p class='ocr_par' dir='ltr' id='par_1_100' title="bbox 1085 2399 1177 2427">
     <span class='ocr_line' id='line_1_100' title="bbox 1085 2399 1177 2427; baseline -0.011 0"><span class='ocrx_word' id='word_1_685' title='bbox 1085 2399 1177 2427; x_wconf 84' lang='lat' dir='ltr'><strong>detur.</strong></span> 
     </span>
    </p>
   </div>
   <div class='ocr_carea' id='block_1_101' title="bbox 1120 2449 1872 2479">
    <p class='ocr_par' dir='ltr' id='par_1_101' title="bbox 1120 2449 1872 2479">
     <span class='ocr_line' id='line_1_101' title="bbox 1120 2449 1872 2479; baseline -0.001 -3"><span class='ocrx_word' id='word_1_686' title='bbox 1120 2449 1160 2477; x_wconf 79' lang='lat' dir='ltr'><strong>Ne</strong></span> <span class='ocrx_word' id='word_1_687' title='bbox 1175 2454 1265 2477; x_wconf 87' lang='lat' dir='ltr'><strong>autem</strong></span> <span class='ocrx_word' id='word_1_688' title='bbox 1281 2450 1351 2479; x_wconf 87' lang='lat' dir='ltr'><strong>hanc</strong></span> <span class='ocrx_word' id='word_1_689' title='bbox 1364 2451 1472 2479; x_wconf 86' lang='lat' dir='ltr'><strong>tertiam</strong></span> <span class='ocrx_word' id='word_1_690' title='bbox 1487 2454 1583 2478; x_wconf 87' lang='lat' dir='ltr'><strong>contra</strong></span> <span class='ocrx_word' id='word_1_691' title='bbox 1602 2449 1711 2477; x_wconf 71' lang='lat' dir='ltr'><strong>.ludmos</strong></span> <span class='ocrx_word' id='word_1_692' title='bbox 1731 2449 1872 2476; x_wconf 88' lang='lat' dir='ltr'><strong>homiliam</strong></span> 
     </span>
    </p>
   </div>
   <div class='ocr_carea' id='block_1_102' title="bbox 1085 2499 1874 2536">
    <p class='ocr_par' dir='ltr' id='par_1_102' title="bbox 1085 2499 1874 2536">
     <span class='ocr_line' id='line_1_102' title="bbox 1085 2499 1874 2536; baseline -0.004 -7"><span class='ocrx_word' id='word_1_693' title='bbox 1085 2501 1133 2530; x_wconf 73' lang='lat' dir='ltr'><strong>diu</strong></span> <span class='ocrx_word' id='word_1_694' title='bbox 1151 2506 1212 2536; x_wconf 89' lang='lat' dir='ltr'><strong>post</strong></span> <span class='ocrx_word' id='word_1_695' title='bbox 1233 2501 1418 2536; x_wconf 85' lang='lat' dir='ltr'><strong>Septembrem</strong></span> <span class='ocrx_word' id='word_1_696' title='bbox 1435 2502 1647 2532; x_wconf 83' lang='lat' dir='ltr'><strong>constituamus,</strong></span> <span class='ocrx_word' id='word_1_697' title='bbox 1672 2499 1816 2535; x_wconf 88' lang='lat' dir='ltr'><strong>prohibere</strong></span> <span class='ocrx_word' id='word_1_698' title='bbox 1834 2501 1874 2526; x_wconf 80' lang='lat' dir='ltr'><strong>vi-</strong></span> 
     </span>
    </p>
   </div>
   <div class='ocr_carea' id='block_1_103' title="bbox 1086 2549 1872 2589">
    <p class='ocr_par' dir='ltr' id='par_1_103' title="bbox 1086 2549 1872 2589">
     <span class='ocr_line' id='line_1_103' title="bbox 1086 2549 1872 2589; baseline -0.006 -8"><span class='ocrx_word' id='word_1_699' title='bbox 1086 2554 1166 2581; x_wconf 88' lang='lat' dir='ltr'><strong>detur</strong></span> <span class='ocrx_word' id='word_1_700' title='bbox 1196 2553 1410 2589; x_wconf 79' lang='lat' dir='ltr'><strong>Chrysostomus</strong></span> <span class='ocrx_word' id='word_1_701' title='bbox 1445 2552 1555 2580; x_wconf 77' lang='lat' dir='ltr'><strong>hornilia</strong></span> <span class='ocrx_word' id='word_1_702' title='bbox 1583 2552 1610 2578; x_wconf 96' lang='lat' dir='ltr'><strong>in</strong></span> <span class='ocrx_word' id='word_1_703' title='bbox 1640 2551 1711 2578; x_wconf 91' lang='lat' dir='ltr'><strong>diem</strong></span> <span class='ocrx_word' id='word_1_704' title='bbox 1748 2549 1872 2576; x_wconf 86' lang='lat' dir='ltr'><strong>Natalem</strong></span> 
     </span>
    </p>
   </div>
   <div class='ocr_carea' id='block_1_104' title="bbox 1086 2602 1872 2639">
    <p class='ocr_par' dir='ltr' id='par_1_104' title="bbox 1086 2602 1872 2639">
     <span class='ocr_line' id='line_1_104' title="bbox 1086 2602 1872 2639; baseline -0.005 -7"><span class='ocrx_word' id='word_1_705' title='bbox 1086 2604 1197 2638; x_wconf 85' lang='lat' dir='ltr'><strong>Christi,</strong></span> <span class='ocrx_word' id='word_1_706' title='bbox 1213 2612 1296 2639; x_wconf 89' lang='lat' dir='ltr'><strong>quam</strong></span> <span class='ocrx_word' id='word_1_707' title='bbox 1311 2604 1405 2632; x_wconf 89' lang='lat' dir='ltr'><strong>habuit</strong></span> <span class='ocrx_word' id='word_1_708' title='bbox 1419 2611 1492 2631; x_wconf 87' lang='lat' dir='ltr'><strong>anno</strong></span> <span class='ocrx_word' id='word_1_709' title='bbox 1505 2603 1568 2636; x_wconf 78' lang='grc'><strong>586.</strong></span> <span class='ocrx_word' id='word_1_710' title='bbox 1585 2603 1628 2630; x_wconf 89' lang='lat' dir='ltr'><strong>die</strong></span> <span class='ocrx_word' id='word_1_711' title='bbox 1645 2602 1774 2637; x_wconf 80' lang='lat' dir='ltr'><strong>vigesima</strong></span> <span class='ocrx_word' id='word_1_712' title='bbox 1790 2602 1872 2637; x_wconf 60' lang='lat' dir='ltr'><strong>quino</strong></span> 
     </span>
    </p>
   </div>
   <div class='ocr_carea' id='block_1_105' title="bbox 1087 2652 1873 2688">
    <p class='ocr_par' dir='ltr' id='par_1_105' title="bbox 1087 2652 1873 2688">
     <span class='ocr_line' id='line_1_105' title="bbox 1087 2652 1873 2688; baseline -0.005 -7"><span class='ocrx_word' id='word_1_713' title='bbox 1087 2658 1113 2681; x_wconf 86' lang='lat' dir='ltr'><strong>ta</strong></span> <span class='ocrx_word' id='word_1_714' title='bbox 1137 2653 1294 2682; x_wconf 87' lang='lat' dir='ltr'><strong>Decembris</strong></span> <span class='ocrx_word' id='word_1_715' title='bbox 1310 2663 1318 2681; x_wconf 77' lang='grc' dir='ltr'>ι</span> <span class='ocrx_word' id='word_1_716' title='bbox 1336 2653 1448 2688; x_wconf 78' lang='lat' dir='ltr'><strong>Tempus</strong></span> <span class='ocrx_word' id='word_1_717' title='bbox 1477 2658 1564 2680; x_wconf 85' lang='lat' dir='ltr'><strong>autem</strong></span> <span class='ocrx_word' id='word_1_718' title='bbox 1592 2658 1647 2679; x_wconf 87' lang='lat' dir='ltr'><strong>tum</strong></span> <span class='ocrx_word' id='word_1_719' title='bbox 1675 2656 1742 2685; x_wconf 82' lang='lat' dir='ltr'><strong>erat,</strong></span> <span class='ocrx_word' id='word_1_720' title='bbox 1772 2652 1873 2685; x_wconf 80' lang='lat' dir='ltr'><strong>inquit.</strong></span> 
     </span>
    </p>
   </div>
   <div class='ocr_carea' id='block_1_106' title="bbox 1087 2702 1873 2741">
    <p class='ocr_par' dir='ltr' id='par_1_106' title="bbox 1087 2702 1873 2741">
     <span class='ocr_line' id='line_1_106' title="bbox 1087 2702 1873 2741; baseline -0.006 -8"><span class='ocrx_word' id='word_1_721' title='bbox 1087 2706 1148 2741; x_wconf 75' lang='lat' dir='ltr'><strong>[esti</strong></span> <span class='ocrx_word' id='word_1_722' title='bbox 1166 2705 1406 2733; x_wconf 85' lang='lat' dir='ltr'><strong>Tabernaculorum</strong></span> <span class='ocrx_word' id='word_1_723' title='bbox 1417 2710 1441 2732; x_wconf 88' lang='lat' dir='ltr'><strong>et</strong></span> <span class='ocrx_word' id='word_1_724' title='bbox 1453 2704 1565 2739; x_wconf 68' lang='lat' dir='ltr'><strong>ieiunii:</strong></span> <span class='ocrx_word' id='word_1_725' title='bbox 1579 2704 1627 2730; x_wconf 88' lang='lat' dir='ltr'><strong>hoc</strong></span> <span class='ocrx_word' id='word_1_726' title='bbox 1646 2703 1715 2731; x_wconf 82' lang='lat' dir='ltr'><strong>enim</strong></span> <span class='ocrx_word' id='word_1_727' title='bbox 1732 2702 1780 2729; x_wconf 87' lang='lat' dir='ltr'><strong>illa</strong></span> <span class='ocrx_word' id='word_1_728' title='bbox 1794 2702 1873 2729; x_wconf 67' lang='lat' dir='ltr'><strong>verba</strong></span> 
     </span>
    </p>
   </div>
   <div class='ocr_carea' id='block_1_107' title="bbox 1089 2751 1875 2789">
    <p class='ocr_par' dir='ltr' id='par_1_107' title="bbox 1089 2751 1875 2789">
     <span class='ocr_line' id='line_1_107' title="bbox 1089 2751 1875 2789; baseline -0.006 -7"><span class='ocrx_word' id='word_1_729' title='bbox 1089 2755 1140 2783; x_wconf 85' lang='lat' dir='ltr'><strong>sibi</strong></span> <span class='ocrx_word' id='word_1_730' title='bbox 1155 2756 1257 2789; x_wconf 83' lang='lat' dir='ltr'><strong>volunt,</strong></span> <span class='ocrx_word' id='word_1_731' title='bbox 1271 2754 1419 2782; x_wconf 83' lang='lat' dir='ltr'><strong>Humiliate</strong></span> <span class='ocrx_word' id='word_1_732' title='bbox 1433 2754 1540 2781; x_wconf 85' lang='lat' dir='ltr'><strong>animas</strong></span> <span class='ocrx_word' id='word_1_733' title='bbox 1553 2757 1668 2785; x_wconf 87' lang='lat' dir='ltr'><strong>vestras,</strong></span> <span class='ocrx_word' id='word_1_734' title='bbox 1690 2751 1767 2787; x_wconf 79' lang='lat' dir='ltr'><strong>idque</strong></span> <span class='ocrx_word' id='word_1_735' title='bbox 1793 2760 1808 2778; x_wconf 91' lang='lat' dir='ltr'><strong>a</strong></span> <span class='ocrx_word' id='word_1_736' title='bbox 1824 2751 1875 2778; x_wconf 82' lang='lat' dir='ltr'><strong>Ju-</strong></span> 
     </span>
    </p>
   </div>
   <div class='ocr_carea' id='block_1_108' title="bbox 1087 2803 1878 2842">
    <p class='ocr_par' dir='ltr' id='par_1_108' title="bbox 1087 2803 1878 2842">
     <span class='ocr_line' id='line_1_108' title="bbox 1087 2803 1878 2842; baseline -0.006 -7"><span class='ocrx_word' id='word_1_737' title='bbox 1087 2806 1152 2835; x_wconf 71' lang='lat' dir='ltr'><strong>dwis</strong></span> <span class='ocrx_word' id='word_1_738' title='bbox 1169 2806 1239 2834; x_wconf 74' lang='lat' dir='ltr'><strong>circa</strong></span> <span class='ocrx_word' id='word_1_739' title='bbox 1249 2807 1327 2842; x_wconf 84' lang='lat' dir='ltr'><strong>ﬁnem</strong></span> <span class='ocrx_word' id='word_1_740' title='bbox 1342 2806 1436 2833; x_wconf 73' lang='lat' dir='ltr'><strong>mensis</strong></span> <span class='ocrx_word' id='word_1_741' title='bbox 1450 2805 1573 2840; x_wconf 77' lang='lat' dir='ltr'><strong>Gorpttei,</strong></span> <span class='ocrx_word' id='word_1_742' title='bbox 1597 2805 1624 2832; x_wconf 76' lang='lat' dir='ltr'><strong>id</strong></span> <span class='ocrx_word' id='word_1_743' title='bbox 1639 2809 1685 2837; x_wconf 74' lang='lat' dir='ltr'><strong>est,</strong></span> <span class='ocrx_word' id='word_1_744' title='bbox 1700 2803 1878 2839; x_wconf 61' lang='lat' dir='ltr'><strong>Septembris,</strong></span> 
     </span>
    </p>
   </div>
  </div>
