2055 3122
216 104 264 134 8H

214 163 287 200 quod
308 169 332 192 et
362 173 407 193 vos
428 167 578 198 tutamini,
608 166 796 194 celebrabatur.
833 165 905 192 Tum:
930 164 999 192 enim

568 108 598 136 S.
615 108 756 137 JOANNIS
774 98 1014 136 CHRYSOSTOIII
1033 101 1192 132 ARCIIIEP.
1212 101 1484 132 CONSTANTINOP.

1783 105 1835 134 849

1052 163 1107 191 cari
1132 162 1159 190 in
1197 162 1256 198 ipsa
1289 161 1508 197 Quadragesima
1534 160 1656 190 habitam
1692 161 1834 191 homiliam

215 213 488 250 tnuhosprolirosque
504 224 636 242 sermones
659 220 751 242 contra
765 214 874 242 Judwoa
897 215 1025 242 iututno~
1049 214 1148 242 fuisse.
1160 212 1218 241 Non
1246 213 1354 241 videtur
1376 216 1468 240 autem
1496 211 1562 240 hinc
1578 212 1641 247 plus
1658 212 1772 240 subsidii
1792 221 1834 240 re-

214 265 326 298 piimus,
353 265 531 298 importunum
557 273 649 292 eorum
678 265 812 300 jejunium
834 270 997 293 accusantes.
1017 269 1031 287 ι
1049 263 1142 292 ferre:
1160 271 1222 291 nam
1252 263 1295 290 his
1316 262 1463 298 signiﬁcari
1488 266 1590 298 potest,
1608 262 1659 290 hos
1684 262 1717 290 de
1734 262 1835 297 quibus

215 313 254 342 Eo
270 315 362 349 igitur,
380 320 410 342 ut
427 323 475 342 nos
489 316 693 348 constituimus,
720 321 842 351 tempore
864 316 914 343 bas
940 320 995 343 tres

213 368 309 391 contra
325 363 435 391 Judzcos
448 365 595 392 conciones
610 365 714 392 habuit.
737 364 829 401 Neque
854 374 944 394 tamen
962 369 998 394 ita

213 420 308 440 mense
325 412 476 447 Septembri
493 413 599 442 habitas
624 415 690 442 dicit
722 416 771 443 has
798 416 897 443 multas
912 417 993 453 proli-

212 471 317 499 usque
336 465 474 498 homilias,
492 470 520 493 ut
535 466 636 493 nullam
653 471 725 498 ante.
743 468 843 495 nullam
853 473 913 502 post
930 467 998 502 Sep-

214 515 347 543 tembrem
383 517 578 551 pronuntiarit.
597 517 663 545 Nam
686 526 748 545 cum
764 518 813 550 ait,
841 524 902 545 tunc
928 519 997 545 enim

213 566 310 593 multos
328 566 496 602 prolixosque
516 576 648 595 sermones
663 573 754 595 contra
772 567 880 596 Judaos
905 568 1000 595 habui-

212 623 281 647 mus,
294 621 402 652 tempus
422 617 532 646 circiter
549 623 674 650 annotat,
691 626 780 653 neque
796 619 923 646 bomilias
936 619 999 647 illas

211 675 308 695 omnes
324 676 417 696 mense
443 667 595 703 Septembri
613 669 814 697 circumscribit
828 678 836 697 ;
854 677 907 696 non
923 670 996 697 enim

212 718 282 744 solet
296 718 509 754 Cbrysostomus
524 724 600 747 tanto
615 719 744 755 scrupulo
754 724 833 748 notas
843 724 996 755 temporum

212 767 383 802 consignare,
418 772 448 795 ut
478 769 579 803 passim
609 769 826 797 observavimus.
841 769 908 797 Cum
932 777 998 798 vero

212 817 286 850 dicit,
314 817 412 845 multo:
441 818 610 853 prolixaeque
633 827 783 853 sermones,
807 819 931 851 πολλοῦςτ
946 820 997 847 καὶ

213 867 335 902 μακροὺς
356 866 461 901 Mysus,
475 867 525 898 has
538 872 594 899 tres
605 867 732 895 homilias
744 868 864 896 indicare
879 868 997 901 videtur,

213 916 352 950 etiamque
379 916 506 945 fortassis
527 917 607 949 alias,
627 925 689 952 quae
717 918 818 953 injuria
843 923 997 954 temporum

214 967 423 995 intercideriut:
443 975 541 1003 parum
567 968 640 995 enim
657 967 762 1000 abfuit,
788 969 854 1004 quin
879 969 998 997 secunda

211 1018 295 1045 etiam
309 1019 420 1046 homilia
437 1019 557 1053 perierit,
574 1024 668 1054 utpote
682 1028 744 1055 qua
769 1019 798 1047 in
811 1027 868 1048 uno
892 1025 999 1048 tantum

212 1067 324 1099 Codice,
346 1075 499 1104 magnaque
525 1069 567 1096 sui
586 1075 663 1104 parte
692 1070 788 1097 mutila
816 1075 920 1106 reperta
948 1071 994 1100 sit.

211 1116 270 1144 lino
288 1125 353 1144 vero
377 1123 482 1146 certum
506 1118 614 1146 videtur
627 1119 732 1154 aliquot
754 1128 786 1147 cx
805 1120 840 1148 iis
866 1128 934 1156 quas
954 1122 998 1150 hic

212 1172 359 1199 memorat,
376 1169 505 1197 bomilias
528 1170 701 1198 intercidisse
717 1181 722 1198 ι
749 1179 811 1198 nam
830 1171 857 1198 in
875 1173 927 1199 line
943 1176 998 1200 ter-

212 1217 256 1244 tiae
269 1218 336 1246 dicit
349 1228 355 1246 :
372 1218 602 1251 Quemadmodum
613 1219 862 1254 demonstrauimus,
876 1229 934 1248 cum
947 1221 997 1248 hac

211 1269 244 1296 de
260 1277 287 1296 rc
305 1271 383 1297 muti
399 1271 484 1298 habiti
515 1272 612 1306 {uariat
628 1280 644 1297 a
661 1279 702 1298 me
721 1279 862 1305 sermones,
884 1271 998 1304 πολλοὺς

209 1320 334 1356 ἀνήλωσα
364 1321 480 1356 λόγουςτ
509 1330 563 1349 non
581 1322 622 1349 sic
635 1322 787 1354 locuturus,
805 1322 827 1349 si
851 1322 921 1350 duos
935 1326 998 1350 tan-

211 1375 268 1396 tum
288 1371 338 1397 hac
354 1371 387 1398 de
403 1379 432 1399 re
446 1379 587 1399 sermones
608 1372 757 1399 habuisset.
774 1371 826 1398 Sed
843 1379 908 1400 cave
917 1377 998 1408 putes

209 1428 272 1448 eum
290 1421 427 1450 Frontone
443 1423 542 1450 Ducam
560 1423 686 1451 bomilias
709 1423 832 1457 quinque
851 1429 997 1458 sequentes

209 1470 254 1498 his
269 1470 457 1507 Cbrysostoni
476 1473 576 1504 verbis,
593 1472 684 1507 longos
707 1473 876 1509 prolixaeque
898 1482 997 1502 sermo-

211 1521 455 1556 nes,signil’icari:
486 1523 546 1551 illas
577 1523 712 1558 siquidem
740 1524 836 1551 habuit
863 1523 909 1552 diu
937 1529 998 1560 post

210 1570 356 1599 llotniliam
373 1573 400 1600 in
414 1572 538 1600 Natalem
561 1573 681 1606 Domini,
698 1582 770 1604 anno
791 1574 844 1602 386
864 1574 996 1609 habitam,

212 1621 285 1649 unde
303 1628 429 1657 excerpta
446 1623 490 1650 illa
505 1624 587 1651 verba
605 1629 680 1656 sunt,
705 1629 734 1652 ut
751 1633 812 1652 mox
832 1632 919 1660 neque
943 1626 997 1653 du-

210 1670 263 1698 biis
277 1672 447 1706 argumentis
467 1673 557 1707 palam
576 1673 719 1702 faciemus.

248 1727 343 1755 Restat
358 1732 387 1755 ut
406 1729 571 1764 quibusdam
587 1738 602 1757 a
629 1729 802 1758 Tillemontio
820 1731 892 1759 circa
916 1731 998 1767 hujus

210 1778 332 1806 homilia
369 1782 476 1813 tempus
503 1780 648 1814 propositis
687 1780 778 1808 dubiis
806 1788 994 1808 occurramus.

210 1829 286 1862 Quod
308 1829 346 1856 ait
363 1829 577 1865 Chrysostomus
601 1831 628 1858 in
654 1831 706 1858 hac
730 1831 853 1864 homilia,
877 1831 995 1866 primum

210 1880 280 1907 diem
297 1879 463 1915 Azymorum
486 1880 537 1908 hoc
552 1888 625 1908 anno
640 1881 761 1909 incidere
772 1881 799 1908 in
815 1881 997 1915 Doinlnicam,

211 1930 238 1958 id
252 1931 347 1966 utique
366 1939 440 1958 anno
455 1932 508 1960 387
523 1932 650 1968 contigit.
662 1931 717 1960 Nec
740 1932 802 1961 inde
818 1938 908 1961 tamen
929 1932 999 1961 infe-

209 1989 256 2009 ras
268 1982 364 2009 eodem
382 1990 455 2009 anno
473 1982 537 2015 387,
551 1983 662 2018 qualem
683 1991 861 2012 numeramus
878 1992 894 2012 ιι
908 1985 997 2020 prima

211 2030 331 2059 Ianuarii
348 2031 408 2064 die,
424 2033 627 2066 pronuntiatam
644 2033 730 2061 fuisse
750 2033 820 2062 hanc
836 2034 995 2061 bomiliam:

210 2089 274 2109 nam
294 2086 475 2116 pratcrquam
492 2083 566 2118 quod
587 2091 602 2110 a
617 2083 769 2118 Septembri
799 2092 894 2112 mense
909 2092 999 2112 annue

213 2133 240 2160 in
268 2131 390 2158 Ecclesia
422 2131 516 2159 Grazca
545 2133 712 2166 inchoatur,
736 2133 805 2161 nihil
827 2133 998 2170 frequentius

211 2183 283 2218 apud
298 2183 409 2212 ercos
422 2183 517 2211 Patres
538 2188 565 2211 ct
581 2184 731 2219 scriptores
755 2189 798 2212 est
813 2192 895 2219 quam
924 2185 998 2220 quod

211 2234 263 2261 hoc
276 2241 348 2261 anno
363 2240 420 2260 rem
434 2234 593 2269 quampiam
609 2241 755 2262 occurrere
769 2234 872 2267 dicant,
888 2235 999 2269 quando

212 2284 246 2311 ad
262 2290 318 2311 rem
335 2284 429 2311 minus
447 2291 531 2319 quam
549 2284 632 2312 unius
646 2285 710 2312 anni
727 2285 846 2320 spatium
864 2286 998 2313 intercur-

210 2335 258 2363 rit.
278 2335 461 2368 Quamobrem
476 2335 577 2369 optime
589 2335 688 2362 dixerit
704 2344 776 2364 anno
789 2336 852 2370 586,
869 2336 993 2372 Septem-

212 2387 255 2415 bri
272 2395 377 2418 mcnse,
391 2386 605 2421 Chrysostomus
618 2387 736 2422 primum
749 2388 820 2416 diem
831 2389 997 2424 Azymorum

214 2439 268 2466 hoc
284 2447 358 2467 anno
374 2439 494 2466 incidere
505 2440 531 2466 in
546 2439 618 2466 diem
635 2439 816 2474 Dominicam,
830 2441 945 2477 loquens
960 2443 995 2470 de

210 2489 298 2528 primo
311 2490 355 2517 die
370 2489 538 2525 Azymorum
558 2490 631 2518 anni,
658 2491 722 2518 587.
752 2490 846 2527 Itaque
868 2493 891 2521 si
915 2493 998 2521 Tille~

211 2539 344 2573 montius,
375 2541 421 2574 qui
444 2540 524 2575 paulo
545 2545 608 2568 ante
630 2540 874 2577 Quadragesintam
897 2544 937 2571 vel
967 2544 995 2572 in

210 2589 270 2623 ipsa
282 2589 493 2623 Quadragcsima
515 2589 578 2616 anni
592 2589 643 2617 387
662 2591 733 2618 hanc
756 2591 908 2619 institutam
934 2600 996 2620 esse

211 2640 369 2666 concionem
389 2640 565 2674 probabiliter
582 2641 740 2674 existimat,
761 2642 812 2670 hac
835 2642 998 2679 Chrysosto-

212 2690 248 2716 mi
264 2689 391 2724 loquendi
411 2691 515 2717 ratione
528 2691 640 2722 nitatur,
652 2699 667 2718 a
682 2699 766 2726 scopo
781 2693 860 2727 plane
875 2694 995 2721 aberrat.

211 2740 291 2768 Aliud
306 2741 377 2769 eruit
391 2747 584 2776 argumentum
595 2750 627 2769 ex
639 2742 683 2770 his
693 2743 793 2776 verbis,
805 2744 854 2776 τὰς
866 2744 916 2779 μὲν
929 2745 997 2772 ταύ-

208 2800 258 2823 τας
277 2792 392 2828 ἡμέρας,
413 2793 461 2819 Im
481 2792 514 2820 50
529 2793 596 2825 dici,
626 2793 727 2829 quibus
743 2794 900 2829 suspicatur
921 2794 996 2822 indi-

1048 315 1160 349 loquor,
1187 322 1240 341 non
1255 319 1358 345 autem,
1389 313 1439 341 hos
1462 313 1489 340 in
1511 313 1612 348 quibus
1637 320 1779 340 versamur
1799 313 1835 340 40

1049 364 1118 391 dies.
1132 363 1213 391 Certe
1227 363 1293 390 huic
1319 363 1442 398 opinioni
1468 362 1599 397 refragari
1625 363 1733 390 videtur
1746 363 1834 399 Chry-

1047 419 1189 442 sostomus
1203 422 1265 442 cum
1282 413 1361 441 initio
1378 413 1461 448 hujus
1481 413 1600 441 homilia:
1621 413 1686 441 dicit
1713 421 1743 441 se
1767 421 1835 441 con-

1048 464 1159 492 cionum
1179 468 1276 492 contra
1301 464 1451 492 Anomceos
1471 464 1569 491 seriem
1591 463 1680 491 denuo
1705 465 1834 499 interpel-

1048 513 1105 540 lare
1119 514 1189 548 cogi,
1212 517 1238 540 et
1261 521 1295 540 ex
1321 514 1403 541 modo
1427 513 1550 541 ordiendi
1574 513 1686 546 iudicat,
1704 521 1734 541 se
1764 514 1835 541 hanc

1048 564 1157 591 tertiam
1183 565 1342 592 concionem
1369 569 1464 592 contra
1489 563 1614 596 Iudaeos,
1639 565 1747 592 modico
1773 569 1834 600 post

1047 613 1196 641 secundam
1210 614 1303 649 elapso
1316 618 1438 649 tempore
1460 615 1599 647 habuisse,
1622 622 1683 650 qua}
1709 615 1830 642 secunda

1049 665 1077 692 in
1095 673 1217 692 mensem
1235 664 1423 700 Septembrem
1448 665 1520 692 haud
1535 666 1618 693 dubie
1633 665 1787 699 referenda,
1804 671 1834 693 ut

1048 722 1131 750 supra
1148 715 1278 743 vidimus.
1293 715 1325 742 Et
1339 723 1406 743 sane
1417 723 1479 743 cum
1492 715 1706 751 Chrysostomus
1721 716 1834 743 homilia

1048 766 1076 794 in
1093 767 1137 795 die
1155 765 1242 794 Natali
1256 767 1359 794 Christi
1374 767 1438 794 anni
1455 766 1509 794 586
1525 767 1598 794 dicat
1613 774 1643 794 se
1658 775 1751 795 mense
1778 769 1834 794 cir-

1047 817 1118 858 citer
1132 818 1286 853 Septembri
1301 819 1403 846 multos
1417 818 1593 853 prolixosque
1606 826 1748 846 sermones
1768 827 1835 846 con-

1049 871 1090 896 tra
1103 867 1213 896 Judaeos
1231 868 1395 902 instituisse,
1412 869 1608 904 congruentius
1629 868 1656 896 in
1674 868 1741 896 illud
1756 868 1836 896 circi-

1048 922 1090 946 ter
1121 923 1230 953 tempus
1261 919 1332 946 hanc
1363 918 1470 946 tertiam
1502 918 1644 946 hnmiliam
1671 918 1836 953 rejicimus,

1047 974 1193 1005 postquam
1226 969 1270 997 vel
1299 969 1448 997 secundam
1476 974 1572 996 contra
1599 970 1767 1001 Anomteos,
1792 970 1835 998 vel

1047 1019 1129 1046 aliam
1146 1026 1179 1046 ex
1195 1019 1374 1054 sequentibus
1389 1019 1524 1046 habuerat
1540 1028 1547 1046 :
1565 1027 1620 1046 non
1636 1020 1709 1046 enim
1727 1024 1835 1047 constat

1048 1077 1173 1105 quaenam
1190 1078 1222 1098 ex
1238 1070 1291 1098 illis
1310 1069 1382 1097 hanc
1396 1069 1504 1097 tertiam
1527 1073 1623 1096 contra
1644 1068 1752 1097 Judaaos
1767 1077 1836 1104 pm-

1047 1122 1172 1151 ceSScrit.
1188 1122 1227 1149 Ad
1246 1121 1304 1149 haec
1332 1128 1398 1148 vero
1425 1121 1448 1149 si
1479 1121 1506 1148 in
1520 1120 1734 1157 Quadragesima
1764 1121 1835 1148 hanc

1048 1173 1189 1200 homiliam
1207 1172 1308 1199 dictam
1335 1171 1420 1199 fuisse
1437 1175 1601 1204 statuamus,
1632 1179 1664 1199 ea
1691 1172 1744 1199 erit
1761 1171 1835 1205 Qua-

1047 1223 1203 1258 dragesima
1217 1222 1289 1249 baud
1306 1222 1387 1249 dubie
1400 1221 1465 1248 anni
1481 1221 1555 1254 587;
1574 1221 1600 1249 in
1619 1221 1664 1249 illa
1680 1229 1743 1249 vero
1759 1222 1833 1255 Qua-

1047 1273 1202 1308 dragesima
1229 1281 1340 1300 cursum
1372 1272 1545 1299 humiliarum
1570 1277 1664 1300 contra
1684 1273 1836 1300 Anommos

1048 1323 1232 1358 interceperit,
1248 1328 1278 1350 ιιι
1296 1323 1366 1350 hanc
1377 1327 1472 1350 contra
1487 1321 1597 1350 Indicos
1620 1322 1740 1350 haberet.
1757 1321 1834 1355 Quo-

1047 1372 1130 1399 modo
1146 1377 1236 1399 autem
1257 1372 1315 1399 haec
1339 1372 1484 1399 convenire
1500 1372 1606 1406 possint
1630 1371 1656 1399 in
1672 1371 1834 1407 Quadrage-

1047 1423 1144 1451 simam
1161 1423 1226 1450 anni
1245 1422 1310 1456 581,
1327 1430 1374 1457 per
1390 1429 1473 1457 quam
1490 1425 1574 1449 totam
1591 1422 1625 1450 de
1641 1422 1740 1450 statuis
1753 1430 1835 1450 ever-

1047 1473 1086 1500 sis
1110 1473 1292 1501 concionatus
1306 1472 1522 1508 Chrysostomus
1549 1478 1602 1504 est,
1620 1477 1687 1500 tunc
1715 1477 1789 1500 totus
1806 1473 1835 1500 in

1047 1524 1235 1552 describendis
1255 1523 1486 1559 deplorandisque
1511 1523 1743 1551 Antiocheam-um
1759 1524 1834 1551 cala-

1047 1576 1202 1607 mitalibus,
1216 1575 1316 1610 quibus
1332 1574 1465 1602 medicam
1493 1582 1605 1601 manum
1624 1574 1767 1602 admovere
1784 1582 1835 1602 co-

1048 1626 1166 1654 nabatur
1175 1625 1188 1652 i
1200 1625 1285 1659 Cujus
1301 1625 1453 1659 argumenti
1464 1624 1518 1652 vim
1531 1631 1561 1652 ut.
1574 1625 1672 1652 molitus
1688 1625 1835 1659 intelligas,

1047 1675 1206 1703 consideres
1224 1674 1314 1707 velim,
1347 1674 1374 1701 in
1391 1673 1602 1710 Quailragcsima
1627 1674 1692 1701 anni
1714 1674 1764 1701 587
1783 1675 1834 1701 ho-

1049 1726 1138 1753 nrilLas
1153 1725 1248 1760 viginti
1263 1730 1290 1752 et
1304 1732 1386 1752 unam
1403 1725 1510 1752 habitas
1531 1724 1625 1756 fuisse,
1649 1732 1711 1760 qua:
1735 1725 1836 1751 etiam-

1049 1784 1115 1804 num
1132 1779 1289 1810 supersunt,
1307 1779 1425 1810 totzeque
1441 1775 1468 1802 in
1490 1774 1664 1809 deplorandis
1686 1774 1833 1802 Antioche-

1048 1827 1092 1854 nis
1104 1826 1306 1854 calamitatibus
1320 1830 1474 1858 versantur,
1493 1825 1520 1852 lo
1535 1832 1686 1860 carumque
1712 1825 1834 1852 excirdiis

1049 1880 1079 1903 ut
1106 1876 1255 1911 plurimum
1280 1875 1313 1903 de
1338 1875 1556 1910 praecedentibus
1587 1874 1706 1901 botniliis
1731 1875 1833 1909 agitur.

1049 1925 1244 1959 Quamobrem,
1262 1925 1286 1953 si
1305 1925 1499 1953 controversiae
1528 1925 1561 1952 de
1590 1925 1674 1960 gloria
1696 1924 1834 1960 Unigeniti

1048 1982 1077 2006 et
1101 1982 1198 2006 contra
1225 1977 1375 2005 Anomt‘eos
1407 1982 1472 2005 tunc
1500 1977 1661 2011 viguissent,
1678 1982 1705 2005 et
1723 1977 1746 2004 si
1775 1977 1833 2004 haec

1049 2033 1145 2056 contra
1157 2027 1268 2055 Iudaeos
1284 2032 1349 2055 tunc
1374 2028 1466 2054 habita
1483 2026 1591 2059 fuisset,
1617 2027 1642 2054 id
1659 2028 1685 2054 in
1713 2027 1834 2062 quodam

1048 2079 1183 2115 prommio
1202 2078 1274 2106 haud
1292 2078 1374 2106 dubie
1390 2083 1592 2106 memoraturus
1613 2083 1682 2105 erat.
1708 2079 1747 2104 Ad
1775 2078 1834 2106 haec

1049 2138 1115 2158 vero
1131 2131 1195 2166 quis
1225 2134 1311 2165 putet,
1336 2129 1365 2157 in
1397 2129 1526 2157 extremis
1554 2130 1682 2164 periculis
1710 2133 1737 2156 et
1753 2130 1833 2157 ululis

1048 2186 1175 2210 versante
1190 2182 1312 2213 civitate,
1327 2181 1552 2216 Chrysostomum
1576 2172 1670 2208 contra
1685 2180 1833 2208 Anomoaus

1048 2236 1076 2260 et
1088 2231 1197 2261 Iudaeos
1211 2232 1414 2260 controversias
1434 2231 1581 2263 excitasse,
1599 2239 1658 2266 qua:
1674 2231 1834 2258 auditorum

1048 2287 1076 2311 et
1089 2282 1174 2310 otium
1191 2287 1218 2310 et
1233 2283 1354 2310 sedatam
1369 2286 1486 2309 mentem
1507 2281 1691 2317 postulabant.

1083 2337 1161 2375 [586]
1178 2337 1270 2374 Longe
1286 2337 1464 2366 diﬂiciliorem
1492 2338 1572 2365 aliam
1590 2342 1680 2365 movet
1702 2337 1832 2372 qumstio—

1049 2396 1109 2416 nem
1124 2388 1326 2421 Tillemontius,
1353 2395 1415 2423 quae
1432 2395 1508 2415 suam
1536 2388 1637 2422 pariter
1652 2393 1678 2415 et
1707 2393 1831 2415 nostram

1049 2439 1213 2468 sententiam
1229 2439 1352 2474 impetat,
1368 2447 1483 2474 quaeque
1500 2439 1659 2472 bujusnmdi
1679 2444 1730 2466 cst.
1744 2438 1833 2473 Hujus

1049 2490 1167 2517 homilia}
1183 2490 1278 2519 titulus
1290 2495 1341 2523 est,
1356 2491 1403 2522 Εἰς
1417 2491 1478 2522 τοὺς
1499 2490 1534 2516 τὰ
1558 2490 1654 2525 πρῶτοι
1675 2490 1766 2524 πάσχα
1784 2498 1832 2525 νη-

1050 2540 1204 2573 στεύοντας,
1222 2540 1255 2568 1η
1266 2549 1309 2568 eos
1321 2541 1366 2576 qui
1385 2541 1470 2574 primo
1485 2539 1588 2566 Pascha
1601 2539 1735 2574 jejunum.
1752 2539 1831 2572 Quod

1048 2597 1139 2619 autem
1158 2592 1210 2619 hoc
1226 2592 1284 2627 ipso
1299 2599 1371 2619 anno
1396 2588 1486 2625 ii,'qui
1512 2589 1667 2617 Iudaeorum
1695 2589 1831 2616 calculum

1047 2641 1074 2668 in
1090 2641 1222 2669 Paschatc
1241 2642 1435 2677 sequebantur,
1453 2642 1480 2668 in
1497 2642 1556 2676 ipso
1574 2640 1707 2668 Paschate
1719 2640 1831 2675 jejuua~

1046 2693 1101 2720 turi
1114 2697 1216 2726 essent,
1239 2694 1280 2721 sic
1296 2694 1418 2722 declarat
1446 2693 1659 2728 Chrysostomus
1685 2700 1763 2719 num.
1790 2692 1831 2719 5:

1048 2742 1116 2769 Ecce
1129 2750 1241 2778 namque
1265 2744 1366 2778 primus
1382 2744 1437 2770 dies
1461 2744 1622 2778 Azymornm
1648 2743 1695 2770 hoc
1714 2749 1783 2769 anno
1802 2742 1831 2767 in

1047 2793 1216 2821 Doniinicam
1230 2794 1300 2820 diem
1324 2793 1427 2827 incidit,
1450 2797 1474 2820 et
1487 2793 1592 2820 omnino
1607 2799 1708 2820 necesse
1720 2796 1770 2825 est,
1800 2794 1836 2817 ut.
