2055 3122
224 101 284 130 841·

227 167 280 189 tota
298 161 629 198 hebdomadajejuncmua,
643 167 667 190 ct
688 171 746 190 cum
773 162 868 190 Passio
897 167 1009 197 preter-

225 213 297 245 ierit,
313 217 338 240 et
351 221 418 240 crux
433 213 567 241 adverterit
583 218 607 240 et
619 213 784 246 resurrectio,
805 221 851 240 nos
864 213 950 240 adhuc
964 213 1010 248 je—

220 260 349 296 junautes
368 271 533 292 maneamus.
555 263 589 291 Et
607 272 782 300 rtepenumera
799 264 871 292 istud
897 265 1009 296 accidit,

228 320 258 342 ut
275 320 333 350 post
366 324 479 348 crucem,
508 319 567 349 post
597 317 825 350 resurrectionem,
848 317 1010 344 hebdomade

227 367 342 393 nondum
359 366 491 396 absoluta.
502 366 635 402 jejunium
651 368 824 396 observamus.
839 367 902 395 Haec
915 373 1010 396 contra

228 423 274 443 eos
292 416 438 450 dicuntur,
455 417 500 451 qui
520 418 654 452 jejunium
672 418 788 446 Iudaico
813 427 889 447 more
915 427 1010 447 serra-

228 467 304 498 bant,
325 467 428 502 quique
455 468 601 503 aliquando
621 469 647 496 in
668 470 734 504 ipso
754 469 1009 504 Pascbate‘jejuna-

227 517 304 550 bant,
327 518 438 553 quando
465 520 569 547 scilicet
596 519 753 547 Judteorum
771 520 891 547 calculus
906 519 1011 547 Pascha

228 569 387 604 assignabat
403 575 467 605 post
480 570 700 598 Christianorum
713 571 826 599 Pascha.
846 571 923 598 Tunc
939 571 1012 598 enim

228 619 378 649 Christiani
395 621 434 648 illi
452 621 498 655 qui
515 620 629 649 Iudaico
645 622 696 649 ritu
711 622 845 657 jejunium
857 622 1011 655 servabam,

228 671 277 698 illo
295 672 338 698 die
353 670 586 707 jejunabmtq'uo
611 668 701 700 cmi
730 670 878 700 Christiani
908 668 1014 700 Pascha

228 717 411 749 celebrarent;
435 721 518 757 Atqui
551 720 701 750 secundum
726 718 845 751 Tabulas
868 720 1013 758 paschale!

229 780 303 799 anno
344 772 396 800 587
442 772 548 801 Pascha
570 774 665 801 ineldit
681 774 707 801 in
726 775 763 801 25
784 774 896 809 Aprilis,
918 781 1014 809 nempe

228 831 312 858 quam
326 823 482 851 tardissime
495 828 583 859 potest
594 832 738 852 occurrere
752 834 758 852 :
784 825 921 860 quomodo
949 833 1014 860 ergo

229 878 359 909 poterant
376 875 429 900 hoc
447 881 519 900 anno
534 873 710 902 Judaizantes
730 875 766 902 illi
786 875 812 901 in
828 874 959 903 Paschate
972 875 1014 910 je-

228 923 412 958 junare,cum
444 921 549 949 Pascha
577 921 733 950 Julia-orum
760 928 899 957 nunquam
928 923 1015 957 possit

230 975 301 1002 ultra
315 974 351 1001 25
367 974 471 1009 Aprilis
482 981 628 1001 occurrere
639 974 650 1001 ξ’
661 974 760 1009 lugens
772 982 838 1001 sane
850 973 1013 1006 dill'icultas;

229 1028 276 1056 scd
294 1035 354 1063 quae
374 1033 463 1055 tamen
478 1031 568 1055 certas
583 1028 715 1062 temporis
732 1032 810 1054 notas
832 1033 847 1054 a
864 1027 943 1054 nobis
969 1035 1015 1054 su-

229 1086 278 1114 pra
300 1079 403 1113 positas
419 1081 541 1105 evertere
555 1082 682 1112 nequeet.
703 1077 770 1104 Nam
798 1081 889 1104 utrum
907 1085 1031 1111 semper.

228 1129 392 1155 Autiocheni
409 1128 569 1156 invariahili
592 1128 651 1163 lege
666 1126 912 1155 Alexandrinorum
943 1127 1014 1154 circa

228 1179 332 1206 Pascha
353 1178 461 1206 Domini
478 1179 614 1206 calculum
631 1178 718 1205 secuti
736 1178 800 1209 sint.
818 1178 844 1205 id
865 1185 931 1205 sane
960 1186 1015 1205 non

229 1236 316 1263 usque
327 1229 395 1256 adeo
410 1229 490 1256 nobis
521 1233 692 1263 compertum
705 1233 769 1256 est:
796 1232 878 1263 atque
909 1227 1016 1255 etiamsi

229 1288 338 1314 semper
352 1280 439 1307 secuti
455 1280 528 1312 sint,
554 1287 588 1306 an
614 1279 749 1307 aliirmare
774 1286 919 1313 possumus
939 1285 1017 1305 nun-

228 1339 310 1365 quam
329 1338 451 1358 errorem
478 1331 505 1358 in
526 1330 632 1358 calculo
649 1329 841 1357 intercidisse?
867 1328 946 1356 Certe
973 1327 1016 1355 fa-

230 1385 321 1408 tentur
366 1380 418 1408 viri
449 1381 620 1408 calculorum
649 1380 819 1415 paschalium
855 1379 1016 1414 peritissimi

228 1439 351 1459 errorem
369 1431 507 1459 interdum
523 1431 549 1458 in
578 1431 692 1459 calculis
719 1430 877 1466 bujusmodi
905 1431 1016 1458 contin-

230 1489 305 1516 gere,
324 1489 374 1509 nec
391 1481 483 1509 multis
505 1481 606 1509 abhinc
636 1481 717 1508 annis
742 1480 901 1516 contigisse,
928 1488 1018 1514 neque

229 1535 319 1558 tutttm
335 1538 444 1566 semper
460 1538 522 1558 esse
536 1535 616 1558 notas
631 1531 773 1566 paschales
787 1531 850 1558 aliis
863 1535 1017 1565 temporum

230 1581 302 1608 notis
316 1587 491 1616 anteponere.
509 1580 582 1608 Sane
598 1585 673 1608 tanta
695 1581 803 1608 videtur
828 1588 941 1613 eorum.
957 1587 1018 1616 quae

229 1641 311 1667 supra
326 1633 459 1666 diximus,
477 1633 603 1664 lirmitas,
621 1633 750 1667 utpotius
768 1641 801 1660 ex
815 1633 1020 1667 computatione

229 1687 323 1710 nostra
340 1686 435 1709 contra
450 1681 585 1709 calculum
600 1681 756 1716 paschalem
772 1681 918 1716 ejusmodi,
936 1689 1018 1716 quam

231 1741 264 1762 ex
279 1734 387 1761 calculo
402 1733 524 1770 paschali
536 1736 633 1761 contra
647 1730 879 1768 computationem
894 1737 1017 1761 nostram

229 1786 321 1814 liceat.

269 1845 331 1872 Haec
348 1845 381 1872 de
398 1843 487 1872 tribus
501 1842 639 1878 prioribus
654 1847 749 1870 contra
765 1841 875 1870 Iudaeos
887 1841 1016 1869 homiliis.

229 1896 359 1931 Quinque
389 1903 455 1923 vero
483 1898 629 1930 sequentes
664 1894 712 1921 diu
741 1897 803 1929 post
831 1893 1018 1921 intermissam

231 1946 350 1981 priorem
367 1945 500 1973 adversus
518 1945 629 1972 eosdem
651 1943 883 1972 concertationem
912 1944 1020 1971 habitas

232 1996 319 2023 fuisse
335 1995 492 2022 subindical
512 1995 570 2030 ipse
590 1994 804 2030 Cbrysostomus
822 1994 900 2021 initio
915 1999 1020 2028 quartae

231 2045 274 2073 his
288 2045 400 2072 verbis:
420 2044 522 2071 Rursus
544 2043 660 2078 infelices
679 2043 720 2070 illi
740 2044 944 2079 mortaliumque
961 2052 1018 2071 om-

231 2097 304 2123 nium
334 2095 477 2122 miserrimi
512 2095 601 2122 Judwi
625 2095 775 2130 jejunaluri
808 2100 893 2122 sunt:
924 2104 1016 2123 rursus

231 2147 333 2175 Christi
349 2154 452 2183 gregem
477 2148 627 2175 muniamus
652 2135 754 2174 necesse
772 2153 822 2176 est.
853 2147 904 2175 Sed
926 2153 1018 2182 aperte

233 2197 356 2226 declarat
367 2191 482 2226 'homilia
495 2202 570 2226 sexta
588 2206 664 2226 nam.
680 2198 717 2226 ὃς
735 2197 805 2232 Quid
820 2203 907 2225 alutam
924 2197 1018 2233 loquor

737 100 921 130 ADVERSUS
939 99 1096 130 JUDIEOS.
1114 116 1149 123 —
1165 102 1336 132 MONlTUM.

1784 105 1846 133 842'

1061 161 1094 188 de
1110 162 1279 197 prcdonibus
1292 164 1305 190 .9
1328 162 1451 198 Profecto
1475 164 1549 191 scitis
1566 171 1653 192 omnes
1674 172 1704 190 ac
1730 165 1847 197 memini,

1062 214 1169 250 quando
1182 215 1252 250 apud
1268 223 1315 242 nos
1335 216 1456 243 scelerati
1468 215 1576 251 quidam
1600 219 1625 243 et
1639 216 1847 251 pr'mtigiatores

1062 268 1166 291 statuas
1181 252 1310 300 principia
1321 264 1482 301 defecerunt,
1497 275 1548 302 quo
1565 270 1643 301 pacto
1656 273 1707 294 non
1729 265 1770 292 illi
1787 270 1848 292 tanw

1063 319 1117 341 tum
1132 316 1178 350 qui
1204 315 1307 350 facinus
1319 317 1380 344 auri
1404 317 1522 352 fuerant,
1539 317 1584 344 sed
1605 321 1731 353 quotquot
1749 316 1849 351 simpli-

1063 366 1129 393 citer
1145 372 1289 401 prasente;
1307 369 1438 403 conspecti
1454 373 1540 401 erant,
1554 369 1680 404 quoniam
1694 367 1850 396 uidebuntur

1064 415 1119 443 illis
1143 417 1278 448 assentiri,
1308 418 1335 444 in
1360 418 1491 452 judicium
1511 418 1612 453 abrepti
1641 417 1773 453 simulque
1789 425 1849 444 cum
1874 431 1878 436 -

1064 466 1119 494 illis
1133 467 1240 494 abducti
1259 473 1375 496 extremo
1388 469 1517 504 supplicio
1531 470 1584 497 sint
1609 469 1707 504 σπρεαδ.
1725 467 1774 496 Hic
1793 475 1850 495 meo

1065 523 1199 546 moratam
1215 519 1340 546 videmus
1354 519 1427 550 illam
1440 520 1613 555 tragoediam,
1627 527 1687 554 quia
1700 527 1749 554 per
1763 522 1849 546 totam

1066 569 1309 605 Quadragesimam
1330 570 1395 597 anui
1425 570 1478 597 587
1508 570 1654 598 occasione
1683 570 1850 605 dejectarum

1067 625 1220 649 statuarum
1234 620 1388 649 Antiochia:
1402 621 1524 649 exhibita
1539 627 1592 656 est,
1605 622 1638 649 de
1653 629 1705 658 qua
1726 622 1852 656 pluribus

1067 671 1146 699 initio
1165 671 1232 698 torni
1263 671 1413 707 sequentis.
1432 671 1495 700 [late
1523 678 1605 707 porro
1634 678 1710 700 sexta
1739 672 1851 700 homilia
1891 694 1894 695 ν

1066 720 1160 750 habite
1183 720 1233 750 luit
1253 723 1312 760 ipso
1335 723 1432 760 jejnnii
1457 720 1615 753 Judaeorum
1642 725 1699 758 die,
1730 729 1762 753 \tt
1794 726 1854 760 ipse

1067 773 1282 808 Chrysostomus
1301 774 1368 802 dicit
1382 776 1408 802 in
1427 776 1480 803 line
1494 785 1502 803 :
1518 780 1616 811 quarta
1631 775 1725 803 decem
1744 775 1852 803 circiter

1067 822 1164 851 diebus
1179 828 1243 851 ante
1264 824 1422 859 jejunium:
1441 826 1538 861 quinta
1564 826 1734 860 intermedio,
1764 832 1794 853 ut
1819 834 1851 854 ex

1068 873 1192 901 ordiendi
1206 875 1288 902 modo
1303 875 1399 910 liquet,
1412 880 1554 910 tempore:
1578 876 1703 911 septima,
1733 877 1852 904 nondum

1068 923 1193 951 absoluto
1219 923 1376 953 Judteorum
1398 924 1487 953 festo:
1509 930 1605 954 octava
1634 931 1697 962 post
1718 926 1852 962 jejunium

1068 978 1095 1000 et
1106 972 1203 1001 festum
1217 982 1224 1007 ;
1243 973 1279 1001 ita
1296 978 1327 1001 ut
1340 981 1373 1001 ex
1388 973 1578 1010 Chrysostomi
1595 975 1685 1003 verbis
1708 975 1780 1003 clare
1797 977 1855 1003 col-

1067 1022 1169 1058 ligatur
1189 1031 1250 1050 eum
1271 1024 1378 1057 minus,
1398 1032 1480 1059 quam
1510 1024 1604 1060 viginti
1629 1025 1734 1052 dierum
1755 1025 1853 1059 spatio,

1067 1073 1191 1108 quinque
1204 1077 1356 1108 postremas
1369 1078 1465 1101 contra
1485 1072 1593 1101 Judteos
1608 1073 1734 1101 bomilias
1759 1074 1854 1102 absol—

1068 1124 1150 1151 visse.
1170 1121 1226 1151 [luo
1238 1123 1272 1151 de
1297 1131 1326 1151 re
1343 1123 1490 1152 ditllcultas
1508 1125 1580 1152 nulla
1601 1125 1720 1153 suboriri
1752 1131 1853 1161 potest.

1070 1172 1167 1201 Utrum
1183 1179 1272 1201 autem
1289 1182 1361 1201 anno
1375 1175 1439 1207 587,
1454 1175 1549 1202 eodem
1569 1179 1727 1203 recurrente
1736 1175 1852 1211 jejunio,

1069 1224 1149 1260 cujus
1168 1233 1252 1253 causa
1282 1230 1336 1253 tres
1361 1225 1468 1261 priores
1488 1225 1617 1252 h0milias
1636 1232 1711 1252 anno
1729 1227 1855 1261 proximo

1070 1275 1214 1309 habuerat,
1232 1276 1280 1304 bas
1303 1276 1424 1311 quinque
1456 1277 1603 1305 conciones
1620 1277 1785 1313 instituerit,
1802 1279 1855 1306 etsi

1070 1333 1124 1354 non
1141 1326 1253 1361 perinde
1268 1331 1372 1354 certum
1393 1325 1527 1359 videatur,
1545 1327 1659 1355 omnino
1683 1331 1773 1356 tamen
1793 1336 1856 1364 pro-

1070 1376 1161 1404 babile
1174 1382 1216 1404 est
1229 1386 1235 1405 :
1251 1377 1278 1404 in
1292 1377 1390 1405 barum
1405 1378 1505 1413 quippe
1530 1378 1705 1407 bomiliarum
1737 1380 1854 1410 decursu

1071 1431 1223 1462 martyrum
1239 1427 1387 1454 memorias
1408 1435 1555 1456 occurrere
1573 1429 1640 1457 dicit
1665 1435 1777 1459 sanctus
1806 1432 1856 1459 do-

1072 1482 1141 1509 ctor,
1158 1477 1390 1512 quemadmodum
1402 1483 1429 1505 et
1448 1477 1475 1505 in
1492 1479 1630 1513 prioribus
1645 1479 1698 1508 illis
1714 1482 1856 1509 coucioui-

1069 1529 1120 1557 bus
1131 1530 1194 1556 anni
1212 1529 1279 1561 586,
1296 1538 1366 1565 quas
1390 1538 1484 1558 mense
1498 1531 1608 1559 circiter
1635 1532 1787 1566 Septembri
1805 1533 1856 1561 ha-

1070 1579 1164 1607 buisse
1191 1588 1221 1608 se
1249 1580 1420 1608 testiﬁcatur.
1448 1579 1616 1617 Vitlcturque
1643 1581 1857 1618 Cbrysostomus

1068 1629 1215 1658 Iudaicum
1245 1631 1393 1664 morbum,
1427 1631 1647 1660 Christianorum
1673 1633 1855 1668 quorumdam

1070 1681 1170 1709 animis
1188 1681 1277 1709 adhuc
1288 1683 1447 1714 lmreutem,
1463 1683 1506 1710 cui
1527 1683 1658 1710 medicam
1677 1691 1760 1711 manu
1783 1692 1857 1712 anno

1068 1731 1121 1759 586
1136 1731 1304 1765 admoverat,
1315 1739 1387 1759 anno
1401 1732 1484 1760 etiam
1500 1733 1654 1768 insequenti
1676 1734 1787 1769 penitus
1805 1742 1854 1762 cu-

1070 1790 1131 1810 rare
1149 1783 1280 1815 voluisse,
1292 1784 1436 1819 ipsumque
1450 1784 1571 1812 bomiliae
1581 1789 1687 1820 quarta:
1701 1777 1854 1818 exordium,

1069 1833 1171 1861 Rursus
1198 1834 1288 1863 Judtei
1302 1835 1454 1870 ,Μαρκιανὶ
1481 1840 1554 1868 sunt,
1583 1836 1706 1864 eamdem
1733 1837 1856 1872 proxime

1069 1890 1257 1914 recurrentem
1287 1886 1350 1914 anni
1373 1890 1564 1922 tempestatem
1599 1895 1714 1922 prorsus
1742 1887 1849 1923 signiti-

1070 1945 1133 1966 care
1148 1937 1265 1965 vldetur.

1106 1995 1364 2030 lnterprclationcm
1382 1995 1507 2023 Latinam
1528 1996 1625 2031 primae
1640 1995 1761 2023 homilize
1775 1996 1856 2023 ador-

1070 2046 1147 2073 navit
1163 2045 1248 2073 David
1266 2045 1452 2078 Hoescbelius,
1466 2046 1593 2074 secundae
1609 2052 1635 2074 et
1658 2046 1744 2074 tertiae
1768 2046 1856 2073 bomi-

1071 2097 1114 2124 lite
1127 2096 1228 2124 Fronto
1245 2096 1368 2130 Ducazus,
1380 2098 1501 2132 qttinque
1516 2098 1696 2132 posteriorum
1715 2096 1857 2128 Erasmus.

1071 2154 1141 2182 quas
1153 2148 1394 2183 interpretationes
1407 2148 1511 2183 aliquot
1527 2148 1554 2175 in
1575 2148 1644 2176 locis
1663 2149 1820 2176 emendatus
1840 2155 1856 2174 ο

1072 2199 1182 2234 regiona
1202 2198 1288 2227 Graeci
1303 2202 1393 2227 textus
1409 2199 1562 2234 posuimus.
